{"seed":[11476,2584,34712,35688],"turns":31,"p1":"Metalyte","p2":"King Atami","p1team":[{"name":"Avant-Garde","species":"gardevoir","item":"gardevoirite","ability":"Synchronize","moves":["substitute","hypervoice","psyshock","focusblast"],"nature":"Timid","evs":{"hp":0,"atk":0,"def":0,"spa":252,"spd":4,"spe":252},"ivs":{"hp":31,"atk":31,"def":31,"spa":31,"spd":31,"spe":31}},{"name":"Slowbro","species":"Slowbro","item":"rockyhelmet","ability":"Regenerator","moves":["slackoff","thunderwave","scald","flamethrower"],"nature":"Bold","evs":{"hp":248,"atk":0,"def":252,"spa":8,"spd":0,"spe":0},"ivs":{"hp":31,"atk":31,"def":31,"spa":31,"spd":31,"spe":31}},{"name":"Meloetta","species":"Meloetta","item":"assaultvest","ability":"Serene Grace","moves":["hypervoice","psyshock","shadowball","focusblast"],"nature":"Modest","evs":{"hp":248,"atk":0,"def":0,"spa":252,"spd":8,"spe":0},"ivs":{"hp":31,"atk":31,"def":31,"spa":31,"spd":31,"spe":31}},{"name":"Metagross","species":"Metagross","item":"choiceband","ability":"Clear Body","moves":["meteormash","earthquake","icepunch","thunderpunch"],"nature":"Jolly","evs":{"hp":0,"atk":252,"def":0,"spa":0,"spd":4,"spe":252},"ivs":{"hp":31,"atk":31,"def":31,"spa":31,"spd":31,"spe":31}},{"name":"Mew","species":"Mew","item":"leftovers","ability":"Synchronize","moves":["softboiled","thunderwave","seismictoss","stealthrock"],"nature":"Calm","evs":{"hp":252,"atk":0,"def":4,"spa":0,"spd":252,"spe":0},"ivs":{"hp":31,"atk":31,"def":31,"spa":31,"spd":31,"spe":31}},{"name":"Hoopa-Unbound","species":"Hoopa-Unbound","item":"choicescarf","ability":"Magician","moves":["hyperspacefury","firepunch","gunkshot","icepunch"],"nature":"Jolly","evs":{"hp":0,"atk":252,"def":0,"spa":0,"spd":4,"spe":252},"ivs":{"hp":31,"atk":31,"def":31,"spa":31,"spd":31,"spe":31}}],"p2team":[{"name":"Cheif Amp","species":"ampharos","item":"ampharosite","ability":"Static","moves":["cottonguard","voltswitch","thunderbolt","dragonpulse"],"nature":"Modest","evs":{"hp":248,"atk":0,"def":0,"spa":252,"spd":8,"spe":0},"shiny":true,"ivs":{"hp":31,"atk":31,"def":31,"spa":31,"spd":31,"spe":31}},{"name":"Thunder 2.0","species":"thundurus","item":"lifeorb","ability":"Prankster","moves":["thunder","focusblast","thunderwave","knockoff"],"nature":"Timid","evs":{"hp":0,"atk":0,"def":0,"spa":252,"spd":4,"spe":252},"ivs":{"hp":31,"atk":30,"def":30,"spa":31,"spd":31,"spe":31},"shiny":true},{"name":"In The Zone","species":"magnezone","item":"choicescarf","ability":"Magnet Pull","moves":["flashcannon","voltswitch","hiddenpowerfire","thunderbolt"],"nature":"Timid","evs":{"hp":0,"atk":0,"def":0,"spa":252,"spd":4,"spe":252},"ivs":{"hp":31,"atk":30,"def":31,"spa":30,"spd":31,"spe":30},"shiny":true},{"name":"Thunder 1.0","species":"zapdos","item":"leftovers","ability":"Pressure","moves":["discharge","defog","heatwave","roost"],"nature":"Calm","evs":{"hp":252,"atk":0,"def":0,"spa":4,"spd":252,"spe":0},"shiny":true,"ivs":{"hp":31,"atk":31,"def":31,"spa":31,"spd":31,"spe":31}},{"name":"Pafer","species":"rotomwash","item":"leftovers","ability":"Levitate","moves":["willowisp","painsplit","hydropump","thunderbolt"],"nature":"Calm","evs":{"hp":252,"atk":0,"def":0,"spa":4,"spd":252,"spe":0},"shiny":true,"ivs":{"hp":31,"atk":31,"def":31,"spa":31,"spd":31,"spe":31}},{"name":"Electivire","species":"Electivire","item":"lifeorb","ability":"Motor Drive","moves":["wildcharge","hiddenpowergrass","icepunch","brickbreak"],"nature":"Lonely","evs":{"hp":0,"atk":252,"def":0,"spa":4,"spd":0,"spe":252},"ivs":{"hp":31,"atk":30,"def":31,"spa":30,"spd":31,"spe":31},"shiny":true}],"log":["|player|p1|Metalyte|1","|player|p2|King Atami|3","|gametype|singles","|gen|6","|tier|Monotype","|rated","|rule|Baton Pass Clause: Limit one Baton Passer, can't pass Spe and other stats simultaneously","|rule|Swagger Clause: Swagger is banned","|rule|Same Type Clause: Pokémon in a team must share a type","|clearpoke","|poke|p1|Gardevoir, F","|poke|p1|Slowbro, M","|poke|p1|Meloetta","|poke|p1|Metagross","|poke|p1|Mew","|poke|p1|Hoopa-Unbound","|poke|p2|Ampharos, F, shiny","|poke|p2|Thundurus, M, shiny","|poke|p2|Magnezone, shiny","|poke|p2|Zapdos, shiny","|poke|p2|Rotom-Wash, shiny","|poke|p2|Electivire, M, shiny","|rule|Sleep Clause Mod: Limit one foe put to sleep","|rule|Species Clause: Limit one of each Pokémon","|rule|OHKO Clause: OHKO moves are banned","|rule|Moody Clause: Moody is banned","|rule|Evasion Moves Clause: Evasion moves are banned","|rule|Endless Battle Clause: Forcing endless battles is banned","|rule|HP Percentage Mod: HP is shown in percentages","|teampreview","|","|start","|switch|p1a: Mew|Mew|404/404","|switch|p2a: Thunder 2.0|Thundurus, M, shiny|299/299","|turn|1","|","|switch|p1a: Metagross|Metagross|301/301","|move|p2a: Thunder 2.0|Thunder Wave|p1a: Metagross","|-status|p1a: Metagross|par","|","|turn|2","|","|move|p2a: Thunder 2.0|Thunder|p1a: Metagross","|-damage|p1a: Metagross|9/301 par","|-damage|p2a: Thunder 2.0|270/299|[from] item: Life Orb","|move|p1a: Metagross|Ice Punch|p2a: Thunder 2.0","|-supereffective|p2a: Thunder 2.0","|-damage|p2a: Thunder 2.0|0 fnt","|faint|p2a: Thunder 2.0","|","|","|switch|p2a: Pafer|Rotom-Wash, shiny|304/304","|turn|3","|","|move|p2a: Pafer|Thunderbolt|p1a: Metagross","|-damage|p1a: Metagross|0 fnt","|faint|p1a: Metagross","|","|","|switch|p1a: Hoopa-Unbound|Hoopa-Unbound|301/301","|turn|4","|","|move|p1a: Hoopa-Unbound|Hyperspace Fury|p2a: Pafer","|-damage|p2a: Pafer|111/304","|-unboost|p1a: Hoopa-Unbound|def|1","|move|p2a: Pafer|Will-O-Wisp|p1a: Hoopa-Unbound","|-status|p1a: Hoopa-Unbound|brn","|","|-heal|p2a: Pafer|130/304|[from] item: Leftovers","|-damage|p1a: Hoopa-Unbound|264/301 brn|[from] brn","|turn|5","|","|move|p1a: Hoopa-Unbound|Hyperspace Fury|p2a: Pafer","|-damage|p2a: Pafer|30/304","|-unboost|p1a: Hoopa-Unbound|def|1","|move|p2a: Pafer|Pain Split|p1a: Hoopa-Unbound","|-sethp|p1a: Hoopa-Unbound|147/301 brn|p2a: Pafer|147/304|[from] move: Pain Split","|","|-heal|p2a: Pafer|166/304|[from] item: Leftovers","|-damage|p1a: Hoopa-Unbound|110/301 brn|[from] brn","|turn|6","|","|move|p1a: Hoopa-Unbound|Hyperspace Fury|p2a: Pafer","|-crit|p2a: Pafer","|-damage|p2a: Pafer|23/304","|-unboost|p1a: Hoopa-Unbound|def|1","|move|p2a: Pafer|Thunderbolt|p1a: Hoopa-Unbound","|-damage|p1a: Hoopa-Unbound|22/301 brn","|","|-heal|p2a: Pafer|42/304|[from] item: Leftovers","|-damage|p1a: Hoopa-Unbound|0 fnt|[from] brn","|faint|p1a: Hoopa-Unbound","|","|switch|p1a: Avant-Garde|Gardevoir, F|277/277","|turn|7","|","|detailschange|p1a: Avant-Garde|Gardevoir-Mega, F","|-mega|p1a: Avant-Garde|Gardevoir|Gardevoirite","|move|p1a: Avant-Garde|Hyper Voice|p2a: Pafer","|-damage|p2a: Pafer|0 fnt","|faint|p2a: Pafer","|","|","|switch|p2a: In The Zone|Magnezone, shiny|281/281","|turn|8","|","|switch|p1a: Meloetta|Meloetta|403/403","|move|p2a: In The Zone|Flash Cannon|p1a: Meloetta","|-damage|p1a: Meloetta|321/403","|","|turn|9","|","|switch|p2a: Electivire|Electivire, M, shiny|291/291","|move|p1a: Meloetta|Focus Blast|p2a: Electivire","|-damage|p2a: Electivire|105/291","|","|turn|10","|","|switch|p1a: Slowbro|Slowbro, M|393/393","|move|p2a: Electivire|Wild Charge|p1a: Slowbro","|-supereffective|p1a: Slowbro","|-damage|p1a: Slowbro|86/393","|-damage|p2a: Electivire|57/291|[from] item: Rocky Helmet|[of] p1a: Slowbro","|-damage|p2a: Electivire|0 fnt|[from] recoil|[of] p1a: Slowbro","|faint|p2a: Electivire","|","|","|switch|p2a: Cheif Amp|Ampharos, F, shiny|383/383","|turn|11","|","|switch|p1a: Mew|Mew|404/404","|detailschange|p2a: Cheif Amp|Ampharos-Mega, F, shiny","|-mega|p2a: Cheif Amp|Ampharos|Ampharosite","|-ability|p2a: Cheif Amp|Mold Breaker","|move|p2a: Cheif Amp|Thunderbolt|p1a: Mew","|-damage|p1a: Mew|248/404","|","|-heal|p1a: Mew|273/404|[from] item: Leftovers","|turn|12","|","|switch|p2a: Thunder 1.0|Zapdos, shiny|384/384","|-ability|p2a: Thunder 1.0|Pressure","|move|p1a: Mew|Seismic Toss|p2a: Thunder 1.0","|-damage|p2a: Thunder 1.0|284/384","|","|-heal|p2a: Thunder 1.0|308/384|[from] item: Leftovers","|-heal|p1a: Mew|298/404|[from] item: Leftovers","|turn|13","|","|move|p1a: Mew|Seismic Toss|p2a: Thunder 1.0","|-damage|p2a: Thunder 1.0|208/384","|move|p2a: Thunder 1.0|Heat Wave|p1a: Mew","|-damage|p1a: Mew|229/404","|","|-heal|p1a: Mew|254/404|[from] item: Leftovers","|-heal|p2a: Thunder 1.0|232/384|[from] item: Leftovers","|turn|14","|","|move|p2a: Thunder 1.0|Discharge|p1a: Mew","|-damage|p1a: Mew|164/404","|-status|p1a: Mew|par","|move|p1a: Mew|Seismic Toss|p2a: Thunder 1.0","|-damage|p2a: Thunder 1.0|132/384","|","|-heal|p2a: Thunder 1.0|156/384|[from] item: Leftovers","|-heal|p1a: Mew|189/404 par|[from] item: Leftovers","|turn|15","|","|move|p2a: Thunder 1.0|Discharge|p1a: Mew","|-damage|p1a: Mew|102/404 par","|move|p1a: Mew|Seismic Toss|p2a: Thunder 1.0","|-damage|p2a: Thunder 1.0|56/384","|","|-heal|p2a: Thunder 1.0|80/384|[from] item: Leftovers","|-heal|p1a: Mew|127/404 par|[from] item: Leftovers","|turn|16","|","|move|p2a: Thunder 1.0|Roost|p2a: Thunder 1.0","|-heal|p2a: Thunder 1.0|272/384","|move|p1a: Mew|Soft-Boiled|p1a: Mew","|-heal|p1a: Mew|329/404 par","|","|-heal|p2a: Thunder 1.0|296/384|[from] item: Leftovers","|-heal|p1a: Mew|354/404 par|[from] item: Leftovers","|turn|17","|","|switch|p1a: Meloetta|Meloetta|321/403","|move|p2a: Thunder 1.0|Discharge|p1a: Meloetta","|-damage|p1a: Meloetta|254/403","|-status|p1a: Meloetta|par","|","|-heal|p2a: Thunder 1.0|320/384|[from] item: Leftovers","|turn|18","|","|move|p2a: Thunder 1.0|Discharge|p1a: Meloetta","|-damage|p1a: Meloetta|196/403 par","|cant|p1a: Meloetta|par","|","|-heal|p2a: Thunder 1.0|344/384|[from] item: Leftovers","|turn|19","|","|move|p2a: Thunder 1.0|Discharge|p1a: Meloetta","|-damage|p1a: Meloetta|138/403 par","|move|p1a: Meloetta|Psyshock|p2a: Thunder 1.0","|-damage|p2a: Thunder 1.0|169/384","|","|-heal|p2a: Thunder 1.0|193/384|[from] item: Leftovers","|turn|20","|","|move|p2a: Thunder 1.0|Discharge|p1a: Meloetta","|-damage|p1a: Meloetta|81/403 par","|move|p1a: Meloetta|Psyshock|p2a: Thunder 1.0","|-damage|p2a: Thunder 1.0|6/384","|","|-heal|p2a: Thunder 1.0|30/384|[from] item: Leftovers","|turn|21","|","|move|p2a: Thunder 1.0|Discharge|p1a: Meloetta","|-damage|p1a: Meloetta|15/403 par","|move|p1a: Meloetta|Psyshock|p2a: Thunder 1.0","|-damage|p2a: Thunder 1.0|0 fnt","|faint|p2a: Thunder 1.0","|","|","|switch|p2a: Cheif Amp|Ampharos-Mega, F, shiny|383/383","|-ability|p2a: Cheif Amp|Mold Breaker","|turn|22","|","|move|p2a: Cheif Amp|Thunderbolt|p1a: Meloetta","|-damage|p1a: Meloetta|0 fnt","|faint|p1a: Meloetta","|","|","|switch|p1a: Avant-Garde|Gardevoir-Mega, F|277/277","|turn|23","|","|move|p1a: Avant-Garde|Substitute|p1a: Avant-Garde","|-start|p1a: Avant-Garde|Substitute","|-damage|p1a: Avant-Garde|208/277","|move|p2a: Cheif Amp|Thunderbolt|p1a: Avant-Garde","|-end|p1a: Avant-Garde|Substitute","|","|turn|24","|","|move|p1a: Avant-Garde|Hyper Voice|p2a: Cheif Amp","|-supereffective|p2a: Cheif Amp","|-damage|p2a: Cheif Amp|0 fnt","|faint|p2a: Cheif Amp","|","|","|switch|p2a: In The Zone|Magnezone, shiny|281/281","|turn|25","|","|move|p2a: In The Zone|Flash Cannon|p1a: Avant-Garde","|-supereffective|p1a: Avant-Garde","|-damage|p1a: Avant-Garde|0 fnt","|faint|p1a: Avant-Garde","|","|","|switch|p1a: Slowbro|Slowbro, M|217/393","|turn|26","|","|switch|p1a: Mew|Mew|354/404 par","|move|p2a: In The Zone|Flash Cannon|p1a: Mew","|-damage|p1a: Mew|248/404 par","|","|-heal|p1a: Mew|273/404 par|[from] item: Leftovers","|turn|27","|","|move|p2a: In The Zone|Flash Cannon|p1a: Mew","|-damage|p1a: Mew|174/404 par","|cant|p1a: Mew|par","|","|-heal|p1a: Mew|199/404 par|[from] item: Leftovers","|turn|28","|","|move|p2a: In The Zone|Flash Cannon|p1a: Mew","|-damage|p1a: Mew|91/404 par","|move|p1a: Mew|Seismic Toss|p2a: In The Zone","|-damage|p2a: In The Zone|181/281","|","|-heal|p1a: Mew|116/404 par|[from] item: Leftovers","|turn|29","|","|move|p2a: In The Zone|Flash Cannon|p1a: Mew","|-damage|p1a: Mew|14/404 par","|move|p1a: Mew|Seismic Toss|p2a: In The Zone","|-damage|p2a: In The Zone|81/281","|","|-heal|p1a: Mew|39/404 par|[from] item: Leftovers","|turn|30","|","|move|p2a: In The Zone|Flash Cannon|p1a: Mew","|-damage|p1a: Mew|0 fnt","|faint|p1a: Mew","|","|","|switch|p1a: Slowbro|Slowbro, M|348/393","|turn|31","|","|move|p2a: In The Zone|Flash Cannon|p1a: Slowbro","|-resisted|p1a: Slowbro","|-damage|p1a: Slowbro|262/393","|move|p1a: Slowbro|Flamethrower|p2a: In The Zone","|-supereffective|p2a: In The Zone","|-damage|p2a: In The Zone|0 fnt","|faint|p2a: In The Zone","|","|win|Metalyte"],"p1rating":{"entryid":"261411","serverid":"eos","formatid":"monotype","userid":"metalyte","username":"Metalyte","w":6,"l":"4","t":"0","gxe":55.8,"r":"1551.245827939","rd":"94.946161953151","sigma":"0","rptime":"1441098000","rpr":1545.2785787175,"rprd":89.379248948013,"rpsigma":"0","acre":1100.079427686,"lacre":1100.079427686,"oldacre":"1078.0350085413"},"p2rating":{"entryid":747061,"formatid":"monotype","userid":"kingatami","username":"King Atami","r":1500,"rd":130,"sigma":0,"rpr":1464.4352404428,"rprd":122.52037404702,"rpsigma":0,"rptime":1441098000,"w":0,"l":1,"t":0,"gxe":45.6,"acre":1000,"lacre":1000,"oldacre":1000},"endType":"normal"}