{"seed":[26986,22970,45790,28962],"turns":24,"p1":"Imp Whatever","p2":"SWL Neßki","p1team":[{"name":"Swampert","species":"Swampert","item":"quickclaw","ability":"Torrent","moves":["earthquake","waterfall","icepunch","ancientpower"],"nature":"Brave","evs":{"hp":148,"atk":116,"def":132,"spa":0,"spd":112,"spe":0},"gender":"M","ivs":{"hp":31,"atk":31,"def":31,"spa":31,"spd":31,"spe":31}},{"name":"Ludicolo","species":"Ludicolo","item":"leftovers","ability":"Swift Swim","moves":["surf","gigadrain","focusblast","icebeam"],"nature":"Modest","evs":{"hp":76,"atk":0,"def":96,"spa":136,"spd":100,"spe":100},"gender":"M","ivs":{"hp":31,"atk":31,"def":31,"spa":31,"spd":31,"spe":31}},{"name":"Sharpedo","species":"Sharpedo","item":"sharpedonite","ability":"Speed Boost","moves":["protect","waterfall","crunch","icefang"],"nature":"Hasty","evs":{"hp":52,"atk":172,"def":84,"spa":0,"spd":84,"spe":116},"gender":"M","ivs":{"hp":31,"atk":31,"def":31,"spa":31,"spd":31,"spe":31}},{"name":"Tentacruel","species":"Tentacruel","item":"airballoon","ability":"Rain Dish","moves":["icebeam","confuseray","sludgewave","attract"],"nature":"Modest","evs":{"hp":120,"atk":0,"def":72,"spa":100,"spd":148,"spe":68},"gender":"F","ivs":{"hp":31,"atk":31,"def":31,"spa":31,"spd":31,"spe":31}},{"name":"Politoed","species":"Politoed","item":"leftovers","ability":"Drizzle","moves":["toxic","attract","protect","scald"],"nature":"Calm","evs":{"hp":108,"atk":0,"def":124,"spa":124,"spd":152,"spe":0},"ivs":{"hp":31,"atk":31,"def":31,"spa":31,"spd":31,"spe":31}},{"name":"Mantine","species":"Mantine","item":"leftovers","ability":"Swift Swim","moves":["mudsport","icebeam","airslash","scald"],"nature":"","evs":{"hp":116,"atk":0,"def":72,"spa":128,"spd":92,"spe":100},"ivs":{"hp":31,"atk":31,"def":31,"spa":31,"spd":31,"spe":31}}],"p2team":[{"name":"Volcarona","species":"Volcarona","item":"lumberry","ability":"Flame Body","moves":["quiverdance","bugbuzz","gigadrain","fierydance"],"nature":"Modest","evs":{"hp":248,"atk":0,"def":0,"spa":60,"spd":0,"spe":200},"gender":"F","ivs":{"hp":31,"atk":0,"def":31,"spa":31,"spd":31,"spe":31},"shiny":true},{"name":"Torkoal","species":"Torkoal","item":"leftovers","ability":"Shell Armor","moves":["yawn","stealthrock","rapidspin","lavaplume"],"nature":"Bold","evs":{"hp":252,"atk":0,"def":252,"spa":0,"spd":0,"spe":0},"gender":"M","ivs":{"hp":31,"atk":0,"def":31,"spa":31,"spd":31,"spe":31}},{"name":"FletchinCiel","species":"fletchinder","item":"","ability":"Gale Wings","moves":["tailwind","swordsdance","overheat","acrobatics"],"nature":"Naughty","evs":{"hp":232,"atk":252,"def":0,"spa":0,"spd":0,"spe":24},"ivs":{"hp":31,"atk":31,"def":31,"spa":31,"spd":31,"spe":31}},{"name":"Jak","species":"charizard","item":"charizarditey","ability":"Blaze","moves":["solarbeam","defog","earthquake","flamethrower"],"nature":"Modest","evs":{"hp":0,"atk":4,"def":0,"spa":252,"spd":0,"spe":252},"ivs":{"hp":31,"atk":31,"def":31,"spa":31,"spd":31,"spe":31}},{"name":"Arcanine","species":"Arcanine","item":"assaultvest","ability":"Intimidate","moves":["extremespeed","wildcharge","flareblitz","closecombat"],"nature":"Adamant","evs":{"hp":248,"atk":252,"def":0,"spa":0,"spd":0,"spe":8},"ivs":{"hp":31,"atk":31,"def":31,"spa":31,"spd":31,"spe":31}},{"name":"Infernape","species":"Infernape","item":"lifeorb","ability":"Blaze","moves":["vacuumwave","hiddenpowerice","flamethrower","closecombat"],"nature":"Naive","evs":{"hp":0,"atk":4,"def":0,"spa":252,"spd":0,"spe":252},"ivs":{"hp":31,"atk":30,"def":30,"spa":31,"spd":31,"spe":31}}],"log":["|player|p1|Imp Whatever|291","|player|p2|SWL Neßki|swlneki.png","|gametype|singles","|gen|6","|tier|Monotype","|rated","|rule|Baton Pass Clause: Limit one Baton Passer, can't pass Spe and other stats simultaneously","|rule|Swagger Clause: Swagger is banned","|rule|Same Type Clause: Pokémon in a team must share a type","|clearpoke","|poke|p1|Swampert, M","|poke|p1|Ludicolo, M","|poke|p1|Sharpedo, M","|poke|p1|Tentacruel, F","|poke|p1|Politoed, M","|poke|p1|Mantine, M","|poke|p2|Volcarona, F, shiny","|poke|p2|Torkoal, M","|poke|p2|Fletchinder, F","|poke|p2|Charizard, M","|poke|p2|Arcanine, F","|poke|p2|Infernape, M","|rule|Sleep Clause Mod: Limit one foe put to sleep","|rule|Species Clause: Limit one of each Pokémon","|rule|OHKO Clause: OHKO moves are banned","|rule|Moody Clause: Moody is banned","|rule|Evasion Moves Clause: Evasion moves are banned","|rule|Endless Battle Clause: Forcing endless battles is banned","|rule|HP Percentage Mod: HP is shown in percentages","|teampreview","|","|start","|switch|p1a: Politoed|Politoed, M|348/348","|switch|p2a: Jak|Charizard, M|297/297","|-weather|RainDance","|turn|1","|","|detailschange|p2a: Jak|Charizard-Mega-Y, M","|-mega|p2a: Jak|Charizard|Charizardite Y","|-weather|SunnyDay","|move|p2a: Jak|Earthquake|p1a: Politoed","|-damage|p1a: Politoed|262/348","|move|p1a: Politoed|Scald|p2a: Jak","|-supereffective|p2a: Jak","|-damage|p2a: Jak|211/297","|","|-weather|SunnyDay|[upkeep]","|-heal|p1a: Politoed|283/348|[from] item: Leftovers","|turn|2","|","|switch|p2a: Arcanine|Arcanine, F|383/383","|-ability|p2a: Arcanine|Intimidate","|-unboost|p1a: Politoed|atk|1","|switch|p1a: Ludicolo|Ludicolo, M|320/320","|","|-weather|SunnyDay|[upkeep]","|turn|3","|","|move|p2a: Arcanine|Wild Charge|p1a: Ludicolo","|-damage|p1a: Ludicolo|186/320","|-damage|p2a: Arcanine|349/383|[from] recoil|[of] p1a: Ludicolo","|move|p1a: Ludicolo|Surf|p2a: Arcanine","|-supereffective|p2a: Arcanine","|-damage|p2a: Arcanine|253/383","|","|-weather|SunnyDay|[upkeep]","|-heal|p1a: Ludicolo|206/320|[from] item: Leftovers","|turn|4","|","|switch|p1a: Politoed|Politoed, M|283/348","|-weather|RainDance","|move|p2a: Arcanine|Flare Blitz|p1a: Politoed","|-resisted|p1a: Politoed","|-damage|p1a: Politoed|229/348","|-damage|p2a: Arcanine|235/383|[from] recoil|[of] p1a: Politoed","|","|-weather|RainDance|[upkeep]","|-heal|p1a: Politoed|250/348|[from] item: Leftovers","|turn|5","|","|switch|p2a: Jak|Charizard-Mega-Y, M|211/297","|-weather|SunnyDay","|move|p1a: Politoed|Scald|p2a: Jak","|-supereffective|p2a: Jak","|-damage|p2a: Jak|125/297","|","|-weather|SunnyDay|[upkeep]","|-heal|p1a: Politoed|271/348|[from] item: Leftovers","|turn|6","|","|switch|p1a: Ludicolo|Ludicolo, M|206/320","|move|p2a: Jak|Earthquake|p1a: Ludicolo","|-resisted|p1a: Ludicolo","|-damage|p1a: Ludicolo|167/320","|","|-weather|SunnyDay|[upkeep]","|-heal|p1a: Ludicolo|187/320|[from] item: Leftovers","|turn|7","|","|switch|p2a: Arcanine|Arcanine, F|235/383","|-ability|p2a: Arcanine|Intimidate","|-unboost|p1a: Ludicolo|atk|1","|move|p1a: Ludicolo|Surf|p2a: Arcanine","|-supereffective|p2a: Arcanine","|-damage|p2a: Arcanine|133/383","|","|-weather|SunnyDay|[upkeep]","|-heal|p1a: Ludicolo|207/320|[from] item: Leftovers","|turn|8","|","|switch|p1a: Politoed|Politoed, M|271/348","|-weather|RainDance","|move|p2a: Arcanine|Flare Blitz|p1a: Politoed","|-resisted|p1a: Politoed","|-damage|p1a: Politoed|211/348","|-damage|p2a: Arcanine|113/383|[from] recoil|[of] p1a: Politoed","|","|-weather|RainDance|[upkeep]","|-heal|p1a: Politoed|232/348|[from] item: Leftovers","|turn|9","|","|move|p2a: Arcanine|Wild Charge|p1a: Politoed","|-supereffective|p1a: Politoed","|-damage|p1a: Politoed|0 fnt","|-damage|p2a: Arcanine|55/383|[from] recoil|[of] p1a: Politoed","|faint|p1a: Politoed","|","|-weather|RainDance|[upkeep]","|","|switch|p1a: Ludicolo|Ludicolo, M|207/320","|turn|10","|","|switch|p2a: Jak|Charizard-Mega-Y, M|125/297","|-weather|SunnyDay","|move|p1a: Ludicolo|Surf|p2a: Jak","|-supereffective|p2a: Jak","|-damage|p2a: Jak|15/297","|","|-weather|SunnyDay|[upkeep]","|-heal|p1a: Ludicolo|227/320|[from] item: Leftovers","|turn|11","|","|switch|p2a: Volcarona|Volcarona, F, shiny|373/373","|move|p1a: Ludicolo|Surf|p2a: Volcarona","|-supereffective|p2a: Volcarona","|-damage|p2a: Volcarona|253/373","|","|-weather|SunnyDay|[upkeep]","|-heal|p1a: Ludicolo|247/320|[from] item: Leftovers","|turn|12","|","|move|p2a: Volcarona|Quiver Dance|p2a: Volcarona","|-boost|p2a: Volcarona|spa|1","|-boost|p2a: Volcarona|spd|1","|-boost|p2a: Volcarona|spe|1","|move|p1a: Ludicolo|Surf|p2a: Volcarona","|-supereffective|p2a: Volcarona","|-damage|p2a: Volcarona|173/373","|","|-weather|SunnyDay|[upkeep]","|-heal|p1a: Ludicolo|267/320|[from] item: Leftovers","|turn|13","|","|move|p2a: Volcarona|Quiver Dance|p2a: Volcarona","|-boost|p2a: Volcarona|spa|1","|-boost|p2a: Volcarona|spd|1","|-boost|p2a: Volcarona|spe|1","|move|p1a: Ludicolo|Surf|p2a: Volcarona","|-supereffective|p2a: Volcarona","|-damage|p2a: Volcarona|113/373","|","|-weather|SunnyDay|[upkeep]","|-heal|p1a: Ludicolo|287/320|[from] item: Leftovers","|turn|14","|","|move|p2a: Volcarona|Giga Drain|p1a: Ludicolo","|-damage|p1a: Ludicolo|115/320","|-heal|p2a: Volcarona|199/373|[from] drain|[of] p1a: Ludicolo","|move|p1a: Ludicolo|Surf|p2a: Volcarona","|-supereffective|p2a: Volcarona","|-damage|p2a: Volcarona|137/373","|","|-weather|none","|-heal|p1a: Ludicolo|135/320|[from] item: Leftovers","|turn|15","|","|move|p2a: Volcarona|Bug Buzz|p1a: Ludicolo","|-supereffective|p1a: Ludicolo","|-damage|p1a: Ludicolo|0 fnt","|faint|p1a: Ludicolo","|","|","|switch|p1a: Swampert|Swampert, M|378/378","|turn|16","|","|move|p2a: Volcarona|Giga Drain|p1a: Swampert","|-supereffective|p1a: Swampert","|-damage|p1a: Swampert|0 fnt","|-heal|p2a: Volcarona|326/373|[from] drain|[of] p1a: Swampert","|faint|p1a: Swampert","|","|","|switch|p1a: Mantine|Mantine, M|300/300","|turn|17","|","|move|p2a: Volcarona|Fiery Dance|p1a: Mantine","|-resisted|p1a: Mantine","|-damage|p1a: Mantine|198/300","|-boost|p2a: Volcarona|spa|1","|move|p1a: Mantine|Scald|p2a: Volcarona","|-crit|p2a: Volcarona","|-supereffective|p2a: Volcarona","|-damage|p2a: Volcarona|62/373","|","|-heal|p1a: Mantine|216/300|[from] item: Leftovers","|turn|18","|","|move|p2a: Volcarona|Giga Drain|p1a: Mantine","|-damage|p1a: Mantine|71/300","|-heal|p2a: Volcarona|135/373|[from] drain|[of] p1a: Mantine","|move|p1a: Mantine|Scald|p2a: Volcarona","|-supereffective|p2a: Volcarona","|-damage|p2a: Volcarona|37/373","|","|-heal|p1a: Mantine|89/300|[from] item: Leftovers","|turn|19","|","|move|p2a: Volcarona|Fiery Dance|p1a: Mantine","|-resisted|p1a: Mantine","|-damage|p1a: Mantine|0 fnt","|faint|p1a: Mantine","|","|","|switch|p1a: Sharpedo|Sharpedo, M|294/294","|turn|20","|","|move|p1a: Sharpedo|Protect|p1a: Sharpedo","|-singleturn|p1a: Sharpedo|Protect","|move|p2a: Volcarona|Bug Buzz|p1a: Sharpedo","|-activate|p1a: Sharpedo|Protect","|","|-boost|p1a: Sharpedo|spe|1|[from] ability: Speed Boost","|turn|21","|","|detailschange|p1a: Sharpedo|Sharpedo-Mega, M","|-mega|p1a: Sharpedo|Sharpedo|Sharpedonite","|move|p2a: Volcarona|Bug Buzz|p1a: Sharpedo","|-supereffective|p1a: Sharpedo","|-damage|p1a: Sharpedo|0 fnt","|faint|p1a: Sharpedo","|","|","|switch|p1a: Tentacruel|Tentacruel, F|331/331","|-item|p1a: Tentacruel|Air Balloon","|turn|22","|","|move|p2a: Volcarona|Giga Drain|p1a: Tentacruel","|-damage|p1a: Tentacruel|169/331","|-heal|p2a: Volcarona|118/373|[from] drain|[of] p1a: Tentacruel","|-enditem|p1a: Tentacruel|Air Balloon","|move|p1a: Tentacruel|Ice Beam|p2a: Volcarona","|-resisted|p2a: Volcarona","|-damage|p2a: Volcarona|100/373","|","|turn|23","|","|move|p2a: Volcarona|Bug Buzz|p1a: Tentacruel","|-resisted|p1a: Tentacruel","|-damage|p1a: Tentacruel|12/331","|move|p1a: Tentacruel|Sludge Wave|p2a: Volcarona","|-damage|p2a: Volcarona|43/373","|","|turn|24","|","|move|p2a: Volcarona|Bug Buzz|p1a: Tentacruel","|-resisted|p1a: Tentacruel","|-damage|p1a: Tentacruel|0 fnt","|faint|p1a: Tentacruel","|","|win|SWL Neßki"],"p1rating":{"entryid":"693707","serverid":"eos","formatid":"monotype","userid":"impwhatever","username":"Imp Whatever","w":"8","l":16,"t":"0","gxe":35.4,"r":"1390.7554856314","rd":"71.911201232994","sigma":"0","rptime":"1441098000","rpr":1385.1254719875,"rprd":65.250969723854,"rpsigma":"0","acre":1021.9466574712,"lacre":1021.9466574712,"oldacre":"1028.5721882102"},"p2rating":{"entryid":"388","serverid":"eos","formatid":"monotype","userid":"swlneki","username":"SWL Neßki","w":33,"l":"13","t":"0","gxe":68.7,"r":"1646.2111791156","rd":"55.240836885283","sigma":"0","rptime":"1441098000","rpr":1649.4598543677,"rprd":54.832704984471,"rpsigma":"0","acre":1248.2216503721,"lacre":1248.2216503721,"oldacre":"1236.6270640597"},"endType":"normal"}