{"seed":[28474,31537,25492,59757],"turns":25,"p1":"Void Who - ⓓⓐⓝⓚ","p2":"V Photon","p1team":[{"name":"Avalugg","species":"Avalugg","item":"leftovers","ability":"Sturdy","moves":["recover","avalanche","mirrorcoat","rapidspin"],"nature":"Impish","evs":{"hp":252,"atk":4,"def":252,"spa":0,"spd":0,"spe":0},"ivs":{"hp":31,"atk":31,"def":31,"spa":31,"spd":31,"spe":31}},{"name":"Kyurem-Black","species":"Kyurem-Black","item":"choicescarf","ability":"Teravolt","moves":["dragonclaw","fusionbolt","ironhead","zenheadbutt"],"nature":"Jolly","evs":{"hp":0,"atk":252,"def":0,"spa":0,"spd":4,"spe":252},"ivs":{"hp":31,"atk":31,"def":31,"spa":31,"spd":31,"spe":31}},{"name":"Glalie","species":"Glalie","item":"glalitite","ability":"Inner Focus","moves":["iceshard","frustration","crunch","explosion"],"nature":"Adamant","evs":{"hp":248,"atk":252,"def":0,"spa":0,"spd":8,"spe":0},"happiness":0,"ivs":{"hp":31,"atk":31,"def":31,"spa":31,"spd":31,"spe":31}},{"name":"Mamoswine","species":"Mamoswine","item":"focussash","ability":"Thick Fat","moves":["earthquake","stealthrock","iciclespear","knockoff"],"nature":"Adamant","evs":{"hp":248,"atk":252,"def":0,"spa":0,"spd":8,"spe":0},"ivs":{"hp":31,"atk":31,"def":31,"spa":31,"spd":31,"spe":31}},{"name":"Weavile","species":"Weavile","item":"choicescarf","ability":"Pressure","moves":["knockoff","lowkick","iciclecrash","iceshard"],"nature":"Jolly","evs":{"hp":0,"atk":252,"def":0,"spa":0,"spd":4,"spe":252},"ivs":{"hp":31,"atk":31,"def":31,"spa":31,"spd":31,"spe":31}},{"name":"Rotom-Frost","species":"Rotom-Frost","item":"leftovers","ability":"Levitate","moves":["willowisp","voltswitch","blizzard","painsplit"],"nature":"Calm","evs":{"hp":252,"atk":0,"def":0,"spa":4,"spd":252,"spe":0},"ivs":{"hp":31,"atk":31,"def":31,"spa":31,"spd":31,"spe":31}}],"p2team":[{"name":"Cradily","species":"Cradily","item":"leftovers","ability":"Storm Drain","moves":["rockslide","stockpile","recover","stealthrock"],"nature":"Careful","evs":{"hp":252,"atk":4,"def":0,"spa":0,"spd":252,"spe":0},"ivs":{"hp":31,"atk":30,"def":31,"spa":30,"spd":31,"spe":30}},{"name":"Ferrothorn","species":"Ferrothorn","item":"rockyhelmet","ability":"Iron Barbs","moves":["curse","gyroball","leechseed","thunderwave"],"nature":"Relaxed","evs":{"hp":252,"atk":0,"def":120,"spa":0,"spd":136,"spe":0},"ivs":{"hp":31,"atk":31,"def":31,"spa":31,"spd":31,"spe":0}},{"name":"Rotom-Mow","species":"Rotom-Mow","item":"weaknesspolicy","ability":"Levitate","moves":["thunderbolt","willowisp","rest","sleeptalk"],"nature":"Calm","evs":{"hp":248,"atk":0,"def":8,"spa":0,"spd":252,"spe":0},"ivs":{"hp":31,"atk":31,"def":31,"spa":31,"spd":31,"spe":31}},{"name":"Venusaur","species":"Venusaur","item":"venusaurite","ability":"Overgrow","moves":["earthquake","petalblizzard","synthesis","curse"],"nature":"Adamant","evs":{"hp":248,"atk":252,"def":0,"spa":0,"spd":8,"spe":0},"ivs":{"hp":31,"atk":31,"def":31,"spa":31,"spd":31,"spe":31}},{"name":"Celebi","species":"Celebi","item":"choicescarf","ability":"Natural Cure","moves":["psychic","dazzlinggleam","ancientpower","earthpower"],"nature":"Timid","evs":{"hp":4,"atk":0,"def":0,"spa":252,"spd":0,"spe":252},"ivs":{"hp":31,"atk":31,"def":31,"spa":31,"spd":31,"spe":31}},{"name":"Serperior","species":"Serperior","item":"lifeorb","ability":"Contrary","moves":["leafstorm","hiddenpowerrock","dragonpulse","glare"],"nature":"Timid","evs":{"hp":0,"atk":0,"def":0,"spa":252,"spd":4,"spe":252},"ivs":{"hp":31,"atk":31,"def":30,"spa":31,"spd":30,"spe":30}}],"log":["|player|p1|Void Who - ⓓⓐⓝⓚ|voidwho.gif","|player|p2|V Photon|169","|gametype|singles","|gen|6","|tier|Monotype","|rated","|rule|Baton Pass Clause: Limit one Baton Passer, can't pass Spe and other stats simultaneously","|rule|Swagger Clause: Swagger is banned","|rule|Same Type Clause: Pokémon in a team must share a type","|clearpoke","|poke|p1|Avalugg, F","|poke|p1|Kyurem-Black","|poke|p1|Glalie, F","|poke|p1|Mamoswine, M","|poke|p1|Weavile, F","|poke|p1|Rotom-Frost","|poke|p2|Cradily, M","|poke|p2|Ferrothorn, M","|poke|p2|Rotom-Mow","|poke|p2|Venusaur, F","|poke|p2|Celebi","|poke|p2|Serperior, F","|rule|Sleep Clause Mod: Limit one foe put to sleep","|rule|Species Clause: Limit one of each Pokémon","|rule|OHKO Clause: OHKO moves are banned","|rule|Moody Clause: Moody is banned","|rule|Evasion Moves Clause: Evasion moves are banned","|rule|Endless Battle Clause: Forcing endless battles is banned","|rule|HP Percentage Mod: HP is shown in percentages","|teampreview","|","|start","|switch|p1a: Rotom-Frost|Rotom-Frost|304/304","|switch|p2a: Ferrothorn|Ferrothorn, M|352/352","|turn|1","|","|switch|p2a: Celebi|Celebi|342/342","|move|p1a: Rotom-Frost|Will-O-Wisp|p2a: Celebi","|-status|p2a: Celebi|brn","|","|-damage|p2a: Celebi|300/342 brn|[from] brn","|turn|2","|","|move|p2a: Celebi|Ancient Power|p1a: Rotom-Frost","|-supereffective|p1a: Rotom-Frost","|-damage|p1a: Rotom-Frost|226/304","|move|p1a: Rotom-Frost|Blizzard|p2a: Celebi","|-miss|p1a: Rotom-Frost|p2a: Celebi","|","|-heal|p1a: Rotom-Frost|245/304|[from] item: Leftovers","|-damage|p2a: Celebi|258/342 brn|[from] brn","|turn|3","|","|switch|p2a: Ferrothorn|Ferrothorn, M|352/352","|move|p1a: Rotom-Frost|Blizzard|p2a: Ferrothorn","|-damage|p2a: Ferrothorn|246/352","|","|-heal|p1a: Rotom-Frost|264/304|[from] item: Leftovers","|turn|4","|","|move|p1a: Rotom-Frost|Will-O-Wisp|p2a: Ferrothorn","|-status|p2a: Ferrothorn|brn","|move|p2a: Ferrothorn|Curse|p2a: Ferrothorn","|-unboost|p2a: Ferrothorn|spe|1","|-boost|p2a: Ferrothorn|atk|1","|-boost|p2a: Ferrothorn|def|1","|","|-heal|p1a: Rotom-Frost|283/304|[from] item: Leftovers","|-damage|p2a: Ferrothorn|202/352 brn|[from] brn","|turn|5","|","|move|p1a: Rotom-Frost|Blizzard|p2a: Ferrothorn","|-damage|p2a: Ferrothorn|91/352 brn","|move|p2a: Ferrothorn|Leech Seed|p1a: Rotom-Frost","|-start|p1a: Rotom-Frost|move: Leech Seed","|","|-heal|p1a: Rotom-Frost|302/304|[from] item: Leftovers","|-damage|p1a: Rotom-Frost|264/304|[from] Leech Seed|[of] p2a: Ferrothorn","|-heal|p2a: Ferrothorn|129/352 brn|[silent]","|-damage|p2a: Ferrothorn|85/352 brn|[from] brn","|turn|6","|","|move|p1a: Rotom-Frost|Volt Switch|p2a: Ferrothorn","|-resisted|p2a: Ferrothorn","|-damage|p2a: Ferrothorn|49/352 brn","|","|switch|p1a: Avalugg|Avalugg, F|394/394","|move|p2a: Ferrothorn|Gyro Ball|p1a: Avalugg","|-supereffective|p1a: Avalugg","|-damage|p1a: Avalugg|327/394","|","|-heal|p1a: Avalugg|351/394|[from] item: Leftovers","|-damage|p2a: Ferrothorn|5/352 brn|[from] brn","|turn|7","|","|move|p1a: Avalugg|Recover|p1a: Avalugg","|-heal|p1a: Avalugg|394/394","|move|p2a: Ferrothorn|Leech Seed|p1a: Avalugg","|-start|p1a: Avalugg|move: Leech Seed","|","|-damage|p1a: Avalugg|345/394|[from] Leech Seed|[of] p2a: Ferrothorn","|-heal|p2a: Ferrothorn|54/352 brn|[silent]","|-damage|p2a: Ferrothorn|10/352 brn|[from] brn","|turn|8","|","|move|p2a: Ferrothorn|Curse|p2a: Ferrothorn","|-unboost|p2a: Ferrothorn|spe|1","|-boost|p2a: Ferrothorn|atk|1","|-boost|p2a: Ferrothorn|def|1","|move|p1a: Avalugg|Avalanche|p2a: Ferrothorn","|-damage|p2a: Ferrothorn|0 fnt","|-damage|p1a: Avalugg|296/394|[from] ability: Iron Barbs|[of] p2a: Ferrothorn","|-damage|p1a: Avalugg|231/394|[from] item: Rocky Helmet|[of] p2a: Ferrothorn","|faint|p2a: Ferrothorn","|","|-heal|p1a: Avalugg|255/394|[from] item: Leftovers","|","|switch|p2a: Serperior|Serperior, F|291/291","|turn|9","|","|switch|p1a: Rotom-Frost|Rotom-Frost|264/304","|move|p2a: Serperior|Leaf Storm|p1a: Rotom-Frost","|-damage|p1a: Rotom-Frost|131/304","|-boost|p2a: Serperior|spa|2","|-damage|p2a: Serperior|262/291|[from] item: Life Orb","|","|-heal|p1a: Rotom-Frost|150/304|[from] item: Leftovers","|turn|10","|","|move|p2a: Serperior|Hidden Power|p1a: Rotom-Frost","|-supereffective|p1a: Rotom-Frost","|-damage|p1a: Rotom-Frost|0 fnt","|-damage|p2a: Serperior|233/291|[from] item: Life Orb","|faint|p1a: Rotom-Frost","|","|","|switch|p1a: Weavile|Weavile, F|281/281","|-ability|p1a: Weavile|Pressure","|turn|11","|","|move|p1a: Weavile|Icicle Crash|p2a: Serperior","|-supereffective|p2a: Serperior","|-damage|p2a: Serperior|0 fnt","|faint|p2a: Serperior","|","|","|switch|p2a: Venusaur|Venusaur, F|363/363","|turn|12","|","|switch|p1a: Avalugg|Avalugg, F|255/394","|detailschange|p2a: Venusaur|Venusaur-Mega, F","|-mega|p2a: Venusaur|Venusaur|Venusaurite","|move|p2a: Venusaur|Curse|p2a: Venusaur","|-unboost|p2a: Venusaur|spe|1","|-boost|p2a: Venusaur|atk|1","|-boost|p2a: Venusaur|def|1","|","|-heal|p1a: Avalugg|279/394|[from] item: Leftovers","|turn|13","|","|move|p2a: Venusaur|Curse|p2a: Venusaur","|-unboost|p2a: Venusaur|spe|1","|-boost|p2a: Venusaur|atk|1","|-boost|p2a: Venusaur|def|1","|move|p1a: Avalugg|Recover|p1a: Avalugg","|-heal|p1a: Avalugg|394/394","|","|turn|14","|","|move|p2a: Venusaur|Curse|p2a: Venusaur","|-unboost|p2a: Venusaur|spe|1","|-boost|p2a: Venusaur|atk|1","|-boost|p2a: Venusaur|def|1","|move|p1a: Avalugg|Avalanche|p2a: Venusaur","|-supereffective|p2a: Venusaur","|-damage|p2a: Venusaur|331/363","|","|turn|15","|","|move|p2a: Venusaur|Curse|p2a: Venusaur","|-unboost|p2a: Venusaur|spe|1","|-boost|p2a: Venusaur|atk|1","|-boost|p2a: Venusaur|def|1","|move|p1a: Avalugg|Avalanche|p2a: Venusaur","|-crit|p2a: Venusaur","|-supereffective|p2a: Venusaur","|-damage|p2a: Venusaur|229/363","|","|turn|16","|","|move|p2a: Venusaur|Synthesis|p2a: Venusaur","|-heal|p2a: Venusaur|363/363","|move|p1a: Avalugg|Avalanche|p2a: Venusaur","|-supereffective|p2a: Venusaur","|-damage|p2a: Venusaur|339/363","|","|turn|17","|","|move|p2a: Venusaur|Petal Blizzard|p1a: Avalugg","|-damage|p1a: Avalugg|208/394","|move|p1a: Avalugg|Avalanche|p2a: Venusaur","|-supereffective|p2a: Venusaur","|-damage|p2a: Venusaur|289/363","|","|-heal|p1a: Avalugg|232/394|[from] item: Leftovers","|turn|18","|","|move|p1a: Avalugg|Recover|p1a: Avalugg","|-heal|p1a: Avalugg|394/394","|move|p2a: Venusaur|Curse|p2a: Venusaur","|-unboost|p2a: Venusaur|spe|1","|-boost|p2a: Venusaur|atk|1","|-boost|p2a: Venusaur|def|1","|","|turn|19","|","|move|p2a: Venusaur|Curse|p2a: Venusaur","|-unboost|p2a: Venusaur|spe|1","|-boost|p2a: Venusaur|atk|1","|-boost|p2a: Venusaur|def|1","|move|p1a: Avalugg|Avalanche|p2a: Venusaur","|-supereffective|p2a: Venusaur","|-damage|p2a: Venusaur|269/363","|","|turn|20","|","|move|p2a: Venusaur|Petal Blizzard|p1a: Avalugg","|-damage|p1a: Avalugg|105/394","|move|p1a: Avalugg|Avalanche|p2a: Venusaur","|-supereffective|p2a: Venusaur","|-damage|p2a: Venusaur|233/363","|","|-heal|p1a: Avalugg|129/394|[from] item: Leftovers","|turn|21","|","|move|p2a: Venusaur|Petal Blizzard|p1a: Avalugg","|-damage|p1a: Avalugg|0 fnt","|faint|p1a: Avalugg","|","|","|switch|p1a: Kyurem-Black|Kyurem-Black|391/391","|-ability|p1a: Kyurem-Black|Teravolt","|turn|22","|","|move|p1a: Kyurem-Black|Zen Headbutt|p2a: Venusaur","|-supereffective|p2a: Venusaur","|-damage|p2a: Venusaur|183/363","|move|p2a: Venusaur|Earthquake|p1a: Kyurem-Black","|-damage|p1a: Kyurem-Black|0 fnt","|faint|p1a: Kyurem-Black","|","|","|switch|p1a: Glalie|Glalie, F|363/363","|turn|23","|","|detailschange|p1a: Glalie|Glalie-Mega, F","|-mega|p1a: Glalie|Glalie|Glalitite","|move|p1a: Glalie|Explosion|p2a: Venusaur","|-supereffective|p2a: Venusaur","|-damage|p2a: Venusaur|63/363","|faint|p1a: Glalie","|move|p2a: Venusaur|Synthesis|p2a: Venusaur","|-heal|p2a: Venusaur|244/363","|","|","|switch|p1a: Weavile|Weavile, F|281/281","|-ability|p1a: Weavile|Pressure","|turn|24","|","|move|p1a: Weavile|Icicle Crash|p2a: Venusaur","|-supereffective|p2a: Venusaur","|-damage|p2a: Venusaur|214/363","|cant|p2a: Venusaur|flinch","|","|turn|25","|","|win|V Photon"],"p1rating":{"entryid":"114352","serverid":"eos","formatid":"monotype","userid":"voidwho","username":"Void Who","w":"27","l":34,"t":"0","gxe":44.4,"r":"1460.633948458","rd":"48.120933514105","sigma":"0","rptime":"1441098000","rpr":1457.273333859,"rprd":45.422807787762,"rpsigma":"0","acre":1070.7039288244,"lacre":1070.7039288244,"oldacre":"1084.7804248569"},"p2rating":{"entryid":"24749","serverid":"eos","formatid":"monotype","userid":"vphoton","username":"V Photon - ⓈⓁⒺⒺⓅ","w":20,"l":"18","t":"0","gxe":53,"r":"1504.2495003069","rd":"58.807597499128","sigma":"0","rptime":"1441098000","rpr":1522.5955359626,"rprd":55.954912311841,"rpsigma":"0","acre":1239.4110045881,"lacre":1239.4110045881,"oldacre":"1223.9199004112"},"endType":"forfeit"}