{"seed":[17398,12124,35023,19619],"turns":26,"p1":"JusAnAlt","p2":"SL Realms","p1team":[{"name":"Hoopa-Unbound","species":"Hoopa-Unbound","item":"choicescarf","ability":"Magician","moves":["drainpunch","firepunch","hyperspacefury","zenheadbutt"],"nature":"Jolly","evs":{"hp":0,"atk":252,"def":0,"spa":0,"spd":4,"spe":252},"ivs":{"hp":31,"atk":31,"def":31,"spa":31,"spd":31,"spe":31}},{"name":"Slowbro","species":"Slowbro","item":"leftovers","ability":"Regenerator","moves":["flamethrower","scald","slackoff","thunderwave"],"nature":"Bold","evs":{"hp":248,"atk":0,"def":252,"spa":8,"spd":0,"spe":0},"gender":"M","ivs":{"hp":31,"atk":0,"def":31,"spa":31,"spd":31,"spe":31}},{"name":"Meloetta","species":"Meloetta","item":"assaultvest","ability":"Serene Grace","moves":["dazzlinggleam","hypervoice","psyshock","shadowball"],"nature":"Calm","evs":{"hp":248,"atk":0,"def":0,"spa":8,"spd":252,"spe":0},"ivs":{"hp":31,"atk":0,"def":31,"spa":31,"spd":31,"spe":31}},{"name":"Gardevoir","species":"Gardevoir","item":"gardevoirite","ability":"Trace","moves":["energyball","hypervoice","psyshock","thunderbolt"],"nature":"Timid","evs":{"hp":0,"atk":0,"def":0,"spa":252,"spd":4,"spe":252},"gender":"F","ivs":{"hp":31,"atk":0,"def":31,"spa":31,"spd":31,"spe":31}},{"name":"Mew","species":"Mew","item":"leftovers","ability":"Synchronize","moves":["defog","healbell","roost","willowisp"],"nature":"Calm","evs":{"hp":248,"atk":0,"def":0,"spa":0,"spd":152,"spe":108},"ivs":{"hp":31,"atk":0,"def":31,"spa":31,"spd":31,"spe":31}},{"name":"Latios","species":"Latios","item":"choicescarf","ability":"Levitate","moves":["dracometeor","energyball","icebeam","psyshock"],"nature":"Timid","evs":{"hp":0,"atk":0,"def":0,"spa":252,"spd":4,"spe":252},"ivs":{"hp":31,"atk":0,"def":31,"spa":31,"spd":31,"spe":31}}],"p2team":[{"name":"Water you doing?","species":"lanturn","item":"leftovers","ability":"Volt Absorb","moves":["healbell","scald","thunderwave","voltswitch"],"nature":"","evs":{"hp":40,"atk":0,"def":220,"spa":40,"spd":208,"spe":0},"ivs":{"hp":31,"atk":31,"def":31,"spa":31,"spd":31,"spe":31}},{"name":"I sea you","species":"tentacruel","item":"blacksludge","ability":"Liquid Ooze","moves":["rapidspin","scald","sludgebomb","gigadrain"],"nature":"Bold","evs":{"hp":156,"atk":0,"def":252,"spa":68,"spd":32,"spe":0},"ivs":{"hp":31,"atk":31,"def":31,"spa":31,"spd":31,"spe":31}},{"name":"Just K(r)ill Me","species":"gyarados","item":"leftovers","ability":"Intimidate","moves":["dragondance","waterfall","substitute","bounce"],"nature":"Jolly","evs":{"hp":88,"atk":220,"def":4,"spa":0,"spd":0,"spe":196},"ivs":{"hp":31,"atk":31,"def":31,"spa":31,"spd":31,"spe":31}},{"name":"Are you shore?","species":"swampert","item":"leftovers","ability":"Torrent","moves":["stealthrock","earthquake","roar","protect"],"nature":"Relaxed","evs":{"hp":240,"atk":16,"def":252,"spa":0,"spd":0,"spe":0},"ivs":{"hp":31,"atk":31,"def":31,"spa":31,"spd":31,"spe":31}},{"name":"Not On Porpoise","species":"keldeoresolute","item":"choicescarf","ability":"Justified","moves":["secretsword","hydropump","icywind","hiddenpowerfire"],"nature":"Mild","evs":{"hp":0,"atk":4,"def":0,"spa":252,"spd":0,"spe":252},"ivs":{"hp":31,"atk":30,"def":31,"spa":30,"spd":31,"spe":30}},{"name":"I talk 2 my-shellf","species":"blastoise","item":"blastoisinite","ability":"Torrent","moves":["hydropump","darkpulse","blizzard","aurasphere"],"nature":"Modest","evs":{"hp":248,"atk":0,"def":0,"spa":252,"spd":8,"spe":0},"ivs":{"hp":31,"atk":31,"def":31,"spa":31,"spd":31,"spe":31}}],"log":["|player|p1|JusAnAlt|99","|player|p2|SL Realms|118","|gametype|singles","|gen|6","|tier|Monotype","|rated","|rule|Baton Pass Clause: Limit one Baton Passer, can't pass Spe and other stats simultaneously","|rule|Swagger Clause: Swagger is banned","|rule|Same Type Clause: Pokémon in a team must share a type","|clearpoke","|poke|p1|Hoopa-Unbound","|poke|p1|Slowbro, M","|poke|p1|Meloetta","|poke|p1|Gardevoir, F","|poke|p1|Mew","|poke|p1|Latios, M","|poke|p2|Lanturn, M","|poke|p2|Tentacruel, F","|poke|p2|Gyarados, F","|poke|p2|Swampert, M","|poke|p2|Keldeo-Resolute","|poke|p2|Blastoise, F","|rule|Sleep Clause Mod: Limit one foe put to sleep","|rule|Species Clause: Limit one of each Pokémon","|rule|OHKO Clause: OHKO moves are banned","|rule|Moody Clause: Moody is banned","|rule|Evasion Moves Clause: Evasion moves are banned","|rule|Endless Battle Clause: Forcing endless battles is banned","|rule|HP Percentage Mod: HP is shown in percentages","|teampreview","|","|start","|switch|p1a: Gardevoir|Gardevoir, F|277/277","|switch|p2a: Are you shore?|Swampert, M|401/401","|-ability|p1a: Gardevoir|Torrent|[from] ability: Trace|[of] p2a: Are you shore?","|turn|1","|","|detailschange|p1a: Gardevoir|Gardevoir-Mega, F","|-mega|p1a: Gardevoir|Gardevoir|Gardevoirite","|move|p1a: Gardevoir|Energy Ball|p2a: Are you shore?","|-supereffective|p2a: Are you shore?","|-damage|p2a: Are you shore?|0 fnt","|faint|p2a: Are you shore?","|","|","|switch|p2a: I sea you|Tentacruel, F|340/340","|turn|2","|","|move|p1a: Gardevoir|Psyshock|p2a: I sea you","|-supereffective|p2a: I sea you","|-damage|p2a: I sea you|22/340","|move|p2a: I sea you|Sludge Bomb|p1a: Gardevoir","|-supereffective|p1a: Gardevoir","|-damage|p1a: Gardevoir|139/277","|-status|p1a: Gardevoir|psn","|","|-heal|p2a: I sea you|43/340|[from] item: Black Sludge","|-damage|p1a: Gardevoir|105/277 psn|[from] psn","|turn|3","|","|move|p1a: Gardevoir|Psyshock|p2a: I sea you","|-supereffective|p2a: I sea you","|-damage|p2a: I sea you|0 fnt","|faint|p2a: I sea you","|","|-damage|p1a: Gardevoir|71/277 psn|[from] psn","|","|switch|p2a: Not On Porpoise|Keldeo-Resolute|323/323","|turn|4","|","|switch|p1a: Latios|Latios, M|301/301","|move|p2a: Not On Porpoise|Hydro Pump|p1a: Latios","|-resisted|p1a: Latios","|-damage|p1a: Latios|206/301","|","|turn|5","|","|switch|p2a: Water you doing?|Lanturn, M|401/401","|move|p1a: Latios|Psyshock|p2a: Water you doing?","|-damage|p2a: Water you doing?|232/401","|","|-heal|p2a: Water you doing?|257/401|[from] item: Leftovers","|turn|6","|","|switch|p1a: Mew|Mew|403/403","|move|p2a: Water you doing?|Thunder Wave|p1a: Mew","|-status|p1a: Mew|par","|","|-heal|p2a: Water you doing?|282/401|[from] item: Leftovers","|turn|7","|","|move|p2a: Water you doing?|Volt Switch|p1a: Mew","|-damage|p1a: Mew|346/403 par","|","|switch|p2a: I talk 2 my-shellf|Blastoise, F|361/361","|move|p1a: Mew|Heal Bell|p1a: Mew","|-cureteam|p1a: Mew|[from] move: HealBell","|","|-heal|p1a: Mew|371/403|[from] item: Leftovers","|turn|8","|","|detailschange|p2a: I talk 2 my-shellf|Blastoise-Mega, F","|-mega|p2a: I talk 2 my-shellf|Blastoise|Blastoisinite","|move|p1a: Mew|Will-O-Wisp|p2a: I talk 2 my-shellf|[miss]","|-miss|p1a: Mew|p2a: I talk 2 my-shellf","|move|p2a: I talk 2 my-shellf|Dark Pulse|p1a: Mew","|-supereffective|p1a: Mew","|-damage|p1a: Mew|115/403","|","|-heal|p1a: Mew|140/403|[from] item: Leftovers","|turn|9","|","|move|p1a: Mew|Will-O-Wisp|p2a: I talk 2 my-shellf","|-status|p2a: I talk 2 my-shellf|brn","|move|p2a: I talk 2 my-shellf|Dark Pulse|p1a: Mew","|-supereffective|p1a: Mew","|-damage|p1a: Mew|0 fnt","|faint|p1a: Mew","|","|-damage|p2a: I talk 2 my-shellf|316/361 brn|[from] brn","|","|switch|p1a: Meloetta|Meloetta|403/403","|turn|10","|","|switch|p2a: Water you doing?|Lanturn, M|282/401","|move|p1a: Meloetta|Hyper Voice|p2a: Water you doing?","|-damage|p2a: Water you doing?|153/401","|","|-heal|p2a: Water you doing?|178/401|[from] item: Leftovers","|turn|11","|","|move|p1a: Meloetta|Psyshock|p2a: Water you doing?","|-damage|p2a: Water you doing?|45/401","|move|p2a: Water you doing?|Thunder Wave|p1a: Meloetta","|-status|p1a: Meloetta|par","|","|-heal|p2a: Water you doing?|70/401|[from] item: Leftovers","|turn|12","|","|move|p2a: Water you doing?|Heal Bell|p2a: Water you doing?","|-cureteam|p2a: Water you doing?|[from] move: HealBell","|move|p1a: Meloetta|Psyshock|p2a: Water you doing?","|-damage|p2a: Water you doing?|0 fnt","|faint|p2a: Water you doing?","|","|","|switch|p2a: Just K(r)ill Me|Gyarados, F|353/353","|-ability|p2a: Just K(r)ill Me|Intimidate","|-unboost|p1a: Meloetta|atk|1","|turn|13","|","|move|p2a: Just K(r)ill Me|Dragon Dance|p2a: Just K(r)ill Me","|-boost|p2a: Just K(r)ill Me|atk|1","|-boost|p2a: Just K(r)ill Me|spe|1","|move|p1a: Meloetta|Hyper Voice|p2a: Just K(r)ill Me","|-damage|p2a: Just K(r)ill Me|211/353","|","|-heal|p2a: Just K(r)ill Me|233/353|[from] item: Leftovers","|turn|14","|","|move|p2a: Just K(r)ill Me|Waterfall|p1a: Meloetta","|-damage|p1a: Meloetta|162/403 par","|cant|p1a: Meloetta|flinch","|","|-heal|p2a: Just K(r)ill Me|255/353|[from] item: Leftovers","|turn|15","|","|move|p2a: Just K(r)ill Me|Waterfall|p1a: Meloetta","|-damage|p1a: Meloetta|0 fnt","|faint|p1a: Meloetta","|","|-heal|p2a: Just K(r)ill Me|277/353|[from] item: Leftovers","|","|switch|p1a: Slowbro|Slowbro, M|393/393","|turn|16","|","|move|p2a: Just K(r)ill Me|Substitute|p2a: Just K(r)ill Me","|-start|p2a: Just K(r)ill Me|Substitute","|-damage|p2a: Just K(r)ill Me|189/353","|move|p1a: Slowbro|Thunder Wave|p2a: Just K(r)ill Me","|-fail|p2a: Just K(r)ill Me","|","|-heal|p2a: Just K(r)ill Me|211/353|[from] item: Leftovers","|turn|17","|","|switch|p1a: Hoopa-Unbound|Hoopa-Unbound|301/301","|move|p2a: Just K(r)ill Me|Dragon Dance|p2a: Just K(r)ill Me","|-boost|p2a: Just K(r)ill Me|atk|1","|-boost|p2a: Just K(r)ill Me|spe|1","|","|-heal|p2a: Just K(r)ill Me|233/353|[from] item: Leftovers","|turn|18","|","|move|p2a: Just K(r)ill Me|Dragon Dance|p2a: Just K(r)ill Me","|-boost|p2a: Just K(r)ill Me|atk|1","|-boost|p2a: Just K(r)ill Me|spe|1","|move|p1a: Hoopa-Unbound|Hyperspace Fury|p2a: Just K(r)ill Me","|-damage|p2a: Just K(r)ill Me|0 fnt","|-unboost|p1a: Hoopa-Unbound|def|1","|faint|p2a: Just K(r)ill Me","|","|","|switch|p2a: Not On Porpoise|Keldeo-Resolute|323/323","|turn|19","|","|switch|p1a: Slowbro|Slowbro, M|393/393","|move|p2a: Not On Porpoise|Secret Sword|p1a: Slowbro","|-resisted|p1a: Slowbro","|-damage|p1a: Slowbro|336/393","|","|-heal|p1a: Slowbro|360/393|[from] item: Leftovers","|turn|20","|","|switch|p2a: I talk 2 my-shellf|Blastoise-Mega, F|316/361","|move|p1a: Slowbro|Thunder Wave|p2a: I talk 2 my-shellf","|-status|p2a: I talk 2 my-shellf|par","|","|-heal|p1a: Slowbro|384/393|[from] item: Leftovers","|turn|21","|","|move|p1a: Slowbro|Scald|p2a: I talk 2 my-shellf","|-resisted|p2a: I talk 2 my-shellf","|-damage|p2a: I talk 2 my-shellf|274/361 par","|cant|p2a: I talk 2 my-shellf|par","|","|-heal|p1a: Slowbro|393/393|[from] item: Leftovers","|turn|22","|","|move|p1a: Slowbro|Scald|p2a: I talk 2 my-shellf","|-resisted|p2a: I talk 2 my-shellf","|-damage|p2a: I talk 2 my-shellf|229/361 par","|move|p2a: I talk 2 my-shellf|Dark Pulse|p1a: Slowbro","|-supereffective|p1a: Slowbro","|-damage|p1a: Slowbro|25/393","|","|-heal|p1a: Slowbro|49/393|[from] item: Leftovers","|turn|23","|","|move|p1a: Slowbro|Scald|p2a: I talk 2 my-shellf","|-resisted|p2a: I talk 2 my-shellf","|-damage|p2a: I talk 2 my-shellf|184/361 par","|move|p2a: I talk 2 my-shellf|Dark Pulse|p1a: Slowbro","|-supereffective|p1a: Slowbro","|-damage|p1a: Slowbro|0 fnt","|faint|p1a: Slowbro","|","|","|switch|p1a: Gardevoir|Gardevoir-Mega, F|71/277","|turn|24","|","|move|p1a: Gardevoir|Hyper Voice|p2a: I talk 2 my-shellf","|-damage|p2a: I talk 2 my-shellf|0 fnt","|faint|p2a: I talk 2 my-shellf","|","|","|switch|p2a: Not On Porpoise|Keldeo-Resolute|323/323","|turn|25","|","|move|p2a: Not On Porpoise|Hydro Pump|p1a: Gardevoir","|-crit|p1a: Gardevoir","|-damage|p1a: Gardevoir|0 fnt","|faint|p1a: Gardevoir","|","|","|switch|p1a: Latios|Latios, M|206/301","|turn|26","|","|move|p1a: Latios|Psyshock|p2a: Not On Porpoise","|-supereffective|p2a: Not On Porpoise","|-damage|p2a: Not On Porpoise|0 fnt","|faint|p2a: Not On Porpoise","|","|win|JusAnAlt"],"p1rating":{"entryid":741872,"formatid":"monotype","userid":"jusanalt","username":"JusAnAlt","r":1500,"rd":130,"sigma":0,"rpr":1540.8436935249,"rprd":122.31324505278,"rpsigma":0,"rptime":1441098000,"w":1,"l":0,"t":0,"gxe":55.1,"acre":1051.5027447518,"lacre":1051.5027447518,"oldacre":1000},"p2rating":{"entryid":"259244","serverid":"eos","formatid":"monotype","userid":"slrealms","username":"SL Realms","w":"6","l":7,"t":"0","gxe":47.6,"r":"1494.8072833288","rd":"88.965989982553","sigma":"0","rptime":"1441098000","rpr":1481.7969395716,"rprd":82.137665611501,"rpsigma":"0","acre":1070.6217214454,"lacre":1070.6217214454,"oldacre":"1102.8109369153"},"endType":"normal"}