{"seed":[22210,53920,18128,49034],"turns":23,"p1":"FireHail","p2":"SWL Nocturne","p1team":[{"name":"Swampert","species":"Swampert","item":"swampertite","ability":"Torrent","moves":["waterfall","icepunch","earthquake","hammerarm"],"nature":"Adamant","evs":{"hp":0,"atk":252,"def":0,"spa":0,"spd":4,"spe":252},"gender":"M","ivs":{"hp":31,"atk":31,"def":31,"spa":31,"spd":31,"spe":31}},{"name":"Gyarados","species":"Gyarados","item":"gyaradosite","ability":"Intimidate","moves":["crunch","waterfall","icefang","earthquake"],"nature":"Adamant","evs":{"hp":248,"atk":252,"def":0,"spa":0,"spd":8,"spe":0},"gender":"M","ivs":{"hp":31,"atk":31,"def":31,"spa":31,"spd":31,"spe":31}},{"name":"Blastoise","species":"Blastoise","item":"blastoisinite","ability":"Torrent","moves":["scald","dragonpulse","darkpulse","aurasphere"],"nature":"Modest","evs":{"hp":248,"atk":0,"def":0,"spa":252,"spd":8,"spe":0},"gender":"M","ivs":{"hp":31,"atk":31,"def":31,"spa":31,"spd":31,"spe":31}},{"name":"Jellicent","species":"Jellicent","item":"leftovers","ability":"Cursed Body","moves":["scald","shadowball","toxic","recover"],"nature":"Bold","evs":{"hp":252,"atk":0,"def":252,"spa":4,"spd":0,"spe":0},"gender":"M","ivs":{"hp":31,"atk":31,"def":31,"spa":31,"spd":31,"spe":31}},{"name":"Suicune","species":"Suicune","item":"quickclaw","ability":"Pressure","moves":["scald","icebeam","calmmind","airslash"],"nature":"Relaxed","evs":{"hp":248,"atk":0,"def":0,"spa":252,"spd":8,"spe":0},"shiny":true,"ivs":{"hp":31,"atk":31,"def":31,"spa":31,"spd":31,"spe":31}},{"name":"Milotic","species":"Milotic","item":"quickclaw","ability":"Marvel Scale","moves":["scald","safeguard","recover","lightscreen"],"nature":"Bold","evs":{"hp":248,"atk":0,"def":252,"spa":0,"spd":8,"spe":0},"gender":"M","ivs":{"hp":31,"atk":31,"def":31,"spa":31,"spd":31,"spe":31}}],"p2team":[{"name":"Celebi","species":"Celebi","item":"leftovers","ability":"Natural Cure","moves":["trickroom","healbell","gigadrain","healingwish"],"nature":"Sassy","evs":{"hp":220,"atk":0,"def":128,"spa":0,"spd":160,"spe":0},"ivs":{"hp":31,"atk":31,"def":31,"spa":31,"spd":31,"spe":0}},{"name":"Trevenant","species":"Trevenant","item":"choiceband","ability":"Natural Cure","moves":["hornleech","poisonjab","earthquake","rockslide"],"nature":"Adamant","evs":{"hp":248,"atk":252,"def":0,"spa":0,"spd":8,"spe":0},"ivs":{"hp":31,"atk":31,"def":31,"spa":31,"spd":31,"spe":31}},{"name":"Whimsicott","species":"Whimsicott","item":"focussash","ability":"Prankster","moves":["trickroom","encore","substitute","moonblast"],"nature":"Relaxed","evs":{"hp":248,"atk":0,"def":252,"spa":8,"spd":0,"spe":0},"ivs":{"hp":31,"atk":31,"def":31,"spa":31,"spd":31,"spe":0}},{"name":"Abomasnow","species":"Abomasnow","item":"abomasite","ability":"Snow Warning","moves":["blizzard","gigadrain","iceshard","hiddenpowerrock"],"nature":"Quiet","evs":{"hp":248,"atk":8,"def":0,"spa":252,"spd":0,"spe":0},"ivs":{"hp":31,"atk":31,"def":30,"spa":31,"spd":30,"spe":30}},{"name":"Breloom","species":"Breloom","item":"focussash","ability":"Technician","moves":["spore","bulletseed","machpunch","swordsdance"],"nature":"Adamant","evs":{"hp":252,"atk":252,"def":0,"spa":0,"spd":0,"spe":0},"ivs":{"hp":31,"atk":31,"def":31,"spa":31,"spd":31,"spe":31}},{"name":"Cradily","species":"Cradily","item":"leftovers","ability":"Suction Cups","moves":["toxic","recover","stockpile","rockslide"],"nature":"Relaxed","evs":{"hp":252,"atk":0,"def":196,"spa":0,"spd":60,"spe":0},"ivs":{"hp":31,"atk":31,"def":31,"spa":31,"spd":31,"spe":31}}],"log":["|player|p1|FireHail|290","|player|p2|SWL Nocturne|29","|gametype|singles","|gen|6","|tier|Monotype","|rated","|rule|Baton Pass Clause: Limit one Baton Passer, can't pass Spe and other stats simultaneously","|rule|Swagger Clause: Swagger is banned","|rule|Same Type Clause: Pokémon in a team must share a type","|clearpoke","|poke|p1|Swampert, M","|poke|p1|Gyarados, M","|poke|p1|Blastoise, M","|poke|p1|Jellicent, M","|poke|p1|Suicune, shiny","|poke|p1|Milotic, M","|poke|p2|Celebi","|poke|p2|Trevenant, F","|poke|p2|Whimsicott, M","|poke|p2|Abomasnow, M","|poke|p2|Breloom, F","|poke|p2|Cradily, F","|rule|Sleep Clause Mod: Limit one foe put to sleep","|rule|Species Clause: Limit one of each Pokémon","|rule|OHKO Clause: OHKO moves are banned","|rule|Moody Clause: Moody is banned","|rule|Evasion Moves Clause: Evasion moves are banned","|rule|Endless Battle Clause: Forcing endless battles is banned","|rule|HP Percentage Mod: HP is shown in percentages","|teampreview","|","|start","|switch|p1a: Suicune|Suicune, shiny|403/403","|switch|p2a: Whimsicott|Whimsicott, M|323/323","|-ability|p1a: Suicune|Pressure","|turn|1","|-activate|p1a: Suicune|item: Quick Claw","|","|move|p1a: Suicune|Ice Beam|p2a: Whimsicott","|-supereffective|p2a: Whimsicott","|-damage|p2a: Whimsicott|103/323","|move|p2a: Whimsicott|Trick Room|p2a: Whimsicott","|-fieldstart|move: Trick Room|[of] p2a: Whimsicott","|","|turn|2","|","|move|p2a: Whimsicott|Encore|p1a: Suicune","|-start|p1a: Suicune|Encore","|move|p1a: Suicune|Ice Beam|p2a: Whimsicott","|-supereffective|p2a: Whimsicott","|-damage|p2a: Whimsicott|0 fnt","|faint|p2a: Whimsicott","|","|","|switch|p2a: Trevenant|Trevenant, F|373/373","|turn|3","|","|move|p2a: Trevenant|Horn Leech|p1a: Suicune","|-supereffective|p1a: Suicune","|-damage|p1a: Suicune|77/403","|move|p1a: Suicune|Ice Beam|p2a: Trevenant","|-supereffective|p2a: Trevenant","|-damage|p2a: Trevenant|181/373","|","|turn|4","|","|move|p2a: Trevenant|Horn Leech|p1a: Suicune","|-supereffective|p1a: Suicune","|-damage|p1a: Suicune|0 fnt","|-heal|p2a: Trevenant|220/373|[from] drain|[of] p1a: Suicune","|faint|p1a: Suicune","|","|","|switch|p1a: Milotic|Milotic, M|393/393","|turn|5","|","|move|p2a: Trevenant|Horn Leech|p1a: Milotic","|-supereffective|p1a: Milotic","|-damage|p1a: Milotic|61/393","|-heal|p2a: Trevenant|373/373|[from] drain|[of] p1a: Milotic","|move|p1a: Milotic|Light Screen|p1a: Milotic","|-sidestart|p1: FireHail|move: Light Screen","|","|-fieldend|move: Trick Room","|turn|6","|","|move|p1a: Milotic|Scald|p2a: Trevenant","|-resisted|p2a: Trevenant","|-damage|p2a: Trevenant|316/373","|move|p2a: Trevenant|Horn Leech|p1a: Milotic","|-supereffective|p1a: Milotic","|-damage|p1a: Milotic|0 fnt","|-heal|p2a: Trevenant|347/373|[from] drain|[of] p1a: Milotic","|faint|p1a: Milotic","|","|","|switch|p1a: Gyarados|Gyarados, M|393/393","|-ability|p1a: Gyarados|Intimidate","|-unboost|p2a: Trevenant|atk|1","|turn|7","|","|switch|p2a: Cradily|Cradily, F|376/376","|move|p1a: Gyarados|Crunch|p2a: Cradily","|-damage|p2a: Cradily|294/376","|","|-heal|p2a: Cradily|317/376|[from] item: Leftovers","|turn|8","|","|move|p1a: Gyarados|Ice Fang|p2a: Cradily","|-supereffective|p2a: Cradily","|-damage|p2a: Cradily|199/376","|move|p2a: Cradily|Toxic|p1a: Gyarados","|-status|p1a: Gyarados|tox","|","|-heal|p2a: Cradily|222/376|[from] item: Leftovers","|-damage|p1a: Gyarados|369/393 tox|[from] psn","|turn|9","|","|move|p1a: Gyarados|Ice Fang|p2a: Cradily","|-supereffective|p2a: Cradily","|-damage|p2a: Cradily|86/376","|move|p2a: Cradily|Recover|p2a: Cradily","|-heal|p2a: Cradily|274/376","|","|-heal|p2a: Cradily|297/376|[from] item: Leftovers","|-damage|p1a: Gyarados|321/393 tox|[from] psn","|-sideend|p1: FireHail|move: Light Screen","|turn|10","|","|move|p1a: Gyarados|Ice Fang|p2a: Cradily","|-supereffective|p2a: Cradily","|-damage|p2a: Cradily|169/376","|move|p2a: Cradily|Stockpile|p2a: Cradily","|-start|p2a: Cradily|stockpile1","|-boost|p2a: Cradily|def|1","|-boost|p2a: Cradily|spd|1","|","|-heal|p2a: Cradily|192/376|[from] item: Leftovers","|-damage|p1a: Gyarados|249/393 tox|[from] psn","|turn|11","|","|move|p1a: Gyarados|Ice Fang|p2a: Cradily","|-supereffective|p2a: Cradily","|-damage|p2a: Cradily|106/376","|move|p2a: Cradily|Recover|p2a: Cradily","|-heal|p2a: Cradily|294/376","|","|-heal|p2a: Cradily|317/376|[from] item: Leftovers","|-damage|p1a: Gyarados|153/393 tox|[from] psn","|turn|12","|","|move|p1a: Gyarados|Ice Fang|p2a: Cradily","|-supereffective|p2a: Cradily","|-damage|p2a: Cradily|237/376","|cant|p2a: Cradily|flinch","|","|-heal|p2a: Cradily|260/376|[from] item: Leftovers","|-damage|p1a: Gyarados|33/393 tox|[from] psn","|turn|13","|","|move|p1a: Gyarados|Ice Fang|p2a: Cradily","|-supereffective|p2a: Cradily","|-damage|p2a: Cradily|178/376","|move|p2a: Cradily|Recover|p2a: Cradily","|-heal|p2a: Cradily|366/376","|","|-heal|p2a: Cradily|376/376|[from] item: Leftovers","|-damage|p1a: Gyarados|0 fnt|[from] psn","|faint|p1a: Gyarados","|","|switch|p1a: Swampert|Swampert, M|341/341","|turn|14","|","|move|p1a: Swampert|Hammer Arm|p2a: Cradily","|-crit|p2a: Cradily","|-supereffective|p2a: Cradily","|-damage|p2a: Cradily|82/376","|-unboost|p1a: Swampert|spe|1","|move|p2a: Cradily|Toxic|p1a: Swampert|[miss]","|-miss|p2a: Cradily|p1a: Swampert","|","|-heal|p2a: Cradily|105/376|[from] item: Leftovers","|turn|15","|","|move|p1a: Swampert|Waterfall|p2a: Cradily","|-damage|p2a: Cradily|26/376","|move|p2a: Cradily|Recover|p2a: Cradily","|-heal|p2a: Cradily|214/376","|","|-heal|p2a: Cradily|237/376|[from] item: Leftovers","|turn|16","|","|move|p1a: Swampert|Hammer Arm|p2a: Cradily","|-supereffective|p2a: Cradily","|-damage|p2a: Cradily|113/376","|-unboost|p1a: Swampert|spe|1","|move|p2a: Cradily|Recover|p2a: Cradily","|-heal|p2a: Cradily|301/376","|","|-heal|p2a: Cradily|324/376|[from] item: Leftovers","|turn|17","|","|move|p2a: Cradily|Toxic|p1a: Swampert","|-status|p1a: Swampert|tox","|move|p1a: Swampert|Hammer Arm|p2a: Cradily","|-supereffective|p2a: Cradily","|-damage|p2a: Cradily|198/376","|-unboost|p1a: Swampert|spe|1","|","|-heal|p2a: Cradily|221/376|[from] item: Leftovers","|-damage|p1a: Swampert|320/341 tox|[from] psn","|turn|18","|","|move|p2a: Cradily|Stockpile|p2a: Cradily","|-start|p2a: Cradily|stockpile2","|-boost|p2a: Cradily|def|1","|-boost|p2a: Cradily|spd|1","|move|p1a: Swampert|Ice Punch|p2a: Cradily","|-supereffective|p2a: Cradily","|-damage|p2a: Cradily|153/376","|","|-heal|p2a: Cradily|176/376|[from] item: Leftovers","|-damage|p1a: Swampert|278/341 tox|[from] psn","|turn|19","|","|move|p2a: Cradily|Recover|p2a: Cradily","|-heal|p2a: Cradily|364/376","|move|p1a: Swampert|Ice Punch|p2a: Cradily","|-supereffective|p2a: Cradily","|-damage|p2a: Cradily|290/376","|","|-heal|p2a: Cradily|313/376|[from] item: Leftovers","|-damage|p1a: Swampert|215/341 tox|[from] psn","|turn|20","|","|move|p2a: Cradily|Rock Slide|p1a: Swampert","|-resisted|p1a: Swampert","|-damage|p1a: Swampert|175/341 tox","|move|p1a: Swampert|Ice Punch|p2a: Cradily","|-supereffective|p2a: Cradily","|-damage|p2a: Cradily|241/376","|","|-heal|p2a: Cradily|264/376|[from] item: Leftovers","|-damage|p1a: Swampert|91/341 tox|[from] psn","|turn|21","|","|move|p2a: Cradily|Recover|p2a: Cradily","|-heal|p2a: Cradily|376/376","|move|p1a: Swampert|Ice Punch|p2a: Cradily","|-supereffective|p2a: Cradily","|-damage|p2a: Cradily|306/376","|","|-heal|p2a: Cradily|329/376|[from] item: Leftovers","|-damage|p1a: Swampert|0 fnt|[from] psn","|faint|p1a: Swampert","|","|switch|p1a: Blastoise|Blastoise, M|361/361","|turn|22","|","|detailschange|p1a: Blastoise|Blastoise-Mega, M","|-mega|p1a: Blastoise|Blastoise|Blastoisinite","|move|p1a: Blastoise|Dark Pulse|p2a: Cradily","|-damage|p2a: Cradily|255/376","|move|p2a: Cradily|Toxic|p1a: Blastoise","|-status|p1a: Blastoise|tox","|","|-heal|p2a: Cradily|278/376|[from] item: Leftovers","|-damage|p1a: Blastoise|339/361 tox|[from] psn","|turn|23","|","|win|SWL Nocturne"],"p1rating":{"entryid":"714978","serverid":"eos","formatid":"monotype","userid":"firehail","username":"FireHail","w":"1","l":2,"t":"0","gxe":45.9,"r":"1494.5906918016","rd":"116.16556463332","sigma":"0","rptime":"1441098000","rpr":1467.5790770408,"rprd":110.69220281417,"rpsigma":"0","acre":1013.4562470303,"lacre":1013.4562470303,"oldacre":"1024.2790117798"},"p2rating":{"entryid":"101951","serverid":"eos","formatid":"monotype","userid":"swlnocturne","username":"SWL Nocturne","w":16,"l":"10","t":"0","gxe":58.2,"r":"1572.1450248496","rd":"72.214260131448","sigma":"0","rptime":"1441098000","rpr":1563.6150079375,"rprd":65.228425612056,"rpsigma":"0","acre":1117.3013824459,"lacre":1117.3013824459,"oldacre":"1097.1255643401"},"endType":"forfeit"}