{"seed":[26125,25707,54783,60062],"turns":27,"p1":"Alliance - Elite","p2":"Rain Mistral","p1team":[{"name":"Hawlucha","species":"Hawlucha","item":"powerherb","ability":"Unburden","moves":["swordsdance","skyattack","acrobatics","highjumpkick"],"nature":"Jolly","evs":{"hp":0,"atk":252,"def":0,"spa":0,"spd":4,"spe":252},"gender":"M","ivs":{"hp":31,"atk":31,"def":31,"spa":31,"spd":31,"spe":31}},{"name":"Terrakion","species":"Terrakion","item":"choicescarf","ability":"Justified","moves":["stoneedge","xscissor","ironhead","closecombat"],"nature":"Jolly","evs":{"hp":0,"atk":252,"def":4,"spa":0,"spd":0,"spe":252},"ivs":{"hp":31,"atk":31,"def":31,"spa":31,"spd":31,"spe":31}},{"name":"Cobalion","species":"Cobalion","item":"leftovers","ability":"Justified","moves":["closecombat","voltswitch","ironhead","stealthrock"],"nature":"Jolly","evs":{"hp":144,"atk":112,"def":0,"spa":0,"spd":0,"spe":252},"ivs":{"hp":31,"atk":31,"def":31,"spa":31,"spd":31,"spe":31}},{"name":"Keldeo","species":"Keldeo","item":"leftovers","ability":"Justified","moves":["substitute","scald","secretsword","calmmind"],"nature":"Timid","evs":{"hp":0,"atk":0,"def":0,"spa":252,"spd":4,"spe":252},"ivs":{"hp":31,"atk":0,"def":31,"spa":31,"spd":31,"spe":31}},{"name":"Gallade","species":"Gallade","item":"galladite","ability":"Justified","moves":["swordsdance","drainpunch","icepunch","zenheadbutt"],"nature":"Jolly","evs":{"hp":4,"atk":252,"def":0,"spa":0,"spd":0,"spe":252},"ivs":{"hp":31,"atk":31,"def":31,"spa":31,"spd":31,"spe":31}},{"name":"Conkeldurr","species":"Conkeldurr","item":"assaultvest","ability":"Guts","moves":["drainpunch","poisonjab","icepunch","machpunch"],"nature":"Adamant","evs":{"hp":4,"atk":252,"def":0,"spa":0,"spd":252,"spe":0},"gender":"M","ivs":{"hp":31,"atk":31,"def":31,"spa":31,"spd":31,"spe":31}}],"p2team":[{"name":"Mega Ultra Chicken","species":"zapdos","item":"leftovers","ability":"Pressure","moves":["discharge","heatwave","roost","defog"],"nature":"Bold","evs":{"hp":248,"atk":0,"def":176,"spa":68,"spd":0,"spe":16},"shiny":true,"ivs":{"hp":31,"atk":31,"def":31,"spa":31,"spd":31,"spe":31}},{"name":"No Ice Please","species":"landorus","item":"lifeorb","ability":"Sheer Force","moves":["rockslide","earthpower","focusblast","sludgewave"],"nature":"Naive","evs":{"hp":0,"atk":4,"def":0,"spa":252,"spd":0,"spe":252},"shiny":true,"ivs":{"hp":31,"atk":31,"def":31,"spa":31,"spd":31,"spe":31}},{"name":"Free MAltaria","species":"dragonite","item":"weaknesspolicy","ability":"Multiscale","moves":["dragondance","outrage","earthquake","extremespeed"],"nature":"Adamant","evs":{"hp":0,"atk":252,"def":0,"spa":0,"spd":4,"spe":252},"gender":"F","ivs":{"hp":31,"atk":31,"def":31,"spa":31,"spd":31,"spe":31}},{"name":"Frostwing","species":"articuno","item":"leftovers","ability":"Pressure","moves":["freezedry","roost","roar","healbell"],"nature":"Calm","evs":{"hp":252,"atk":0,"def":0,"spa":4,"spd":252,"spe":0},"shiny":true,"ivs":{"hp":31,"atk":31,"def":31,"spa":31,"spd":31,"spe":31}},{"name":"Swords Dance","species":"skarmory","item":"rockyhelmet","ability":"Sturdy","moves":["counter","defog","stealthrock","roost"],"nature":"Bold","evs":{"hp":248,"atk":0,"def":236,"spa":0,"spd":0,"spe":24},"gender":"F","shiny":true,"ivs":{"hp":31,"atk":31,"def":31,"spa":31,"spd":31,"spe":31}},{"name":"Free Megazard X","species":"gyarados","item":"gyaradosite","ability":"Intimidate","moves":["dragondance","waterfall","crunch","earthquake"],"nature":"Adamant","evs":{"hp":0,"atk":252,"def":0,"spa":0,"spd":4,"spe":252},"gender":"F","shiny":true,"ivs":{"hp":31,"atk":31,"def":31,"spa":31,"spd":31,"spe":31}}],"log":["|player|p1|Alliance - Elite|92","|player|p2|Rain Mistral|52","|gametype|singles","|gen|6","|tier|Monotype","|rated","|rule|Baton Pass Clause: Limit one Baton Passer, can't pass Spe and other stats simultaneously","|rule|Swagger Clause: Swagger is banned","|rule|Same Type Clause: Pokémon in a team must share a type","|clearpoke","|poke|p1|Hawlucha, M","|poke|p1|Terrakion","|poke|p1|Cobalion","|poke|p1|Keldeo","|poke|p1|Gallade, M","|poke|p1|Conkeldurr, M","|poke|p2|Zapdos, shiny","|poke|p2|Landorus, M, shiny","|poke|p2|Dragonite, F","|poke|p2|Articuno, shiny","|poke|p2|Skarmory, F, shiny","|poke|p2|Gyarados, F, shiny","|rule|Sleep Clause Mod: Limit one foe put to sleep","|rule|Species Clause: Limit one of each Pokémon","|rule|OHKO Clause: OHKO moves are banned","|rule|Moody Clause: Moody is banned","|rule|Evasion Moves Clause: Evasion moves are banned","|rule|Endless Battle Clause: Forcing endless battles is banned","|rule|HP Percentage Mod: HP is shown in percentages","|teampreview","|","|start","|switch|p1a: Conkeldurr|Conkeldurr, M|352/352","|switch|p2a: Mega Ultra Chicken|Zapdos, shiny|383/383","|-ability|p2a: Mega Ultra Chicken|Pressure","|turn|1","|","|switch|p2a: Swords Dance|Skarmory, F, shiny|333/333","|move|p1a: Conkeldurr|Ice Punch|p2a: Swords Dance","|-damage|p2a: Swords Dance|273/333","|-damage|p1a: Conkeldurr|294/352|[from] item: Rocky Helmet|[of] p2a: Swords Dance","|","|turn|2","|","|switch|p1a: Cobalion|Cobalion|359/359","|move|p2a: Swords Dance|Stealth Rock|p1a: Cobalion","|-sidestart|p1: Alliance - Elite|move: Stealth Rock","|","|turn|3","|","|switch|p2a: Mega Ultra Chicken|Zapdos, shiny|383/383","|-ability|p2a: Mega Ultra Chicken|Pressure","|move|p1a: Cobalion|Stealth Rock|p2a: Mega Ultra Chicken","|-sidestart|p2: Rain Mistral|move: Stealth Rock","|","|turn|4","|","|move|p1a: Cobalion|Volt Switch|p2a: Mega Ultra Chicken","|-damage|p2a: Mega Ultra Chicken|334/383","|","|switch|p1a: Conkeldurr|Conkeldurr, M|294/352","|-damage|p1a: Conkeldurr|272/352|[from] Stealth Rock","|move|p2a: Mega Ultra Chicken|Heat Wave|p1a: Conkeldurr","|-damage|p1a: Conkeldurr|208/352","|","|-heal|p2a: Mega Ultra Chicken|357/383|[from] item: Leftovers","|turn|5","|","|move|p2a: Mega Ultra Chicken|Defog|p1a: Conkeldurr","|-unboost|p1a: Conkeldurr|evasion|1","|-sideend|p1: Alliance - Elite|Stealth Rock|[from] move: Defog|[of] p1a: Conkeldurr","|-sideend|p2: Rain Mistral|Stealth Rock|[from] move: Defog|[of] p2a: Mega Ultra Chicken","|move|p1a: Conkeldurr|Drain Punch|p2a: Mega Ultra Chicken","|-resisted|p2a: Mega Ultra Chicken","|-damage|p2a: Mega Ultra Chicken|285/383","|-heal|p1a: Conkeldurr|244/352|[from] drain|[of] p2a: Mega Ultra Chicken","|","|-heal|p2a: Mega Ultra Chicken|308/383|[from] item: Leftovers","|turn|6","|","|switch|p2a: Swords Dance|Skarmory, F, shiny|273/333","|switch|p1a: Keldeo|Keldeo|323/323","|","|turn|7","|","|switch|p2a: Frostwing|Articuno, shiny|384/384","|-ability|p2a: Frostwing|Pressure","|move|p1a: Keldeo|Substitute|p1a: Keldeo","|-start|p1a: Keldeo|Substitute","|-damage|p1a: Keldeo|243/323","|","|-heal|p1a: Keldeo|263/323|[from] item: Leftovers","|turn|8","|","|move|p1a: Keldeo|Secret Sword|p2a: Frostwing","|-damage|p2a: Frostwing|243/384","|move|p2a: Frostwing|Roar|p1a: Keldeo","|drag|p1a: Gallade|Gallade, M|278/278","|","|-heal|p2a: Frostwing|267/384|[from] item: Leftovers","|turn|9","|","|switch|p2a: Mega Ultra Chicken|Zapdos, shiny|308/383","|-ability|p2a: Mega Ultra Chicken|Pressure","|detailschange|p1a: Gallade|Gallade-Mega, M","|-mega|p1a: Gallade|Gallade|Galladite","|move|p1a: Gallade|Drain Punch|p2a: Mega Ultra Chicken","|-resisted|p2a: Mega Ultra Chicken","|-damage|p2a: Mega Ultra Chicken|245/383","|","|-heal|p2a: Mega Ultra Chicken|268/383|[from] item: Leftovers","|turn|10","|","|move|p1a: Gallade|Swords Dance|p1a: Gallade","|-boost|p1a: Gallade|atk|2","|move|p2a: Mega Ultra Chicken|Discharge|p1a: Gallade","|-damage|p1a: Gallade|167/278","|","|-heal|p2a: Mega Ultra Chicken|291/383|[from] item: Leftovers","|turn|11","|","|move|p1a: Gallade|Ice Punch|p2a: Mega Ultra Chicken","|-supereffective|p2a: Mega Ultra Chicken","|-damage|p2a: Mega Ultra Chicken|0 fnt","|faint|p2a: Mega Ultra Chicken","|","|","|switch|p2a: Free MAltaria|Dragonite, F|323/323","|turn|12","|","|move|p2a: Free MAltaria|Extreme Speed|p1a: Gallade","|-damage|p1a: Gallade|46/278","|move|p1a: Gallade|Ice Punch|p2a: Free MAltaria","|-supereffective|p2a: Free MAltaria","|-damage|p2a: Free MAltaria|0 fnt","|faint|p2a: Free MAltaria","|","|","|switch|p2a: Free Megazard X|Gyarados, F, shiny|331/331","|-ability|p2a: Free Megazard X|Intimidate","|-unboost|p1a: Gallade|atk|1","|turn|13","|","|move|p1a: Gallade|Zen Headbutt|p2a: Free Megazard X","|-damage|p2a: Free Megazard X|3/331","|move|p2a: Free Megazard X|Dragon Dance|p2a: Free Megazard X","|-boost|p2a: Free Megazard X|atk|1","|-boost|p2a: Free Megazard X|spe|1","|","|turn|14","|","|detailschange|p2a: Free Megazard X|Gyarados-Mega, F, shiny","|-mega|p2a: Free Megazard X|Gyarados|Gyaradosite","|-ability|p2a: Free Megazard X|Mold Breaker","|move|p2a: Free Megazard X|Waterfall|p1a: Gallade","|-damage|p1a: Gallade|0 fnt","|faint|p1a: Gallade","|","|","|switch|p1a: Cobalion|Cobalion|359/359","|turn|15","|","|move|p2a: Free Megazard X|Waterfall|p1a: Cobalion","|-damage|p1a: Cobalion|155/359","|move|p1a: Cobalion|Iron Head|p2a: Free Megazard X","|-resisted|p2a: Free Megazard X","|-damage|p2a: Free Megazard X|0 fnt","|faint|p2a: Free Megazard X","|","|-heal|p1a: Cobalion|177/359|[from] item: Leftovers","|","|switch|p2a: No Ice Please|Landorus, M, shiny|319/319","|turn|16","|","|switch|p1a: Keldeo|Keldeo|263/323","|move|p2a: No Ice Please|Earth Power|p1a: Keldeo","|-damage|p1a: Keldeo|2/323","|","|-heal|p1a: Keldeo|22/323|[from] item: Leftovers","|turn|17","|","|switch|p2a: Frostwing|Articuno, shiny|267/384","|-ability|p2a: Frostwing|Pressure","|move|p1a: Keldeo|Scald|p2a: Frostwing","|-damage|p2a: Frostwing|179/384","|-status|p2a: Frostwing|brn","|","|-heal|p1a: Keldeo|42/323|[from] item: Leftovers","|-heal|p2a: Frostwing|203/384 brn|[from] item: Leftovers","|-damage|p2a: Frostwing|155/384 brn|[from] brn","|turn|18","|","|move|p1a: Keldeo|Secret Sword|p2a: Frostwing","|-damage|p2a: Frostwing|13/384 brn","|move|p2a: Frostwing|Freeze-Dry|p1a: Keldeo","|-supereffective|p1a: Keldeo","|-damage|p1a: Keldeo|0 fnt","|faint|p1a: Keldeo","|","|-heal|p2a: Frostwing|37/384 brn|[from] item: Leftovers","|-damage|p2a: Frostwing|0 fnt|[from] brn","|faint|p2a: Frostwing","|","|switch|p2a: No Ice Please|Landorus, M, shiny|319/319","|switch|p1a: Conkeldurr|Conkeldurr, M|244/352","|turn|19","|","|switch|p1a: Cobalion|Cobalion|177/359","|move|p2a: No Ice Please|Earth Power|p1a: Cobalion","|-supereffective|p1a: Cobalion","|-damage|p1a: Cobalion|0 fnt","|faint|p1a: Cobalion","|","|","|switch|p1a: Conkeldurr|Conkeldurr, M|244/352","|turn|20","|","|move|p2a: No Ice Please|Earth Power|p1a: Conkeldurr","|-crit|p1a: Conkeldurr","|-damage|p1a: Conkeldurr|0 fnt","|faint|p1a: Conkeldurr","|","|","|switch|p1a: Hawlucha|Hawlucha, M|297/297","|turn|21","|","|move|p1a: Hawlucha|Sky Attack|p2a: No Ice Please|[still]","|-prepare|p1a: Hawlucha|Sky Attack|p2a: No Ice Please","|-enditem|p1a: Hawlucha|Power Herb","|-anim|p1a: Hawlucha|Sky Attack|p2a: No Ice Please","|-damage|p2a: No Ice Please|100/319","|move|p2a: No Ice Please|Sludge Wave|p1a: Hawlucha","|-damage|p1a: Hawlucha|21/297","|","|turn|22","|","|switch|p2a: Swords Dance|Skarmory, F, shiny|273/333","|move|p1a: Hawlucha|Acrobatics|p2a: Swords Dance","|-resisted|p2a: Swords Dance","|-damage|p2a: Swords Dance|228/333","|-damage|p1a: Hawlucha|0 fnt|[from] item: Rocky Helmet|[of] p2a: Swords Dance","|faint|p1a: Hawlucha","|","|","|switch|p1a: Terrakion|Terrakion|323/323","|turn|23","|","|move|p1a: Terrakion|Stone Edge|p2a: Swords Dance","|-damage|p2a: Swords Dance|123/333","|move|p2a: Swords Dance|Counter|p1a: Terrakion","|-damage|p1a: Terrakion|113/323","|","|turn|24","|","|move|p1a: Terrakion|Stone Edge|p2a: Swords Dance|[miss]","|-miss|p1a: Terrakion|p2a: Swords Dance","|move|p2a: Swords Dance|Counter|p1a: Terrakion","|-fail|p1a: Terrakion","|","|turn|25","|","|move|p1a: Terrakion|Stone Edge|p2a: Swords Dance|[miss]","|-miss|p1a: Terrakion|p2a: Swords Dance","|move|p2a: Swords Dance|Counter|p1a: Terrakion","|-fail|p1a: Terrakion","|","|turn|26","|","|move|p1a: Terrakion|Stone Edge|p2a: Swords Dance","|-damage|p2a: Swords Dance|30/333","|move|p2a: Swords Dance|Roost|p2a: Swords Dance","|-heal|p2a: Swords Dance|197/333","|","|turn|27","|","|move|p1a: Terrakion|Stone Edge|p2a: Swords Dance","|-damage|p2a: Swords Dance|89/333","|move|p2a: Swords Dance|Counter|p1a: Terrakion","|-damage|p1a: Terrakion|0 fnt","|faint|p1a: Terrakion","|","|win|Rain Mistral"],"p1rating":{"entryid":"364566","serverid":"eos","formatid":"monotype","userid":"allianceelite","username":"Alliance - Elite","w":"13","l":5,"t":"0","gxe":65.4,"r":"1607.026793173","rd":"85.315536704516","sigma":"0","rptime":"1441098000","rpr":1622.4171323662,"rprd":73.77428676498,"rpsigma":"0","acre":1209.925703181,"lacre":1209.925703181,"oldacre":"1229.6071428416"},"p2rating":{"entryid":"218522","serverid":"eos","formatid":"monotype","userid":"rainmistral","username":"Rain Mistral","w":21,"l":"5","t":"0","gxe":73.2,"r":"1644.5696109889","rd":"73.137314004034","sigma":"0","rptime":"1441098000","rpr":1692.6344500096,"rprd":66.578200774894,"rpsigma":"0","acre":1320.4129794175,"lacre":1320.4129794175,"oldacre":"1304.667827689"},"endType":"normal"}