{"seed":[51083,22276,19495,50186],"turns":28,"p1":"Imp Whatever","p2":"Adviser♕Boo","p1team":[{"name":"Swampert","species":"Swampert","item":"quickclaw","ability":"Torrent","moves":["earthquake","waterfall","icepunch","ancientpower"],"nature":"Brave","evs":{"hp":148,"atk":116,"def":132,"spa":0,"spd":112,"spe":0},"gender":"M","ivs":{"hp":31,"atk":31,"def":31,"spa":31,"spd":31,"spe":31}},{"name":"Ludicolo","species":"Ludicolo","item":"leftovers","ability":"Swift Swim","moves":["surf","gigadrain","focusblast","icebeam"],"nature":"Modest","evs":{"hp":76,"atk":0,"def":96,"spa":136,"spd":100,"spe":100},"gender":"M","ivs":{"hp":31,"atk":31,"def":31,"spa":31,"spd":31,"spe":31}},{"name":"Sharpedo","species":"Sharpedo","item":"sharpedonite","ability":"Speed Boost","moves":["protect","waterfall","crunch","icefang"],"nature":"Hasty","evs":{"hp":52,"atk":172,"def":84,"spa":0,"spd":84,"spe":116},"gender":"M","ivs":{"hp":31,"atk":31,"def":31,"spa":31,"spd":31,"spe":31}},{"name":"Tentacruel","species":"Tentacruel","item":"airballoon","ability":"Rain Dish","moves":["icebeam","confuseray","sludgewave","attract"],"nature":"Modest","evs":{"hp":120,"atk":0,"def":72,"spa":100,"spd":148,"spe":68},"gender":"F","ivs":{"hp":31,"atk":31,"def":31,"spa":31,"spd":31,"spe":31}},{"name":"Politoed","species":"Politoed","item":"leftovers","ability":"Drizzle","moves":["toxic","attract","protect","scald"],"nature":"Calm","evs":{"hp":108,"atk":0,"def":124,"spa":124,"spd":152,"spe":0},"ivs":{"hp":31,"atk":31,"def":31,"spa":31,"spd":31,"spe":31}},{"name":"Mantine","species":"Mantine","item":"leftovers","ability":"Swift Swim","moves":["mudsport","icebeam","airslash","scald"],"nature":"","evs":{"hp":116,"atk":0,"def":72,"spa":128,"spd":92,"spe":100},"ivs":{"hp":31,"atk":31,"def":31,"spa":31,"spd":31,"spe":31}}],"p2team":[{"name":"Magnemite","species":"Magnemite","item":"berryjuice","ability":"Sturdy","moves":["toxic","recycle","protect","doubleedge"],"nature":"Impish","evs":{"hp":248,"atk":8,"def":252,"spa":0,"spd":0,"spe":0},"level":1,"ivs":{"hp":31,"atk":31,"def":31,"spa":31,"spd":31,"spe":31}},{"name":"Dedenne","species":"Dedenne","item":"sitrusberry","ability":"Cheek Pouch","moves":["substitute","recycle","toxic","superfang"],"nature":"","evs":{"hp":0,"atk":0,"def":0,"spa":0,"spd":0,"spe":0},"ivs":{"hp":31,"atk":31,"def":31,"spa":31,"spd":31,"spe":31}},{"name":"Magnezone","species":"Magnezone","item":"choicescarf","ability":"Sturdy","moves":["thunderbolt","voltswitch","hiddenpowerice","flashcannon"],"nature":"Timid","evs":{"hp":0,"atk":0,"def":0,"spa":252,"spd":4,"spe":252},"ivs":{"hp":31,"atk":30,"def":30,"spa":31,"spd":31,"spe":31}},{"name":"Pachirisu","species":"Pachirisu","item":"leftovers","ability":"Volt Absorb","moves":["nuzzle","lightscreen","toxic","superfang"],"nature":"Careful","evs":{"hp":248,"atk":8,"def":0,"spa":0,"spd":252,"spe":0},"ivs":{"hp":31,"atk":31,"def":31,"spa":31,"spd":31,"spe":31}},{"name":"Zapdos","species":"Zapdos","item":"leftovers","ability":"Pressure","moves":["roost","toxic","heatwave","defog"],"nature":"Timid","evs":{"hp":252,"atk":0,"def":8,"spa":0,"spd":0,"spe":248},"ivs":{"hp":31,"atk":31,"def":31,"spa":31,"spd":31,"spe":31}},{"name":"Minun","species":"Minun","item":"focussash","ability":"Minus","moves":["seismictoss","toxic","protect","switcheroo"],"nature":"Jolly","evs":{"hp":248,"atk":8,"def":0,"spa":0,"spd":0,"spe":252},"ivs":{"hp":31,"atk":31,"def":31,"spa":31,"spd":31,"spe":31}}],"log":["|player|p1|Imp Whatever|291","|player|p2|Adviser♕Boo|adviserboo.gif","|gametype|singles","|gen|6","|tier|Monotype","|rated","|rule|Baton Pass Clause: Limit one Baton Passer, can't pass Spe and other stats simultaneously","|rule|Swagger Clause: Swagger is banned","|rule|Same Type Clause: Pokémon in a team must share a type","|clearpoke","|poke|p1|Swampert, M","|poke|p1|Ludicolo, M","|poke|p1|Sharpedo, M","|poke|p1|Tentacruel, F","|poke|p1|Politoed, M","|poke|p1|Mantine, F","|poke|p2|Magnemite, L1","|poke|p2|Dedenne, F","|poke|p2|Magnezone","|poke|p2|Pachirisu, M","|poke|p2|Zapdos","|poke|p2|Minun, F","|rule|Sleep Clause Mod: Limit one foe put to sleep","|rule|Species Clause: Limit one of each Pokémon","|rule|OHKO Clause: OHKO moves are banned","|rule|Moody Clause: Moody is banned","|rule|Evasion Moves Clause: Evasion moves are banned","|rule|Endless Battle Clause: Forcing endless battles is banned","|rule|HP Percentage Mod: HP is shown in percentages","|teampreview","|","|start","|switch|p1a: Politoed|Politoed, M|348/348","|switch|p2a: Minun|Minun, F|323/323","|-weather|RainDance","|turn|1","|","|move|p2a: Minun|Toxic|p1a: Politoed","|-status|p1a: Politoed|tox","|move|p1a: Politoed|Toxic|p2a: Minun","|-status|p2a: Minun|tox","|","|-weather|RainDance|[upkeep]","|-damage|p2a: Minun|303/323 tox|[from] psn","|-damage|p1a: Politoed|327/348 tox|[from] psn","|turn|2","|","|move|p2a: Minun|Switcheroo|p1a: Politoed","|-activate|p2a: Minun|move: Trick|[of] p1a: Politoed","|-item|p1a: Politoed|Focus Sash|[from] Trick","|-item|p2a: Minun|Leftovers|[from] Trick","|move|p1a: Politoed|Attract|p2a: Minun","|-start|p2a: Minun|Attract","|","|-weather|RainDance|[upkeep]","|-heal|p2a: Minun|323/323 tox|[from] item: Leftovers","|-damage|p2a: Minun|283/323 tox|[from] psn","|-damage|p1a: Politoed|285/348 tox|[from] psn","|turn|3","|","|-activate|p2a: Minun|Attract|[of] p1a: Politoed","|cant|p2a: Minun|Attract","|move|p1a: Politoed|Scald|p2a: Minun","|-crit|p2a: Minun","|-damage|p2a: Minun|51/323 tox","|","|-weather|RainDance|[upkeep]","|-heal|p2a: Minun|71/323 tox|[from] item: Leftovers","|-damage|p2a: Minun|11/323 tox|[from] psn","|-damage|p1a: Politoed|222/348 tox|[from] psn","|turn|4","|","|switch|p1a: Ludicolo|Ludicolo, M|320/320","|-end|p2a: Minun|Attract|[silent]","|move|p2a: Minun|Seismic Toss|p1a: Ludicolo","|-damage|p1a: Ludicolo|220/320","|","|-weather|RainDance|[upkeep]","|-heal|p1a: Ludicolo|240/320|[from] item: Leftovers","|-heal|p2a: Minun|31/323 tox|[from] item: Leftovers","|-damage|p2a: Minun|0 fnt|[from] psn","|faint|p2a: Minun","|","|switch|p2a: Pachirisu|Pachirisu, M|323/323","|turn|5","|","|move|p1a: Ludicolo|Surf|p2a: Pachirisu","|-damage|p2a: Pachirisu|173/323","|move|p2a: Pachirisu|Toxic|p1a: Ludicolo","|-status|p1a: Ludicolo|tox","|","|-weather|none","|-heal|p1a: Ludicolo|260/320 tox|[from] item: Leftovers","|-heal|p2a: Pachirisu|193/323|[from] item: Leftovers","|-damage|p1a: Ludicolo|240/320 tox|[from] psn","|turn|6","|","|move|p2a: Pachirisu|Light Screen|p2a: Pachirisu","|-sidestart|p2: Adviser♕Boo|move: Light Screen","|move|p1a: Ludicolo|Surf|p2a: Pachirisu","|-damage|p2a: Pachirisu|144/323","|","|-heal|p2a: Pachirisu|164/323|[from] item: Leftovers","|-heal|p1a: Ludicolo|260/320 tox|[from] item: Leftovers","|-damage|p1a: Ludicolo|220/320 tox|[from] psn","|turn|7","|","|move|p2a: Pachirisu|Super Fang|p1a: Ludicolo","|-damage|p1a: Ludicolo|110/320 tox","|move|p1a: Ludicolo|Giga Drain|p2a: Pachirisu","|-crit|p2a: Pachirisu","|-damage|p2a: Pachirisu|41/323","|-heal|p1a: Ludicolo|172/320 tox|[from] drain|[of] p2a: Pachirisu","|","|-heal|p2a: Pachirisu|61/323|[from] item: Leftovers","|-heal|p1a: Ludicolo|192/320 tox|[from] item: Leftovers","|-damage|p1a: Ludicolo|132/320 tox|[from] psn","|turn|8","|","|move|p2a: Pachirisu|Super Fang|p1a: Ludicolo","|-damage|p1a: Ludicolo|66/320 tox","|move|p1a: Ludicolo|Giga Drain|p2a: Pachirisu","|-damage|p2a: Pachirisu|25/323","|-heal|p1a: Ludicolo|84/320 tox|[from] drain|[of] p2a: Pachirisu","|","|-heal|p2a: Pachirisu|45/323|[from] item: Leftovers","|-heal|p1a: Ludicolo|104/320 tox|[from] item: Leftovers","|-damage|p1a: Ludicolo|24/320 tox|[from] psn","|turn|9","|","|switch|p1a: Politoed|Politoed, M|222/348 tox","|-weather|RainDance","|move|p2a: Pachirisu|Super Fang|p1a: Politoed","|-damage|p1a: Politoed|111/348 tox","|","|-weather|RainDance|[upkeep]","|-heal|p2a: Pachirisu|65/323|[from] item: Leftovers","|-damage|p1a: Politoed|90/348 tox|[from] psn","|turn|10","|","|move|p2a: Pachirisu|Super Fang|p1a: Politoed","|-damage|p1a: Politoed|45/348 tox","|move|p1a: Politoed|Scald|p2a: Pachirisu","|-damage|p2a: Pachirisu|9/323","|","|-weather|RainDance|[upkeep]","|-heal|p2a: Pachirisu|29/323|[from] item: Leftovers","|-damage|p1a: Politoed|3/348 tox|[from] psn","|-sideend|p2: Adviser♕Boo|move: Light Screen","|turn|11","|","|move|p2a: Pachirisu|Light Screen|p2a: Pachirisu","|-sidestart|p2: Adviser♕Boo|move: Light Screen","|move|p1a: Politoed|Scald|p2a: Pachirisu","|-damage|p2a: Pachirisu|0 fnt","|faint|p2a: Pachirisu","|","|-weather|RainDance|[upkeep]","|-damage|p1a: Politoed|0 fnt|[from] psn","|faint|p1a: Politoed","|","|switch|p2a: Zapdos|Zapdos|384/384","|switch|p1a: Ludicolo|Ludicolo, M|24/320 tox","|-ability|p2a: Zapdos|Pressure","|turn|12","|","|move|p1a: Ludicolo|Ice Beam|p2a: Zapdos","|-supereffective|p2a: Zapdos","|-damage|p2a: Zapdos|286/384","|-status|p2a: Zapdos|frz","|cant|p2a: Zapdos|frz","|","|-weather|RainDance|[upkeep]","|-heal|p1a: Ludicolo|44/320 tox|[from] item: Leftovers","|-heal|p2a: Zapdos|310/384 frz|[from] item: Leftovers","|-damage|p1a: Ludicolo|24/320 tox|[from] psn","|turn|13","|","|move|p1a: Ludicolo|Ice Beam|p2a: Zapdos","|-supereffective|p2a: Zapdos","|-damage|p2a: Zapdos|212/384 frz","|cant|p2a: Zapdos|frz","|","|-weather|none","|-heal|p1a: Ludicolo|44/320 tox|[from] item: Leftovers","|-heal|p2a: Zapdos|236/384 frz|[from] item: Leftovers","|-damage|p1a: Ludicolo|4/320 tox|[from] psn","|turn|14","|","|cant|p2a: Zapdos|frz","|move|p1a: Ludicolo|Ice Beam|p2a: Zapdos","|-crit|p2a: Zapdos","|-supereffective|p2a: Zapdos","|-damage|p2a: Zapdos|0 fnt","|faint|p2a: Zapdos","|","|-heal|p1a: Ludicolo|24/320 tox|[from] item: Leftovers","|-damage|p1a: Ludicolo|0 fnt|[from] psn","|faint|p1a: Ludicolo","|","|switch|p2a: Dedenne|Dedenne, F|275/275","|switch|p1a: Mantine|Mantine, F|300/300","|turn|15","|","|move|p2a: Dedenne|Toxic|p1a: Mantine","|-status|p1a: Mantine|tox","|move|p1a: Mantine|Mud Sport|p1a: Mantine","|-fieldstart|move: Mud Sport|[of] p1a: Mantine","|","|-damage|p1a: Mantine|282/300 tox|[from] psn","|-sideend|p2: Adviser♕Boo|move: Light Screen","|turn|16","|","|move|p2a: Dedenne|Super Fang|p1a: Mantine","|-damage|p1a: Mantine|141/300 tox","|move|p1a: Mantine|Scald|p2a: Dedenne","|-damage|p2a: Dedenne|143/275","|","|-heal|p1a: Mantine|159/300 tox|[from] item: Leftovers","|-damage|p1a: Mantine|123/300 tox|[from] psn","|turn|17","|","|move|p2a: Dedenne|Substitute|p2a: Dedenne","|-start|p2a: Dedenne|Substitute","|-damage|p2a: Dedenne|75/275","|-heal|p2a: Dedenne|166/275|[from] ability: Cheek Pouch","|-enditem|p2a: Dedenne|Sitrus Berry|[eat]","|-heal|p2a: Dedenne|234/275|[from] item: Sitrus Berry","|move|p1a: Mantine|Air Slash|p2a: Dedenne","|-resisted|p2a: Dedenne","|-activate|p2a: Dedenne|Substitute|[damage]","|","|-heal|p1a: Mantine|141/300 tox|[from] item: Leftovers","|-damage|p1a: Mantine|87/300 tox|[from] psn","|turn|18","|","|move|p2a: Dedenne|Recycle|p2a: Dedenne","|-item|p2a: Dedenne|Sitrus Berry|[from] move: Recycle","|move|p1a: Mantine|Scald|p2a: Dedenne","|-end|p2a: Dedenne|Substitute","|","|-heal|p1a: Mantine|105/300 tox|[from] item: Leftovers","|-damage|p1a: Mantine|33/300 tox|[from] psn","|turn|19","|","|move|p2a: Dedenne|Substitute|p2a: Dedenne","|-start|p2a: Dedenne|Substitute","|-damage|p2a: Dedenne|166/275","|move|p1a: Mantine|Scald|p2a: Dedenne","|-end|p2a: Dedenne|Substitute","|","|-heal|p1a: Mantine|51/300 tox|[from] item: Leftovers","|-damage|p1a: Mantine|0 fnt|[from] psn","|-fieldend|move: Mud Sport","|faint|p1a: Mantine","|","|switch|p1a: Swampert|Swampert, M|378/378","|turn|20","|-activate|p1a: Swampert|item: Quick Claw","|","|move|p1a: Swampert|Earthquake|p2a: Dedenne","|-supereffective|p2a: Dedenne","|-damage|p2a: Dedenne|0 fnt","|faint|p2a: Dedenne","|","|","|switch|p2a: Magnemite|Magnemite, L1|12/12","|turn|21","|-activate|p1a: Swampert|item: Quick Claw","|","|move|p1a: Swampert|Waterfall|p2a: Magnemite","|-ability|p2a: Magnemite|Sturdy","|-damage|p2a: Magnemite|1/12","|-enditem|p2a: Magnemite|Berry Juice","|-heal|p2a: Magnemite|12/12|[from] item: Berry Juice","|move|p2a: Magnemite|Toxic|p1a: Swampert","|-status|p1a: Swampert|tox","|","|-damage|p1a: Swampert|355/378 tox|[from] psn","|turn|22","|","|move|p1a: Swampert|Waterfall|p2a: Magnemite","|-ability|p2a: Magnemite|Sturdy","|-damage|p2a: Magnemite|1/12","|move|p2a: Magnemite|Recycle|p2a: Magnemite","|-item|p2a: Magnemite|Berry Juice|[from] move: Recycle","|-enditem|p2a: Magnemite|Berry Juice","|-heal|p2a: Magnemite|12/12|[from] item: Berry Juice","|","|-damage|p1a: Swampert|309/378 tox|[from] psn","|turn|23","|","|move|p1a: Swampert|Waterfall|p2a: Magnemite","|-crit|p2a: Magnemite","|-ability|p2a: Magnemite|Sturdy","|-damage|p2a: Magnemite|1/12","|cant|p2a: Magnemite|flinch","|","|-damage|p1a: Swampert|240/378 tox|[from] psn","|turn|24","|","|move|p2a: Magnemite|Protect|p2a: Magnemite","|-singleturn|p2a: Magnemite|Protect","|move|p1a: Swampert|Waterfall|p2a: Magnemite","|-activate|p2a: Magnemite|Protect","|","|-damage|p1a: Swampert|148/378 tox|[from] psn","|turn|25","|-activate|p1a: Swampert|item: Quick Claw","|","|move|p2a: Magnemite|Protect|p2a: Magnemite","|-fail|p2a: Magnemite","|move|p1a: Swampert|Waterfall|p2a: Magnemite","|-damage|p2a: Magnemite|0 fnt","|faint|p2a: Magnemite","|","|-damage|p1a: Swampert|33/378 tox|[from] psn","|","|switch|p2a: Magnezone|Magnezone|281/281","|turn|26","|","|move|p2a: Magnezone|Thunderbolt|p1a: Swampert","|-immune|p1a: Swampert|[msg]","|move|p1a: Swampert|Earthquake|p2a: Magnezone","|-supereffective|p2a: Magnezone","|-ability|p2a: Magnezone|Sturdy","|-damage|p2a: Magnezone|1/281","|","|-damage|p1a: Swampert|0 fnt|[from] psn","|faint|p1a: Swampert","|","|switch|p1a: Sharpedo|Sharpedo, M|294/294","|turn|27","|","|move|p2a: Magnezone|Thunderbolt|p1a: Sharpedo","|-supereffective|p1a: Sharpedo","|-damage|p1a: Sharpedo|0 fnt","|faint|p1a: Sharpedo","|","|","|switch|p1a: Tentacruel|Tentacruel, F|331/331","|-item|p1a: Tentacruel|Air Balloon","|turn|28","|","|move|p2a: Magnezone|Thunderbolt|p1a: Tentacruel","|-supereffective|p1a: Tentacruel","|-damage|p1a: Tentacruel|85/331","|-enditem|p1a: Tentacruel|Air Balloon","|-status|p1a: Tentacruel|par","|move|p1a: Tentacruel|Ice Beam|p2a: Magnezone","|-resisted|p2a: Magnezone","|-damage|p2a: Magnezone|0 fnt","|faint|p2a: Magnezone","|","|win|Imp Whatever"],"p1rating":{"entryid":"693707","serverid":"eos","formatid":"monotype","userid":"impwhatever","username":"Imp Whatever","w":8,"l":"12","t":"0","gxe":39.7,"r":"1390.7554856314","rd":"71.911201232994","sigma":"0","rptime":"1441098000","rpr":1419.4634612353,"rprd":69.26629532748,"rpsigma":"0","acre":1086.9386997865,"lacre":1086.9386997865,"oldacre":"1059.0903472239"},"p2rating":{"entryid":"283327","serverid":"eos","formatid":"monotype","userid":"adviserboo","username":"Adviser♕Boo","w":"1","l":4,"t":"0","gxe":40.5,"r":"1460.0950461259","rd":"107.75201648222","sigma":"0","rptime":"1441098000","rpr":1424.3977325865,"rprd":103.3003260648,"rpsigma":"0","acre":1010.3321254693,"lacre":1010.3321254693,"oldacre":"1022.2628758557"},"endType":"normal"}