{"seed":[22496,28518,38950,20341],"turns":35,"p1":"Emg UnownMaN","p2":"Rain Mistral","p1team":[{"name":"Diggersby","species":"Diggersby","item":"focussash","ability":"Huge Power","moves":["return","earthquake","knockoff","firepunch"],"nature":"Adamant","evs":{"hp":0,"atk":252,"def":4,"spa":0,"spd":0,"spe":252},"gender":"M","ivs":{"hp":31,"atk":31,"def":31,"spa":31,"spd":31,"spe":31}},{"name":"Lopunny","species":"Lopunny","item":"lopunnite","ability":"Limber","moves":["fakeout","return","highjumpkick","icepunch"],"nature":"Jolly","evs":{"hp":0,"atk":252,"def":4,"spa":0,"spd":0,"spe":252},"gender":"F","ivs":{"hp":31,"atk":31,"def":31,"spa":31,"spd":31,"spe":31}},{"name":"Smeargle","species":"Smeargle","item":"focussash","ability":"Own Tempo","moves":["spore","stealthrock","stickyweb","endeavor"],"nature":"Jolly","evs":{"hp":0,"atk":252,"def":0,"spa":4,"spd":0,"spe":252},"gender":"M","ivs":{"hp":31,"atk":31,"def":31,"spa":31,"spd":31,"spe":31}},{"name":"Staraptor","species":"Staraptor","item":"choiceband","ability":"Reckless","moves":["bravebird","doubleedge","closecombat","quickattack"],"nature":"Jolly","evs":{"hp":0,"atk":252,"def":4,"spa":0,"spd":0,"spe":252},"gender":"M","shiny":true,"ivs":{"hp":31,"atk":31,"def":31,"spa":31,"spd":31,"spe":31}},{"name":"Chansey","species":"Chansey","item":"eviolite","ability":"Natural Cure","moves":["thunderwave","softboiled","seismictoss","aromatherapy"],"nature":"Bold","evs":{"hp":4,"atk":0,"def":252,"spa":0,"spd":252,"spe":0},"ivs":{"hp":31,"atk":31,"def":31,"spa":31,"spd":31,"spe":31}},{"name":"Heliolisk","species":"Heliolisk","item":"lifeorb","ability":"Dry Skin","moves":["thunderbolt","hypervoice","surf","voltswitch"],"nature":"Timid","evs":{"hp":0,"atk":0,"def":0,"spa":252,"spd":4,"spe":252},"gender":"M","shiny":true,"ivs":{"hp":31,"atk":31,"def":31,"spa":31,"spd":31,"spe":31}}],"p2team":[{"name":"Mega Ultra Chicken","species":"zapdos","item":"leftovers","ability":"Pressure","moves":["discharge","heatwave","roost","defog"],"nature":"Bold","evs":{"hp":248,"atk":0,"def":176,"spa":68,"spd":0,"spe":16},"shiny":true,"ivs":{"hp":31,"atk":31,"def":31,"spa":31,"spd":31,"spe":31}},{"name":"No Ice Please","species":"landorus","item":"lifeorb","ability":"Sheer Force","moves":["rockslide","earthpower","focusblast","sludgewave"],"nature":"Naive","evs":{"hp":0,"atk":4,"def":0,"spa":252,"spd":0,"spe":252},"shiny":true,"ivs":{"hp":31,"atk":31,"def":31,"spa":31,"spd":31,"spe":31}},{"name":"Free MAltaria","species":"dragonite","item":"weaknesspolicy","ability":"Multiscale","moves":["dragondance","outrage","earthquake","extremespeed"],"nature":"Adamant","evs":{"hp":0,"atk":252,"def":0,"spa":0,"spd":4,"spe":252},"gender":"F","ivs":{"hp":31,"atk":31,"def":31,"spa":31,"spd":31,"spe":31}},{"name":"Frostwing","species":"articuno","item":"leftovers","ability":"Pressure","moves":["freezedry","roost","roar","healbell"],"nature":"Calm","evs":{"hp":252,"atk":0,"def":0,"spa":4,"spd":252,"spe":0},"shiny":true,"ivs":{"hp":31,"atk":31,"def":31,"spa":31,"spd":31,"spe":31}},{"name":"Swords Dance","species":"skarmory","item":"rockyhelmet","ability":"Sturdy","moves":["counter","defog","stealthrock","roost"],"nature":"Bold","evs":{"hp":248,"atk":0,"def":236,"spa":0,"spd":0,"spe":24},"gender":"F","shiny":true,"ivs":{"hp":31,"atk":31,"def":31,"spa":31,"spd":31,"spe":31}},{"name":"Free Megazard X","species":"gyarados","item":"gyaradosite","ability":"Intimidate","moves":["dragondance","waterfall","crunch","earthquake"],"nature":"Adamant","evs":{"hp":0,"atk":252,"def":0,"spa":0,"spd":4,"spe":252},"gender":"F","shiny":true,"ivs":{"hp":31,"atk":31,"def":31,"spa":31,"spd":31,"spe":31}}],"log":["|player|p1|Emg UnownMaN|168","|player|p2|Rain Mistral|52","|gametype|singles","|gen|6","|tier|Monotype","|rated","|rule|Baton Pass Clause: Limit one Baton Passer, can't pass Spe and other stats simultaneously","|rule|Swagger Clause: Swagger is banned","|rule|Same Type Clause: Pokémon in a team must share a type","|clearpoke","|poke|p1|Diggersby, M","|poke|p1|Lopunny, F","|poke|p1|Smeargle, M","|poke|p1|Staraptor, M, shiny","|poke|p1|Chansey, F","|poke|p1|Heliolisk, M, shiny","|poke|p2|Zapdos, shiny","|poke|p2|Landorus, M, shiny","|poke|p2|Dragonite, F","|poke|p2|Articuno, shiny","|poke|p2|Skarmory, F, shiny","|poke|p2|Gyarados, F, shiny","|rule|Sleep Clause Mod: Limit one foe put to sleep","|rule|Species Clause: Limit one of each Pokémon","|rule|OHKO Clause: OHKO moves are banned","|rule|Moody Clause: Moody is banned","|rule|Evasion Moves Clause: Evasion moves are banned","|rule|Endless Battle Clause: Forcing endless battles is banned","|rule|HP Percentage Mod: HP is shown in percentages","|teampreview","|","|start","|switch|p1a: Heliolisk|Heliolisk, M, shiny|265/265","|switch|p2a: Mega Ultra Chicken|Zapdos, shiny|383/383","|-ability|p2a: Mega Ultra Chicken|Pressure","|turn|1","|","|move|p1a: Heliolisk|Volt Switch|p2a: Mega Ultra Chicken","|-damage|p2a: Mega Ultra Chicken|218/383","|-damage|p1a: Heliolisk|239/265|[from] item: Life Orb","|","|switch|p1a: Lopunny|Lopunny, F|271/271","|move|p2a: Mega Ultra Chicken|Heat Wave|p1a: Lopunny","|-damage|p1a: Lopunny|167/271","|","|-heal|p2a: Mega Ultra Chicken|241/383|[from] item: Leftovers","|turn|2","|","|switch|p2a: Swords Dance|Skarmory, F, shiny|333/333","|detailschange|p1a: Lopunny|Lopunny-Mega, F","|-mega|p1a: Lopunny|Lopunny|Lopunnite","|move|p1a: Lopunny|Fake Out|p2a: Swords Dance","|-resisted|p2a: Swords Dance","|-damage|p2a: Swords Dance|310/333","|-damage|p1a: Lopunny|122/271|[from] item: Rocky Helmet|[of] p2a: Swords Dance","|","|turn|3","|","|switch|p1a: Smeargle|Smeargle, M|251/251","|switch|p2a: Mega Ultra Chicken|Zapdos, shiny|241/383","|-ability|p2a: Mega Ultra Chicken|Pressure","|","|-heal|p2a: Mega Ultra Chicken|264/383|[from] item: Leftovers","|turn|4","|","|move|p1a: Smeargle|Spore|p2a: Mega Ultra Chicken","|-status|p2a: Mega Ultra Chicken|slp","|cant|p2a: Mega Ultra Chicken|slp","|","|-heal|p2a: Mega Ultra Chicken|287/383 slp|[from] item: Leftovers","|turn|5","|","|switch|p1a: Staraptor|Staraptor, M, shiny|311/311","|switch|p2a: Free MAltaria|Dragonite, F|323/323","|","|turn|6","|","|switch|p2a: Swords Dance|Skarmory, F, shiny|310/333","|move|p1a: Staraptor|Double-Edge|p2a: Swords Dance","|-resisted|p2a: Swords Dance","|-damage|p2a: Swords Dance|200/333","|-damage|p1a: Staraptor|260/311|[from] item: Rocky Helmet|[of] p2a: Swords Dance","|-damage|p1a: Staraptor|224/311|[from] recoil|[of] p2a: Swords Dance","|","|turn|7","|","|move|p1a: Staraptor|Double-Edge|p2a: Swords Dance","|-resisted|p2a: Swords Dance","|-damage|p2a: Swords Dance|95/333","|-damage|p1a: Staraptor|173/311|[from] item: Rocky Helmet|[of] p2a: Swords Dance","|-damage|p1a: Staraptor|138/311|[from] recoil|[of] p2a: Swords Dance","|move|p2a: Swords Dance|Roost|p2a: Swords Dance","|-heal|p2a: Swords Dance|262/333","|","|turn|8","|","|switch|p1a: Diggersby|Diggersby, M|311/311","|move|p2a: Swords Dance|Roost|p2a: Swords Dance","|-heal|p2a: Swords Dance|333/333","|","|turn|9","|","|move|p1a: Diggersby|Knock Off|p2a: Swords Dance","|-damage|p2a: Swords Dance|252/333","|-damage|p1a: Diggersby|260/311|[from] item: Rocky Helmet|[of] p2a: Swords Dance","|-enditem|p2a: Swords Dance|Rocky Helmet|[from] move: Knock Off|[of] p1a: Diggersby","|move|p2a: Swords Dance|Stealth Rock|p1a: Diggersby","|-sidestart|p1: Emg UnownMaN|move: Stealth Rock","|","|turn|10","|","|move|p1a: Diggersby|Fire Punch|p2a: Swords Dance","|-supereffective|p2a: Swords Dance","|-damage|p2a: Swords Dance|114/333","|move|p2a: Swords Dance|Roost|p2a: Swords Dance","|-heal|p2a: Swords Dance|281/333","|","|turn|11","|","|move|p1a: Diggersby|Knock Off|p2a: Swords Dance","|-damage|p2a: Swords Dance|224/333","|move|p2a: Swords Dance|Counter|p1a: Diggersby","|-damage|p1a: Diggersby|146/311","|","|turn|12","|","|switch|p1a: Heliolisk|Heliolisk, M, shiny|239/265","|-damage|p1a: Heliolisk|206/265|[from] Stealth Rock","|move|p2a: Swords Dance|Roost|p2a: Swords Dance","|-heal|p2a: Swords Dance|333/333","|","|turn|13","|","|switch|p2a: Free MAltaria|Dragonite, F|323/323","|move|p1a: Heliolisk|Hyper Voice|p2a: Free MAltaria","|-damage|p2a: Free MAltaria|231/323","|-damage|p1a: Heliolisk|180/265|[from] item: Life Orb","|","|turn|14","|","|move|p1a: Heliolisk|Hyper Voice|p2a: Free MAltaria","|-damage|p2a: Free MAltaria|35/323","|-damage|p1a: Heliolisk|154/265|[from] item: Life Orb","|move|p2a: Free MAltaria|Dragon Dance|p2a: Free MAltaria","|-boost|p2a: Free MAltaria|atk|1","|-boost|p2a: Free MAltaria|spe|1","|","|turn|15","|","|switch|p1a: Staraptor|Staraptor, M, shiny|138/311","|-damage|p1a: Staraptor|61/311|[from] Stealth Rock","|move|p2a: Free MAltaria|Earthquake|p1a: Staraptor","|-immune|p1a: Staraptor|[msg]","|","|turn|16","|","|move|p2a: Free MAltaria|Extreme Speed|p1a: Staraptor","|-crit|p1a: Staraptor","|-damage|p1a: Staraptor|0 fnt","|faint|p1a: Staraptor","|","|","|switch|p1a: Lopunny|Lopunny-Mega, F|122/271","|-damage|p1a: Lopunny|106/271|[from] Stealth Rock","|turn|17","|","|move|p1a: Lopunny|Fake Out|p2a: Free MAltaria","|-damage|p2a: Free MAltaria|0 fnt","|faint|p2a: Free MAltaria","|","|","|switch|p2a: Free Megazard X|Gyarados, F, shiny|331/331","|-ability|p2a: Free Megazard X|Intimidate","|-unboost|p1a: Lopunny|atk|1","|turn|18","|","|switch|p1a: Chansey|Chansey, F|642/642","|-damage|p1a: Chansey|562/642|[from] Stealth Rock","|move|p2a: Free Megazard X|Dragon Dance|p2a: Free Megazard X","|-boost|p2a: Free Megazard X|atk|1","|-boost|p2a: Free Megazard X|spe|1","|","|turn|19","|","|detailschange|p2a: Free Megazard X|Gyarados-Mega, F, shiny","|-mega|p2a: Free Megazard X|Gyarados|Gyaradosite","|-ability|p2a: Free Megazard X|Mold Breaker","|move|p2a: Free Megazard X|Waterfall|p1a: Chansey","|-damage|p1a: Chansey|202/642","|cant|p1a: Chansey|flinch","|","|turn|20","|","|switch|p1a: Heliolisk|Heliolisk, M, shiny|154/265","|-damage|p1a: Heliolisk|121/265|[from] Stealth Rock","|move|p2a: Free Megazard X|Waterfall|p1a: Heliolisk","|-damage|p1a: Heliolisk|0 fnt","|faint|p1a: Heliolisk","|","|","|switch|p1a: Lopunny|Lopunny-Mega, F|106/271","|-damage|p1a: Lopunny|90/271|[from] Stealth Rock","|turn|21","|","|switch|p2a: Swords Dance|Skarmory, F, shiny|333/333","|move|p1a: Lopunny|High Jump Kick|p2a: Swords Dance","|-damage|p2a: Swords Dance|198/333","|","|turn|22","|","|switch|p1a: Smeargle|Smeargle, M|251/251","|-damage|p1a: Smeargle|220/251|[from] Stealth Rock","|move|p2a: Swords Dance|Roost|p2a: Swords Dance","|-heal|p2a: Swords Dance|333/333","|","|turn|23","|","|switch|p2a: No Ice Please|Landorus, M, shiny|319/319","|move|p1a: Smeargle|Stealth Rock|p2a: No Ice Please","|-sidestart|p2: Rain Mistral|move: Stealth Rock","|","|turn|24","|","|move|p2a: No Ice Please|Earth Power|p1a: Smeargle","|-damage|p1a: Smeargle|0 fnt","|faint|p1a: Smeargle","|","|","|switch|p1a: Chansey|Chansey, F|202/642","|-damage|p1a: Chansey|122/642|[from] Stealth Rock","|turn|25","|","|move|p2a: No Ice Please|Earth Power|p1a: Chansey","|-damage|p1a: Chansey|5/642","|move|p1a: Chansey|Soft-Boiled|p1a: Chansey","|-heal|p1a: Chansey|326/642","|","|turn|26","|","|switch|p2a: Mega Ultra Chicken|Zapdos, shiny|287/383 slp","|-damage|p2a: Mega Ultra Chicken|192/383 slp|[from] Stealth Rock","|-ability|p2a: Mega Ultra Chicken|Pressure","|move|p1a: Chansey|Soft-Boiled|p1a: Chansey","|-heal|p1a: Chansey|642/642","|","|-heal|p2a: Mega Ultra Chicken|215/383 slp|[from] item: Leftovers","|turn|27","|","|cant|p2a: Mega Ultra Chicken|slp","|move|p1a: Chansey|Seismic Toss|p2a: Mega Ultra Chicken","|-damage|p2a: Mega Ultra Chicken|115/383 slp","|","|-heal|p2a: Mega Ultra Chicken|138/383 slp|[from] item: Leftovers","|turn|28","|","|-curestatus|p2a: Mega Ultra Chicken|slp","|move|p2a: Mega Ultra Chicken|Roost|p2a: Mega Ultra Chicken","|-heal|p2a: Mega Ultra Chicken|330/383","|move|p1a: Chansey|Seismic Toss|p2a: Mega Ultra Chicken","|-damage|p2a: Mega Ultra Chicken|230/383","|","|-heal|p2a: Mega Ultra Chicken|253/383|[from] item: Leftovers","|turn|29","|","|switch|p1a: Diggersby|Diggersby, M|146/311","|-damage|p1a: Diggersby|127/311|[from] Stealth Rock","|move|p2a: Mega Ultra Chicken|Defog|p1a: Diggersby","|-unboost|p1a: Diggersby|evasion|1","|-sideend|p1: Emg UnownMaN|Stealth Rock|[from] move: Defog|[of] p1a: Diggersby","|-sideend|p2: Rain Mistral|Stealth Rock|[from] move: Defog|[of] p2a: Mega Ultra Chicken","|","|-heal|p2a: Mega Ultra Chicken|276/383|[from] item: Leftovers","|turn|30","|","|move|p1a: Diggersby|Return|p2a: Mega Ultra Chicken","|-damage|p2a: Mega Ultra Chicken|84/383","|move|p2a: Mega Ultra Chicken|Heat Wave|p1a: Diggersby","|-damage|p1a: Diggersby|18/311","|","|-heal|p2a: Mega Ultra Chicken|107/383|[from] item: Leftovers","|turn|31","|","|switch|p2a: Swords Dance|Skarmory, F, shiny|333/333","|move|p1a: Diggersby|Return|p2a: Swords Dance","|-resisted|p2a: Swords Dance","|-damage|p2a: Swords Dance|264/333","|","|turn|32","|","|switch|p1a: Chansey|Chansey, F|642/642","|move|p2a: Swords Dance|Roost|p2a: Swords Dance","|-heal|p2a: Swords Dance|333/333","|","|turn|33","|","|switch|p2a: Mega Ultra Chicken|Zapdos, shiny|107/383","|-ability|p2a: Mega Ultra Chicken|Pressure","|move|p1a: Chansey|Thunder Wave|p2a: Mega Ultra Chicken","|-immune|p2a: Mega Ultra Chicken|[msg]","|","|-heal|p2a: Mega Ultra Chicken|130/383|[from] item: Leftovers","|turn|34","|","|move|p2a: Mega Ultra Chicken|Roost|p2a: Mega Ultra Chicken","|-heal|p2a: Mega Ultra Chicken|322/383","|move|p1a: Chansey|Seismic Toss|p2a: Mega Ultra Chicken","|-damage|p2a: Mega Ultra Chicken|222/383","|","|-heal|p2a: Mega Ultra Chicken|245/383|[from] item: Leftovers","|turn|35","|","|switch|p1a: Lopunny|Lopunny-Mega, F|90/271","|move|p2a: Mega Ultra Chicken|Discharge|p1a: Lopunny","|-damage|p1a: Lopunny|0 fnt","|faint|p1a: Lopunny","|","|-heal|p2a: Mega Ultra Chicken|268/383|[from] item: Leftovers","|","|win|Rain Mistral"],"p1rating":{"entryid":"180774","serverid":"eos","formatid":"monotype","userid":"emgunownman","username":"Emg UnownMaN","w":"11","l":10,"t":"0","gxe":50.9,"r":"1506.4526883806","rd":"72.637507265478","sigma":"0","rptime":"1441098000","rpr":1507.2224562545,"rprd":70.113789621178,"rpsigma":"0","acre":1151.9926309946,"lacre":1151.9926309946,"oldacre":"1171.9627508404"},"p2rating":{"entryid":"218522","serverid":"eos","formatid":"monotype","userid":"rainmistral","username":"Rain Mistral","w":16,"l":"5","t":"0","gxe":69,"r":"1644.5696109889","rd":"73.137314004034","sigma":"0","rptime":"1441098000","rpr":1653.7027718421,"rprd":71.843405496775,"rpsigma":"0","acre":1262.8020418034,"lacre":1262.8020418034,"oldacre":"1242.8319219576"},"endType":"forfeit"}