{"seed":[50602,5012,44593,40198],"turns":30,"p1":"Sovereign♕KingJJ","p2":"SL Espeon","p1team":[{"name":"Ugly Duckling","species":"porygon2","item":"eviolite","ability":"Download","moves":["psychic","electroweb","toxic","recover"],"nature":"Calm","evs":{"hp":248,"atk":0,"def":0,"spa":8,"spd":252,"spe":0},"shiny":true,"ivs":{"hp":31,"atk":31,"def":31,"spa":31,"spd":31,"spe":31}},{"name":"Leggos","species":"porygonz","item":"choicescarf","ability":"Download","moves":["chargebeam","shadowball","thunderwave","triattack"],"nature":"Timid","evs":{"hp":4,"atk":0,"def":0,"spa":252,"spd":0,"spe":252},"shiny":true,"ivs":{"hp":31,"atk":31,"def":31,"spa":31,"spd":31,"spe":31}},{"name":"mia khalifa","species":"lopunny","item":"lopunnite","ability":"Cute Charm","moves":["magiccoat","fakeout","return","highjumpkick"],"nature":"Jolly","evs":{"hp":0,"atk":252,"def":0,"spa":0,"spd":4,"spe":252},"gender":"F","shiny":true,"ivs":{"hp":31,"atk":31,"def":31,"spa":31,"spd":31,"spe":31}},{"name":"Chansey","species":"Chansey","item":"eviolite","ability":"Serene Grace","moves":["aromatherapy","seismictoss","softboiled","toxic"],"nature":"Bold","evs":{"hp":248,"atk":0,"def":252,"spa":0,"spd":8,"spe":0},"shiny":true,"ivs":{"hp":31,"atk":31,"def":31,"spa":31,"spd":31,"spe":31}},{"name":"Raper the Raptor","species":"staraptor","item":"choicescarf","ability":"Intimidate","moves":["closecombat","bravebird","uturn","return"],"nature":"Jolly","evs":{"hp":0,"atk":252,"def":0,"spa":0,"spd":4,"spe":252},"gender":"M","shiny":true,"ivs":{"hp":31,"atk":31,"def":31,"spa":31,"spd":31,"spe":31}},{"name":"Meloetta","species":"Meloetta","item":"lifeorb","ability":"Serene Grace","moves":["knockoff","psychic","relicsong","closecombat"],"nature":"Naive","evs":{"hp":0,"atk":128,"def":0,"spa":128,"spd":0,"spe":252},"ivs":{"hp":31,"atk":31,"def":31,"spa":31,"spd":31,"spe":31}}],"p2team":[{"name":"Jirachi","species":"Jirachi","item":"choicescarf","ability":"Serene Grace","moves":["drainpunch","uturn","zenheadbutt","icepunch"],"nature":"Jolly","evs":{"hp":0,"atk":252,"def":0,"spa":0,"spd":4,"spe":252},"ivs":{"hp":31,"atk":31,"def":31,"spa":31,"spd":31,"spe":31}},{"name":"Magnezone","species":"Magnezone","item":"choicescarf","ability":"Sturdy","moves":["voltswitch","thunderbolt","hiddenpowerice","flashcannon"],"nature":"Timid","evs":{"hp":0,"atk":0,"def":0,"spa":252,"spd":4,"spe":252},"ivs":{"hp":31,"atk":30,"def":30,"spa":31,"spd":31,"spe":31}},{"name":"Excadrill","species":"Excadrill","item":"choicescarf","ability":"Mold Breaker","moves":["rockslide","ironhead","xscissor","earthquake"],"nature":"Jolly","evs":{"hp":0,"atk":252,"def":0,"spa":0,"spd":4,"spe":252},"ivs":{"hp":31,"atk":31,"def":31,"spa":31,"spd":31,"spe":31}},{"name":"Lucario","species":"Lucario","item":"lifeorb","ability":"Inner Focus","moves":["vacuumwave","aurasphere","flashcannon","shadowball"],"nature":"Timid","evs":{"hp":0,"atk":0,"def":0,"spa":252,"spd":4,"spe":252},"ivs":{"hp":31,"atk":31,"def":31,"spa":31,"spd":31,"spe":31}},{"name":"Skarmory","species":"Skarmory","item":"rockyhelmet","ability":"Sturdy","moves":["bravebird","roost","stealthrock","defog"],"nature":"Impish","evs":{"hp":248,"atk":0,"def":236,"spa":0,"spd":0,"spe":24},"ivs":{"hp":31,"atk":31,"def":31,"spa":31,"spd":31,"spe":31}},{"name":"Heatran","species":"Heatran","item":"airballoon","ability":"Flash Fire","moves":["lavaplume","earthpower","protect","willowisp"],"nature":"Calm","evs":{"hp":248,"atk":0,"def":0,"spa":8,"spd":252,"spe":0},"ivs":{"hp":31,"atk":31,"def":31,"spa":31,"spd":31,"spe":31}}],"log":["|player|p1|Sovereign♕KingJJ|269","|player|p2|SL Espeon|99","|gametype|singles","|gen|6","|tier|Monotype","|rated","|rule|Baton Pass Clause: Limit one Baton Passer, can't pass Spe and other stats simultaneously","|rule|Swagger Clause: Swagger is banned","|rule|Same Type Clause: Pokémon in a team must share a type","|clearpoke","|poke|p1|Porygon2, shiny","|poke|p1|Porygon-Z, shiny","|poke|p1|Lopunny, F, shiny","|poke|p1|Chansey, F, shiny","|poke|p1|Staraptor, M, shiny","|poke|p1|Meloetta","|poke|p2|Jirachi","|poke|p2|Magnezone","|poke|p2|Excadrill, M","|poke|p2|Lucario, F","|poke|p2|Skarmory, M","|poke|p2|Heatran, F","|rule|Sleep Clause Mod: Limit one foe put to sleep","|rule|Species Clause: Limit one of each Pokémon","|rule|OHKO Clause: OHKO moves are banned","|rule|Moody Clause: Moody is banned","|rule|Evasion Moves Clause: Evasion moves are banned","|rule|Endless Battle Clause: Forcing endless battles is banned","|rule|HP Percentage Mod: HP is shown in percentages","|teampreview","|","|start","|switch|p1a: mia khalifa|Lopunny, F, shiny|271/271","|switch|p2a: Skarmory|Skarmory, M|333/333","|turn|1","|","|detailschange|p1a: mia khalifa|Lopunny-Mega, F, shiny","|-mega|p1a: mia khalifa|Lopunny|Lopunnite","|move|p1a: mia khalifa|Fake Out|p2a: Skarmory","|-resisted|p2a: Skarmory","|-damage|p2a: Skarmory|311/333","|-damage|p1a: mia khalifa|226/271|[from] item: Rocky Helmet|[of] p2a: Skarmory","|cant|p2a: Skarmory|flinch","|","|turn|2","|","|move|p1a: mia khalifa|High Jump Kick|p2a: Skarmory","|-crit|p2a: Skarmory","|-damage|p2a: Skarmory|118/333","|-damage|p1a: mia khalifa|181/271|[from] item: Rocky Helmet|[of] p2a: Skarmory","|move|p2a: Skarmory|Stealth Rock|p1a: mia khalifa","|-sidestart|p1: Sovereign♕KingJJ|move: Stealth Rock","|","|turn|3","|","|move|p1a: mia khalifa|High Jump Kick|p2a: Skarmory","|-crit|p2a: Skarmory","|-damage|p2a: Skarmory|0 fnt","|-damage|p1a: mia khalifa|136/271|[from] item: Rocky Helmet|[of] p2a: Skarmory","|faint|p2a: Skarmory","|","|","|switch|p2a: Heatran|Heatran, F|385/385","|-item|p2a: Heatran|Air Balloon","|turn|4","|","|move|p2a: Heatran|Protect|p2a: Heatran","|-singleturn|p2a: Heatran|Protect","|move|p1a: mia khalifa|High Jump Kick|p2a: Heatran","|-activate|p2a: Heatran|Protect","|-damage|p1a: mia khalifa|1/271|[from] highjumpkick","|","|turn|5","|","|move|p1a: mia khalifa|High Jump Kick|p2a: Heatran","|-supereffective|p2a: Heatran","|-damage|p2a: Heatran|0 fnt","|-enditem|p2a: Heatran|Air Balloon","|faint|p2a: Heatran","|","|","|switch|p2a: Jirachi|Jirachi|341/341","|turn|6","|","|move|p2a: Jirachi|U-turn|p1a: mia khalifa","|-crit|p1a: mia khalifa","|-resisted|p1a: mia khalifa","|-damage|p1a: mia khalifa|0 fnt","|faint|p1a: mia khalifa","|","|switch|p2a: Lucario|Lucario, F|281/281","|","|","|switch|p1a: Leggos|Porygon-Z, shiny|312/312","|-damage|p1a: Leggos|273/312|[from] Stealth Rock","|-boost|p1a: Leggos|atk|1|[from] ability: Download","|turn|7","|","|move|p2a: Lucario|Vacuum Wave|p1a: Leggos","|-supereffective|p1a: Leggos","|-damage|p1a: Leggos|44/312","|-damage|p2a: Lucario|253/281|[from] item: Life Orb","|move|p1a: Leggos|Thunder Wave|p2a: Lucario","|-status|p2a: Lucario|par","|","|turn|8","|","|switch|p1a: Chansey|Chansey, F, shiny|703/703","|-damage|p1a: Chansey|616/703|[from] Stealth Rock","|move|p2a: Lucario|Vacuum Wave|p1a: Chansey","|-supereffective|p1a: Chansey","|-damage|p1a: Chansey|512/703","|-damage|p2a: Lucario|225/281 par|[from] item: Life Orb","|","|turn|9","|","|switch|p2a: Jirachi|Jirachi|341/341","|move|p1a: Chansey|Seismic Toss|p2a: Jirachi","|-damage|p2a: Jirachi|241/341","|","|turn|10","|","|move|p2a: Jirachi|Drain Punch|p1a: Chansey","|-supereffective|p1a: Chansey","|-damage|p1a: Chansey|304/703","|-heal|p2a: Jirachi|341/341|[from] drain|[of] p1a: Chansey","|move|p1a: Chansey|Seismic Toss|p2a: Jirachi","|-damage|p2a: Jirachi|241/341","|","|turn|11","|","|move|p2a: Jirachi|Drain Punch|p1a: Chansey","|-supereffective|p1a: Chansey","|-damage|p1a: Chansey|90/703","|-heal|p2a: Jirachi|341/341|[from] drain|[of] p1a: Chansey","|move|p1a: Chansey|Soft-Boiled|p1a: Chansey","|-heal|p1a: Chansey|442/703","|","|turn|12","|","|move|p2a: Jirachi|Drain Punch|p1a: Chansey","|-supereffective|p1a: Chansey","|-damage|p1a: Chansey|228/703","|move|p1a: Chansey|Seismic Toss|p2a: Jirachi","|-damage|p2a: Jirachi|241/341","|","|turn|13","|","|move|p2a: Jirachi|Drain Punch|p1a: Chansey","|-supereffective|p1a: Chansey","|-damage|p1a: Chansey|36/703","|-heal|p2a: Jirachi|337/341|[from] drain|[of] p1a: Chansey","|move|p1a: Chansey|Soft-Boiled|p1a: Chansey","|-heal|p1a: Chansey|388/703","|","|turn|14","|","|move|p2a: Jirachi|Drain Punch|p1a: Chansey","|-supereffective|p1a: Chansey","|-damage|p1a: Chansey|178/703","|-heal|p2a: Jirachi|341/341|[from] drain|[of] p1a: Chansey","|move|p1a: Chansey|Soft-Boiled|p1a: Chansey","|-heal|p1a: Chansey|530/703","|","|turn|15","|","|move|p2a: Jirachi|Drain Punch|p1a: Chansey","|-supereffective|p1a: Chansey","|-damage|p1a: Chansey|316/703","|move|p1a: Chansey|Seismic Toss|p2a: Jirachi","|-damage|p2a: Jirachi|241/341","|","|turn|16","|","|switch|p2a: Excadrill|Excadrill, M|361/361","|-ability|p2a: Excadrill|Mold Breaker","|move|p1a: Chansey|Soft-Boiled|p1a: Chansey","|-heal|p1a: Chansey|668/703","|","|turn|17","|","|move|p2a: Excadrill|Iron Head|p1a: Chansey","|-damage|p1a: Chansey|466/703","|move|p1a: Chansey|Seismic Toss|p2a: Excadrill","|-damage|p2a: Excadrill|261/361","|","|turn|18","|","|move|p2a: Excadrill|Iron Head|p1a: Chansey","|-damage|p1a: Chansey|277/703","|move|p1a: Chansey|Seismic Toss|p2a: Excadrill","|-damage|p2a: Excadrill|161/361","|","|turn|19","|","|move|p2a: Excadrill|Iron Head|p1a: Chansey","|-damage|p1a: Chansey|85/703","|cant|p1a: Chansey|flinch","|","|turn|20","|","|move|p2a: Excadrill|Iron Head|p1a: Chansey","|-damage|p1a: Chansey|0 fnt","|faint|p1a: Chansey","|","|","|switch|p1a: Leggos|Porygon-Z, shiny|44/312","|-damage|p1a: Leggos|5/312|[from] Stealth Rock","|-boost|p1a: Leggos|atk|1|[from] ability: Download","|turn|21","|","|move|p1a: Leggos|Shadow Ball|p2a: Excadrill","|-damage|p2a: Excadrill|29/361","|move|p2a: Excadrill|Iron Head|p1a: Leggos","|-damage|p1a: Leggos|0 fnt","|faint|p1a: Leggos","|","|","|switch|p1a: Ugly Duckling|Porygon2, shiny|373/373","|-damage|p1a: Ugly Duckling|327/373|[from] Stealth Rock","|-boost|p1a: Ugly Duckling|atk|1|[from] ability: Download","|turn|22","|","|move|p2a: Excadrill|Iron Head|p1a: Ugly Duckling","|-crit|p1a: Ugly Duckling","|-damage|p1a: Ugly Duckling|176/373","|move|p1a: Ugly Duckling|Psychic|p2a: Excadrill","|-crit|p2a: Excadrill","|-resisted|p2a: Excadrill","|-damage|p2a: Excadrill|0 fnt","|faint|p2a: Excadrill","|","|","|switch|p2a: Jirachi|Jirachi|241/341","|turn|23","|","|move|p2a: Jirachi|Drain Punch|p1a: Ugly Duckling","|-supereffective|p1a: Ugly Duckling","|-damage|p1a: Ugly Duckling|58/373","|-heal|p2a: Jirachi|300/341|[from] drain|[of] p1a: Ugly Duckling","|move|p1a: Ugly Duckling|Electroweb|p2a: Jirachi","|-damage|p2a: Jirachi|256/341","|-unboost|p2a: Jirachi|spe|1","|","|turn|24","|","|move|p2a: Jirachi|Drain Punch|p1a: Ugly Duckling","|-crit|p1a: Ugly Duckling","|-supereffective|p1a: Ugly Duckling","|-damage|p1a: Ugly Duckling|0 fnt","|-heal|p2a: Jirachi|285/341|[from] drain|[of] p1a: Ugly Duckling","|faint|p1a: Ugly Duckling","|","|","|switch|p1a: Raper the Raptor|Staraptor, M, shiny|311/311","|-damage|p1a: Raper the Raptor|234/311|[from] Stealth Rock","|-ability|p1a: Raper the Raptor|Intimidate","|-unboost|p2a: Jirachi|atk|1","|turn|25","|","|switch|p2a: Lucario|Lucario, F|225/281 par","|move|p1a: Raper the Raptor|U-turn|p2a: Lucario","|-resisted|p2a: Lucario","|-damage|p2a: Lucario|201/281 par","|","|switch|p1a: Meloetta|Meloetta|341/341","|-damage|p1a: Meloetta|299/341|[from] Stealth Rock","|","|turn|26","|","|move|p1a: Meloetta|Psychic|p2a: Lucario","|-damage|p2a: Lucario|0 fnt","|-damage|p1a: Meloetta|265/341|[from] item: Life Orb","|faint|p2a: Lucario","|","|","|switch|p2a: Jirachi|Jirachi|285/341","|turn|27","|","|move|p2a: Jirachi|Drain Punch|p1a: Meloetta","|-damage|p1a: Meloetta|170/341","|-heal|p2a: Jirachi|333/341|[from] drain|[of] p1a: Meloetta","|move|p1a: Meloetta|Knock Off|p2a: Jirachi","|-supereffective|p2a: Jirachi","|-damage|p2a: Jirachi|130/341","|-enditem|p2a: Jirachi|Choice Scarf|[from] move: Knock Off|[of] p1a: Meloetta","|-damage|p1a: Meloetta|136/341|[from] item: Life Orb","|","|turn|28","|","|move|p2a: Jirachi|Zen Headbutt|p1a: Meloetta","|-resisted|p1a: Meloetta","|-damage|p1a: Meloetta|61/341","|cant|p1a: Meloetta|flinch","|","|turn|29","|","|move|p2a: Jirachi|Drain Punch|p1a: Meloetta","|-damage|p1a: Meloetta|0 fnt","|-heal|p2a: Jirachi|161/341|[from] drain|[of] p1a: Meloetta","|faint|p1a: Meloetta","|","|","|switch|p1a: Raper the Raptor|Staraptor, M, shiny|234/311","|-damage|p1a: Raper the Raptor|157/311|[from] Stealth Rock","|-ability|p1a: Raper the Raptor|Intimidate","|-unboost|p2a: Jirachi|atk|1","|turn|30","|","|move|p1a: Raper the Raptor|Close Combat|p2a: Jirachi","|-damage|p2a: Jirachi|18/341","|-unboost|p1a: Raper the Raptor|def|1","|-unboost|p1a: Raper the Raptor|spd|1","|move|p2a: Jirachi|Ice Punch|p1a: Raper the Raptor","|-supereffective|p1a: Raper the Raptor","|-damage|p1a: Raper the Raptor|0 fnt","|faint|p1a: Raper the Raptor","|","|win|SL Espeon"],"p1rating":{"entryid":"452185","serverid":"eos","formatid":"monotype","userid":"sovereignkingjj","username":"Sovereign♕KingJJ","w":"0","l":6,"t":"0","gxe":30.3,"r":"1352.3802434257","rd":"103.12866823727","sigma":"0","rptime":"1441098000","rpr":1336.699908993,"rprd":99.833569114078,"rpsigma":"0","acre":1000,"lacre":1000,"oldacre":"1000"},"p2rating":{"entryid":"208929","serverid":"eos","formatid":"monotype","userid":"slespeon","username":"SL Espeon","w":9,"l":"7","t":"0","gxe":53.8,"r":"1519.9625615958","rd":"79.033429776629","sigma":"0","rptime":"1441098000","rpr":1529.3638560123,"rprd":77.567850443475,"rpsigma":"0","acre":1163.1336659794,"lacre":1163.1336659794,"oldacre":"1148.1942525424"},"endType":"normal"}