{"seed":[24327,10571,36074,22061],"turns":34,"p1":"Cryѕtаl Rain","p2":"Imp Donut","p1team":[{"name":"Rotom-Wash","species":"Rotom-Wash","item":"leftovers","ability":"Levitate","moves":["voltswitch","willowisp","painsplit","hydropump"],"nature":"Calm","evs":{"hp":252,"atk":0,"def":104,"spa":4,"spd":148,"spe":0},"ivs":{"hp":31,"atk":31,"def":31,"spa":31,"spd":31,"spe":31}},{"name":"Electivire","species":"Electivire","item":"choicescarf","ability":"Motor Drive","moves":["earthquake","wildcharge","crosschop","icepunch"],"nature":"Adamant","evs":{"hp":0,"atk":252,"def":0,"spa":0,"spd":4,"spe":252},"ivs":{"hp":31,"atk":31,"def":31,"spa":31,"spd":31,"spe":31}},{"name":"Zapdos","species":"Zapdos","item":"leftovers","ability":"Pressure","moves":["thunderwave","roost","heatwave","thunderbolt"],"nature":"Bold","evs":{"hp":252,"atk":0,"def":96,"spa":0,"spd":160,"spe":0},"ivs":{"hp":31,"atk":31,"def":31,"spa":31,"spd":31,"spe":31}},{"name":"Raikou","species":"Raikou","item":"leftovers","ability":"Pressure","moves":["calmmind","substitute","discharge","extrasensory"],"nature":"Timid","evs":{"hp":0,"atk":0,"def":0,"spa":252,"spd":4,"spe":252},"ivs":{"hp":31,"atk":31,"def":31,"spa":31,"spd":31,"spe":31}},{"name":"Manectric","species":"Manectric","item":"manectite","ability":"Lightning Rod","moves":["thunderwave","overheat","signalbeam","voltswitch"],"nature":"Timid","evs":{"hp":0,"atk":0,"def":0,"spa":252,"spd":4,"spe":252},"ivs":{"hp":31,"atk":31,"def":31,"spa":31,"spd":31,"spe":31}},{"name":"Galvantula","species":"Galvantula","item":"focussash","ability":"Compound Eyes","moves":["thunder","stickyweb","gigadrain","signalbeam"],"nature":"Timid","evs":{"hp":0,"atk":0,"def":0,"spa":252,"spd":4,"spe":252},"ivs":{"hp":31,"atk":31,"def":31,"spa":31,"spd":31,"spe":31}}],"p2team":[{"name":"Excadrill","species":"Excadrill","item":"choicescarf","ability":"Mold Breaker","moves":["brickbreak","earthquake","ironhead","rockslide"],"nature":"Jolly","evs":{"hp":0,"atk":252,"def":0,"spa":0,"spd":4,"spe":252},"ivs":{"hp":31,"atk":31,"def":31,"spa":31,"spd":31,"spe":31}},{"name":"Heatran","species":"Heatran","item":"airballoon","ability":"Flash Fire","moves":["ancientpower","earthpower","lavaplume","hiddenpowergrass"],"nature":"Modest","evs":{"hp":232,"atk":0,"def":0,"spa":252,"spd":0,"spe":24},"ivs":{"hp":31,"atk":30,"def":31,"spa":30,"spd":31,"spe":31}},{"name":"Skarmory","species":"Skarmory","item":"rockyhelmet","ability":"Sturdy","moves":["bravebird","stealthrock","roost","whirlwind"],"nature":"Impish","evs":{"hp":248,"atk":0,"def":236,"spa":0,"spd":0,"spe":24},"ivs":{"hp":31,"atk":31,"def":31,"spa":31,"spd":31,"spe":31}},{"name":"Ferrothorn","species":"Ferrothorn","item":"leftovers","ability":"Iron Barbs","moves":["leechseed","protect","toxic","powerwhip"],"nature":"Careful","evs":{"hp":252,"atk":4,"def":126,"spa":0,"spd":126,"spe":0},"ivs":{"hp":31,"atk":31,"def":31,"spa":31,"spd":31,"spe":31}},{"name":"Bisharp","species":"Bisharp","item":"lumberry","ability":"Defiant","moves":["ironhead","knockoff","suckerpunch","swordsdance"],"nature":"Adamant","evs":{"hp":248,"atk":252,"def":0,"spa":0,"spd":8,"spe":0},"ivs":{"hp":31,"atk":31,"def":31,"spa":31,"spd":31,"spe":31}},{"name":"Empoleon","species":"Empoleon","item":"leftovers","ability":"Torrent","moves":["icebeam","knockoff","scald","hiddenpowergrass"],"nature":"Calm","evs":{"hp":196,"atk":0,"def":84,"spa":52,"spd":176,"spe":0},"ivs":{"hp":31,"atk":0,"def":31,"spa":30,"spd":31,"spe":31}}],"log":["|player|p1|Cryѕtаl Rain|crystalraichu.png","|player|p2|Imp Donut|170","|gametype|singles","|gen|6","|tier|Monotype","|rated","|rule|Baton Pass Clause: Limit one Baton Passer, can't pass Spe and other stats simultaneously","|rule|Swagger Clause: Swagger is banned","|rule|Same Type Clause: Pokémon in a team must share a type","|clearpoke","|poke|p1|Rotom-Wash","|poke|p1|Electivire, M","|poke|p1|Zapdos","|poke|p1|Raikou","|poke|p1|Manectric, M","|poke|p1|Galvantula, F","|poke|p2|Excadrill, M","|poke|p2|Heatran, M","|poke|p2|Skarmory, F","|poke|p2|Ferrothorn, F","|poke|p2|Bisharp, M","|poke|p2|Empoleon, F","|rule|Sleep Clause Mod: Limit one foe put to sleep","|rule|Species Clause: Limit one of each Pokémon","|rule|OHKO Clause: OHKO moves are banned","|rule|Moody Clause: Moody is banned","|rule|Evasion Moves Clause: Evasion moves are banned","|rule|Endless Battle Clause: Forcing endless battles is banned","|rule|HP Percentage Mod: HP is shown in percentages","|teampreview","|","|start","|switch|p1a: Zapdos|Zapdos|384/384","|switch|p2a: Excadrill|Excadrill, M|361/361","|-ability|p2a: Excadrill|Mold Breaker","|-ability|p1a: Zapdos|Pressure","|turn|1","|","|switch|p1a: Rotom-Wash|Rotom-Wash|304/304","|move|p2a: Excadrill|Rock Slide|p1a: Rotom-Wash","|-damage|p1a: Rotom-Wash|228/304","|","|-heal|p1a: Rotom-Wash|247/304|[from] item: Leftovers","|turn|2","|","|switch|p2a: Ferrothorn|Ferrothorn, F|352/352","|move|p1a: Rotom-Wash|Will-O-Wisp|p2a: Ferrothorn","|-status|p2a: Ferrothorn|brn","|","|-heal|p1a: Rotom-Wash|266/304|[from] item: Leftovers","|-damage|p2a: Ferrothorn|308/352 brn|[from] brn","|turn|3","|","|move|p1a: Rotom-Wash|Volt Switch|p2a: Ferrothorn","|-resisted|p2a: Ferrothorn","|-damage|p2a: Ferrothorn|279/352 brn","|","|switch|p1a: Zapdos|Zapdos|384/384","|-ability|p1a: Zapdos|Pressure","|move|p2a: Ferrothorn|Leech Seed|p1a: Zapdos","|-start|p1a: Zapdos|move: Leech Seed","|","|-heal|p2a: Ferrothorn|301/352 brn|[from] item: Leftovers","|-damage|p1a: Zapdos|336/384|[from] Leech Seed|[of] p2a: Ferrothorn","|-heal|p2a: Ferrothorn|349/352 brn|[silent]","|-damage|p2a: Ferrothorn|305/352 brn|[from] brn","|turn|4","|","|move|p2a: Ferrothorn|Protect|p2a: Ferrothorn","|-singleturn|p2a: Ferrothorn|Protect","|move|p1a: Zapdos|Thunder Wave|p2a: Ferrothorn","|-activate|p2a: Ferrothorn|Protect","|","|-heal|p1a: Zapdos|360/384|[from] item: Leftovers","|-heal|p2a: Ferrothorn|327/352 brn|[from] item: Leftovers","|-damage|p1a: Zapdos|312/384|[from] Leech Seed|[of] p2a: Ferrothorn","|-heal|p2a: Ferrothorn|352/352 brn|[silent]","|-damage|p2a: Ferrothorn|308/352 brn|[from] brn","|turn|5","|","|switch|p1a: Rotom-Wash|Rotom-Wash|266/304","|move|p2a: Ferrothorn|Toxic|p1a: Rotom-Wash","|-status|p1a: Rotom-Wash|tox","|","|-heal|p1a: Rotom-Wash|285/304 tox|[from] item: Leftovers","|-heal|p2a: Ferrothorn|330/352 brn|[from] item: Leftovers","|-damage|p1a: Rotom-Wash|266/304 tox|[from] psn","|-damage|p2a: Ferrothorn|286/352 brn|[from] brn","|turn|6","|","|move|p1a: Rotom-Wash|Volt Switch|p2a: Ferrothorn","|-resisted|p2a: Ferrothorn","|-damage|p2a: Ferrothorn|255/352 brn","|","|switch|p1a: Zapdos|Zapdos|312/384","|-ability|p1a: Zapdos|Pressure","|move|p2a: Ferrothorn|Leech Seed|p1a: Zapdos","|-start|p1a: Zapdos|move: Leech Seed","|","|-heal|p1a: Zapdos|336/384|[from] item: Leftovers","|-heal|p2a: Ferrothorn|277/352 brn|[from] item: Leftovers","|-damage|p1a: Zapdos|288/384|[from] Leech Seed|[of] p2a: Ferrothorn","|-heal|p2a: Ferrothorn|325/352 brn|[silent]","|-damage|p2a: Ferrothorn|281/352 brn|[from] brn","|turn|7","|","|move|p1a: Zapdos|Heat Wave|p2a: Ferrothorn","|-supereffective|p2a: Ferrothorn","|-damage|p2a: Ferrothorn|17/352 brn","|move|p2a: Ferrothorn|Toxic|p1a: Zapdos","|-status|p1a: Zapdos|tox","|","|-heal|p1a: Zapdos|312/384 tox|[from] item: Leftovers","|-heal|p2a: Ferrothorn|39/352 brn|[from] item: Leftovers","|-damage|p1a: Zapdos|264/384 tox|[from] Leech Seed|[of] p2a: Ferrothorn","|-heal|p2a: Ferrothorn|87/352 brn|[silent]","|-damage|p1a: Zapdos|240/384 tox|[from] psn","|-damage|p2a: Ferrothorn|43/352 brn|[from] brn","|turn|8","|","|move|p1a: Zapdos|Thunderbolt|p2a: Ferrothorn","|-resisted|p2a: Ferrothorn","|-damage|p2a: Ferrothorn|0 fnt","|faint|p2a: Ferrothorn","|","|-heal|p1a: Zapdos|264/384 tox|[from] item: Leftovers","|-damage|p1a: Zapdos|216/384 tox|[from] psn","|","|switch|p2a: Excadrill|Excadrill, M|361/361","|-ability|p2a: Excadrill|Mold Breaker","|turn|9","|","|move|p2a: Excadrill|Earthquake|p1a: Zapdos","|-immune|p1a: Zapdos|[msg]","|move|p1a: Zapdos|Heat Wave|p2a: Excadrill","|-miss|p1a: Zapdos|p2a: Excadrill","|","|-heal|p1a: Zapdos|240/384 tox|[from] item: Leftovers","|-damage|p1a: Zapdos|192/384 tox|[from] Leech Seed|[of] p2a: Excadrill","|-damage|p1a: Zapdos|120/384 tox|[from] psn","|turn|10","|","|switch|p2a: Heatran|Heatran, M|381/381","|-item|p2a: Heatran|Air Balloon","|move|p1a: Zapdos|Roost|p1a: Zapdos","|-heal|p1a: Zapdos|312/384 tox","|","|-heal|p1a: Zapdos|336/384 tox|[from] item: Leftovers","|-damage|p1a: Zapdos|288/384 tox|[from] Leech Seed|[of] p2a: Heatran","|-damage|p1a: Zapdos|192/384 tox|[from] psn","|turn|11","|","|move|p1a: Zapdos|Thunderbolt|p2a: Heatran","|-damage|p2a: Heatran|260/381","|-enditem|p2a: Heatran|Air Balloon","|move|p2a: Heatran|Lava Plume|p1a: Zapdos","|-damage|p1a: Zapdos|47/384 tox","|","|-heal|p1a: Zapdos|71/384 tox|[from] item: Leftovers","|-damage|p1a: Zapdos|23/384 tox|[from] Leech Seed|[of] p2a: Heatran","|-heal|p2a: Heatran|308/381|[silent]","|-damage|p1a: Zapdos|0 fnt|[from] psn","|faint|p1a: Zapdos","|","|switch|p1a: Electivire|Electivire, M|291/291","|turn|12","|","|switch|p2a: Skarmory|Skarmory, F|333/333","|move|p1a: Electivire|Cross Chop|p2a: Skarmory|[miss]","|-miss|p1a: Electivire|p2a: Skarmory","|","|turn|13","|","|switch|p1a: Rotom-Wash|Rotom-Wash|266/304 tox","|move|p2a: Skarmory|Stealth Rock|p1a: Rotom-Wash","|-sidestart|p1: Cryѕtаl Rain|move: Stealth Rock","|","|-heal|p1a: Rotom-Wash|285/304 tox|[from] item: Leftovers","|-damage|p1a: Rotom-Wash|266/304 tox|[from] psn","|turn|14","|","|switch|p2a: Empoleon|Empoleon, F|358/358","|move|p1a: Rotom-Wash|Hydro Pump|p2a: Empoleon","|-resisted|p2a: Empoleon","|-damage|p2a: Empoleon|307/358","|","|-heal|p1a: Rotom-Wash|285/304 tox|[from] item: Leftovers","|-heal|p2a: Empoleon|329/358|[from] item: Leftovers","|-damage|p1a: Rotom-Wash|247/304 tox|[from] psn","|turn|15","|","|move|p1a: Rotom-Wash|Volt Switch|p2a: Empoleon","|-supereffective|p2a: Empoleon","|-damage|p2a: Empoleon|203/358","|","|switch|p1a: Galvantula|Galvantula, F|281/281","|-damage|p1a: Galvantula|211/281|[from] Stealth Rock","|move|p2a: Empoleon|Knock Off|p1a: Galvantula","|-damage|p1a: Galvantula|139/281","|-enditem|p1a: Galvantula|Focus Sash|[from] move: Knock Off|[of] p2a: Empoleon","|","|-heal|p2a: Empoleon|225/358|[from] item: Leftovers","|turn|16","|","|switch|p2a: Excadrill|Excadrill, M|361/361","|-ability|p2a: Excadrill|Mold Breaker","|move|p1a: Galvantula|Sticky Web|p2a: Excadrill","|-sidestart|p2: Imp Donut|move: Sticky Web","|","|turn|17","|","|move|p2a: Excadrill|Earthquake|p1a: Galvantula","|-damage|p1a: Galvantula|0 fnt","|faint|p1a: Galvantula","|","|","|switch|p1a: Rotom-Wash|Rotom-Wash|247/304 tox","|-damage|p1a: Rotom-Wash|209/304 tox|[from] Stealth Rock","|turn|18","|","|move|p2a: Excadrill|Earthquake|p1a: Rotom-Wash","|-supereffective|p1a: Rotom-Wash","|-damage|p1a: Rotom-Wash|0 fnt","|faint|p1a: Rotom-Wash","|","|","|switch|p1a: Electivire|Electivire, M|291/291","|-damage|p1a: Electivire|255/291|[from] Stealth Rock","|turn|19","|","|switch|p2a: Skarmory|Skarmory, F|333/333","|move|p1a: Electivire|Earthquake|p2a: Skarmory","|-immune|p2a: Skarmory|[msg]","|","|turn|20","|","|switch|p1a: Raikou|Raikou|321/321","|-damage|p1a: Raikou|281/321|[from] Stealth Rock","|-ability|p1a: Raikou|Pressure","|move|p2a: Skarmory|Brave Bird|p1a: Raikou","|-resisted|p1a: Raikou","|-damage|p1a: Raikou|210/321","|-damage|p2a: Skarmory|310/333|[from] recoil|[of] p1a: Raikou","|","|-heal|p1a: Raikou|230/321|[from] item: Leftovers","|turn|21","|","|move|p1a: Raikou|Discharge|p2a: Skarmory","|-supereffective|p2a: Skarmory","|-damage|p2a: Skarmory|0 fnt","|faint|p2a: Skarmory","|","|-heal|p1a: Raikou|250/321|[from] item: Leftovers","|","|switch|p2a: Bisharp|Bisharp, M|333/333","|-activate|p2a: Bisharp|move: Sticky Web","|-unboost|p2a: Bisharp|spe|1","|-boost|p2a: Bisharp|atk|2|[from] ability: Defiant","|turn|22","|","|move|p2a: Bisharp|Sucker Punch|p1a: Raikou","|-fail|p2a: Bisharp","|move|p1a: Raikou|Substitute|p1a: Raikou","|-start|p1a: Raikou|Substitute","|-damage|p1a: Raikou|170/321","|","|-heal|p1a: Raikou|190/321|[from] item: Leftovers","|turn|23","|","|switch|p2a: Empoleon|Empoleon, F|225/358","|-activate|p2a: Empoleon|move: Sticky Web","|-unboost|p2a: Empoleon|spe|1","|move|p1a: Raikou|Discharge|p2a: Empoleon","|-supereffective|p2a: Empoleon","|-damage|p2a: Empoleon|9/358","|","|-heal|p1a: Raikou|210/321|[from] item: Leftovers","|-heal|p2a: Empoleon|31/358|[from] item: Leftovers","|turn|24","|","|move|p1a: Raikou|Discharge|p2a: Empoleon","|-crit|p2a: Empoleon","|-supereffective|p2a: Empoleon","|-damage|p2a: Empoleon|0 fnt","|faint|p2a: Empoleon","|","|-heal|p1a: Raikou|230/321|[from] item: Leftovers","|","|switch|p2a: Heatran|Heatran, M|308/381","|-activate|p2a: Heatran|move: Sticky Web","|-unboost|p2a: Heatran|spe|1","|turn|25","|","|move|p1a: Raikou|Calm Mind|p1a: Raikou","|-boost|p1a: Raikou|spa|1","|-boost|p1a: Raikou|spd|1","|move|p2a: Heatran|Earth Power|p1a: Raikou","|-supereffective|p1a: Raikou","|-end|p1a: Raikou|Substitute","|","|-heal|p1a: Raikou|250/321|[from] item: Leftovers","|turn|26","|","|move|p1a: Raikou|Substitute|p1a: Raikou","|-start|p1a: Raikou|Substitute","|-damage|p1a: Raikou|170/321","|move|p2a: Heatran|Earth Power|p1a: Raikou","|-supereffective|p1a: Raikou","|-end|p1a: Raikou|Substitute","|","|-heal|p1a: Raikou|190/321|[from] item: Leftovers","|turn|27","|","|move|p1a: Raikou|Discharge|p2a: Heatran","|-damage|p2a: Heatran|110/381","|move|p2a: Heatran|Earth Power|p1a: Raikou","|-supereffective|p1a: Raikou","|-damage|p1a: Raikou|20/321","|","|-heal|p1a: Raikou|40/321|[from] item: Leftovers","|turn|28","|","|move|p1a: Raikou|Discharge|p2a: Heatran","|-damage|p2a: Heatran|0 fnt","|faint|p2a: Heatran","|","|-heal|p1a: Raikou|60/321|[from] item: Leftovers","|","|switch|p2a: Excadrill|Excadrill, M|361/361","|-activate|p2a: Excadrill|move: Sticky Web","|-unboost|p2a: Excadrill|spe|1","|-ability|p2a: Excadrill|Mold Breaker","|turn|29","|","|move|p1a: Raikou|Extrasensory|p2a: Excadrill","|-resisted|p2a: Excadrill","|-damage|p2a: Excadrill|263/361","|move|p2a: Excadrill|Earthquake|p1a: Raikou","|-supereffective|p1a: Raikou","|-damage|p1a: Raikou|0 fnt","|faint|p1a: Raikou","|","|","|switch|p1a: Manectric|Manectric, M|281/281","|-damage|p1a: Manectric|246/281|[from] Stealth Rock","|turn|30","|","|detailschange|p1a: Manectric|Manectric-Mega, M","|-mega|p1a: Manectric|Manectric|Manectite","|-ability|p1a: Manectric|Intimidate","|-unboost|p2a: Excadrill|atk|1","|move|p1a: Manectric|Overheat|p2a: Excadrill","|-supereffective|p2a: Excadrill","|-damage|p2a: Excadrill|0 fnt","|-unboost|p1a: Manectric|spa|2","|faint|p2a: Excadrill","|","|","|switch|p2a: Bisharp|Bisharp, M|333/333","|-activate|p2a: Bisharp|move: Sticky Web","|-unboost|p2a: Bisharp|spe|1","|-boost|p2a: Bisharp|atk|2|[from] ability: Defiant","|turn|31","|","|move|p1a: Manectric|Overheat|p2a: Bisharp|[miss]","|-miss|p1a: Manectric|p2a: Bisharp","|move|p2a: Bisharp|Swords Dance|p2a: Bisharp","|-boost|p2a: Bisharp|atk|2","|","|turn|32","|","|move|p2a: Bisharp|Sucker Punch|p1a: Manectric","|-fail|p2a: Bisharp","|move|p1a: Manectric|Thunder Wave|p2a: Bisharp","|-status|p2a: Bisharp|par","|-enditem|p2a: Bisharp|Lum Berry|[eat]","|-curestatus|p2a: Bisharp|par","|","|turn|33","|","|move|p1a: Manectric|Thunder Wave|p2a: Bisharp","|-status|p2a: Bisharp|par","|move|p2a: Bisharp|Knock Off|p1a: Manectric","|-damage|p1a: Manectric|0 fnt","|faint|p1a: Manectric","|","|","|switch|p1a: Electivire|Electivire, M|255/291","|-damage|p1a: Electivire|219/291|[from] Stealth Rock","|turn|34","|","|move|p2a: Bisharp|Sucker Punch|p1a: Electivire","|-damage|p1a: Electivire|0 fnt","|faint|p1a: Electivire","|","|win|Imp Donut"],"p1rating":{"entryid":"372740","serverid":"eos","formatid":"monotype","userid":"crytlrain","username":"Cryѕtаl Rain","w":"16","l":6,"t":"0","gxe":62.9,"r":"1615.9745873432","rd":"70.324517362146","sigma":"0","rptime":"1441011600","rpr":1600.815835638,"rprd":69.061002523975,"rpsigma":"0","acre":1198.3769734616,"lacre":1198.3769734616,"oldacre":"1227.155743447"},"p2rating":{"entryid":"659054","serverid":"eos","formatid":"monotype","userid":"impdonut","username":"Imp Donut","w":12,"l":"5","t":"0","gxe":64.5,"r":"1561.2890700983","rd":"91.620289995019","sigma":"0","rptime":"1441011600","rpr":1614.476095346,"rprd":74.327284418466,"rpsigma":"0","acre":1203.0138432562,"lacre":1203.0138432562,"oldacre":"1174.2350732708"},"endType":"normal"}