{"seed":[10809,3578,44416,16741],"turns":33,"p1":"Void Who","p2":"GTX♅Wild","p1team":[{"name":"Avalugg","species":"Avalugg","item":"leftovers","ability":"Sturdy","moves":["recover","avalanche","mirrorcoat","rapidspin"],"nature":"Impish","evs":{"hp":252,"atk":4,"def":252,"spa":0,"spd":0,"spe":0},"ivs":{"hp":31,"atk":31,"def":31,"spa":31,"spd":31,"spe":31}},{"name":"Kyurem-Black","species":"Kyurem-Black","item":"choicescarf","ability":"Teravolt","moves":["dragonclaw","fusionbolt","ironhead","zenheadbutt"],"nature":"Jolly","evs":{"hp":0,"atk":252,"def":0,"spa":0,"spd":4,"spe":252},"ivs":{"hp":31,"atk":31,"def":31,"spa":31,"spd":31,"spe":31}},{"name":"Glalie","species":"Glalie","item":"glalitite","ability":"Inner Focus","moves":["iceshard","frustration","crunch","explosion"],"nature":"Adamant","evs":{"hp":248,"atk":252,"def":0,"spa":0,"spd":8,"spe":0},"happiness":0,"ivs":{"hp":31,"atk":31,"def":31,"spa":31,"spd":31,"spe":31}},{"name":"Mamoswine","species":"Mamoswine","item":"focussash","ability":"Thick Fat","moves":["earthquake","stealthrock","avalanche","knockoff"],"nature":"Adamant","evs":{"hp":248,"atk":252,"def":0,"spa":0,"spd":8,"spe":0},"ivs":{"hp":31,"atk":31,"def":31,"spa":31,"spd":31,"spe":31}},{"name":"Weavile","species":"Weavile","item":"choicescarf","ability":"Pressure","moves":["knockoff","lowkick","iciclecrash","iceshard"],"nature":"Jolly","evs":{"hp":0,"atk":252,"def":0,"spa":0,"spd":4,"spe":252},"ivs":{"hp":31,"atk":31,"def":31,"spa":31,"spd":31,"spe":31}},{"name":"Rotom-Frost","species":"Rotom-Frost","item":"leftovers","ability":"Levitate","moves":["willowisp","voltswitch","blizzard","painsplit"],"nature":"Calm","evs":{"hp":252,"atk":0,"def":0,"spa":4,"spd":252,"spe":0},"ivs":{"hp":31,"atk":31,"def":31,"spa":31,"spd":31,"spe":31}}],"p2team":[{"name":"Autozone","species":"magnezone","item":"lifeorb","ability":"Magnet Pull","moves":["hiddenpowerfire","thunder","flashcannon","voltswitch"],"nature":"Serious","evs":{"hp":252,"atk":0,"def":4,"spa":252,"spd":0,"spe":0},"ivs":{"hp":31,"atk":30,"def":31,"spa":30,"spd":31,"spe":30}},{"name":"Icarus 2.0","species":"skarmory","item":"leftovers","ability":"Sturdy","moves":["defog","bravebird","stealthrock","toxic"],"nature":"Impish","evs":{"hp":252,"atk":0,"def":232,"spa":0,"spd":0,"spe":24},"ivs":{"hp":31,"atk":31,"def":31,"spa":31,"spd":31,"spe":31}},{"name":"Hephaestus","species":"heatran","item":"airballoon","ability":"Flash Fire","moves":["earthpower","magmastorm","dragonpulse","flashcannon"],"nature":"Modest","evs":{"hp":248,"atk":0,"def":0,"spa":252,"spd":8,"spe":0},"ivs":{"hp":31,"atk":31,"def":31,"spa":31,"spd":31,"spe":31}},{"name":"Bisharp","species":"Bisharp","item":"focussash","ability":"Defiant","moves":["swordsdance","psychocut","brickbreak","nightslash"],"nature":"Adamant","evs":{"hp":248,"atk":252,"def":0,"spa":0,"spd":8,"spe":0},"ivs":{"hp":31,"atk":31,"def":31,"spa":31,"spd":31,"spe":31}},{"name":"Anubis","species":"lucario","item":"choiceband","ability":"Justified","moves":["bulletpunch","drainpunch","crunch","icepunch"],"nature":"Adamant","evs":{"hp":200,"atk":252,"def":0,"spa":0,"spd":0,"spe":56},"ivs":{"hp":31,"atk":31,"def":31,"spa":31,"spd":31,"spe":31}},{"name":"Altair","species":"jirachi","item":"choicescarf","ability":"Serene Grace","moves":["ironhead","zenheadbutt","drainpunch","trick"],"nature":"Adamant","evs":{"hp":0,"atk":252,"def":0,"spa":0,"spd":4,"spe":252},"ivs":{"hp":31,"atk":31,"def":31,"spa":31,"spd":31,"spe":31}}],"log":["|player|p1|Void Who|voidwho.gif","|player|p2|GTX♅Wild|65","|gametype|singles","|gen|6","|tier|Monotype","|rated","|rule|Baton Pass Clause: Limit one Baton Passer, can't pass Spe and other stats simultaneously","|rule|Swagger Clause: Swagger is banned","|rule|Same Type Clause: Pokémon in a team must share a type","|clearpoke","|poke|p1|Avalugg, F","|poke|p1|Kyurem-Black","|poke|p1|Glalie, F","|poke|p1|Mamoswine, M","|poke|p1|Weavile, F","|poke|p1|Rotom-Frost","|poke|p2|Magnezone","|poke|p2|Skarmory, M","|poke|p2|Heatran, F","|poke|p2|Bisharp, F","|poke|p2|Lucario, F","|poke|p2|Jirachi","|rule|Sleep Clause Mod: Limit one foe put to sleep","|rule|Species Clause: Limit one of each Pokémon","|rule|OHKO Clause: OHKO moves are banned","|rule|Moody Clause: Moody is banned","|rule|Evasion Moves Clause: Evasion moves are banned","|rule|Endless Battle Clause: Forcing endless battles is banned","|rule|HP Percentage Mod: HP is shown in percentages","|teampreview","|","|start","|switch|p1a: Rotom-Frost|Rotom-Frost|304/304","|switch|p2a: Hephaestus|Heatran, F|385/385","|-item|p2a: Hephaestus|Air Balloon","|turn|1","|","|move|p1a: Rotom-Frost|Volt Switch|p2a: Hephaestus","|-damage|p2a: Hephaestus|306/385","|-enditem|p2a: Hephaestus|Air Balloon","|","|switch|p1a: Mamoswine|Mamoswine, M|423/423","|move|p2a: Hephaestus|Magma Storm|p1a: Mamoswine|[miss]","|-miss|p2a: Hephaestus|p1a: Mamoswine","|","|turn|2","|","|switch|p2a: Icarus 2.0|Skarmory, M|334/334","|move|p1a: Mamoswine|Stealth Rock|p2a: Icarus 2.0","|-sidestart|p2: GTX♅Wild|move: Stealth Rock","|","|turn|3","|","|move|p1a: Mamoswine|Knock Off|p2a: Icarus 2.0","|-damage|p2a: Icarus 2.0|257/334","|-enditem|p2a: Icarus 2.0|Leftovers|[from] move: Knock Off|[of] p1a: Mamoswine","|move|p2a: Icarus 2.0|Toxic|p1a: Mamoswine|[miss]","|-miss|p2a: Icarus 2.0|p1a: Mamoswine","|","|turn|4","|","|switch|p1a: Rotom-Frost|Rotom-Frost|304/304","|move|p2a: Icarus 2.0|Toxic|p1a: Rotom-Frost","|-status|p1a: Rotom-Frost|tox","|","|-damage|p1a: Rotom-Frost|285/304 tox|[from] psn","|turn|5","|","|switch|p2a: Hephaestus|Heatran, F|306/385","|-damage|p2a: Hephaestus|258/385|[from] Stealth Rock","|move|p1a: Rotom-Frost|Volt Switch|p2a: Hephaestus","|-damage|p2a: Hephaestus|180/385","|","|switch|p1a: Mamoswine|Mamoswine, M|423/423","|","|turn|6","|","|switch|p2a: Icarus 2.0|Skarmory, M|257/334","|-damage|p2a: Icarus 2.0|216/334|[from] Stealth Rock","|move|p1a: Mamoswine|Earthquake|p2a: Icarus 2.0","|-immune|p2a: Icarus 2.0|[msg]","|","|turn|7","|","|switch|p1a: Rotom-Frost|Rotom-Frost|285/304 tox","|move|p2a: Icarus 2.0|Defog|p1a: Rotom-Frost","|-unboost|p1a: Rotom-Frost|evasion|1","|-sideend|p2: GTX♅Wild|Stealth Rock|[from] move: Defog|[of] p2a: Icarus 2.0","|","|-heal|p1a: Rotom-Frost|304/304 tox|[from] item: Leftovers","|-damage|p1a: Rotom-Frost|285/304 tox|[from] psn","|turn|8","|","|switch|p2a: Anubis|Lucario, F|331/331","|move|p1a: Rotom-Frost|Volt Switch|p2a: Anubis","|-damage|p2a: Anubis|213/331","|","|switch|p1a: Mamoswine|Mamoswine, M|423/423","|","|turn|9","|","|move|p2a: Anubis|Drain Punch|p1a: Mamoswine","|-supereffective|p1a: Mamoswine","|-enditem|p1a: Mamoswine|Focus Sash","|-damage|p1a: Mamoswine|1/423","|-heal|p2a: Anubis|331/331|[from] drain|[of] p1a: Mamoswine","|move|p1a: Mamoswine|Stealth Rock|p2a: Anubis","|-sidestart|p2: GTX♅Wild|move: Stealth Rock","|","|turn|10","|","|switch|p1a: Avalugg|Avalugg, F|394/394","|move|p2a: Anubis|Drain Punch|p1a: Avalugg","|-supereffective|p1a: Avalugg","|-damage|p1a: Avalugg|202/394","|","|-heal|p1a: Avalugg|226/394|[from] item: Leftovers","|turn|11","|","|move|p2a: Anubis|Drain Punch|p1a: Avalugg","|-supereffective|p1a: Avalugg","|-damage|p1a: Avalugg|52/394","|move|p1a: Avalugg|Recover|p1a: Avalugg","|-heal|p1a: Avalugg|249/394","|","|-heal|p1a: Avalugg|273/394|[from] item: Leftovers","|turn|12","|","|move|p2a: Anubis|Drain Punch|p1a: Avalugg","|-supereffective|p1a: Avalugg","|-damage|p1a: Avalugg|103/394","|move|p1a: Avalugg|Recover|p1a: Avalugg","|-heal|p1a: Avalugg|300/394","|","|-heal|p1a: Avalugg|324/394|[from] item: Leftovers","|turn|13","|","|switch|p2a: Icarus 2.0|Skarmory, M|216/334","|-damage|p2a: Icarus 2.0|175/334|[from] Stealth Rock","|move|p1a: Avalugg|Recover|p1a: Avalugg","|-heal|p1a: Avalugg|394/394","|","|turn|14","|","|switch|p1a: Rotom-Frost|Rotom-Frost|285/304 tox","|move|p2a: Icarus 2.0|Defog|p1a: Rotom-Frost","|-unboost|p1a: Rotom-Frost|evasion|1","|-sideend|p2: GTX♅Wild|Stealth Rock|[from] move: Defog|[of] p2a: Icarus 2.0","|","|-heal|p1a: Rotom-Frost|304/304 tox|[from] item: Leftovers","|-damage|p1a: Rotom-Frost|285/304 tox|[from] psn","|turn|15","|","|switch|p2a: Autozone|Magnezone|344/344","|move|p1a: Rotom-Frost|Volt Switch|p2a: Autozone","|-resisted|p2a: Autozone","|-damage|p2a: Autozone|295/344","|","|switch|p1a: Avalugg|Avalugg, F|394/394","|","|turn|16","|","|move|p2a: Autozone|Hidden Power|p1a: Avalugg","|-supereffective|p1a: Avalugg","|-damage|p1a: Avalugg|48/394","|-damage|p2a: Autozone|261/344|[from] item: Life Orb","|move|p1a: Avalugg|Mirror Coat|p2a: Autozone","|-damage|p2a: Autozone|0 fnt","|faint|p2a: Autozone","|","|-heal|p1a: Avalugg|72/394|[from] item: Leftovers","|","|switch|p2a: Bisharp|Bisharp, F|333/333","|turn|17","|","|move|p2a: Bisharp|Swords Dance|p2a: Bisharp","|-boost|p2a: Bisharp|atk|2","|move|p1a: Avalugg|Recover|p1a: Avalugg","|-heal|p1a: Avalugg|269/394","|","|-heal|p1a: Avalugg|293/394|[from] item: Leftovers","|turn|18","|","|move|p2a: Bisharp|Brick Break|p1a: Avalugg","|-supereffective|p1a: Avalugg","|-damage|p1a: Avalugg|105/394","|move|p1a: Avalugg|Avalanche|p2a: Bisharp","|-resisted|p2a: Bisharp","|-damage|p2a: Bisharp|249/333","|","|-heal|p1a: Avalugg|129/394|[from] item: Leftovers","|turn|19","|","|switch|p1a: Mamoswine|Mamoswine, M|1/423","|move|p2a: Bisharp|Brick Break|p1a: Mamoswine","|-supereffective|p1a: Mamoswine","|-damage|p1a: Mamoswine|0 fnt","|faint|p1a: Mamoswine","|","|","|switch|p1a: Weavile|Weavile, F|281/281","|-ability|p1a: Weavile|Pressure","|turn|20","|player|p2","|player|p2|GTX♅Wild|65","|","|move|p1a: Weavile|Low Kick|p2a: Bisharp","|-crit|p2a: Bisharp","|-supereffective|p2a: Bisharp","|-damage|p2a: Bisharp|0 fnt","|faint|p2a: Bisharp","|","|","|switch|p2a: Altair|Jirachi|341/341","|turn|21","|","|switch|p1a: Rotom-Frost|Rotom-Frost|285/304 tox","|move|p2a: Altair|Drain Punch|p1a: Rotom-Frost","|-supereffective|p1a: Rotom-Frost","|-damage|p1a: Rotom-Frost|121/304 tox","|","|-heal|p1a: Rotom-Frost|140/304 tox|[from] item: Leftovers","|-damage|p1a: Rotom-Frost|121/304 tox|[from] psn","|turn|22","|","|move|p2a: Altair|Drain Punch|p1a: Rotom-Frost","|-supereffective|p1a: Rotom-Frost","|-damage|p1a: Rotom-Frost|0 fnt","|faint|p1a: Rotom-Frost","|","|","|switch|p1a: Glalie|Glalie, F|363/363","|turn|23","|","|detailschange|p1a: Glalie|Glalie-Mega, F","|-mega|p1a: Glalie|Glalie|Glalitite","|move|p2a: Altair|Drain Punch|p1a: Glalie","|-supereffective|p1a: Glalie","|-damage|p1a: Glalie|163/363","|move|p1a: Glalie|Crunch|p2a: Altair","|-supereffective|p2a: Altair","|-damage|p2a: Altair|131/341","|","|turn|24","|","|move|p2a: Altair|Drain Punch|p1a: Glalie","|-supereffective|p1a: Glalie","|-damage|p1a: Glalie|0 fnt","|-heal|p2a: Altair|213/341|[from] drain|[of] p1a: Glalie","|faint|p1a: Glalie","|","|","|switch|p1a: Weavile|Weavile, F|281/281","|-ability|p1a: Weavile|Pressure","|turn|25","|","|move|p1a: Weavile|Knock Off|p2a: Altair","|-supereffective|p2a: Altair","|-damage|p2a: Altair|0 fnt","|-enditem|p2a: Altair|Choice Scarf|[from] move: Knock Off|[of] p1a: Weavile","|faint|p2a: Altair","|","|","|switch|p2a: Anubis|Lucario, F|331/331","|turn|26","|","|switch|p1a: Avalugg|Avalugg, F|129/394","|move|p2a: Anubis|Drain Punch|p1a: Avalugg","|-supereffective|p1a: Avalugg","|-damage|p1a: Avalugg|0 fnt","|faint|p1a: Avalugg","|","|","|switch|p1a: Kyurem-Black|Kyurem-Black|391/391","|-ability|p1a: Kyurem-Black|Teravolt","|turn|27","|","|switch|p2a: Hephaestus|Heatran, F|180/385","|move|p1a: Kyurem-Black|Dragon Claw|p2a: Hephaestus","|-crit|p2a: Hephaestus","|-resisted|p2a: Hephaestus","|-damage|p2a: Hephaestus|66/385","|","|turn|28","|","|move|p1a: Kyurem-Black|Dragon Claw|p2a: Hephaestus","|-resisted|p2a: Hephaestus","|-damage|p2a: Hephaestus|0 fnt","|faint|p2a: Hephaestus","|","|","|switch|p2a: Icarus 2.0|Skarmory, M|175/334","|turn|29","|","|move|p1a: Kyurem-Black|Dragon Claw|p2a: Icarus 2.0","|-crit|p2a: Icarus 2.0","|-resisted|p2a: Icarus 2.0","|-damage|p2a: Icarus 2.0|105/334","|move|p2a: Icarus 2.0|Toxic|p1a: Kyurem-Black|[miss]","|-miss|p2a: Icarus 2.0|p1a: Kyurem-Black","|","|turn|30","|","|move|p1a: Kyurem-Black|Dragon Claw|p2a: Icarus 2.0","|-resisted|p2a: Icarus 2.0","|-damage|p2a: Icarus 2.0|55/334","|move|p2a: Icarus 2.0|Toxic|p1a: Kyurem-Black","|-status|p1a: Kyurem-Black|tox","|","|-damage|p1a: Kyurem-Black|367/391 tox|[from] psn","|turn|31","|","|move|p1a: Kyurem-Black|Dragon Claw|p2a: Icarus 2.0","|-resisted|p2a: Icarus 2.0","|-damage|p2a: Icarus 2.0|7/334","|move|p2a: Icarus 2.0|Brave Bird|p1a: Kyurem-Black","|-damage|p1a: Kyurem-Black|250/391 tox","|-damage|p2a: Icarus 2.0|0 fnt|[from] recoil|[of] p1a: Kyurem-Black","|faint|p2a: Icarus 2.0","|","|-damage|p1a: Kyurem-Black|202/391 tox|[from] psn","|","|switch|p2a: Anubis|Lucario, F|331/331","|turn|32","|","|move|p1a: Kyurem-Black|Dragon Claw|p2a: Anubis","|-resisted|p2a: Anubis","|-damage|p2a: Anubis|209/331","|move|p2a: Anubis|Drain Punch|p1a: Kyurem-Black","|-supereffective|p1a: Kyurem-Black","|-damage|p1a: Kyurem-Black|0 fnt","|-heal|p2a: Anubis|310/331|[from] drain|[of] p1a: Kyurem-Black","|faint|p1a: Kyurem-Black","|","|","|switch|p1a: Weavile|Weavile, F|281/281","|-ability|p1a: Weavile|Pressure","|turn|33","|","|move|p1a: Weavile|Low Kick|p2a: Anubis","|-supereffective|p2a: Anubis","|-damage|p2a: Anubis|72/331","|move|p2a: Anubis|Drain Punch|p1a: Weavile","|-supereffective|p1a: Weavile","|-damage|p1a: Weavile|0 fnt","|-heal|p2a: Anubis|213/331|[from] drain|[of] p1a: Weavile","|faint|p1a: Weavile","|","|win|GTX♅Wild"],"p1rating":{"entryid":"114352","serverid":"eos","formatid":"monotype","userid":"voidwho","username":"Void Who","w":"26","l":31,"t":"0","gxe":45.5,"r":"1460.633948458","rd":"48.120933514105","sigma":"0","rptime":"1441098000","rpr":1466.0918803389,"rprd":46.915205090517,"rpsigma":"0","acre":1090.429286353,"lacre":1090.429286353,"oldacre":"1116.7528964604"},"p2rating":{"entryid":"670822","serverid":"eos","formatid":"monotype","userid":"gtxwild","username":"GTX♅Wild","w":10,"l":"10","t":"0","gxe":47.1,"r":"1474.2148893471","rd":"77.339725102911","sigma":"0","rptime":"1441098000","rpr":1477.7341838036,"rprd":69.883552660291,"rpsigma":"0","acre":1124.9265594258,"lacre":1124.9265594258,"oldacre":"1098.3409098678"},"endType":"normal"}