{"seed":[39840,23196,50304,3523],"turns":32,"p1":"Imp Whatever","p2":"Knight Loli","p1team":[{"name":"Swampert","species":"Swampert","item":"quickclaw","ability":"Torrent","moves":["earthquake","waterfall","icepunch","ancientpower"],"nature":"Brave","evs":{"hp":148,"atk":116,"def":132,"spa":0,"spd":112,"spe":0},"gender":"M","ivs":{"hp":31,"atk":31,"def":31,"spa":31,"spd":31,"spe":31}},{"name":"Ludicolo","species":"Ludicolo","item":"leftovers","ability":"Swift Swim","moves":["surf","gigadrain","focusblast","icebeam"],"nature":"Modest","evs":{"hp":76,"atk":0,"def":96,"spa":136,"spd":100,"spe":100},"gender":"M","ivs":{"hp":31,"atk":31,"def":31,"spa":31,"spd":31,"spe":31}},{"name":"Sharpedo","species":"Sharpedo","item":"sharpedonite","ability":"Speed Boost","moves":["protect","waterfall","crunch","icefang"],"nature":"Hasty","evs":{"hp":52,"atk":172,"def":84,"spa":0,"spd":84,"spe":116},"gender":"M","ivs":{"hp":31,"atk":31,"def":31,"spa":31,"spd":31,"spe":31}},{"name":"Tentacruel","species":"Tentacruel","item":"airballoon","ability":"Rain Dish","moves":["icebeam","confuseray","sludgewave","attract"],"nature":"Modest","evs":{"hp":120,"atk":0,"def":72,"spa":100,"spd":148,"spe":68},"gender":"F","ivs":{"hp":31,"atk":31,"def":31,"spa":31,"spd":31,"spe":31}},{"name":"Politoed","species":"Politoed","item":"leftovers","ability":"Drizzle","moves":["toxic","attract","protect","scald"],"nature":"Calm","evs":{"hp":108,"atk":0,"def":124,"spa":124,"spd":152,"spe":0},"ivs":{"hp":31,"atk":31,"def":31,"spa":31,"spd":31,"spe":31}},{"name":"Mantine","species":"Mantine","item":"leftovers","ability":"Swift Swim","moves":["mudsport","icebeam","airslash","scald"],"nature":"","evs":{"hp":116,"atk":0,"def":72,"spa":128,"spd":92,"spe":100},"ivs":{"hp":31,"atk":31,"def":31,"spa":31,"spd":31,"spe":31}}],"p2team":[{"name":"Shedinja","species":"Shedinja","item":"focussash","ability":"Wonder Guard","moves":["protect","shadowsneak","willowisp","swordsdance"],"nature":"Jolly","evs":{"hp":0,"atk":252,"def":4,"spa":0,"spd":0,"spe":252},"ivs":{"hp":31,"atk":31,"def":31,"spa":31,"spd":31,"spe":31}},{"name":"Sableye","species":"Sableye","item":"sablenite","ability":"Prankster","moves":["willowisp","recover","dazzlinggleam","calmmind"],"nature":"Bold","evs":{"hp":252,"atk":0,"def":0,"spa":0,"spd":0,"spe":0},"ivs":{"hp":31,"atk":0,"def":31,"spa":31,"spd":31,"spe":31}},{"name":"Golurk","species":"Golurk","item":"focussash","ability":"No Guard","moves":["earthquake","fly","dynamicpunch","stealthrock"],"nature":"Adamant","evs":{"hp":248,"atk":252,"def":0,"spa":0,"spd":8,"spe":0},"ivs":{"hp":31,"atk":31,"def":31,"spa":31,"spd":31,"spe":31}},{"name":"Drifblim","species":"Drifblim","item":"weaknesspolicy","ability":"Unburden","moves":["stockpile","batonpass","defog","destinybond"],"nature":"Timid","evs":{"hp":248,"atk":0,"def":0,"spa":0,"spd":8,"spe":252},"ivs":{"hp":31,"atk":0,"def":31,"spa":31,"spd":31,"spe":31}},{"name":"Aegislash","species":"Aegislash","item":"weaknesspolicy","ability":"Stance Change","moves":["swordsdance","kingsshield","shadowsneak","gyroball"],"nature":"Brave","evs":{"hp":248,"atk":252,"def":0,"spa":0,"spd":8,"spe":0},"ivs":{"hp":31,"atk":31,"def":31,"spa":31,"spd":31,"spe":0}},{"name":"Chandelure","species":"Chandelure","item":"choicespecs","ability":"Flash Fire","moves":["flamethrower","shadowball","energyball","hiddenpowerice"],"nature":"Modest","evs":{"hp":248,"atk":0,"def":0,"spa":252,"spd":8,"spe":0},"ivs":{"hp":31,"atk":30,"def":31,"spa":30,"spd":31,"spe":31}}],"log":["|player|p1|Imp Whatever|291","|player|p2|Knight Loli|23","|gametype|singles","|gen|6","|tier|Monotype","|rated","|rule|Baton Pass Clause: Limit one Baton Passer, can't pass Spe and other stats simultaneously","|rule|Swagger Clause: Swagger is banned","|rule|Same Type Clause: Pokémon in a team must share a type","|clearpoke","|poke|p1|Swampert, M","|poke|p1|Ludicolo, M","|poke|p1|Sharpedo, M","|poke|p1|Tentacruel, F","|poke|p1|Politoed, F","|poke|p1|Mantine, F","|poke|p2|Shedinja","|poke|p2|Sableye, M","|poke|p2|Golurk","|poke|p2|Drifblim, F","|poke|p2|Aegislash, M","|poke|p2|Chandelure, M","|rule|Sleep Clause Mod: Limit one foe put to sleep","|rule|Species Clause: Limit one of each Pokémon","|rule|OHKO Clause: OHKO moves are banned","|rule|Moody Clause: Moody is banned","|rule|Evasion Moves Clause: Evasion moves are banned","|rule|Endless Battle Clause: Forcing endless battles is banned","|rule|HP Percentage Mod: HP is shown in percentages","|teampreview","|","|start","|switch|p1a: Politoed|Politoed, F|348/348","|switch|p2a: Sableye|Sableye, M|304/304","|-weather|RainDance","|turn|1","|","|detailschange|p2a: Sableye|Sableye-Mega, M","|-mega|p2a: Sableye|Sableye|Sablenite","|move|p2a: Sableye|Will-O-Wisp|p1a: Politoed","|-status|p1a: Politoed|brn","|move|p1a: Politoed|Scald|p2a: Sableye","|-damage|p2a: Sableye|174/304","|","|-weather|RainDance|[upkeep]","|-damage|p1a: Politoed|305/348 brn|[from] brn","|turn|2","|","|switch|p2a: Shedinja|Shedinja|1/1","|move|p1a: Politoed|Attract|p2a: Shedinja","|-fail|p2a: Shedinja","|","|-weather|RainDance|[upkeep]","|-heal|p1a: Politoed|326/348 brn|[from] item: Leftovers","|-damage|p1a: Politoed|283/348 brn|[from] brn","|turn|3","|","|switch|p1a: Ludicolo|Ludicolo, M|320/320","|move|p2a: Shedinja|Protect|p2a: Shedinja","|-fail|p2a: Shedinja","|","|-weather|RainDance|[upkeep]","|turn|4","|","|switch|p1a: Sharpedo|Sharpedo, M|294/294","|switch|p2a: Sableye|Sableye-Mega, M|174/304","|","|-weather|RainDance|[upkeep]","|turn|5","|","|move|p1a: Sharpedo|Protect|p1a: Sharpedo","|-singleturn|p1a: Sharpedo|Protect","|move|p2a: Sableye|Will-O-Wisp|p1a: Sharpedo","|-activate|p1a: Sharpedo|Protect","|","|-weather|none","|-boost|p1a: Sharpedo|spe|1|[from] ability: Speed Boost","|turn|6","|","|switch|p2a: Drifblim|Drifblim, F|503/503","|detailschange|p1a: Sharpedo|Sharpedo-Mega, M","|-mega|p1a: Sharpedo|Sharpedo|Sharpedonite","|move|p1a: Sharpedo|Waterfall|p2a: Drifblim","|-damage|p2a: Drifblim|218/503","|","|turn|7","|","|move|p1a: Sharpedo|Crunch|p2a: Drifblim","|-supereffective|p2a: Drifblim","|-damage|p2a: Drifblim|0 fnt","|faint|p2a: Drifblim","|","|","|switch|p2a: Shedinja|Shedinja|1/1","|turn|8","|","|move|p1a: Sharpedo|Crunch|p2a: Shedinja","|-supereffective|p2a: Shedinja","|-enditem|p2a: Shedinja|Focus Sash","|-damage|p2a: Shedinja|1/1","|-unboost|p2a: Shedinja|def|1","|move|p2a: Shedinja|Will-O-Wisp|p1a: Sharpedo","|-status|p1a: Sharpedo|brn","|","|-damage|p1a: Sharpedo|258/294 brn|[from] brn","|turn|9","|","|switch|p2a: Aegislash|Aegislash, M|323/323","|move|p1a: Sharpedo|Crunch|p2a: Aegislash","|-supereffective|p2a: Aegislash","|-damage|p2a: Aegislash|160/323","|-enditem|p2a: Aegislash|Weakness Policy","|-boost|p2a: Aegislash|atk|2|[from] item: Weakness Policy","|-boost|p2a: Aegislash|spa|2|[from] item: Weakness Policy","|-unboost|p2a: Aegislash|def|1","|","|-damage|p1a: Sharpedo|222/294 brn|[from] brn","|turn|10","|","|move|p2a: Aegislash|King's Shield|p2a: Aegislash","|-singleturn|p2a: Aegislash|Protect","|move|p1a: Sharpedo|Crunch|p2a: Aegislash","|-activate|p2a: Aegislash|Protect","|-unboost|p1a: Sharpedo|atk|2","|","|-damage|p1a: Sharpedo|186/294 brn|[from] brn","|turn|11","|","|move|p1a: Sharpedo|Crunch|p2a: Aegislash","|-supereffective|p2a: Aegislash","|-damage|p2a: Aegislash|55/323","|move|p2a: Aegislash|Swords Dance|p2a: Aegislash","|-boost|p2a: Aegislash|atk|2","|","|-damage|p1a: Sharpedo|150/294 brn|[from] brn","|turn|12","|","|-formechange|p2a: Aegislash|Aegislash-Blade","|move|p2a: Aegislash|Shadow Sneak|p1a: Sharpedo","|-resisted|p1a: Sharpedo","|-damage|p1a: Sharpedo|0 fnt","|faint|p1a: Sharpedo","|","|","|switch|p1a: Politoed|Politoed, F|283/348 brn","|-weather|RainDance","|turn|13","|","|move|p2a: Aegislash|Shadow Sneak|p1a: Politoed","|-damage|p1a: Politoed|0 fnt","|faint|p1a: Politoed","|","|-weather|RainDance|[upkeep]","|","|switch|p1a: Ludicolo|Ludicolo, M|320/320","|turn|14","|","|move|p2a: Aegislash|Shadow Sneak|p1a: Ludicolo","|-damage|p1a: Ludicolo|0 fnt","|faint|p1a: Ludicolo","|","|-weather|RainDance|[upkeep]","|","|switch|p1a: Mantine|Mantine, F|300/300","|turn|15","|","|move|p2a: Aegislash|Shadow Sneak|p1a: Mantine","|-damage|p1a: Mantine|9/300","|move|p1a: Mantine|Scald|p2a: Aegislash","|-damage|p2a: Aegislash|0 fnt","|faint|p2a: Aegislash","|","|-weather|RainDance|[upkeep]","|-heal|p1a: Mantine|27/300|[from] item: Leftovers","|","|switch|p2a: Shedinja|Shedinja|1/1","|turn|16","|","|move|p2a: Shedinja|Shadow Sneak|p1a: Mantine","|-damage|p1a: Mantine|0 fnt","|faint|p1a: Mantine","|","|-weather|RainDance|[upkeep]","|","|switch|p1a: Tentacruel|Tentacruel, F|331/331","|-item|p1a: Tentacruel|Air Balloon","|turn|17","|","|move|p2a: Shedinja|Protect|p2a: Shedinja","|-singleturn|p2a: Shedinja|Protect","|move|p1a: Tentacruel|Confuse Ray|p2a: Shedinja","|-activate|p2a: Shedinja|Protect","|","|-weather|none","|turn|18","|","|switch|p2a: Sableye|Sableye-Mega, M|174/304","|move|p1a: Tentacruel|Confuse Ray|p2a: Sableye","|move|p2a: Sableye|Confuse Ray|p1a: Tentacruel|[from]Magic Bounce","|-start|p1a: Tentacruel|confusion","|","|turn|19","|","|-activate|p1a: Tentacruel|confusion","|-damage|p1a: Tentacruel|305/331|[from] confusion","|move|p2a: Sableye|Calm Mind|p2a: Sableye","|-boost|p2a: Sableye|spa|1","|-boost|p2a: Sableye|spd|1","|","|turn|20","|","|-activate|p1a: Tentacruel|confusion","|move|p1a: Tentacruel|Sludge Wave|p2a: Sableye","|-resisted|p2a: Sableye","|-damage|p2a: Sableye|140/304","|move|p2a: Sableye|Will-O-Wisp|p1a: Tentacruel","|-status|p1a: Tentacruel|brn","|","|-damage|p1a: Tentacruel|264/331 brn|[from] brn","|turn|21","|","|-end|p1a: Tentacruel|confusion","|move|p1a: Tentacruel|Ice Beam|p2a: Sableye","|-damage|p2a: Sableye|97/304","|move|p2a: Sableye|Recover|p2a: Sableye","|-heal|p2a: Sableye|249/304","|","|-damage|p1a: Tentacruel|223/331 brn|[from] brn","|turn|22","|","|move|p1a: Tentacruel|Attract|p2a: Sableye","|move|p2a: Sableye|Attract|p1a: Tentacruel|[from]Magic Bounce","|-start|p1a: Tentacruel|Attract","|move|p2a: Sableye|Calm Mind|p2a: Sableye","|-boost|p2a: Sableye|spa|1","|-boost|p2a: Sableye|spd|1","|","|-damage|p1a: Tentacruel|182/331 brn|[from] brn","|turn|23","|","|-activate|p1a: Tentacruel|Attract|[of] p2a: Sableye","|cant|p1a: Tentacruel|Attract","|move|p2a: Sableye|Calm Mind|p2a: Sableye","|-boost|p2a: Sableye|spa|1","|-boost|p2a: Sableye|spd|1","|","|-damage|p1a: Tentacruel|141/331 brn|[from] brn","|turn|24","|","|-activate|p1a: Tentacruel|Attract|[of] p2a: Sableye","|cant|p1a: Tentacruel|Attract","|move|p2a: Sableye|Dazzling Gleam|p1a: Tentacruel","|-resisted|p1a: Tentacruel","|-damage|p1a: Tentacruel|94/331 brn","|-enditem|p1a: Tentacruel|Air Balloon","|","|-damage|p1a: Tentacruel|53/331 brn|[from] brn","|turn|25","|","|-activate|p1a: Tentacruel|Attract|[of] p2a: Sableye","|move|p1a: Tentacruel|Ice Beam|p2a: Sableye","|-damage|p2a: Sableye|224/304","|move|p2a: Sableye|Calm Mind|p2a: Sableye","|-boost|p2a: Sableye|spa|1","|-boost|p2a: Sableye|spd|1","|","|-damage|p1a: Tentacruel|12/331 brn|[from] brn","|turn|26","|","|-activate|p1a: Tentacruel|Attract|[of] p2a: Sableye","|cant|p1a: Tentacruel|Attract","|move|p2a: Sableye|Recover|p2a: Sableye","|-heal|p2a: Sableye|304/304","|","|-damage|p1a: Tentacruel|0 fnt|[from] brn","|faint|p1a: Tentacruel","|","|switch|p1a: Swampert|Swampert, M|378/378","|turn|27","|","|move|p1a: Swampert|Earthquake|p2a: Sableye","|-damage|p2a: Sableye|193/304","|move|p2a: Sableye|Will-O-Wisp|p1a: Swampert|[miss]","|-miss|p2a: Sableye|p1a: Swampert","|","|turn|28","|","|move|p1a: Swampert|Earthquake|p2a: Sableye","|-damage|p2a: Sableye|81/304","|move|p2a: Sableye|Will-O-Wisp|p1a: Swampert","|-status|p1a: Swampert|brn","|","|-damage|p1a: Swampert|331/378 brn|[from] brn","|turn|29","|","|move|p1a: Swampert|Earthquake|p2a: Sableye","|-damage|p2a: Sableye|24/304","|move|p2a: Sableye|Dazzling Gleam|p1a: Swampert","|-damage|p1a: Swampert|182/378 brn","|","|-damage|p1a: Swampert|135/378 brn|[from] brn","|turn|30","|","|move|p1a: Swampert|Earthquake|p2a: Sableye","|-damage|p2a: Sableye|0 fnt","|faint|p2a: Sableye","|","|-damage|p1a: Swampert|88/378 brn|[from] brn","|","|switch|p2a: Shedinja|Shedinja|1/1","|turn|31","|-activate|p1a: Swampert|item: Quick Claw","|","|move|p2a: Shedinja|Protect|p2a: Shedinja","|-singleturn|p2a: Shedinja|Protect","|move|p1a: Swampert|Ancient Power|p2a: Shedinja","|-activate|p2a: Shedinja|Protect","|","|-damage|p1a: Swampert|41/378 brn|[from] brn","|turn|32","|","|move|p2a: Shedinja|Shadow Sneak|p1a: Swampert","|-damage|p1a: Swampert|0 fnt","|faint|p1a: Swampert","|","|win|Knight Loli"],"p1rating":{"entryid":"693707","serverid":"eos","formatid":"monotype","userid":"impwhatever","username":"Imp Whatever","w":"8","l":14,"t":"0","gxe":37.3,"r":"1390.7554856314","rd":"71.911201232994","sigma":"0","rptime":"1441098000","rpr":1400.4384151923,"rprd":67.110467466781,"rpsigma":"0","acre":1043.9991564281,"lacre":1043.9991564281,"oldacre":"1068.1346095191"},"p2rating":{"entryid":732157,"formatid":"monotype","userid":"knightloli","username":"Knight Loli","r":1500,"rd":130,"sigma":0,"rpr":1529.7190084286,"rprd":122.76664684482,"rpsigma":0,"rptime":1441098000,"w":1,"l":0,"t":0,"gxe":53.7,"acre":1047.7452514277,"lacre":1047.7452514277,"oldacre":1000},"endType":"normal"}