{"seed":[35863,48286,28909,47460],"turns":29,"p1":"Marx Bot","p2":"V Photon","p1team":[{"name":"Abomasnow","species":"Abomasnow","item":"focussash","ability":"Snow Warning","moves":["blizzard","gigadrain","iceshard","shadowball"],"nature":"Mild","evs":{"hp":248,"atk":8,"def":0,"spa":252,"spd":0,"spe":0},"ivs":{"hp":31,"atk":31,"def":31,"spa":31,"spd":31,"spe":31}},{"name":"Froslass","species":"Froslass","item":"focussash","ability":"Cursed Body","moves":["destinybond","icebeam","taunt","shadowball"],"nature":"Timid","evs":{"hp":0,"atk":0,"def":0,"spa":252,"spd":4,"spe":252},"ivs":{"hp":31,"atk":31,"def":31,"spa":31,"spd":31,"spe":31}},{"name":"Ice Age","species":"mamoswine","item":"choicescarf","ability":"Thick Fat","moves":["superpower","earthquake","iciclecrash","stoneedge"],"nature":"Jolly","evs":{"hp":0,"atk":252,"def":0,"spa":0,"spd":4,"spe":252},"gender":"M","shiny":true,"ivs":{"hp":31,"atk":31,"def":31,"spa":31,"spd":31,"spe":31}},{"name":"The Titanic","species":"avalugg","item":"rockyhelmet","ability":"Sturdy","moves":["rapidspin","toxic","recover","avalanche"],"nature":"Bold","evs":{"hp":248,"atk":0,"def":252,"spa":0,"spd":8,"spe":0},"gender":"M","shiny":true,"ivs":{"hp":31,"atk":31,"def":31,"spa":31,"spd":31,"spe":31}},{"name":"Kyurem","species":"Kyurem","item":"choicespecs","ability":"Pressure","moves":["dragonpulse","icebeam","shadowball","earthpower"],"nature":"Modest","evs":{"hp":248,"atk":0,"def":0,"spa":252,"spd":8,"spe":0},"ivs":{"hp":31,"atk":31,"def":31,"spa":31,"spd":31,"spe":31}},{"name":"King Kold","species":"rotomfrost","item":"leftovers","ability":"Levitate","moves":["discharge","willowisp","painsplit","charge"],"nature":"Calm","evs":{"hp":248,"atk":0,"def":0,"spa":252,"spd":8,"spe":0},"shiny":true,"ivs":{"hp":31,"atk":31,"def":31,"spa":31,"spd":31,"spe":31}}],"p2team":[{"name":"Stun","species":"venusaur","item":"venusaurite","ability":"Overgrow","moves":["sludgebomb","synthesis","hiddenpowerfire","gigadrain"],"nature":"Quiet","evs":{"hp":68,"atk":0,"def":128,"spa":104,"spd":208,"spe":0},"ivs":{"hp":31,"atk":30,"def":31,"spa":30,"spd":31,"spe":30}},{"name":"Myth","species":"ferrothorn","item":"rockyhelmet","ability":"Iron Barbs","moves":["stealthrock","leechseed","gyroball","toxic"],"nature":"Relaxed","evs":{"hp":252,"atk":0,"def":88,"spa":0,"spd":168,"spe":0},"ivs":{"hp":31,"atk":31,"def":31,"spa":31,"spd":31,"spe":31}},{"name":"Viper","species":"whimsicott","item":"choicespecs","ability":"Infiltrator","moves":["moonblast","shadowball","psychic","hiddenpowerfire"],"nature":"Timid","evs":{"hp":0,"atk":0,"def":0,"spa":252,"spd":4,"spe":252},"ivs":{"hp":31,"atk":30,"def":31,"spa":30,"spd":31,"spe":30}},{"name":"Kray","species":"roserade","item":"choicescarf","ability":"Technician","moves":["extrasensory","hiddenpowerice","energyball","sludgebomb"],"nature":"Timid","evs":{"hp":0,"atk":0,"def":0,"spa":252,"spd":4,"spe":252},"ivs":{"hp":31,"atk":30,"def":30,"spa":31,"spd":31,"spe":31}},{"name":"Neo","species":"shiftry","item":"lifeorb","ability":"Chlorophyll","moves":["knockoff","suckerpunch","rockslide","swordsdance"],"nature":"Adamant","evs":{"hp":0,"atk":252,"def":0,"spa":0,"spd":4,"spe":252},"ivs":{"hp":31,"atk":31,"def":31,"spa":31,"spd":31,"spe":31}},{"name":"Sam","species":"breloom","item":"toxicorb","ability":"Poison Heal","moves":["swordsdance","drainpunch","seedbomb","machpunch"],"nature":"Jolly","evs":{"hp":12,"atk":244,"def":0,"spa":0,"spd":0,"spe":252},"ivs":{"hp":31,"atk":31,"def":31,"spa":31,"spd":31,"spe":31}}],"log":["|player|p1|Marx Bot|238","|player|p2|V Photon|169","|gametype|singles","|gen|6","|tier|Monotype","|rated","|rule|Baton Pass Clause: Limit one Baton Passer, can't pass Spe and other stats simultaneously","|rule|Swagger Clause: Swagger is banned","|rule|Same Type Clause: Pokémon in a team must share a type","|clearpoke","|poke|p1|Abomasnow, M","|poke|p1|Froslass, F","|poke|p1|Mamoswine, M, shiny","|poke|p1|Avalugg, M, shiny","|poke|p1|Kyurem","|poke|p1|Rotom-Frost, shiny","|poke|p2|Venusaur, F","|poke|p2|Ferrothorn, M","|poke|p2|Whimsicott, M","|poke|p2|Roserade, M","|poke|p2|Shiftry, F","|poke|p2|Breloom, M","|rule|Sleep Clause Mod: Limit one foe put to sleep","|rule|Species Clause: Limit one of each Pokémon","|rule|OHKO Clause: OHKO moves are banned","|rule|Moody Clause: Moody is banned","|rule|Evasion Moves Clause: Evasion moves are banned","|rule|Endless Battle Clause: Forcing endless battles is banned","|rule|HP Percentage Mod: HP is shown in percentages","|teampreview","|","|start","|switch|p1a: Ice Age|Mamoswine, M, shiny|361/361","|switch|p2a: Stun|Venusaur, F|318/318","|turn|1","|","|detailschange|p2a: Stun|Venusaur-Mega, F","|-mega|p2a: Stun|Venusaur|Venusaurite","|move|p1a: Ice Age|Icicle Crash|p2a: Stun","|-supereffective|p2a: Stun","|-damage|p2a: Stun|198/318","|move|p2a: Stun|Giga Drain|p1a: Ice Age","|-supereffective|p1a: Ice Age","|-damage|p1a: Ice Age|0 fnt","|-heal|p2a: Stun|318/318|[from] drain|[of] p1a: Ice Age","|faint|p1a: Ice Age","|","|","|switch|p1a: Kyurem|Kyurem|453/453","|-ability|p1a: Kyurem|Pressure","|turn|2","|","|move|p1a: Kyurem|Earth Power|p2a: Stun","|-damage|p2a: Stun|192/318","|move|p2a: Stun|Sludge Bomb|p1a: Kyurem","|-damage|p1a: Kyurem|300/453","|","|turn|3","|","|switch|p1a: Froslass|Froslass, F|281/281","|switch|p2a: Viper|Whimsicott, M|261/261","|","|turn|4","|","|move|p2a: Viper|Shadow Ball|p1a: Froslass","|-supereffective|p1a: Froslass","|-damage|p1a: Froslass|9/281","|move|p1a: Froslass|Ice Beam|p2a: Viper","|-supereffective|p2a: Viper","|-damage|p2a: Viper|0 fnt","|faint|p2a: Viper","|","|","|switch|p2a: Neo|Shiftry, F|321/321","|turn|5","|","|move|p2a: Neo|Sucker Punch|p1a: Froslass","|-fail|p2a: Neo","|move|p1a: Froslass|Destiny Bond|p1a: Froslass","|-singlemove|p1a: Froslass|Destiny Bond","|","|turn|6","|","|switch|p2a: Stun|Venusaur-Mega, F|192/318","|move|p1a: Froslass|Taunt|p2a: Stun","|-start|p2a: Stun|move: Taunt","|","|turn|7","|","|switch|p2a: Myth|Ferrothorn, M|352/352","|move|p1a: Froslass|Destiny Bond|p1a: Froslass","|-singlemove|p1a: Froslass|Destiny Bond","|","|turn|8","|","|switch|p2a: Neo|Shiftry, F|321/321","|move|p1a: Froslass|Taunt|p2a: Neo","|-start|p2a: Neo|move: Taunt","|","|turn|9","|","|move|p2a: Neo|Sucker Punch|p1a: Froslass","|-supereffective|p1a: Froslass","|-damage|p1a: Froslass|0 fnt","|-damage|p2a: Neo|289/321|[from] item: Life Orb","|faint|p1a: Froslass","|","|","|switch|p1a: Abomasnow|Abomasnow, M|383/383","|-weather|Hail","|turn|10","|","|move|p2a: Neo|Rock Slide|p1a: Abomasnow","|-supereffective|p1a: Abomasnow","|-damage|p1a: Abomasnow|71/383","|-damage|p2a: Neo|257/321|[from] item: Life Orb","|cant|p1a: Abomasnow|flinch","|","|-weather|Hail|[upkeep]","|-damage|p2a: Neo|237/321|[from] hail","|-end|p2a: Neo|move: Taunt","|turn|11","|","|switch|p1a: The Titanic|Avalugg, M, shiny|393/393","|move|p2a: Neo|Rock Slide|p1a: The Titanic","|-supereffective|p1a: The Titanic","|-damage|p1a: The Titanic|286/393","|-damage|p2a: Neo|205/321|[from] item: Life Orb","|","|-weather|Hail|[upkeep]","|-damage|p2a: Neo|185/321|[from] hail","|turn|12","|","|move|p2a: Neo|Knock Off|p1a: The Titanic","|-damage|p1a: The Titanic|181/393","|-damage|p2a: Neo|132/321|[from] item: Rocky Helmet|[of] p1a: The Titanic","|-enditem|p1a: The Titanic|Rocky Helmet|[from] move: Knock Off|[of] p2a: Neo","|-damage|p2a: Neo|100/321|[from] item: Life Orb","|move|p1a: The Titanic|Recover|p1a: The Titanic","|-heal|p1a: The Titanic|378/393","|","|-weather|Hail|[upkeep]","|-damage|p2a: Neo|80/321|[from] hail","|turn|13","|","|move|p2a: Neo|Swords Dance|p2a: Neo","|-boost|p2a: Neo|atk|2","|move|p1a: The Titanic|Avalanche|p2a: Neo","|-supereffective|p2a: Neo","|-damage|p2a: Neo|0 fnt","|faint|p2a: Neo","|","|-weather|Hail|[upkeep]","|","|switch|p2a: Stun|Venusaur-Mega, F|192/318","|turn|14","|","|switch|p1a: King Kold|Rotom-Frost, shiny|303/303","|move|p2a: Stun|Synthesis|p2a: Stun","|-heal|p2a: Stun|271/318","|","|-weather|none","|turn|15","|","|move|p1a: King Kold|Will-O-Wisp|p2a: Stun","|-status|p2a: Stun|brn","|move|p2a: Stun|Sludge Bomb|p1a: King Kold","|-damage|p1a: King Kold|174/303","|-status|p1a: King Kold|psn","|","|-heal|p1a: King Kold|192/303 psn|[from] item: Leftovers","|-damage|p1a: King Kold|155/303 psn|[from] psn","|-damage|p2a: Stun|232/318 brn|[from] brn","|turn|16","|","|move|p1a: King Kold|Charge|p1a: King Kold","|-boost|p1a: King Kold|spd|1","|-activate|p1a: King Kold|move: Charge","|move|p2a: Stun|Sludge Bomb|p1a: King Kold","|-damage|p1a: King Kold|67/303 psn","|","|-heal|p1a: King Kold|85/303 psn|[from] item: Leftovers","|-damage|p1a: King Kold|48/303 psn|[from] psn","|-damage|p2a: Stun|193/318 brn|[from] brn","|turn|17","|","|move|p1a: King Kold|Pain Split|p2a: Stun","|-sethp|p2a: Stun|120/318 brn|p1a: King Kold|120/303 psn|[from] move: Pain Split","|move|p2a: Stun|Synthesis|p2a: Stun","|-heal|p2a: Stun|279/318 brn","|","|-heal|p1a: King Kold|138/303 psn|[from] item: Leftovers","|-damage|p1a: King Kold|101/303 psn|[from] psn","|-damage|p2a: Stun|240/318 brn|[from] brn","|turn|18","|","|switch|p2a: Sam|Breloom, M|264/264","|move|p1a: King Kold|Pain Split|p2a: Sam","|-sethp|p2a: Sam|182/264|p1a: King Kold|182/303 psn|[from] move: Pain Split","|","|-heal|p1a: King Kold|200/303 psn|[from] item: Leftovers","|-damage|p1a: King Kold|163/303 psn|[from] psn","|-status|p2a: Sam|tox|[from] item: Toxic Orb","|turn|19","|","|switch|p1a: The Titanic|Avalugg, M, shiny|378/393","|move|p2a: Sam|Drain Punch|p1a: The Titanic","|-supereffective|p1a: The Titanic","|-damage|p1a: The Titanic|256/393","|-heal|p2a: Sam|243/264 tox|[from] drain|[of] p1a: The Titanic","|","|-heal|p2a: Sam|264/264 tox|[from] ability: Poison Heal","|turn|20","|","|move|p2a: Sam|Swords Dance|p2a: Sam","|-boost|p2a: Sam|atk|2","|move|p1a: The Titanic|Recover|p1a: The Titanic","|-heal|p1a: The Titanic|393/393","|","|turn|21","|","|move|p2a: Sam|Drain Punch|p1a: The Titanic","|-supereffective|p1a: The Titanic","|-damage|p1a: The Titanic|159/393","|move|p1a: The Titanic|Avalanche|p2a: Sam","|-supereffective|p2a: Sam","|-damage|p2a: Sam|0 fnt","|faint|p2a: Sam","|","|","|switch|p2a: Kray|Roserade, M|261/261","|turn|22","|","|switch|p1a: King Kold|Rotom-Frost, shiny|163/303 psn","|move|p2a: Kray|Sludge Bomb|p1a: King Kold","|-damage|p1a: King Kold|27/303 psn","|","|-heal|p1a: King Kold|45/303 psn|[from] item: Leftovers","|-damage|p1a: King Kold|8/303 psn|[from] psn","|turn|23","|","|move|p2a: Kray|Sludge Bomb|p1a: King Kold","|-damage|p1a: King Kold|0 fnt","|faint|p1a: King Kold","|","|","|switch|p1a: Kyurem|Kyurem|300/453","|-ability|p1a: Kyurem|Pressure","|turn|24","|","|switch|p2a: Myth|Ferrothorn, M|352/352","|move|p1a: Kyurem|Ice Beam|p2a: Myth","|-damage|p2a: Myth|160/352","|","|turn|25","|","|move|p1a: Kyurem|Ice Beam|p2a: Myth","|-damage|p2a: Myth|0 fnt","|faint|p2a: Myth","|","|","|switch|p2a: Stun|Venusaur-Mega, F|240/318 brn","|turn|26","|","|move|p1a: Kyurem|Ice Beam|p2a: Stun","|-supereffective|p2a: Stun","|-damage|p2a: Stun|42/318 brn","|move|p2a: Stun|Sludge Bomb|p1a: Kyurem","|-damage|p1a: Kyurem|132/453","|","|-damage|p2a: Stun|3/318 brn|[from] brn","|turn|27","|","|switch|p1a: Abomasnow|Abomasnow, M|71/383","|-weather|Hail","|move|p2a: Stun|Sludge Bomb|p1a: Abomasnow","|-supereffective|p1a: Abomasnow","|-damage|p1a: Abomasnow|0 fnt","|faint|p1a: Abomasnow","|","|-weather|Hail|[upkeep]","|-damage|p2a: Stun|0 fnt|[from] hail","|faint|p2a: Stun","|","|switch|p2a: Kray|Roserade, M|261/261","|switch|p1a: Kyurem|Kyurem|132/453","|-ability|p1a: Kyurem|Pressure","|turn|28","|","|move|p2a: Kray|Sludge Bomb|p1a: Kyurem","|-damage|p1a: Kyurem|0 fnt","|faint|p1a: Kyurem","|","|-weather|Hail|[upkeep]","|-damage|p2a: Kray|245/261|[from] hail","|","|switch|p1a: The Titanic|Avalugg, M, shiny|159/393","|turn|29","|","|move|p2a: Kray|Sludge Bomb|p1a: The Titanic","|-damage|p1a: The Titanic|0 fnt","|faint|p1a: The Titanic","|","|win|V Photon"],"p1rating":{"entryid":"79213","serverid":"eos","formatid":"monotype","userid":"marxbot","username":"Marx-Bot","w":"16","l":19,"t":"0","gxe":46.4,"r":"1481.0723028735","rd":"57.371623001163","sigma":"0","rptime":"1441098000","rpr":1472.5917473286,"rprd":56.63349578682,"rpsigma":"0","acre":1094.0354801632,"lacre":1094.0354801632,"oldacre":"1112.5022600029"},"p2rating":{"entryid":"24749","serverid":"eos","formatid":"monotype","userid":"vphoton","username":"V Photon - ⓈⓁⒺⒺⓅ","w":19,"l":"18","t":"0","gxe":52,"r":"1504.2495003069","rd":"58.807597499128","sigma":"0","rptime":"1441098000","rpr":1515.0568239605,"rprd":56.666578604085,"rpsigma":"0","acre":1223.9199004112,"lacre":1223.9199004112,"oldacre":"1205.4531205715"},"endType":"normal"}