{"seed":[54973,64030,21309,47834],"turns":26,"p1":"Void Outkast","p2":"GL ♅ JGT","p1team":[{"name":"Manectric","species":"Manectric","item":"manectite","ability":"Lightning Rod","moves":["thunderbolt","overheat","hiddenpowerice","voltswitch"],"nature":"Timid","evs":{"hp":0,"atk":0,"def":0,"spa":252,"spd":4,"spe":252},"ivs":{"hp":31,"atk":30,"def":30,"spa":31,"spd":31,"spe":31}},{"name":"Luxray","species":"Luxray","item":"choicescarf","ability":"Guts","moves":["wildcharge","icefang","crunch","superpower"],"nature":"Jolly","evs":{"hp":0,"atk":252,"def":0,"spa":0,"spd":4,"spe":252},"ivs":{"hp":31,"atk":31,"def":31,"spa":31,"spd":31,"spe":31}},{"name":"Thundurus","species":"Thundurus","item":"lifeorb","ability":"Prankster","moves":["thunderwave","wildcharge","knockoff","superpower"],"nature":"Jolly","evs":{"hp":0,"atk":252,"def":0,"spa":0,"spd":4,"spe":252},"ivs":{"hp":31,"atk":31,"def":31,"spa":31,"spd":31,"spe":31}},{"name":"Raikou","species":"Raikou","item":"choicespecs","ability":"Pressure","moves":["thunderbolt","hiddenpowerice","voltswitch","extrasensory"],"nature":"Timid","evs":{"hp":4,"atk":0,"def":0,"spa":252,"spd":0,"spe":252},"ivs":{"hp":31,"atk":30,"def":30,"spa":31,"spd":31,"spe":31}},{"name":"Rotom-Wash","species":"Rotom-Wash","item":"leftovers","ability":"Levitate","moves":["voltswitch","hydropump","willowisp","painsplit"],"nature":"Bold","evs":{"hp":248,"atk":0,"def":252,"spa":0,"spd":0,"spe":8},"ivs":{"hp":31,"atk":31,"def":31,"spa":31,"spd":31,"spe":31}},{"name":"Zapdos","species":"Zapdos","item":"leftovers","ability":"Pressure","moves":["thunderbolt","roost","heatwave","defog"],"nature":"Calm","evs":{"hp":248,"atk":0,"def":64,"spa":0,"spd":180,"spe":16},"ivs":{"hp":31,"atk":31,"def":31,"spa":31,"spd":31,"spe":31}}],"p2team":[{"name":"Diggersby","species":"Diggersby","item":"focussash","ability":"Huge Power","moves":["earthquake","knockoff","swordsdance","quickattack"],"nature":"Adamant","evs":{"hp":0,"atk":252,"def":0,"spa":0,"spd":0,"spe":252},"gender":"M","ivs":{"hp":31,"atk":31,"def":31,"spa":31,"spd":31,"spe":31}},{"name":"Lopunny","species":"Lopunny","item":"lopunnite","ability":"Cute Charm","moves":["fakeout","return","highjumpkick","icepunch"],"nature":"Adamant","evs":{"hp":0,"atk":252,"def":0,"spa":0,"spd":0,"spe":252},"gender":"F","ivs":{"hp":31,"atk":31,"def":31,"spa":31,"spd":31,"spe":31}},{"name":"Meloetta","species":"Meloetta","item":"choicescarf","ability":"Serene Grace","moves":["focusblast","psychic","shadowball","thunderbolt"],"nature":"Modest","evs":{"hp":0,"atk":0,"def":0,"spa":252,"spd":4,"spe":252},"ivs":{"hp":31,"atk":31,"def":31,"spa":31,"spd":31,"spe":31}},{"name":"Porygon2","species":"Porygon2","item":"eviolite","ability":"Download","moves":["triattack","icebeam","thunderwave","recover"],"nature":"Modest","evs":{"hp":248,"atk":0,"def":0,"spa":252,"spd":8,"spe":0},"ivs":{"hp":31,"atk":31,"def":31,"spa":31,"spd":31,"spe":31}},{"name":"Snorlax","species":"Snorlax","item":"leftovers","ability":"Immunity","moves":["curse","bodyslam","brickbreak","crunch"],"nature":"Adamant","evs":{"hp":80,"atk":176,"def":252,"spa":0,"spd":0,"spe":0},"gender":"M","shiny":true,"ivs":{"hp":31,"atk":31,"def":31,"spa":31,"spd":31,"spe":31}},{"name":"Staraptor","species":"Staraptor","item":"choiceband","ability":"Intimidate","moves":["closecombat","bravebird","return","uturn"],"nature":"Jolly","evs":{"hp":4,"atk":252,"def":0,"spa":0,"spd":0,"spe":252},"gender":"M","shiny":true,"ivs":{"hp":31,"atk":31,"def":31,"spa":31,"spd":31,"spe":31}}],"log":["|player|p1|Void Outkast|256","|player|p2|GL ♅ JGT|80","|gametype|singles","|gen|6","|tier|Monotype","|rated","|rule|Baton Pass Clause: Limit one Baton Passer, can't pass Spe and other stats simultaneously","|rule|Swagger Clause: Swagger is banned","|rule|Same Type Clause: Pokémon in a team must share a type","|clearpoke","|poke|p1|Manectric, M","|poke|p1|Luxray, F","|poke|p1|Thundurus, M","|poke|p1|Raikou","|poke|p1|Rotom-Wash","|poke|p1|Zapdos","|poke|p2|Diggersby, M","|poke|p2|Lopunny, F","|poke|p2|Meloetta","|poke|p2|Porygon2","|poke|p2|Snorlax, M, shiny","|poke|p2|Staraptor, M, shiny","|rule|Sleep Clause Mod: Limit one foe put to sleep","|rule|Species Clause: Limit one of each Pokémon","|rule|OHKO Clause: OHKO moves are banned","|rule|Moody Clause: Moody is banned","|rule|Evasion Moves Clause: Evasion moves are banned","|rule|Endless Battle Clause: Forcing endless battles is banned","|rule|HP Percentage Mod: HP is shown in percentages","|teampreview","|","|start","|switch|p1a: Manectric|Manectric, M|281/281","|switch|p2a: Porygon2|Porygon2|373/373","|-boost|p2a: Porygon2|atk|1|[from] ability: Download","|turn|1","|","|detailschange|p1a: Manectric|Manectric-Mega, M","|-mega|p1a: Manectric|Manectric|Manectite","|-ability|p1a: Manectric|Intimidate","|-unboost|p2a: Porygon2|atk|1","|move|p1a: Manectric|Volt Switch|p2a: Porygon2","|-damage|p2a: Porygon2|276/373","|","|switch|p1a: Zapdos|Zapdos|383/383","|-ability|p1a: Zapdos|Pressure","|move|p2a: Porygon2|Tri Attack|p1a: Zapdos","|-damage|p1a: Zapdos|268/383","|","|-heal|p1a: Zapdos|291/383|[from] item: Leftovers","|turn|2","|","|switch|p1a: Rotom-Wash|Rotom-Wash|303/303","|move|p2a: Porygon2|Ice Beam|p1a: Rotom-Wash","|-resisted|p1a: Rotom-Wash","|-damage|p1a: Rotom-Wash|258/303","|-status|p1a: Rotom-Wash|frz","|","|-heal|p1a: Rotom-Wash|276/303 frz|[from] item: Leftovers","|turn|3","|","|cant|p1a: Rotom-Wash|frz","|move|p2a: Porygon2|Tri Attack|p1a: Rotom-Wash","|-damage|p1a: Rotom-Wash|137/303 frz","|","|-heal|p1a: Rotom-Wash|155/303 frz|[from] item: Leftovers","|turn|4","|","|-curestatus|p1a: Rotom-Wash|frz","|move|p1a: Rotom-Wash|Pain Split|p2a: Porygon2","|-sethp|p2a: Porygon2|215/373|p1a: Rotom-Wash|215/303|[from] move: Pain Split","|move|p2a: Porygon2|Tri Attack|p1a: Rotom-Wash","|-damage|p1a: Rotom-Wash|77/303","|","|-heal|p1a: Rotom-Wash|95/303|[from] item: Leftovers","|turn|5","|","|move|p1a: Rotom-Wash|Volt Switch|p2a: Porygon2","|-damage|p2a: Porygon2|160/373","|","|switch|p1a: Zapdos|Zapdos|291/383","|-ability|p1a: Zapdos|Pressure","|move|p2a: Porygon2|Tri Attack|p1a: Zapdos","|-damage|p1a: Zapdos|177/383","|","|-heal|p1a: Zapdos|200/383|[from] item: Leftovers","|turn|6","|","|move|p1a: Zapdos|Thunderbolt|p2a: Porygon2","|-damage|p2a: Porygon2|72/373","|move|p2a: Porygon2|Recover|p2a: Porygon2","|-heal|p2a: Porygon2|259/373","|","|-heal|p1a: Zapdos|223/383|[from] item: Leftovers","|turn|7","|","|move|p1a: Zapdos|Roost|p1a: Zapdos","|-heal|p1a: Zapdos|383/383","|move|p2a: Porygon2|Recover|p2a: Porygon2","|-heal|p2a: Porygon2|373/373","|","|turn|8","|","|switch|p1a: Raikou|Raikou|322/322","|-ability|p1a: Raikou|Pressure","|move|p2a: Porygon2|Tri Attack|p1a: Raikou","|-damage|p1a: Raikou|180/322","|","|turn|9","|","|move|p1a: Raikou|Thunderbolt|p2a: Porygon2","|-damage|p2a: Porygon2|219/373","|move|p2a: Porygon2|Tri Attack|p1a: Raikou","|-damage|p1a: Raikou|33/322","|","|turn|10","|","|move|p1a: Raikou|Thunderbolt|p2a: Porygon2","|-damage|p2a: Porygon2|69/373","|move|p2a: Porygon2|Tri Attack|p1a: Raikou","|-damage|p1a: Raikou|0 fnt","|faint|p1a: Raikou","|","|","|switch|p1a: Thundurus|Thundurus, M|299/299","|turn|11","|","|move|p1a: Thundurus|Knock Off|p2a: Porygon2","|-damage|p2a: Porygon2|0 fnt","|-enditem|p2a: Porygon2|Eviolite|[from] move: Knock Off|[of] p1a: Thundurus","|-damage|p1a: Thundurus|270/299|[from] item: Life Orb","|faint|p2a: Porygon2","|","|","|switch|p2a: Diggersby|Diggersby, M|311/311","|turn|12","|","|move|p1a: Thundurus|Superpower|p2a: Diggersby","|-supereffective|p2a: Diggersby","|-enditem|p2a: Diggersby|Focus Sash","|-damage|p2a: Diggersby|1/311","|-unboost|p1a: Thundurus|atk|1","|-unboost|p1a: Thundurus|def|1","|-damage|p1a: Thundurus|241/299|[from] item: Life Orb","|move|p2a: Diggersby|Swords Dance|p2a: Diggersby","|-boost|p2a: Diggersby|atk|2","|","|turn|13","|","|switch|p1a: Rotom-Wash|Rotom-Wash|95/303","|move|p2a: Diggersby|Quick Attack|p1a: Rotom-Wash","|-damage|p1a: Rotom-Wash|0 fnt","|faint|p1a: Rotom-Wash","|","|","|switch|p1a: Manectric|Manectric-Mega, M|281/281","|-ability|p1a: Manectric|Intimidate","|-unboost|p2a: Diggersby|atk|1","|turn|14","|","|move|p2a: Diggersby|Quick Attack|p1a: Manectric","|-damage|p1a: Manectric|119/281","|move|p1a: Manectric|Hidden Power|p2a: Diggersby","|-supereffective|p2a: Diggersby","|-damage|p2a: Diggersby|0 fnt","|faint|p2a: Diggersby","|","|","|switch|p2a: Lopunny|Lopunny, F|271/271","|turn|15","|","|switch|p1a: Thundurus|Thundurus, M|241/299","|detailschange|p2a: Lopunny|Lopunny-Mega, F","|-mega|p2a: Lopunny|Lopunny|Lopunnite","|move|p2a: Lopunny|Fake Out|p1a: Thundurus","|-damage|p1a: Thundurus|123/299","|","|turn|16","|","|switch|p2a: Snorlax|Snorlax, M, shiny|481/481","|move|p1a: Thundurus|Thunder Wave|p2a: Snorlax","|-status|p2a: Snorlax|par","|","|turn|17","|","|move|p1a: Thundurus|Superpower|p2a: Snorlax","|-supereffective|p2a: Snorlax","|-damage|p2a: Snorlax|125/481 par","|-unboost|p1a: Thundurus|atk|1","|-unboost|p1a: Thundurus|def|1","|-damage|p1a: Thundurus|94/299|[from] item: Life Orb","|move|p2a: Snorlax|Body Slam|p1a: Thundurus","|-damage|p1a: Thundurus|0 fnt","|faint|p1a: Thundurus","|","|-heal|p2a: Snorlax|155/481 par|[from] item: Leftovers","|","|switch|p1a: Luxray|Luxray, F|301/301","|turn|18","|","|move|p1a: Luxray|Wild Charge|p2a: Snorlax","|-damage|p2a: Snorlax|0 fnt","|-damage|p1a: Luxray|262/301|[from] recoil|[of] p2a: Snorlax","|faint|p2a: Snorlax","|","|","|switch|p2a: Meloetta|Meloetta|341/341","|turn|19","|","|switch|p1a: Zapdos|Zapdos|383/383","|-ability|p1a: Zapdos|Pressure","|move|p2a: Meloetta|Psychic|p1a: Zapdos","|-damage|p1a: Zapdos|235/383","|","|-heal|p1a: Zapdos|258/383|[from] item: Leftovers","|turn|20","|","|move|p2a: Meloetta|Psychic|p1a: Zapdos","|-damage|p1a: Zapdos|113/383","|move|p1a: Zapdos|Thunderbolt|p2a: Meloetta","|-damage|p2a: Meloetta|230/341","|-status|p2a: Meloetta|par","|","|-heal|p1a: Zapdos|136/383|[from] item: Leftovers","|turn|21","|","|move|p1a: Zapdos|Thunderbolt|p2a: Meloetta","|-damage|p2a: Meloetta|125/341 par","|move|p2a: Meloetta|Psychic|p1a: Zapdos","|-damage|p1a: Zapdos|0 fnt","|faint|p1a: Zapdos","|","|","|switch|p1a: Manectric|Manectric-Mega, M|119/281","|-ability|p1a: Manectric|Intimidate","|-unboost|p2a: Meloetta|atk|1","|turn|22","|","|move|p1a: Manectric|Thunderbolt|p2a: Meloetta","|-damage|p2a: Meloetta|0 fnt","|faint|p2a: Meloetta","|","|","|switch|p2a: Lopunny|Lopunny-Mega, F|271/271","|turn|23","|","|switch|p1a: Luxray|Luxray, F|262/301","|move|p2a: Lopunny|Fake Out|p1a: Luxray","|-damage|p1a: Luxray|154/301","|","|turn|24","|","|move|p1a: Luxray|Superpower|p2a: Lopunny","|-supereffective|p2a: Lopunny","|-damage|p2a: Lopunny|5/271","|-unboost|p1a: Luxray|atk|1","|-unboost|p1a: Luxray|def|1","|move|p2a: Lopunny|High Jump Kick|p1a: Luxray","|-damage|p1a: Luxray|0 fnt","|faint|p1a: Luxray","|","|","|switch|p1a: Manectric|Manectric-Mega, M|119/281","|-ability|p1a: Manectric|Intimidate","|-unboost|p2a: Lopunny|atk|1","|turn|25","|","|move|p1a: Manectric|Thunderbolt|p2a: Lopunny","|-damage|p2a: Lopunny|0 fnt","|faint|p2a: Lopunny","|","|","|switch|p2a: Staraptor|Staraptor, M, shiny|312/312","|-ability|p2a: Staraptor|Intimidate","|-unboost|p1a: Manectric|atk|1","|turn|26","|","|move|p1a: Manectric|Thunderbolt|p2a: Staraptor","|-supereffective|p2a: Staraptor","|-damage|p2a: Staraptor|0 fnt","|faint|p2a: Staraptor","|","|win|Void Outkast"],"p1rating":{"entryid":722753,"formatid":"monotype","userid":"voidoutkast","username":"Void Outkast","r":1500,"rd":130,"sigma":0,"rpr":1543.9145267096,"rprd":122.12515417396,"rpsigma":0,"rptime":1441011600,"w":1,"l":0,"t":0,"gxe":55.5,"acre":1048.6134056442,"lacre":1048.6134056442,"oldacre":1000},"p2rating":{"entryid":"30716","serverid":"eos","formatid":"monotype","userid":"gljgt","username":"GL ♅ JGT","w":"11","l":11,"t":"0","gxe":50.5,"r":"1517.059293328","rd":"69.949125820169","sigma":"0","rptime":"1441011600","rpr":1503.9051488103,"rprd":68.770650147401,"rpsigma":"0","acre":1049.9957046527,"lacre":1049.9957046527,"oldacre":"1076.0047409485"},"endType":"normal"}