{"seed":[26697,58333,48848,15448],"turns":23,"p1":"Apex Salamence","p2":"DJ Gible","p1team":[{"name":"Typhoon","species":"gyarados","item":"gyaradosite","ability":"Intimidate","moves":["dragondance","earthquake","crunch","waterfall"],"nature":"Adamant","evs":{"hp":0,"atk":252,"def":0,"spa":0,"spd":4,"spe":252},"gender":"M","shiny":true,"ivs":{"hp":31,"atk":31,"def":31,"spa":31,"spd":31,"spe":31}},{"name":"Porunga","species":"dragonite","item":"weaknesspolicy","ability":"Multiscale","moves":["dragonclaw","dragondance","extremespeed","fly"],"nature":"Adamant","evs":{"hp":0,"atk":252,"def":0,"spa":0,"spd":4,"spe":252},"gender":"M","shiny":true,"ivs":{"hp":31,"atk":31,"def":31,"spa":31,"spd":31,"spe":31}},{"name":"Nightwing","species":"gliscor","item":"toxicorb","ability":"Poison Heal","moves":["protect","knockoff","toxic","stealthrock"],"nature":"Impish","evs":{"hp":248,"atk":0,"def":188,"spa":0,"spd":0,"spe":72},"gender":"M","shiny":true,"ivs":{"hp":31,"atk":31,"def":31,"spa":31,"spd":31,"spe":31}},{"name":"Jupiter","species":"thundurus","item":"lifeorb","ability":"Prankster","moves":["nastyplot","thunderwave","thunderbolt","hiddenpowerice"],"nature":"Timid","evs":{"hp":0,"atk":0,"def":0,"spa":252,"spd":4,"spe":252},"ivs":{"hp":31,"atk":30,"def":30,"spa":31,"spd":31,"spe":31},"shiny":true},{"name":"DEATH","species":"togekiss","item":"leftovers","ability":"Serene Grace","moves":["airslash","thunderwave","nastyplot","roost"],"nature":"Calm","evs":{"hp":252,"atk":0,"def":0,"spa":4,"spd":252,"spe":0},"gender":"F","shiny":true,"ivs":{"hp":31,"atk":31,"def":31,"spa":31,"spd":31,"spe":31}},{"name":"Cherokee","species":"xatu","item":"leftovers","ability":"Magic Bounce","moves":["nightshade","heatwave","toxic","roost"],"nature":"Calm","evs":{"hp":252,"atk":0,"def":0,"spa":4,"spd":252,"spe":0},"gender":"M","shiny":true,"ivs":{"hp":31,"atk":31,"def":31,"spa":31,"spd":31,"spe":31}}],"p2team":[{"name":"Hoodlum","species":"scrafty","item":"focussash","ability":"Moxie","moves":["dragondance","crunch","drainpunch","icepunch"],"nature":"Adamant","evs":{"hp":4,"atk":252,"def":0,"spa":0,"spd":0,"spe":252},"ivs":{"hp":31,"atk":31,"def":31,"spa":31,"spd":31,"spe":31}},{"name":"Tyrant","species":"tyranitar","item":"tyranitarite","ability":"Sand Stream","moves":["dragondance","stoneedge","earthquake","crunch"],"nature":"Adamant","evs":{"hp":0,"atk":252,"def":0,"spa":0,"spd":4,"spe":252},"ivs":{"hp":31,"atk":31,"def":31,"spa":31,"spd":31,"spe":31}},{"name":"Cpt. Buzz","species":"mandibuzz","item":"leftovers","ability":"Big Pecks","moves":["foulplay","roost","defog","whirlwind"],"nature":"Bold","evs":{"hp":252,"atk":0,"def":252,"spa":0,"spd":4,"spe":0},"ivs":{"hp":31,"atk":31,"def":31,"spa":31,"spd":31,"spe":31}},{"name":"H U","species":"hoopaunbound","item":"lifeorb","ability":"Magician","moves":["drainpunch","hyperspacefury","gunkshot","substitute"],"nature":"Jolly","evs":{"hp":0,"atk":252,"def":0,"spa":0,"spd":4,"spe":252},"ivs":{"hp":31,"atk":31,"def":31,"spa":31,"spd":31,"spe":31}},{"name":"Painful","species":"hydreigon","item":"choicescarf","ability":"Levitate","moves":["dracometeor","hiddenpowergrass","darkpulse","flashcannon"],"nature":"Timid","evs":{"hp":0,"atk":0,"def":0,"spa":252,"spd":4,"spe":252},"ivs":{"hp":31,"atk":30,"def":31,"spa":30,"spd":31,"spe":31}},{"name":"Murderkrow","species":"honchkrow","item":"lifeorb","ability":"Moxie","moves":["bravebird","suckerpunch","roost","pursuit"],"nature":"Adamant","evs":{"hp":0,"atk":252,"def":0,"spa":0,"spd":4,"spe":252},"ivs":{"hp":31,"atk":31,"def":31,"spa":31,"spd":31,"spe":31}}],"log":["|player|p1|Apex Salamence|169","|player|p2|DJ Gible|198","|gametype|singles","|gen|6","|tier|Monotype","|rated","|rule|Baton Pass Clause: Limit one Baton Passer, can't pass Spe and other stats simultaneously","|rule|Swagger Clause: Swagger is banned","|rule|Same Type Clause: Pokémon in a team must share a type","|clearpoke","|poke|p1|Gyarados, M, shiny","|poke|p1|Dragonite, M, shiny","|poke|p1|Gliscor, M, shiny","|poke|p1|Thundurus, M, shiny","|poke|p1|Togekiss, F, shiny","|poke|p1|Xatu, M, shiny","|poke|p2|Scrafty, M","|poke|p2|Tyranitar, M","|poke|p2|Mandibuzz, F","|poke|p2|Hoopa-Unbound","|poke|p2|Hydreigon, F","|poke|p2|Honchkrow, F","|rule|Sleep Clause Mod: Limit one foe put to sleep","|rule|Species Clause: Limit one of each Pokémon","|rule|OHKO Clause: OHKO moves are banned","|rule|Moody Clause: Moody is banned","|rule|Evasion Moves Clause: Evasion moves are banned","|rule|Endless Battle Clause: Forcing endless battles is banned","|rule|HP Percentage Mod: HP is shown in percentages","|teampreview","|","|start","|switch|p1a: Jupiter|Thundurus, M, shiny|299/299","|switch|p2a: H U|Hoopa-Unbound|301/301","|turn|1","|","|move|p1a: Jupiter|Nasty Plot|p1a: Jupiter","|-boost|p1a: Jupiter|spa|2","|move|p2a: H U|Hyperspace Fury|p1a: Jupiter","|-damage|p1a: Jupiter|0 fnt","|-unboost|p2a: H U|def|1","|-damage|p2a: H U|271/301|[from] item: Life Orb","|faint|p1a: Jupiter","|","|","|switch|p1a: Typhoon|Gyarados, M, shiny|331/331","|-ability|p1a: Typhoon|Intimidate","|-unboost|p2a: H U|atk|1","|turn|2","|","|switch|p2a: Cpt. Buzz|Mandibuzz, F|424/424","|detailschange|p1a: Typhoon|Gyarados-Mega, M, shiny","|-mega|p1a: Typhoon|Gyarados|Gyaradosite","|-ability|p1a: Typhoon|Mold Breaker","|move|p1a: Typhoon|Dragon Dance|p1a: Typhoon","|-boost|p1a: Typhoon|atk|1","|-boost|p1a: Typhoon|spe|1","|","|turn|3","|","|move|p1a: Typhoon|Dragon Dance|p1a: Typhoon","|-boost|p1a: Typhoon|atk|1","|-boost|p1a: Typhoon|spe|1","|move|p2a: Cpt. Buzz|Whirlwind|p1a: Typhoon","|drag|p1a: Nightwing|Gliscor, M, shiny|353/353","|","|-status|p1a: Nightwing|tox|[from] item: Toxic Orb","|turn|4","|","|switch|p2a: Painful|Hydreigon, F|325/325","|move|p1a: Nightwing|Protect|p1a: Nightwing","|-fail|p1a: Nightwing","|","|turn|5","|","|move|p2a: Painful|Draco Meteor|p1a: Nightwing","|-damage|p1a: Nightwing|91/353 tox","|-unboost|p2a: Painful|spa|2","|move|p1a: Nightwing|Stealth Rock|p2a: Painful","|-sidestart|p2: DJ Gible|move: Stealth Rock","|","|-heal|p1a: Nightwing|135/353 tox|[from] ability: Poison Heal","|turn|6","|","|switch|p2a: Hoodlum|Scrafty, M|272/272","|-damage|p2a: Hoodlum|255/272|[from] Stealth Rock","|move|p1a: Nightwing|Protect|p1a: Nightwing","|-fail|p1a: Nightwing","|","|-heal|p1a: Nightwing|179/353 tox|[from] ability: Poison Heal","|turn|7","|","|move|p1a: Nightwing|Knock Off|p2a: Hoodlum","|-resisted|p2a: Hoodlum","|-damage|p2a: Hoodlum|239/272","|-enditem|p2a: Hoodlum|Focus Sash|[from] move: Knock Off|[of] p1a: Nightwing","|move|p2a: Hoodlum|Dragon Dance|p2a: Hoodlum","|-boost|p2a: Hoodlum|atk|1","|-boost|p2a: Hoodlum|spe|1","|","|-heal|p1a: Nightwing|223/353 tox|[from] ability: Poison Heal","|turn|8","|","|move|p2a: Hoodlum|Ice Punch|p1a: Nightwing","|-supereffective|p1a: Nightwing","|-damage|p1a: Nightwing|0 fnt","|faint|p1a: Nightwing","|-boost|p2a: Hoodlum|atk|1|[from] ability: Moxie","|","|","|switch|p1a: Porunga|Dragonite, M, shiny|323/323","|turn|9","|","|move|p2a: Hoodlum|Ice Punch|p1a: Porunga","|-supereffective|p1a: Porunga","|-damage|p1a: Porunga|21/323","|-enditem|p1a: Porunga|Weakness Policy","|-boost|p1a: Porunga|atk|2|[from] item: Weakness Policy","|-boost|p1a: Porunga|spa|2|[from] item: Weakness Policy","|move|p1a: Porunga|Fly|p2a: Hoodlum|[still]","|-prepare|p1a: Porunga|Fly|p2a: Hoodlum","|","|turn|10","|","|move|p2a: Hoodlum|Ice Punch|p1a: Porunga|[miss]","|-miss|p2a: Hoodlum|p1a: Porunga","|move|p1a: Porunga|Fly|p2a: Hoodlum|[from]lockedmove","|-supereffective|p2a: Hoodlum","|-damage|p2a: Hoodlum|0 fnt","|faint|p2a: Hoodlum","|","|","|switch|p2a: Murderkrow|Honchkrow, F|341/341","|-damage|p2a: Murderkrow|256/341|[from] Stealth Rock","|turn|11","|","|move|p1a: Porunga|Extreme Speed|p2a: Murderkrow","|-damage|p2a: Murderkrow|0 fnt","|faint|p2a: Murderkrow","|","|","|switch|p2a: Painful|Hydreigon, F|325/325","|-damage|p2a: Painful|285/325|[from] Stealth Rock","|turn|12","|","|move|p1a: Porunga|Extreme Speed|p2a: Painful","|-damage|p2a: Painful|51/325","|move|p2a: Painful|Draco Meteor|p1a: Porunga","|-supereffective|p1a: Porunga","|-damage|p1a: Porunga|0 fnt","|-unboost|p2a: Painful|spa|2","|faint|p1a: Porunga","|","|","|switch|p1a: DEATH|Togekiss, F, shiny|374/374","|turn|13","|","|switch|p2a: Cpt. Buzz|Mandibuzz, F|424/424","|-damage|p2a: Cpt. Buzz|318/424|[from] Stealth Rock","|move|p1a: DEATH|Air Slash|p2a: Cpt. Buzz","|-damage|p2a: Cpt. Buzz|203/424","|","|-heal|p2a: Cpt. Buzz|229/424|[from] item: Leftovers","|turn|14","|","|move|p2a: Cpt. Buzz|Defog|p1a: DEATH","|-unboost|p1a: DEATH|evasion|1","|-sideend|p2: DJ Gible|Stealth Rock|[from] move: Defog|[of] p2a: Cpt. Buzz","|move|p1a: DEATH|Thunder Wave|p2a: Cpt. Buzz","|-status|p2a: Cpt. Buzz|par","|","|-heal|p2a: Cpt. Buzz|255/424 par|[from] item: Leftovers","|turn|15","|","|move|p1a: DEATH|Nasty Plot|p1a: DEATH","|-boost|p1a: DEATH|spa|2","|move|p2a: Cpt. Buzz|Foul Play|p1a: DEATH","|-resisted|p1a: DEATH","|-damage|p1a: DEATH|344/374","|","|-heal|p1a: DEATH|367/374|[from] item: Leftovers","|-heal|p2a: Cpt. Buzz|281/424 par|[from] item: Leftovers","|turn|16","|","|move|p1a: DEATH|Air Slash|p2a: Cpt. Buzz","|-damage|p2a: Cpt. Buzz|65/424 par","|move|p2a: Cpt. Buzz|Whirlwind|p1a: DEATH","|drag|p1a: Cherokee|Xatu, M, shiny|334/334","|","|-heal|p2a: Cpt. Buzz|91/424 par|[from] item: Leftovers","|turn|17","|","|move|p1a: Cherokee|Night Shade|p2a: Cpt. Buzz","|-damage|p2a: Cpt. Buzz|0 fnt","|faint|p2a: Cpt. Buzz","|","|","|switch|p2a: H U|Hoopa-Unbound|271/301","|turn|18","|","|move|p2a: H U|Substitute|p2a: H U","|-start|p2a: H U|Substitute","|-damage|p2a: H U|196/301","|move|p1a: Cherokee|Night Shade|p2a: H U","|-end|p2a: H U|Substitute","|","|turn|19","|","|move|p2a: H U|Hyperspace Fury|p1a: Cherokee","|-supereffective|p1a: Cherokee","|-damage|p1a: Cherokee|0 fnt","|-unboost|p2a: H U|def|1","|-damage|p2a: H U|166/301|[from] item: Life Orb","|faint|p1a: Cherokee","|","|","|switch|p1a: DEATH|Togekiss, F, shiny|367/374","|turn|20","|","|move|p2a: H U|Gunk Shot|p1a: DEATH|[miss]","|-miss|p2a: H U|p1a: DEATH","|move|p1a: DEATH|Air Slash|p2a: H U","|-damage|p2a: H U|79/301","|","|-heal|p1a: DEATH|374/374|[from] item: Leftovers","|turn|21","|","|move|p2a: H U|Gunk Shot|p1a: DEATH","|-supereffective|p1a: DEATH","|-damage|p1a: DEATH|0 fnt","|-damage|p2a: H U|49/301|[from] item: Life Orb","|faint|p1a: DEATH","|","|","|switch|p1a: Typhoon|Gyarados-Mega, M, shiny|331/331","|-ability|p1a: Typhoon|Mold Breaker","|turn|22","|","|move|p2a: H U|Drain Punch|p1a: Typhoon","|-supereffective|p1a: Typhoon","|-damage|p1a: Typhoon|97/331","|-heal|p2a: H U|166/301|[from] drain|[of] p1a: Typhoon","|-damage|p2a: H U|136/301|[from] item: Life Orb","|move|p1a: Typhoon|Crunch|p2a: H U","|-damage|p2a: H U|0 fnt","|faint|p2a: H U","|","|","|switch|p2a: Painful|Hydreigon, F|51/325","|turn|23","|","|move|p2a: Painful|Hidden Power|p1a: Typhoon","|-supereffective|p1a: Typhoon","|-damage|p1a: Typhoon|0 fnt","|faint|p1a: Typhoon","|","|win|DJ Gible"],"p1rating":{"entryid":"1755","serverid":"eos","formatid":"monotype","userid":"apexsalamence","username":"Apex Salamence","w":"49","l":42,"t":"0","gxe":55.1,"r":"1540.1289115759","rd":"38.27555218761","sigma":"0","rptime":"1441098000","rpr":1538.6018291417,"rprd":37.868230114893,"rpsigma":"0","acre":1109.5091546027,"lacre":1109.5091546027,"oldacre":"1140.8151599805"},"p2rating":{"entryid":"166635","serverid":"eos","formatid":"monotype","userid":"djgible","username":"DJ Gible","w":27,"l":"34","t":"0","gxe":46.4,"r":"1465.9028747576","rd":"45.296166917777","sigma":"0","rptime":"1441098000","rpr":1472.8784017304,"rprd":44.937678372924,"rpsigma":"0","acre":1091.7089049545,"lacre":1091.7089049545,"oldacre":"1051.2449431439"},"endType":"normal"}