{"seed":[51040,22291,31434,42193],"turns":37,"p1":"Imp Whatever","p2":"Rain ☆ S.Herbs","p1team":[{"name":"Swampert","species":"Swampert","item":"quickclaw","ability":"Torrent","moves":["earthquake","waterfall","icepunch","ancientpower"],"nature":"Brave","evs":{"hp":148,"atk":116,"def":132,"spa":0,"spd":112,"spe":0},"gender":"M","ivs":{"hp":31,"atk":31,"def":31,"spa":31,"spd":31,"spe":31}},{"name":"Ludicolo","species":"Ludicolo","item":"leftovers","ability":"Swift Swim","moves":["surf","gigadrain","focusblast","icebeam"],"nature":"Modest","evs":{"hp":76,"atk":0,"def":96,"spa":136,"spd":100,"spe":100},"gender":"M","ivs":{"hp":31,"atk":31,"def":31,"spa":31,"spd":31,"spe":31}},{"name":"Sharpedo","species":"Sharpedo","item":"sharpedonite","ability":"Speed Boost","moves":["protect","waterfall","crunch","icefang"],"nature":"Hasty","evs":{"hp":52,"atk":172,"def":84,"spa":0,"spd":84,"spe":116},"gender":"M","ivs":{"hp":31,"atk":31,"def":31,"spa":31,"spd":31,"spe":31}},{"name":"Tentacruel","species":"Tentacruel","item":"airballoon","ability":"Rain Dish","moves":["icebeam","confuseray","sludgewave","attract"],"nature":"Modest","evs":{"hp":120,"atk":0,"def":72,"spa":100,"spd":148,"spe":68},"gender":"F","ivs":{"hp":31,"atk":31,"def":31,"spa":31,"spd":31,"spe":31}},{"name":"Politoed","species":"Politoed","item":"leftovers","ability":"Drizzle","moves":["toxic","attract","protect","scald"],"nature":"Calm","evs":{"hp":108,"atk":0,"def":124,"spa":124,"spd":152,"spe":0},"ivs":{"hp":31,"atk":31,"def":31,"spa":31,"spd":31,"spe":31}},{"name":"Mantine","species":"Mantine","item":"leftovers","ability":"Swift Swim","moves":["mudsport","icebeam","airslash","scald"],"nature":"","evs":{"hp":116,"atk":0,"def":72,"spa":128,"spd":92,"spe":100},"ivs":{"hp":31,"atk":31,"def":31,"spa":31,"spd":31,"spe":31}}],"p2team":[{"name":"Cofa'","species":"cofagrigus","item":"leftovers","ability":"Mummy","moves":["toxicspikes","infestation","hex","willowisp"],"nature":"Calm","evs":{"hp":252,"atk":0,"def":0,"spa":4,"spd":252,"spe":0},"shiny":true,"ivs":{"hp":31,"atk":31,"def":31,"spa":31,"spd":31,"spe":31}},{"name":"Gengar","species":"Gengar","item":"lifeorb","ability":"Levitate","moves":["shadowball","sludgewave","focusblast","energyball"],"nature":"Timid","evs":{"hp":0,"atk":0,"def":0,"spa":252,"spd":4,"spe":252},"shiny":true,"ivs":{"hp":31,"atk":31,"def":31,"spa":31,"spd":31,"spe":31}},{"name":"Aegislash","species":"Aegislash","item":"leftovers","ability":"Stance Change","moves":["swordsdance","shadowsneak","sacredsword","kingsshield"],"nature":"Adamant","evs":{"hp":252,"atk":252,"def":0,"spa":0,"spd":4,"spe":0},"shiny":true,"ivs":{"hp":31,"atk":31,"def":31,"spa":31,"spd":31,"spe":31}},{"name":"Jellicent","species":"Jellicent","item":"leftovers","ability":"Water Absorb","moves":["recover","surf","willowisp","icebeam"],"nature":"Bold","evs":{"hp":252,"atk":0,"def":252,"spa":0,"spd":0,"spe":4},"ivs":{"hp":31,"atk":31,"def":31,"spa":31,"spd":31,"spe":31}},{"name":"Spiritomb","species":"Spiritomb","item":"leftovers","ability":"Infiltrator","moves":["confuseray","darkpulse","psychic","shadowsneak"],"nature":"Modest","evs":{"hp":252,"atk":4,"def":0,"spa":252,"spd":0,"spe":0},"ivs":{"hp":31,"atk":31,"def":31,"spa":31,"spd":31,"spe":31}},{"name":"Golurk","species":"Golurk","item":"choicescarf","ability":"No Guard","moves":["dynamicpunch","earthquake","icepunch","shadowpunch"],"nature":"Jolly","evs":{"hp":0,"atk":252,"def":0,"spa":0,"spd":4,"spe":252},"shiny":true,"ivs":{"hp":31,"atk":31,"def":31,"spa":31,"spd":31,"spe":31}}],"log":["|player|p1|Imp Whatever|291","|player|p2|Rain ☆ S.Herbs|154","|gametype|singles","|gen|6","|tier|Monotype","|rated","|rule|Baton Pass Clause: Limit one Baton Passer, can't pass Spe and other stats simultaneously","|rule|Swagger Clause: Swagger is banned","|rule|Same Type Clause: Pokémon in a team must share a type","|clearpoke","|poke|p1|Swampert, M","|poke|p1|Ludicolo, M","|poke|p1|Sharpedo, M","|poke|p1|Tentacruel, F","|poke|p1|Politoed, F","|poke|p1|Mantine, F","|poke|p2|Cofagrigus, M, shiny","|poke|p2|Gengar, F, shiny","|poke|p2|Aegislash, M, shiny","|poke|p2|Jellicent, F","|poke|p2|Spiritomb, F","|poke|p2|Golurk, shiny","|rule|Sleep Clause Mod: Limit one foe put to sleep","|rule|Species Clause: Limit one of each Pokémon","|rule|OHKO Clause: OHKO moves are banned","|rule|Moody Clause: Moody is banned","|rule|Evasion Moves Clause: Evasion moves are banned","|rule|Endless Battle Clause: Forcing endless battles is banned","|rule|HP Percentage Mod: HP is shown in percentages","|teampreview","|","|start","|switch|p1a: Politoed|Politoed, F|348/348","|switch|p2a: Golurk|Golurk, shiny|319/319","|-weather|RainDance","|turn|1","|","|switch|p2a: Jellicent|Jellicent, F|404/404","|move|p1a: Politoed|Scald|p2a: Jellicent","|-immune|p2a: Jellicent|[msg]","|","|-weather|RainDance|[upkeep]","|turn|2","|","|move|p1a: Politoed|Toxic|p2a: Jellicent","|-status|p2a: Jellicent|tox","|move|p2a: Jellicent|Will-O-Wisp|p1a: Politoed","|-status|p1a: Politoed|brn","|","|-weather|RainDance|[upkeep]","|-damage|p1a: Politoed|305/348 brn|[from] brn","|-damage|p2a: Jellicent|379/404 tox|[from] psn","|turn|3","|","|move|p1a: Politoed|Protect|p1a: Politoed","|-singleturn|p1a: Politoed|Protect","|move|p2a: Jellicent|Recover|p2a: Jellicent","|-heal|p2a: Jellicent|404/404 tox","|","|-weather|RainDance|[upkeep]","|-heal|p1a: Politoed|326/348 brn|[from] item: Leftovers","|-damage|p1a: Politoed|283/348 brn|[from] brn","|-damage|p2a: Jellicent|354/404 tox|[from] psn","|turn|4","|","|switch|p1a: Ludicolo|Ludicolo, M|320/320","|switch|p2a: Cofa'|Cofagrigus, M, shiny|320/320","|","|-weather|RainDance|[upkeep]","|turn|5","|","|move|p1a: Ludicolo|Surf|p2a: Cofa'","|-damage|p2a: Cofa'|187/320","|move|p2a: Cofa'|Will-O-Wisp|p1a: Ludicolo","|-status|p1a: Ludicolo|brn","|","|-weather|none","|-heal|p2a: Cofa'|207/320|[from] item: Leftovers","|-damage|p1a: Ludicolo|280/320 brn|[from] brn","|turn|6","|","|switch|p1a: Politoed|Politoed, F|283/348 brn","|-weather|RainDance","|move|p2a: Cofa'|Toxic Spikes|p1a: Politoed","|-sidestart|p1: Imp Whatever|move: Toxic Spikes","|","|-weather|RainDance|[upkeep]","|-heal|p1a: Politoed|304/348 brn|[from] item: Leftovers","|-heal|p2a: Cofa'|227/320|[from] item: Leftovers","|-damage|p1a: Politoed|261/348 brn|[from] brn","|turn|7","|","|switch|p2a: Jellicent|Jellicent, F|354/404 tox","|move|p1a: Politoed|Toxic|p2a: Jellicent","|-fail|p2a: Jellicent|tox","|","|-weather|RainDance|[upkeep]","|-heal|p1a: Politoed|282/348 brn|[from] item: Leftovers","|-heal|p2a: Jellicent|379/404 tox|[from] item: Leftovers","|-damage|p1a: Politoed|239/348 brn|[from] brn","|-damage|p2a: Jellicent|354/404 tox|[from] psn","|turn|8","|","|move|p1a: Politoed|Protect|p1a: Politoed","|-singleturn|p1a: Politoed|Protect","|move|p2a: Jellicent|Recover|p2a: Jellicent","|-heal|p2a: Jellicent|404/404 tox","|","|-weather|RainDance|[upkeep]","|-heal|p1a: Politoed|260/348 brn|[from] item: Leftovers","|-damage|p1a: Politoed|217/348 brn|[from] brn","|-damage|p2a: Jellicent|354/404 tox|[from] psn","|turn|9","|","|switch|p2a: Cofa'|Cofagrigus, M, shiny|227/320","|move|p1a: Politoed|Toxic|p2a: Cofa'","|-status|p2a: Cofa'|tox","|","|-weather|RainDance|[upkeep]","|-heal|p1a: Politoed|238/348 brn|[from] item: Leftovers","|-heal|p2a: Cofa'|247/320 tox|[from] item: Leftovers","|-damage|p1a: Politoed|195/348 brn|[from] brn","|-damage|p2a: Cofa'|227/320 tox|[from] psn","|turn|10","|","|move|p1a: Politoed|Protect|p1a: Politoed","|-singleturn|p1a: Politoed|Protect","|move|p2a: Cofa'|Toxic Spikes|p1a: Politoed","|-sidestart|p1: Imp Whatever|move: Toxic Spikes","|","|-weather|none","|-heal|p1a: Politoed|216/348 brn|[from] item: Leftovers","|-heal|p2a: Cofa'|247/320 tox|[from] item: Leftovers","|-damage|p1a: Politoed|173/348 brn|[from] brn","|-damage|p2a: Cofa'|207/320 tox|[from] psn","|turn|11","|","|switch|p1a: Ludicolo|Ludicolo, M|280/320 brn","|switch|p2a: Jellicent|Jellicent, F|354/404 tox","|","|-heal|p1a: Ludicolo|300/320 brn|[from] item: Leftovers","|-heal|p2a: Jellicent|379/404 tox|[from] item: Leftovers","|-damage|p1a: Ludicolo|260/320 brn|[from] brn","|-damage|p2a: Jellicent|354/404 tox|[from] psn","|turn|12","|","|move|p1a: Ludicolo|Giga Drain|p2a: Jellicent","|-supereffective|p2a: Jellicent","|-damage|p2a: Jellicent|150/404 tox","|-heal|p1a: Ludicolo|320/320 brn|[from] drain|[of] p2a: Jellicent","|move|p2a: Jellicent|Ice Beam|p1a: Ludicolo","|-damage|p1a: Ludicolo|264/320 brn","|","|-heal|p1a: Ludicolo|284/320 brn|[from] item: Leftovers","|-heal|p2a: Jellicent|175/404 tox|[from] item: Leftovers","|-damage|p1a: Ludicolo|244/320 brn|[from] brn","|-damage|p2a: Jellicent|125/404 tox|[from] psn","|turn|13","|","|switch|p2a: Aegislash|Aegislash, M, shiny|324/324","|move|p1a: Ludicolo|Giga Drain|p2a: Aegislash","|-resisted|p2a: Aegislash","|-damage|p2a: Aegislash|288/324","|-heal|p1a: Ludicolo|262/320 brn|[from] drain|[of] p2a: Aegislash","|","|-heal|p1a: Ludicolo|282/320 brn|[from] item: Leftovers","|-heal|p2a: Aegislash|308/324|[from] item: Leftovers","|-damage|p1a: Ludicolo|242/320 brn|[from] brn","|turn|14","|","|switch|p1a: Swampert|Swampert, M|378/378","|-status|p1a: Swampert|tox","|move|p2a: Aegislash|King's Shield|p2a: Aegislash","|-fail|p2a: Aegislash","|","|-heal|p2a: Aegislash|324/324|[from] item: Leftovers","|-damage|p1a: Swampert|355/378 tox|[from] psn","|turn|15","|","|move|p2a: Aegislash|King's Shield|p2a: Aegislash","|-singleturn|p2a: Aegislash|Protect","|move|p1a: Swampert|Earthquake|p2a: Aegislash","|-activate|p2a: Aegislash|Protect","|","|-damage|p1a: Swampert|309/378 tox|[from] psn","|turn|16","|","|move|p2a: Aegislash|Swords Dance|p2a: Aegislash","|-boost|p2a: Aegislash|atk|2","|move|p1a: Swampert|Earthquake|p2a: Aegislash","|-supereffective|p2a: Aegislash","|-damage|p2a: Aegislash|100/324","|","|-heal|p2a: Aegislash|120/324|[from] item: Leftovers","|-damage|p1a: Swampert|240/378 tox|[from] psn","|turn|17","|-activate|p1a: Swampert|item: Quick Claw","|","|move|p1a: Swampert|Waterfall|p2a: Aegislash","|-crit|p2a: Aegislash","|-damage|p2a: Aegislash|0 fnt","|faint|p2a: Aegislash","|","|-damage|p1a: Swampert|148/378 tox|[from] psn","|","|switch|p2a: Gengar|Gengar, F, shiny|261/261","|turn|18","|","|move|p2a: Gengar|Energy Ball|p1a: Swampert","|-supereffective|p1a: Swampert","|-damage|p1a: Swampert|0 fnt","|-damage|p2a: Gengar|235/261|[from] item: Life Orb","|faint|p1a: Swampert","|","|","|switch|p1a: Politoed|Politoed, F|173/348 brn","|-weather|RainDance","|turn|19","|","|move|p2a: Gengar|Sludge Wave|p1a: Politoed","|-damage|p1a: Politoed|0 fnt","|-damage|p2a: Gengar|209/261|[from] item: Life Orb","|faint|p1a: Politoed","|","|-weather|RainDance|[upkeep]","|","|switch|p1a: Sharpedo|Sharpedo, M|294/294","|-status|p1a: Sharpedo|tox","|turn|20","|","|move|p1a: Sharpedo|Protect|p1a: Sharpedo","|-singleturn|p1a: Sharpedo|Protect","|move|p2a: Gengar|Focus Blast|p1a: Sharpedo","|-activate|p1a: Sharpedo|Protect","|","|-weather|RainDance|[upkeep]","|-damage|p1a: Sharpedo|276/294 tox|[from] psn","|-boost|p1a: Sharpedo|spe|1|[from] ability: Speed Boost","|turn|21","|","|switch|p2a: Cofa'|Cofagrigus, M, shiny|207/320 tox","|detailschange|p1a: Sharpedo|Sharpedo-Mega, M","|-mega|p1a: Sharpedo|Sharpedo|Sharpedonite","|move|p1a: Sharpedo|Crunch|p2a: Cofa'","|-supereffective|p2a: Cofa'","|-damage|p2a: Cofa'|0 fnt","|-activate|p2a: Cofa'|ability: Mummy|strongjaw|[of] p1a: Sharpedo","|faint|p2a: Cofa'","|","|-weather|RainDance|[upkeep]","|-damage|p1a: Sharpedo|240/294 tox|[from] psn","|","|switch|p2a: Spiritomb|Spiritomb, F|304/304","|turn|22","|","|move|p1a: Sharpedo|Waterfall|p2a: Spiritomb","|-damage|p2a: Spiritomb|120/304","|move|p2a: Spiritomb|Confuse Ray|p1a: Sharpedo","|-start|p1a: Sharpedo|confusion","|","|-weather|RainDance|[upkeep]","|-heal|p2a: Spiritomb|139/304|[from] item: Leftovers","|-damage|p1a: Sharpedo|186/294 tox|[from] psn","|turn|23","|","|switch|p2a: Jellicent|Jellicent, F|125/404 tox","|-activate|p1a: Sharpedo|confusion","|move|p1a: Sharpedo|Waterfall|p2a: Jellicent","|-heal|p2a: Jellicent|226/404 tox|[from] ability: Water Absorb|[of] p1a: Sharpedo","|","|-weather|none","|-heal|p2a: Jellicent|251/404 tox|[from] item: Leftovers","|-damage|p1a: Sharpedo|114/294 tox|[from] psn","|-damage|p2a: Jellicent|226/404 tox|[from] psn","|turn|24","|","|-activate|p1a: Sharpedo|confusion","|-damage|p1a: Sharpedo|54/294 tox|[from] confusion","|move|p2a: Jellicent|Recover|p2a: Jellicent","|-heal|p2a: Jellicent|404/404 tox","|","|-damage|p1a: Sharpedo|0 fnt|[from] psn","|-damage|p2a: Jellicent|354/404 tox|[from] psn","|faint|p1a: Sharpedo","|","|switch|p1a: Ludicolo|Ludicolo, M|242/320 brn","|turn|25","|","|move|p1a: Ludicolo|Giga Drain|p2a: Jellicent","|-supereffective|p2a: Jellicent","|-damage|p2a: Jellicent|168/404 tox","|-heal|p1a: Ludicolo|320/320 brn|[from] drain|[of] p2a: Jellicent","|move|p2a: Jellicent|Ice Beam|p1a: Ludicolo","|-damage|p1a: Ludicolo|262/320 brn","|","|-heal|p1a: Ludicolo|282/320 brn|[from] item: Leftovers","|-heal|p2a: Jellicent|193/404 tox|[from] item: Leftovers","|-damage|p1a: Ludicolo|242/320 brn|[from] brn","|-damage|p2a: Jellicent|118/404 tox|[from] psn","|turn|26","|","|move|p1a: Ludicolo|Giga Drain|p2a: Jellicent","|-supereffective|p2a: Jellicent","|-damage|p2a: Jellicent|0 fnt","|-heal|p1a: Ludicolo|301/320 brn|[from] drain|[of] p2a: Jellicent","|faint|p2a: Jellicent","|","|-heal|p1a: Ludicolo|320/320 brn|[from] item: Leftovers","|-damage|p1a: Ludicolo|280/320 brn|[from] brn","|","|switch|p2a: Gengar|Gengar, F, shiny|209/261","|turn|27","|","|move|p2a: Gengar|Sludge Wave|p1a: Ludicolo","|-supereffective|p1a: Ludicolo","|-damage|p1a: Ludicolo|0 fnt","|-damage|p2a: Gengar|183/261|[from] item: Life Orb","|faint|p1a: Ludicolo","|","|","|switch|p1a: Mantine|Mantine, F|300/300","|turn|28","|","|switch|p2a: Golurk|Golurk, shiny|319/319","|move|p1a: Mantine|Scald|p2a: Golurk","|-supereffective|p2a: Golurk","|-damage|p2a: Golurk|101/319","|","|turn|29","|","|move|p2a: Golurk|Dynamic Punch|p1a: Mantine","|-resisted|p1a: Mantine","|-damage|p1a: Mantine|235/300","|-start|p1a: Mantine|confusion","|-activate|p1a: Mantine|confusion","|-damage|p1a: Mantine|215/300|[from] confusion","|","|-heal|p1a: Mantine|233/300|[from] item: Leftovers","|turn|30","|","|move|p2a: Golurk|Dynamic Punch|p1a: Mantine","|-resisted|p1a: Mantine","|-damage|p1a: Mantine|165/300","|-activate|p1a: Mantine|confusion","|-damage|p1a: Mantine|146/300|[from] confusion","|","|-heal|p1a: Mantine|164/300|[from] item: Leftovers","|turn|31","|","|switch|p2a: Spiritomb|Spiritomb, F|139/304","|-activate|p1a: Mantine|confusion","|move|p1a: Mantine|Scald|p2a: Spiritomb","|-damage|p2a: Spiritomb|61/304","|","|-heal|p1a: Mantine|182/300|[from] item: Leftovers","|-heal|p2a: Spiritomb|80/304|[from] item: Leftovers","|turn|32","|","|-activate|p1a: Mantine|confusion","|-damage|p1a: Mantine|162/300|[from] confusion","|move|p2a: Spiritomb|Dark Pulse|p1a: Mantine","|-damage|p1a: Mantine|68/300","|","|-heal|p1a: Mantine|86/300|[from] item: Leftovers","|-heal|p2a: Spiritomb|99/304|[from] item: Leftovers","|turn|33","|","|-end|p1a: Mantine|confusion","|move|p1a: Mantine|Air Slash|p2a: Spiritomb","|-damage|p2a: Spiritomb|14/304","|move|p2a: Spiritomb|Confuse Ray|p1a: Mantine","|-start|p1a: Mantine|confusion","|","|-heal|p1a: Mantine|104/300|[from] item: Leftovers","|-heal|p2a: Spiritomb|33/304|[from] item: Leftovers","|turn|34","|","|move|p2a: Spiritomb|Shadow Sneak|p1a: Mantine","|-damage|p1a: Mantine|56/300","|-activate|p1a: Mantine|confusion","|move|p1a: Mantine|Scald|p2a: Spiritomb","|-damage|p2a: Spiritomb|0 fnt","|faint|p2a: Spiritomb","|","|-heal|p1a: Mantine|74/300|[from] item: Leftovers","|","|switch|p2a: Golurk|Golurk, shiny|101/319","|turn|35","|","|move|p2a: Golurk|Shadow Punch|p1a: Mantine","|-damage|p1a: Mantine|0 fnt","|faint|p1a: Mantine","|","|","|switch|p1a: Tentacruel|Tentacruel, F|331/331","|-item|p1a: Tentacruel|Air Balloon","|turn|36","|","|move|p2a: Golurk|Shadow Punch|p1a: Tentacruel","|-crit|p1a: Tentacruel","|-damage|p1a: Tentacruel|123/331","|-enditem|p1a: Tentacruel|Air Balloon","|move|p1a: Tentacruel|Ice Beam|p2a: Golurk","|-supereffective|p2a: Golurk","|-damage|p2a: Golurk|0 fnt","|faint|p2a: Golurk","|","|","|switch|p2a: Gengar|Gengar, F, shiny|183/261","|turn|37","|","|move|p2a: Gengar|Shadow Ball|p1a: Tentacruel","|-damage|p1a: Tentacruel|0 fnt","|-damage|p2a: Gengar|157/261|[from] item: Life Orb","|faint|p1a: Tentacruel","|","|win|Rain ☆ S.Herbs"],"p1rating":{"entryid":"693707","serverid":"eos","formatid":"monotype","userid":"impwhatever","username":"Imp Whatever","w":"8","l":15,"t":"0","gxe":36,"r":"1390.7554856314","rd":"71.911201232994","sigma":"0","rptime":"1441098000","rpr":1389.6957972314,"rprd":65.949997136817,"rpsigma":"0","acre":1028.5721882102,"lacre":1028.5721882102,"oldacre":"1043.9991564281"},"p2rating":{"entryid":"61538","serverid":"eos","formatid":"monotype","userid":"rainsherbs","username":"Rain ☆ S.Herbs","w":22,"l":"28","t":"0","gxe":43.8,"r":"1446.8650886179","rd":"49.458029710485","sigma":"0","rptime":"1441098000","rpr":1452.5503271645,"rprd":48.99979299359,"rpsigma":"0","acre":1096.2013477658,"lacre":1096.2013477658,"oldacre":"1068.5890559094"},"endType":"normal"}