{"seed":[9783,59916,3379,26261],"turns":27,"p1":"InfernalxCrown","p2":"SWL Nocturne","p1team":[{"name":"Aegislash","species":"Aegislash","item":"weaknesspolicy","ability":"Stance Change","moves":["shadowball","shadowsneak","kingsshield","sacredsword"],"nature":"Brave","evs":{"hp":252,"atk":76,"def":0,"spa":176,"spd":4,"spe":0},"ivs":{"hp":31,"atk":31,"def":31,"spa":31,"spd":31,"spe":0},"shiny":true},{"name":"Sableye","species":"Sableye","item":"leftovers","ability":"Prankster","moves":["willowisp","recover","taunt","knockoff"],"nature":"Careful","evs":{"hp":252,"atk":0,"def":84,"spa":0,"spd":168,"spe":4},"ivs":{"hp":31,"atk":0,"def":31,"spa":31,"spd":31,"spe":31}},{"name":"Golurk","species":"Golurk","item":"focussash","ability":"No Guard","moves":["stealthrock","curse","dynamicpunch","stoneedge"],"nature":"Adamant","evs":{"hp":4,"atk":252,"def":0,"spa":0,"spd":0,"spe":252},"shiny":true,"ivs":{"hp":31,"atk":31,"def":31,"spa":31,"spd":31,"spe":31}},{"name":"Jellicent","species":"Jellicent","item":"leftovers","ability":"Cursed Body","moves":["acidarmor","toxic","recover","scald"],"nature":"Calm","evs":{"hp":252,"atk":0,"def":4,"spa":0,"spd":252,"spe":0},"gender":"M","ivs":{"hp":31,"atk":0,"def":31,"spa":31,"spd":31,"spe":31}},{"name":"Chandelure","species":"Chandelure","item":"choicescarf","ability":"Infiltrator","moves":["flamethrower","shadowball","energyball","trick"],"nature":"Timid","evs":{"hp":0,"atk":0,"def":4,"spa":252,"spd":0,"spe":252},"ivs":{"hp":31,"atk":0,"def":31,"spa":31,"spd":31,"spe":31},"shiny":true},{"name":"Gengar","species":"Gengar","item":"choicespecs","ability":"Levitate","moves":["dazzlinggleam","shadowball","thunderbolt","sludgewave"],"nature":"Timid","evs":{"hp":4,"atk":0,"def":0,"spa":252,"spd":0,"spe":252},"ivs":{"hp":31,"atk":0,"def":31,"spa":31,"spd":31,"spe":31}}],"p2team":[{"name":"Celebi","species":"Celebi","item":"leftovers","ability":"Natural Cure","moves":["trickroom","healbell","gigadrain","healingwish"],"nature":"Sassy","evs":{"hp":220,"atk":0,"def":128,"spa":0,"spd":160,"spe":0},"ivs":{"hp":31,"atk":31,"def":31,"spa":31,"spd":31,"spe":0}},{"name":"Trevenant","species":"Trevenant","item":"choiceband","ability":"Natural Cure","moves":["hornleech","poisonjab","earthquake","rockslide"],"nature":"Adamant","evs":{"hp":248,"atk":252,"def":0,"spa":0,"spd":8,"spe":0},"ivs":{"hp":31,"atk":31,"def":31,"spa":31,"spd":31,"spe":31}},{"name":"Whimsicott","species":"Whimsicott","item":"focussash","ability":"Prankster","moves":["trickroom","encore","substitute","moonblast"],"nature":"Relaxed","evs":{"hp":248,"atk":0,"def":252,"spa":8,"spd":0,"spe":0},"ivs":{"hp":31,"atk":31,"def":31,"spa":31,"spd":31,"spe":0}},{"name":"Abomasnow","species":"Abomasnow","item":"abomasite","ability":"Snow Warning","moves":["blizzard","gigadrain","iceshard","hiddenpowerrock"],"nature":"Quiet","evs":{"hp":248,"atk":8,"def":0,"spa":252,"spd":0,"spe":0},"ivs":{"hp":31,"atk":31,"def":30,"spa":31,"spd":30,"spe":30}},{"name":"Breloom","species":"Breloom","item":"focussash","ability":"Technician","moves":["spore","bulletseed","machpunch","swordsdance"],"nature":"Adamant","evs":{"hp":252,"atk":252,"def":0,"spa":0,"spd":0,"spe":0},"ivs":{"hp":31,"atk":31,"def":31,"spa":31,"spd":31,"spe":31}},{"name":"Cradily","species":"Cradily","item":"leftovers","ability":"Suction Cups","moves":["toxic","recover","stockpile","rockslide"],"nature":"Relaxed","evs":{"hp":252,"atk":0,"def":196,"spa":0,"spd":60,"spe":0},"ivs":{"hp":31,"atk":31,"def":31,"spa":31,"spd":31,"spe":31}}],"log":["|player|p1|InfernalxCrown|infernalxcrown.png","|player|p2|SWL Nocturne|29","|gametype|singles","|gen|6","|tier|Monotype","|rated","|rule|Baton Pass Clause: Limit one Baton Passer, can't pass Spe and other stats simultaneously","|rule|Swagger Clause: Swagger is banned","|rule|Same Type Clause: Pokémon in a team must share a type","|clearpoke","|poke|p1|Aegislash, M, shiny","|poke|p1|Sableye, F","|poke|p1|Golurk, shiny","|poke|p1|Jellicent, M","|poke|p1|Chandelure, F, shiny","|poke|p1|Gengar, M","|poke|p2|Celebi","|poke|p2|Trevenant, F","|poke|p2|Whimsicott, M","|poke|p2|Abomasnow, M","|poke|p2|Breloom, F","|poke|p2|Cradily, F","|rule|Sleep Clause Mod: Limit one foe put to sleep","|rule|Species Clause: Limit one of each Pokémon","|rule|OHKO Clause: OHKO moves are banned","|rule|Moody Clause: Moody is banned","|rule|Evasion Moves Clause: Evasion moves are banned","|rule|Endless Battle Clause: Forcing endless battles is banned","|rule|HP Percentage Mod: HP is shown in percentages","|teampreview","|","|start","|switch|p1a: Sableye|Sableye, F|304/304","|switch|p2a: Whimsicott|Whimsicott, M|323/323","|turn|1","|","|switch|p1a: Chandelure|Chandelure, F, shiny|261/261","|move|p2a: Whimsicott|Moonblast|p1a: Chandelure","|-resisted|p1a: Chandelure","|-damage|p1a: Chandelure|209/261","|","|turn|2","|","|move|p1a: Chandelure|Flamethrower|p2a: Whimsicott","|-supereffective|p2a: Whimsicott","|-enditem|p2a: Whimsicott|Focus Sash","|-damage|p2a: Whimsicott|1/323","|move|p2a: Whimsicott|Trick Room|p2a: Whimsicott","|-fieldstart|move: Trick Room|[of] p2a: Whimsicott","|","|turn|3","|","|move|p2a: Whimsicott|Encore|p1a: Chandelure","|-start|p1a: Chandelure|Encore","|move|p1a: Chandelure|Flamethrower|p2a: Whimsicott","|-supereffective|p2a: Whimsicott","|-damage|p2a: Whimsicott|0 fnt","|faint|p2a: Whimsicott","|","|","|switch|p2a: Breloom|Breloom, F|324/324","|turn|4","|","|switch|p1a: Aegislash|Aegislash, M, shiny|324/324","|move|p2a: Breloom|Spore|p1a: Aegislash","|-status|p1a: Aegislash|slp","|","|turn|5","|","|switch|p2a: Trevenant|Trevenant, F|373/373","|-formechange|p1a: Aegislash|Aegislash-Blade","|cant|p1a: Aegislash|slp","|","|turn|6","|","|switch|p1a: Jellicent|Jellicent, M|404/404","|move|p2a: Trevenant|Earthquake|p1a: Jellicent","|-damage|p1a: Jellicent|166/404","|","|-heal|p1a: Jellicent|191/404|[from] item: Leftovers","|-fieldend|move: Trick Room","|turn|7","|","|switch|p1a: Gengar|Gengar, M|262/262","|switch|p2a: Cradily|Cradily, F|376/376","|","|turn|8","|","|switch|p1a: Aegislash|Aegislash, M, shiny|324/324 slp","|move|p2a: Cradily|Rock Slide|p1a: Aegislash","|-resisted|p1a: Aegislash","|-damage|p1a: Aegislash|295/324 slp","|","|turn|9","|","|switch|p2a: Breloom|Breloom, F|324/324","|-formechange|p1a: Aegislash|Aegislash-Blade","|-curestatus|p1a: Aegislash|slp","|move|p1a: Aegislash|Shadow Ball|p2a: Breloom","|-damage|p2a: Breloom|95/324","|","|turn|10","|","|move|p1a: Aegislash|Shadow Sneak|p2a: Breloom","|-damage|p2a: Breloom|2/324","|move|p2a: Breloom|Spore|p1a: Aegislash","|-status|p1a: Aegislash|slp","|","|turn|11","|","|-formechange|p1a: Aegislash|Aegislash","|cant|p1a: Aegislash|slp","|move|p2a: Breloom|Bullet Seed|p1a: Aegislash","|-resisted|p1a: Aegislash","|-damage|p1a: Aegislash|267/324 slp","|-resisted|p1a: Aegislash","|-damage|p1a: Aegislash|239/324 slp","|-hitcount|p1a: Aegislash|2","|","|turn|12","|","|switch|p2a: Celebi|Celebi|396/396","|-formechange|p1a: Aegislash|Aegislash-Blade","|-curestatus|p1a: Aegislash|slp","|move|p1a: Aegislash|Shadow Ball|p2a: Celebi","|-supereffective|p2a: Celebi","|-damage|p2a: Celebi|162/396","|","|-heal|p2a: Celebi|186/396|[from] item: Leftovers","|turn|13","|","|-formechange|p1a: Aegislash|Aegislash","|move|p1a: Aegislash|King's Shield|p1a: Aegislash","|-singleturn|p1a: Aegislash|Protect","|move|p2a: Celebi|Healing Wish|p2a: Celebi","|faint|p2a: Celebi","|","|","|switch|p2a: Breloom|Breloom, F|2/324","|-heal|p2a: Breloom|324/324|[from] move: Healing Wish","|turn|14","|","|-formechange|p1a: Aegislash|Aegislash-Blade","|move|p1a: Aegislash|Shadow Sneak|p2a: Breloom","|-damage|p2a: Breloom|234/324","|move|p2a: Breloom|Spore|p1a: Aegislash","|-status|p1a: Aegislash|slp","|","|turn|15","|","|-formechange|p1a: Aegislash|Aegislash","|cant|p1a: Aegislash|slp","|move|p2a: Breloom|Swords Dance|p2a: Breloom","|-boost|p2a: Breloom|atk|2","|","|turn|16","|","|switch|p1a: Jellicent|Jellicent, M|191/404","|move|p2a: Breloom|Bullet Seed|p1a: Jellicent","|-supereffective|p1a: Jellicent","|-damage|p1a: Jellicent|0 fnt","|-hitcount|p1a: Jellicent|1","|faint|p1a: Jellicent","|","|","|switch|p1a: Chandelure|Chandelure, F, shiny|209/261","|turn|17","|","|switch|p2a: Cradily|Cradily, F|376/376","|move|p1a: Chandelure|Flamethrower|p2a: Cradily","|-damage|p2a: Cradily|217/376","|","|-heal|p2a: Cradily|240/376|[from] item: Leftovers","|turn|18","|","|switch|p1a: Sableye|Sableye, F|304/304","|move|p2a: Cradily|Rock Slide|p1a: Sableye","|-damage|p1a: Sableye|214/304","|","|-heal|p1a: Sableye|233/304|[from] item: Leftovers","|-heal|p2a: Cradily|263/376|[from] item: Leftovers","|turn|19","|","|move|p1a: Sableye|Will-O-Wisp|p2a: Cradily","|-status|p2a: Cradily|brn","|move|p2a: Cradily|Toxic|p1a: Sableye","|-status|p1a: Sableye|tox","|","|-heal|p1a: Sableye|252/304 tox|[from] item: Leftovers","|-heal|p2a: Cradily|286/376 brn|[from] item: Leftovers","|-damage|p1a: Sableye|233/304 tox|[from] psn","|-damage|p2a: Cradily|239/376 brn|[from] brn","|turn|20","|","|move|p1a: Sableye|Will-O-Wisp|p2a: Cradily","|-fail|p2a: Cradily|brn","|move|p2a: Cradily|Recover|p2a: Cradily","|-heal|p2a: Cradily|376/376 brn","|","|-heal|p1a: Sableye|252/304 tox|[from] item: Leftovers","|-damage|p1a: Sableye|214/304 tox|[from] psn","|-damage|p2a: Cradily|329/376 brn|[from] brn","|turn|21","|","|move|p1a: Sableye|Knock Off|p2a: Cradily","|-damage|p2a: Cradily|271/376 brn","|-enditem|p2a: Cradily|Leftovers|[from] move: Knock Off|[of] p1a: Sableye","|move|p2a: Cradily|Toxic|p1a: Sableye","|-fail|p1a: Sableye|tox","|","|-heal|p1a: Sableye|233/304 tox|[from] item: Leftovers","|-damage|p1a: Sableye|176/304 tox|[from] psn","|-damage|p2a: Cradily|224/376 brn|[from] brn","|turn|22","|","|move|p1a: Sableye|Taunt|p2a: Cradily","|-start|p2a: Cradily|move: Taunt","|cant|p2a: Cradily|move: Taunt|Recover","|","|-heal|p1a: Sableye|195/304 tox|[from] item: Leftovers","|-damage|p1a: Sableye|119/304 tox|[from] psn","|-damage|p2a: Cradily|177/376 brn|[from] brn","|turn|23","|","|switch|p1a: Gengar|Gengar, M|262/262","|move|p2a: Cradily|Rock Slide|p1a: Gengar","|-miss|p2a: Cradily|p1a: Gengar","|","|-damage|p2a: Cradily|130/376 brn|[from] brn","|turn|24","|","|move|p1a: Gengar|Sludge Wave|p2a: Cradily","|-damage|p2a: Cradily|0 fnt","|faint|p2a: Cradily","|","|","|switch|p2a: Abomasnow|Abomasnow, M|383/383","|-weather|Hail","|turn|25","|","|detailschange|p2a: Abomasnow|Abomasnow-Mega, M","|-mega|p2a: Abomasnow|Abomasnow|Abomasite","|move|p1a: Gengar|Sludge Wave|p2a: Abomasnow","|-supereffective|p2a: Abomasnow","|-damage|p2a: Abomasnow|0 fnt","|faint|p2a: Abomasnow","|","|-weather|Hail|[upkeep]","|-damage|p1a: Gengar|246/262|[from] hail","|","|switch|p2a: Trevenant|Trevenant, F|373/373","|turn|26","|","|move|p1a: Gengar|Sludge Wave|p2a: Trevenant","|-damage|p2a: Trevenant|69/373","|-status|p2a: Trevenant|psn","|move|p2a: Trevenant|Rock Slide|p1a: Gengar","|-miss|p2a: Trevenant|p1a: Gengar","|","|-weather|Hail|[upkeep]","|-damage|p1a: Gengar|230/262|[from] hail","|-damage|p2a: Trevenant|46/373 psn|[from] hail","|-damage|p2a: Trevenant|0 fnt|[from] psn","|faint|p2a: Trevenant","|","|switch|p2a: Breloom|Breloom, F|234/324","|turn|27","|","|move|p1a: Gengar|Sludge Wave|p2a: Breloom","|-supereffective|p2a: Breloom","|-damage|p2a: Breloom|0 fnt","|faint|p2a: Breloom","|","|win|InfernalxCrown"],"p1rating":{"entryid":"412860","serverid":"eos","formatid":"monotype","userid":"infernalxcrown","username":"InfernalxCrown","w":3,"l":"3","t":"0","gxe":51,"r":"1507.0422413527","rd":"108.53576925675","sigma":"0","rptime":"1441098000","rpr":1507.5221840316,"rprd":99.794719278297,"rpsigma":"0","acre":1087.7532510818,"lacre":1087.7532510818,"oldacre":"1047.3781220045"},"p2rating":{"entryid":"101951","serverid":"eos","formatid":"monotype","userid":"swlnocturne","username":"SWL Nocturne","w":"15","l":10,"t":"0","gxe":57,"r":"1572.1450248496","rd":"72.214260131448","sigma":"0","rptime":"1441098000","rpr":1553.9564356227,"rprd":66.21944443467,"rpsigma":"0","acre":1097.1255643401,"lacre":1097.1255643401,"oldacre":"1127.8120198953"},"endType":"normal"}