{"seed":[56489,32644,10890,34776],"turns":23,"p1":"Knight♕Genesect","p2":"Marx Bot","p1team":[{"name":"Keldeo","species":"Keldeo","item":"choicespecs","ability":"Justified","moves":["hiddenpowerpsychic","hydropump","secretsword","focusblast"],"nature":"Timid","evs":{"hp":0,"atk":0,"def":0,"spa":252,"spd":4,"spe":252},"ivs":{"hp":31,"atk":30,"def":31,"spa":31,"spd":31,"spe":30}},{"name":"Starmie","species":"Starmie","item":"choicescarf","ability":"Natural Cure","moves":["icebeam","thunderbolt","hydropump","psyshock"],"nature":"Timid","evs":{"hp":0,"atk":0,"def":0,"spa":252,"spd":4,"spe":252},"ivs":{"hp":31,"atk":31,"def":31,"spa":31,"spd":31,"spe":31}},{"name":"Rotom-Wash","species":"Rotom-Wash","item":"leftovers","ability":"Levitate","moves":["willowisp","thunderbolt","voltswitch","hydropump"],"nature":"Calm","evs":{"hp":252,"atk":0,"def":0,"spa":4,"spd":252,"spe":0},"ivs":{"hp":31,"atk":31,"def":31,"spa":31,"spd":31,"spe":31}},{"name":"Gyarados","species":"Gyarados","item":"gyaradosite","ability":"Intimidate","moves":["dragondance","waterfall","crunch","earthquake"],"nature":"Adamant","evs":{"hp":0,"atk":252,"def":0,"spa":0,"spd":4,"spe":252},"ivs":{"hp":31,"atk":31,"def":31,"spa":31,"spd":31,"spe":31}},{"name":"Slowking","species":"Slowking","item":"assaultvest","ability":"Regenerator","moves":["scald","psychic","flamethrower","icebeam"],"nature":"Modest","evs":{"hp":248,"atk":0,"def":0,"spa":228,"spd":32,"spe":0},"ivs":{"hp":31,"atk":31,"def":31,"spa":31,"spd":31,"spe":31}},{"name":"Quagsire","species":"Quagsire","item":"leftovers","ability":"Unaware","moves":["icepunch","curse","rest","sleeptalk"],"nature":"Impish","evs":{"hp":252,"atk":4,"def":252,"spa":0,"spd":0,"spe":0},"ivs":{"hp":31,"atk":31,"def":31,"spa":31,"spd":31,"spe":31}}],"p2team":[{"name":"Chatot","species":"Chatot","item":"choicescarf","ability":"Big Pecks","moves":["boomburst","chatter","uturn","heatwave"],"nature":"Timid","evs":{"hp":0,"atk":0,"def":0,"spa":252,"spd":4,"spe":252},"ivs":{"hp":31,"atk":31,"def":31,"spa":31,"spd":31,"spe":31}},{"name":"Landorus","species":"Landorus","item":"choicescarf","ability":"Sheer Force","moves":["earthpower","psychic","focusblast","sludgewave"],"nature":"Timid","evs":{"hp":0,"atk":0,"def":0,"spa":252,"spd":4,"spe":252},"ivs":{"hp":31,"atk":31,"def":31,"spa":31,"spd":31,"spe":31}},{"name":"Defog","species":"skarmory","item":"rockyhelmet","ability":"Sturdy","moves":["bravebird","stealthrock","ironhead","defog"],"nature":"Adamant","evs":{"hp":232,"atk":252,"def":0,"spa":0,"spd":0,"spe":24},"ivs":{"hp":31,"atk":31,"def":31,"spa":31,"spd":31,"spe":31}},{"name":"Archeops","species":"Archeops","item":"choiceband","ability":"Defeatist","moves":["dragonclaw","earthquake","headsmash","uturn"],"nature":"Jolly","evs":{"hp":0,"atk":252,"def":0,"spa":0,"spd":4,"spe":252},"ivs":{"hp":31,"atk":31,"def":31,"spa":31,"spd":31,"spe":31}},{"name":"Thundurus-Therian","species":"Thundurus-Therian","item":"lifeorb","ability":"Volt Absorb","moves":["darkpulse","discharge","sludgewave","voltswitch"],"nature":"Timid","evs":{"hp":0,"atk":0,"def":0,"spa":252,"spd":4,"spe":252},"ivs":{"hp":31,"atk":31,"def":31,"spa":31,"spd":31,"spe":31}},{"name":"Murkrow","species":"Murkrow","item":"eviolite","ability":"Prankster","moves":["darkpulse","thunderwave","featherdance","roost"],"nature":"Calm","evs":{"hp":248,"atk":0,"def":0,"spa":8,"spd":252,"spe":0},"ivs":{"hp":31,"atk":31,"def":31,"spa":31,"spd":31,"spe":31}}],"log":["|player|p1|Knight♕Genesect|1","|player|p2|Marx Bot|238","|gametype|singles","|gen|6","|tier|Monotype","|rated","|rule|Baton Pass Clause: Limit one Baton Passer, can't pass Spe and other stats simultaneously","|rule|Swagger Clause: Swagger is banned","|rule|Same Type Clause: Pokémon in a team must share a type","|clearpoke","|poke|p1|Keldeo","|poke|p1|Starmie","|poke|p1|Rotom-Wash","|poke|p1|Gyarados, M","|poke|p1|Slowking, M","|poke|p1|Quagsire, F","|poke|p2|Chatot, M","|poke|p2|Landorus, M","|poke|p2|Skarmory, M","|poke|p2|Archeops, F","|poke|p2|Thundurus-Therian, M","|poke|p2|Murkrow, M","|rule|Sleep Clause Mod: Limit one foe put to sleep","|rule|Species Clause: Limit one of each Pokémon","|rule|OHKO Clause: OHKO moves are banned","|rule|Moody Clause: Moody is banned","|rule|Evasion Moves Clause: Evasion moves are banned","|rule|Endless Battle Clause: Forcing endless battles is banned","|rule|HP Percentage Mod: HP is shown in percentages","|teampreview","|","|start","|switch|p1a: Starmie|Starmie|261/261","|switch|p2a: Chatot|Chatot, M|293/293","|turn|1","|","|move|p1a: Starmie|Ice Beam|p2a: Chatot","|-supereffective|p2a: Chatot","|-damage|p2a: Chatot|0 fnt","|faint|p2a: Chatot","|","|","|switch|p2a: Defog|Skarmory, M|329/329","|turn|2","|","|switch|p1a: Rotom-Wash|Rotom-Wash|304/304","|move|p2a: Defog|Brave Bird|p1a: Rotom-Wash","|-resisted|p1a: Rotom-Wash","|-damage|p1a: Rotom-Wash|224/304","|-damage|p2a: Defog|303/329|[from] recoil|[of] p1a: Rotom-Wash","|","|-heal|p1a: Rotom-Wash|243/304|[from] item: Leftovers","|turn|3","|","|move|p1a: Rotom-Wash|Hydro Pump|p2a: Defog","|-damage|p2a: Defog|107/329","|move|p2a: Defog|Stealth Rock|p1a: Rotom-Wash","|-sidestart|p1: Knight♕Genesect|move: Stealth Rock","|","|-heal|p1a: Rotom-Wash|262/304|[from] item: Leftovers","|turn|4","|","|move|p1a: Rotom-Wash|Volt Switch|p2a: Defog","|-supereffective|p2a: Defog","|-damage|p2a: Defog|0 fnt","|faint|p2a: Defog","|","|switch|p1a: Starmie|Starmie|261/261","|-damage|p1a: Starmie|229/261|[from] Stealth Rock","|","|","|switch|p2a: Murkrow|Murkrow, M|323/323","|turn|5","|","|move|p2a: Murkrow|Thunder Wave|p1a: Starmie","|-status|p1a: Starmie|par","|cant|p1a: Starmie|par","|","|turn|6","|","|move|p2a: Murkrow|Dark Pulse|p1a: Starmie","|-supereffective|p1a: Starmie","|-damage|p1a: Starmie|25/261 par","|cant|p1a: Starmie|par","|","|turn|7","|","|move|p2a: Murkrow|Dark Pulse|p1a: Starmie","|-supereffective|p1a: Starmie","|-damage|p1a: Starmie|0 fnt","|faint|p1a: Starmie","|","|","|switch|p1a: Rotom-Wash|Rotom-Wash|262/304","|-damage|p1a: Rotom-Wash|224/304|[from] Stealth Rock","|turn|8","|","|switch|p2a: Landorus|Landorus, M|319/319","|move|p1a: Rotom-Wash|Thunderbolt|p2a: Landorus","|-immune|p2a: Landorus|[msg]","|","|-heal|p1a: Rotom-Wash|243/304|[from] item: Leftovers","|turn|9","|","|switch|p2a: Murkrow|Murkrow, M|323/323","|move|p1a: Rotom-Wash|Hydro Pump|p2a: Murkrow","|-crit|p2a: Murkrow","|-damage|p2a: Murkrow|151/323","|","|-heal|p1a: Rotom-Wash|262/304|[from] item: Leftovers","|turn|10","|","|move|p2a: Murkrow|Roost|p2a: Murkrow","|-heal|p2a: Murkrow|313/323","|move|p1a: Rotom-Wash|Thunderbolt|p2a: Murkrow","|-damage|p2a: Murkrow|220/323","|","|-heal|p1a: Rotom-Wash|281/304|[from] item: Leftovers","|turn|11","|","|switch|p2a: Thundurus-Therian|Thundurus-Therian, M|299/299","|move|p1a: Rotom-Wash|Thunderbolt|p2a: Thundurus-Therian","|-immune|p2a: Thundurus-Therian|[msg]","|","|-heal|p1a: Rotom-Wash|300/304|[from] item: Leftovers","|turn|12","|","|move|p2a: Thundurus-Therian|Dark Pulse|p1a: Rotom-Wash","|-damage|p1a: Rotom-Wash|209/304","|-damage|p2a: Thundurus-Therian|270/299|[from] item: Life Orb","|cant|p1a: Rotom-Wash|flinch","|","|-heal|p1a: Rotom-Wash|228/304|[from] item: Leftovers","|turn|13","|","|switch|p2a: Landorus|Landorus, M|319/319","|move|p1a: Rotom-Wash|Hydro Pump|p2a: Landorus|[miss]","|-miss|p1a: Rotom-Wash|p2a: Landorus","|","|-heal|p1a: Rotom-Wash|247/304|[from] item: Leftovers","|turn|14","|","|move|p2a: Landorus|Focus Blast|p1a: Rotom-Wash","|-damage|p1a: Rotom-Wash|126/304","|move|p1a: Rotom-Wash|Hydro Pump|p2a: Landorus","|-supereffective|p2a: Landorus","|-damage|p2a: Landorus|17/319","|","|-heal|p1a: Rotom-Wash|145/304|[from] item: Leftovers","|turn|15","|","|move|p2a: Landorus|Focus Blast|p1a: Rotom-Wash","|-damage|p1a: Rotom-Wash|36/304","|move|p1a: Rotom-Wash|Will-O-Wisp|p2a: Landorus","|-status|p2a: Landorus|brn","|","|-heal|p1a: Rotom-Wash|55/304|[from] item: Leftovers","|-damage|p2a: Landorus|0 fnt|[from] brn","|faint|p2a: Landorus","|","|switch|p2a: Archeops|Archeops, F|291/291","|turn|16","|","|move|p2a: Archeops|U-turn|p1a: Rotom-Wash","|-damage|p1a: Rotom-Wash|0 fnt","|faint|p1a: Rotom-Wash","|","|switch|p2a: Thundurus-Therian|Thundurus-Therian, M|270/299","|","|","|switch|p1a: Quagsire|Quagsire, F|394/394","|-damage|p1a: Quagsire|370/394|[from] Stealth Rock","|turn|17","|","|move|p2a: Thundurus-Therian|Dark Pulse|p1a: Quagsire","|-damage|p1a: Quagsire|174/394","|-damage|p2a: Thundurus-Therian|241/299|[from] item: Life Orb","|move|p1a: Quagsire|Curse|p1a: Quagsire","|-unboost|p1a: Quagsire|spe|1","|-boost|p1a: Quagsire|atk|1","|-boost|p1a: Quagsire|def|1","|","|-heal|p1a: Quagsire|198/394|[from] item: Leftovers","|turn|18","|","|move|p2a: Thundurus-Therian|Dark Pulse|p1a: Quagsire","|-damage|p1a: Quagsire|7/394","|-damage|p2a: Thundurus-Therian|212/299|[from] item: Life Orb","|cant|p1a: Quagsire|flinch","|","|-heal|p1a: Quagsire|31/394|[from] item: Leftovers","|turn|19","|","|move|p2a: Thundurus-Therian|Dark Pulse|p1a: Quagsire","|-damage|p1a: Quagsire|0 fnt","|-damage|p2a: Thundurus-Therian|183/299|[from] item: Life Orb","|faint|p1a: Quagsire","|","|","|switch|p1a: Keldeo|Keldeo|323/323","|-damage|p1a: Keldeo|303/323|[from] Stealth Rock","|turn|20","|","|move|p1a: Keldeo|Hidden Power|p2a: Thundurus-Therian","|-damage|p2a: Thundurus-Therian|50/299","|move|p2a: Thundurus-Therian|Discharge|p1a: Keldeo","|-supereffective|p1a: Keldeo","|-damage|p1a: Keldeo|0 fnt","|-damage|p2a: Thundurus-Therian|21/299|[from] item: Life Orb","|faint|p1a: Keldeo","|","|","|switch|p1a: Gyarados|Gyarados, M|331/331","|-damage|p1a: Gyarados|249/331|[from] Stealth Rock","|-ability|p1a: Gyarados|Intimidate","|-unboost|p2a: Thundurus-Therian|atk|1","|turn|21","|","|detailschange|p1a: Gyarados|Gyarados-Mega, M","|-mega|p1a: Gyarados|Gyarados|Gyaradosite","|-ability|p1a: Gyarados|Mold Breaker","|move|p2a: Thundurus-Therian|Volt Switch|p1a: Gyarados","|-supereffective|p1a: Gyarados","|-damage|p1a: Gyarados|0 fnt","|-damage|p2a: Thundurus-Therian|0 fnt|[from] item: Life Orb","|faint|p1a: Gyarados","|faint|p2a: Thundurus-Therian","|","|","|switch|p2a: Archeops|Archeops, F|291/291","|switch|p1a: Slowking|Slowking, M|393/393","|-damage|p1a: Slowking|344/393|[from] Stealth Rock","|turn|22","|","|move|p2a: Archeops|U-turn|p1a: Slowking","|-supereffective|p1a: Slowking","|-damage|p1a: Slowking|36/393","|","|switch|p2a: Murkrow|Murkrow, M|220/323","|move|p1a: Slowking|Scald|p2a: Murkrow","|-damage|p2a: Murkrow|121/323","|","|turn|23","|","|win|Marx Bot"],"p1rating":{"entryid":"745226","serverid":"eos","formatid":"monotype","userid":"knightgenesect","username":"Knight♕Genesect","w":"1","l":4,"t":"0","gxe":40.5,"r":"1500","rd":"130","sigma":"0","rptime":"1441098000","rpr":1424.4565917501,"rprd":100.8206784607,"rpsigma":"0","acre":1035.3042355028,"lacre":1035.3042355028,"oldacre":"1050.7301559223"},"p2rating":{"entryid":"79213","serverid":"eos","formatid":"monotype","userid":"marxbot","username":"Marx-Bot","w":17,"l":"19","t":"0","gxe":47.6,"r":"1481.0723028735","rd":"57.371623001163","sigma":"0","rptime":"1441098000","rpr":1481.5441715131,"rprd":56.002872072529,"rpsigma":"0","acre":1116.7191856179,"lacre":1116.7191856179,"oldacre":"1094.0354801632"},"endType":"forfeit"}