{"seed":[19880,3435,55346,52399],"turns":21,"p1":"Imp Whatever","p2":"Emg UnownMaN","p1team":[{"name":"Swampert","species":"Swampert","item":"quickclaw","ability":"Torrent","moves":["earthquake","waterfall","icepunch","ancientpower"],"nature":"Brave","evs":{"hp":148,"atk":116,"def":132,"spa":0,"spd":112,"spe":0},"gender":"M","ivs":{"hp":31,"atk":31,"def":31,"spa":31,"spd":31,"spe":31}},{"name":"Ludicolo","species":"Ludicolo","item":"leftovers","ability":"Swift Swim","moves":["surf","gigadrain","focusblast","icebeam"],"nature":"Modest","evs":{"hp":76,"atk":0,"def":96,"spa":136,"spd":100,"spe":100},"gender":"M","ivs":{"hp":31,"atk":31,"def":31,"spa":31,"spd":31,"spe":31}},{"name":"Sharpedo","species":"Sharpedo","item":"sharpedonite","ability":"Speed Boost","moves":["protect","waterfall","crunch","icefang"],"nature":"Hasty","evs":{"hp":52,"atk":172,"def":84,"spa":0,"spd":84,"spe":116},"gender":"M","ivs":{"hp":31,"atk":31,"def":31,"spa":31,"spd":31,"spe":31}},{"name":"Tentacruel","species":"Tentacruel","item":"airballoon","ability":"Rain Dish","moves":["icebeam","confuseray","sludgewave","attract"],"nature":"Modest","evs":{"hp":120,"atk":0,"def":72,"spa":100,"spd":148,"spe":68},"gender":"F","ivs":{"hp":31,"atk":31,"def":31,"spa":31,"spd":31,"spe":31}},{"name":"Politoed","species":"Politoed","item":"leftovers","ability":"Drizzle","moves":["toxic","attract","protect","scald"],"nature":"Calm","evs":{"hp":108,"atk":0,"def":124,"spa":124,"spd":152,"spe":0},"ivs":{"hp":31,"atk":31,"def":31,"spa":31,"spd":31,"spe":31}},{"name":"Mantine","species":"Mantine","item":"leftovers","ability":"Swift Swim","moves":["mudsport","icebeam","airslash","scald"],"nature":"","evs":{"hp":116,"atk":0,"def":72,"spa":128,"spd":92,"spe":100},"ivs":{"hp":31,"atk":31,"def":31,"spa":31,"spd":31,"spe":31}}],"p2team":[{"name":"Diggersby","species":"Diggersby","item":"focussash","ability":"Huge Power","moves":["return","earthquake","knockoff","firepunch"],"nature":"Adamant","evs":{"hp":0,"atk":252,"def":4,"spa":0,"spd":0,"spe":252},"gender":"M","ivs":{"hp":31,"atk":31,"def":31,"spa":31,"spd":31,"spe":31}},{"name":"Lopunny","species":"Lopunny","item":"lopunnite","ability":"Limber","moves":["fakeout","return","highjumpkick","icepunch"],"nature":"Jolly","evs":{"hp":0,"atk":252,"def":4,"spa":0,"spd":0,"spe":252},"gender":"F","ivs":{"hp":31,"atk":31,"def":31,"spa":31,"spd":31,"spe":31}},{"name":"Smeargle","species":"Smeargle","item":"focussash","ability":"Own Tempo","moves":["spore","stealthrock","stickyweb","endeavor"],"nature":"Jolly","evs":{"hp":0,"atk":252,"def":0,"spa":4,"spd":0,"spe":252},"gender":"M","ivs":{"hp":31,"atk":31,"def":31,"spa":31,"spd":31,"spe":31}},{"name":"Staraptor","species":"Staraptor","item":"choiceband","ability":"Reckless","moves":["bravebird","doubleedge","closecombat","quickattack"],"nature":"Jolly","evs":{"hp":0,"atk":252,"def":4,"spa":0,"spd":0,"spe":252},"gender":"M","shiny":true,"ivs":{"hp":31,"atk":31,"def":31,"spa":31,"spd":31,"spe":31}},{"name":"Chansey","species":"Chansey","item":"eviolite","ability":"Natural Cure","moves":["thunderwave","softboiled","seismictoss","aromatherapy"],"nature":"Bold","evs":{"hp":4,"atk":0,"def":252,"spa":0,"spd":252,"spe":0},"ivs":{"hp":31,"atk":31,"def":31,"spa":31,"spd":31,"spe":31}},{"name":"Heliolisk","species":"Heliolisk","item":"lifeorb","ability":"Dry Skin","moves":["thunderbolt","hypervoice","surf","voltswitch"],"nature":"Timid","evs":{"hp":0,"atk":0,"def":0,"spa":252,"spd":4,"spe":252},"gender":"M","shiny":true,"ivs":{"hp":31,"atk":31,"def":31,"spa":31,"spd":31,"spe":31}}],"log":["|player|p1|Imp Whatever|291","|player|p2|Emg UnownMaN|265","|gametype|singles","|gen|6","|tier|Monotype","|rated","|rule|Baton Pass Clause: Limit one Baton Passer, can't pass Spe and other stats simultaneously","|rule|Swagger Clause: Swagger is banned","|rule|Same Type Clause: Pokémon in a team must share a type","|clearpoke","|poke|p1|Swampert, M","|poke|p1|Ludicolo, M","|poke|p1|Sharpedo, M","|poke|p1|Tentacruel, F","|poke|p1|Politoed, M","|poke|p1|Mantine, M","|poke|p2|Diggersby, M","|poke|p2|Lopunny, F","|poke|p2|Smeargle, M","|poke|p2|Staraptor, M, shiny","|poke|p2|Chansey, F","|poke|p2|Heliolisk, M, shiny","|rule|Sleep Clause Mod: Limit one foe put to sleep","|rule|Species Clause: Limit one of each Pokémon","|rule|OHKO Clause: OHKO moves are banned","|rule|Moody Clause: Moody is banned","|rule|Evasion Moves Clause: Evasion moves are banned","|rule|Endless Battle Clause: Forcing endless battles is banned","|rule|HP Percentage Mod: HP is shown in percentages","|teampreview","|","|start","|switch|p1a: Politoed|Politoed, M|348/348","|switch|p2a: Smeargle|Smeargle, M|251/251","|-weather|RainDance","|turn|1","|","|move|p2a: Smeargle|Sticky Web|p1a: Politoed","|-sidestart|p1: Imp Whatever|move: Sticky Web","|move|p1a: Politoed|Scald|p2a: Smeargle","|-enditem|p2a: Smeargle|Focus Sash","|-damage|p2a: Smeargle|1/251","|-status|p2a: Smeargle|brn","|","|-weather|RainDance|[upkeep]","|-damage|p2a: Smeargle|0 fnt|[from] brn","|faint|p2a: Smeargle","|","|switch|p2a: Heliolisk|Heliolisk, M, shiny|265/265","|turn|2","|","|move|p2a: Heliolisk|Hyper Voice|p1a: Politoed","|-damage|p1a: Politoed|215/348","|-damage|p2a: Heliolisk|239/265|[from] item: Life Orb","|move|p1a: Politoed|Toxic|p2a: Heliolisk","|-status|p2a: Heliolisk|tox","|","|-weather|RainDance|[upkeep]","|-heal|p2a: Heliolisk|265/265 tox|[from] ability: Dry Skin","|-heal|p1a: Politoed|236/348|[from] item: Leftovers","|-damage|p2a: Heliolisk|249/265 tox|[from] psn","|turn|3","|","|move|p1a: Politoed|Protect|p1a: Politoed","|-singleturn|p1a: Politoed|Protect","|move|p2a: Heliolisk|Thunderbolt|p1a: Politoed","|-activate|p1a: Politoed|Protect","|","|-weather|RainDance|[upkeep]","|-heal|p2a: Heliolisk|265/265 tox|[from] ability: Dry Skin","|-heal|p1a: Politoed|257/348|[from] item: Leftovers","|-damage|p2a: Heliolisk|233/265 tox|[from] psn","|turn|4","|","|switch|p1a: Ludicolo|Ludicolo, M|320/320","|-activate|p1a: Ludicolo|move: Sticky Web","|-unboost|p1a: Ludicolo|spe|1","|move|p2a: Heliolisk|Hyper Voice|p1a: Ludicolo","|-damage|p1a: Ludicolo|163/320","|-damage|p2a: Heliolisk|207/265 tox|[from] item: Life Orb","|","|-weather|RainDance|[upkeep]","|-heal|p2a: Heliolisk|240/265 tox|[from] ability: Dry Skin","|-heal|p1a: Ludicolo|183/320|[from] item: Leftovers","|-damage|p2a: Heliolisk|192/265 tox|[from] psn","|turn|5","|","|move|p2a: Heliolisk|Volt Switch|p1a: Ludicolo","|-damage|p1a: Ludicolo|62/320","|-damage|p2a: Heliolisk|166/265 tox|[from] item: Life Orb","|","|switch|p2a: Staraptor|Staraptor, M, shiny|311/311","|move|p1a: Ludicolo|Giga Drain|p2a: Staraptor","|-resisted|p2a: Staraptor","|-damage|p2a: Staraptor|228/311","|-heal|p1a: Ludicolo|104/320|[from] drain|[of] p2a: Staraptor","|","|-weather|none","|-heal|p1a: Ludicolo|124/320|[from] item: Leftovers","|turn|6","|","|switch|p1a: Politoed|Politoed, M|257/348","|-activate|p1a: Politoed|move: Sticky Web","|-unboost|p1a: Politoed|spe|1","|-weather|RainDance","|move|p2a: Staraptor|Brave Bird|p1a: Politoed","|-damage|p1a: Politoed|0 fnt","|-damage|p2a: Staraptor|143/311|[from] recoil|[of] p1a: Politoed","|faint|p1a: Politoed","|","|-weather|RainDance|[upkeep]","|","|switch|p1a: Mantine|Mantine, M|300/300","|turn|7","|","|move|p1a: Mantine|Ice Beam|p2a: Staraptor","|-supereffective|p2a: Staraptor","|-damage|p2a: Staraptor|0 fnt","|faint|p2a: Staraptor","|","|-weather|RainDance|[upkeep]","|","|switch|p2a: Heliolisk|Heliolisk, M, shiny|166/265 tox","|turn|8","|","|move|p1a: Mantine|Mud Sport|p1a: Mantine","|-fieldstart|move: Mud Sport|[of] p1a: Mantine","|move|p2a: Heliolisk|Volt Switch|p1a: Mantine","|-supereffective|p1a: Mantine","|-damage|p1a: Mantine|170/300","|-damage|p2a: Heliolisk|140/265 tox|[from] item: Life Orb","|","|switch|p2a: Lopunny|Lopunny, F|271/271","|","|-weather|RainDance|[upkeep]","|-heal|p1a: Mantine|188/300|[from] item: Leftovers","|turn|9","|","|detailschange|p2a: Lopunny|Lopunny-Mega, F","|-mega|p2a: Lopunny|Lopunny|Lopunnite","|move|p2a: Lopunny|Fake Out|p1a: Mantine","|-damage|p1a: Mantine|97/300","|cant|p1a: Mantine|flinch","|","|-weather|RainDance|[upkeep]","|-heal|p1a: Mantine|115/300|[from] item: Leftovers","|turn|10","|","|switch|p2a: Heliolisk|Heliolisk, M, shiny|140/265 tox","|move|p1a: Mantine|Air Slash|p2a: Heliolisk|[miss]","|-miss|p1a: Mantine|p2a: Heliolisk","|","|-weather|none","|-heal|p1a: Mantine|133/300|[from] item: Leftovers","|-damage|p2a: Heliolisk|124/265 tox|[from] psn","|turn|11","|","|move|p2a: Heliolisk|Thunderbolt|p1a: Mantine","|-supereffective|p1a: Mantine","|-damage|p1a: Mantine|0 fnt","|-damage|p2a: Heliolisk|98/265 tox|[from] item: Life Orb","|faint|p1a: Mantine","|","|-damage|p2a: Heliolisk|66/265 tox|[from] psn","|","|switch|p1a: Ludicolo|Ludicolo, M|124/320","|-activate|p1a: Ludicolo|move: Sticky Web","|-unboost|p1a: Ludicolo|spe|1","|turn|12","|","|move|p2a: Heliolisk|Volt Switch|p1a: Ludicolo","|-damage|p1a: Ludicolo|80/320","|-damage|p2a: Heliolisk|40/265 tox|[from] item: Life Orb","|","|switch|p2a: Chansey|Chansey, F|642/642","|move|p1a: Ludicolo|Surf|p2a: Chansey","|-damage|p2a: Chansey|578/642","|","|-heal|p1a: Ludicolo|100/320|[from] item: Leftovers","|-fieldend|move: Mud Sport","|turn|13","|","|switch|p2a: Heliolisk|Heliolisk, M, shiny|40/265 tox","|move|p1a: Ludicolo|Focus Blast|p2a: Heliolisk|[miss]","|-miss|p1a: Ludicolo|p2a: Heliolisk","|","|-heal|p1a: Ludicolo|120/320|[from] item: Leftovers","|-damage|p2a: Heliolisk|24/265 tox|[from] psn","|turn|14","|","|move|p2a: Heliolisk|Thunderbolt|p1a: Ludicolo","|-damage|p1a: Ludicolo|0 fnt","|-damage|p2a: Heliolisk|0 fnt|[from] item: Life Orb","|faint|p1a: Ludicolo","|faint|p2a: Heliolisk","|","|","|switch|p2a: Lopunny|Lopunny-Mega, F|271/271","|switch|p1a: Sharpedo|Sharpedo, M|294/294","|-activate|p1a: Sharpedo|move: Sticky Web","|-unboost|p1a: Sharpedo|spe|1","|turn|15","|","|move|p1a: Sharpedo|Protect|p1a: Sharpedo","|-singleturn|p1a: Sharpedo|Protect","|move|p2a: Lopunny|Fake Out|p1a: Sharpedo","|-activate|p1a: Sharpedo|Protect","|","|-boost|p1a: Sharpedo|spe|1|[from] ability: Speed Boost","|turn|16","|","|detailschange|p1a: Sharpedo|Sharpedo-Mega, M","|-mega|p1a: Sharpedo|Sharpedo|Sharpedonite","|move|p2a: Lopunny|Return|p1a: Sharpedo","|-damage|p1a: Sharpedo|65/294","|move|p1a: Sharpedo|Waterfall|p2a: Lopunny","|-damage|p2a: Lopunny|126/271","|","|turn|17","|","|move|p2a: Lopunny|Return|p1a: Sharpedo","|-damage|p1a: Sharpedo|0 fnt","|faint|p1a: Sharpedo","|","|","|switch|p1a: Swampert|Swampert, M|378/378","|-activate|p1a: Swampert|move: Sticky Web","|-unboost|p1a: Swampert|spe|1","|turn|18","|","|move|p2a: Lopunny|High Jump Kick|p1a: Swampert","|-damage|p1a: Swampert|165/378","|move|p1a: Swampert|Earthquake|p2a: Lopunny","|-damage|p2a: Lopunny|0 fnt","|faint|p2a: Lopunny","|","|","|switch|p2a: Diggersby|Diggersby, M|311/311","|turn|19","|","|move|p2a: Diggersby|Return|p1a: Swampert","|-damage|p1a: Swampert|0 fnt","|faint|p1a: Swampert","|","|","|switch|p1a: Tentacruel|Tentacruel, F|331/331","|-item|p1a: Tentacruel|Air Balloon","|turn|20","|","|move|p2a: Diggersby|Return|p1a: Tentacruel","|-damage|p1a: Tentacruel|31/331","|-enditem|p1a: Tentacruel|Air Balloon","|move|p1a: Tentacruel|Confuse Ray|p2a: Diggersby","|-start|p2a: Diggersby|confusion","|","|turn|21","|","|-activate|p2a: Diggersby|confusion","|move|p2a: Diggersby|Knock Off|p1a: Tentacruel","|-damage|p1a: Tentacruel|0 fnt","|faint|p1a: Tentacruel","|","|win|Emg UnownMaN"],"p1rating":{"entryid":"693707","serverid":"eos","formatid":"monotype","userid":"impwhatever","username":"Imp Whatever","w":"8","l":13,"t":"0","gxe":38.4,"r":"1390.7554856314","rd":"71.911201232994","sigma":"0","rptime":"1441098000","rpr":1409.5857726211,"rprd":68.116988477802,"rpsigma":"0","acre":1068.1346095191,"lacre":1068.1346095191,"oldacre":"1086.9386997865"},"p2rating":{"entryid":"180774","serverid":"eos","formatid":"monotype","userid":"emgunownman","username":"Emg UnownMaN","w":11,"l":"9","t":"0","gxe":52.1,"r":"1506.4526883806","rd":"72.637507265478","sigma":"0","rptime":"1441098000","rpr":1516.2466700097,"rprd":71.314190077464,"rpsigma":"0","acre":1171.9627508404,"lacre":1171.9627508404,"oldacre":"1151.5597198986"},"endType":"normal"}