{"seed":[56600,32982,26811,44999],"turns":34,"p1":"SWL Nocturne","p2":"Knight♕Genesect","p1team":[{"name":"Celebi","species":"Celebi","item":"leftovers","ability":"Natural Cure","moves":["trickroom","healbell","gigadrain","healingwish"],"nature":"Sassy","evs":{"hp":220,"atk":0,"def":128,"spa":0,"spd":160,"spe":0},"ivs":{"hp":31,"atk":31,"def":31,"spa":31,"spd":31,"spe":0}},{"name":"Trevenant","species":"Trevenant","item":"choiceband","ability":"Natural Cure","moves":["hornleech","poisonjab","earthquake","rockslide"],"nature":"Adamant","evs":{"hp":248,"atk":252,"def":0,"spa":0,"spd":8,"spe":0},"ivs":{"hp":31,"atk":31,"def":31,"spa":31,"spd":31,"spe":31}},{"name":"Whimsicott","species":"Whimsicott","item":"focussash","ability":"Prankster","moves":["trickroom","leechseed","substitute","moonblast"],"nature":"Relaxed","evs":{"hp":248,"atk":0,"def":252,"spa":8,"spd":0,"spe":0},"ivs":{"hp":31,"atk":31,"def":31,"spa":31,"spd":31,"spe":0}},{"name":"Abomasnow","species":"Abomasnow","item":"abomasite","ability":"Snow Warning","moves":["blizzard","gigadrain","iceshard","hiddenpowerrock"],"nature":"Quiet","evs":{"hp":248,"atk":8,"def":0,"spa":252,"spd":0,"spe":0},"ivs":{"hp":31,"atk":31,"def":30,"spa":31,"spd":30,"spe":30}},{"name":"Breloom","species":"Breloom","item":"focussash","ability":"Technician","moves":["spore","bulletseed","machpunch","swordsdance"],"nature":"Adamant","evs":{"hp":252,"atk":252,"def":0,"spa":0,"spd":0,"spe":0},"ivs":{"hp":31,"atk":31,"def":31,"spa":31,"spd":31,"spe":31}},{"name":"Cradily","species":"Cradily","item":"leftovers","ability":"Suction Cups","moves":["toxic","recover","stockpile","rockslide"],"nature":"Relaxed","evs":{"hp":252,"atk":0,"def":196,"spa":0,"spd":60,"spe":0},"ivs":{"hp":31,"atk":31,"def":31,"spa":31,"spd":31,"spe":31}}],"p2team":[{"name":"Keldeo","species":"Keldeo","item":"choicespecs","ability":"Justified","moves":["hiddenpowerpsychic","hydropump","secretsword","focusblast"],"nature":"Timid","evs":{"hp":0,"atk":0,"def":0,"spa":252,"spd":4,"spe":252},"ivs":{"hp":31,"atk":30,"def":31,"spa":31,"spd":31,"spe":30}},{"name":"Starmie","species":"Starmie","item":"choicescarf","ability":"Natural Cure","moves":["icebeam","thunderbolt","hydropump","psyshock"],"nature":"Timid","evs":{"hp":0,"atk":0,"def":0,"spa":252,"spd":4,"spe":252},"ivs":{"hp":31,"atk":31,"def":31,"spa":31,"spd":31,"spe":31}},{"name":"Rotom-Wash","species":"Rotom-Wash","item":"leftovers","ability":"Levitate","moves":["willowisp","thunderbolt","voltswitch","hydropump"],"nature":"Calm","evs":{"hp":252,"atk":0,"def":0,"spa":4,"spd":252,"spe":0},"ivs":{"hp":31,"atk":31,"def":31,"spa":31,"spd":31,"spe":31}},{"name":"Gyarados","species":"Gyarados","item":"gyaradosite","ability":"Intimidate","moves":["dragondance","waterfall","crunch","earthquake"],"nature":"Adamant","evs":{"hp":0,"atk":252,"def":0,"spa":0,"spd":4,"spe":252},"ivs":{"hp":31,"atk":31,"def":31,"spa":31,"spd":31,"spe":31}},{"name":"Slowking","species":"Slowking","item":"assaultvest","ability":"Regenerator","moves":["scald","psychic","flamethrower","icebeam"],"nature":"Modest","evs":{"hp":248,"atk":0,"def":0,"spa":228,"spd":32,"spe":0},"ivs":{"hp":31,"atk":31,"def":31,"spa":31,"spd":31,"spe":31}},{"name":"Quagsire","species":"Quagsire","item":"leftovers","ability":"Unaware","moves":["icepunch","curse","rest","sleeptalk"],"nature":"Impish","evs":{"hp":252,"atk":4,"def":252,"spa":0,"spd":0,"spe":0},"ivs":{"hp":31,"atk":31,"def":31,"spa":31,"spd":31,"spe":31}}],"log":["|player|p1|SWL Nocturne|163","|player|p2|Knight♕Genesect|1","|gametype|singles","|gen|6","|tier|Monotype","|rated","|rule|Baton Pass Clause: Limit one Baton Passer, can't pass Spe and other stats simultaneously","|rule|Swagger Clause: Swagger is banned","|rule|Same Type Clause: Pokémon in a team must share a type","|clearpoke","|poke|p1|Celebi","|poke|p1|Trevenant, F","|poke|p1|Whimsicott, M","|poke|p1|Abomasnow, M","|poke|p1|Breloom, M","|poke|p1|Cradily, M","|poke|p2|Keldeo","|poke|p2|Starmie","|poke|p2|Rotom-Wash","|poke|p2|Gyarados, M","|poke|p2|Slowking, M","|poke|p2|Quagsire, F","|rule|Sleep Clause Mod: Limit one foe put to sleep","|rule|Species Clause: Limit one of each Pokémon","|rule|OHKO Clause: OHKO moves are banned","|rule|Moody Clause: Moody is banned","|rule|Evasion Moves Clause: Evasion moves are banned","|rule|Endless Battle Clause: Forcing endless battles is banned","|rule|HP Percentage Mod: HP is shown in percentages","|teampreview","|","|start","|switch|p1a: Whimsicott|Whimsicott, M|323/323","|switch|p2a: Rotom-Wash|Rotom-Wash|304/304","|turn|1","|","|move|p1a: Whimsicott|Substitute|p1a: Whimsicott","|-start|p1a: Whimsicott|Substitute","|-damage|p1a: Whimsicott|243/323","|move|p2a: Rotom-Wash|Volt Switch|p1a: Whimsicott","|-resisted|p1a: Whimsicott","|-activate|p1a: Whimsicott|Substitute|[damage]","|","|switch|p2a: Gyarados|Gyarados, M|331/331","|-ability|p2a: Gyarados|Intimidate","|-activate|p1a: Whimsicott|Substitute|ability: Intimidate|[of] p2a: Gyarados","|","|turn|2","|","|move|p1a: Whimsicott|Leech Seed|p2a: Gyarados|[miss]","|-miss|p1a: Whimsicott|p2a: Gyarados","|move|p2a: Gyarados|Crunch|p1a: Whimsicott","|-resisted|p1a: Whimsicott","|-end|p1a: Whimsicott|Substitute","|","|turn|3","|","|move|p2a: Gyarados|Dragon Dance|p2a: Gyarados","|-boost|p2a: Gyarados|atk|1","|-boost|p2a: Gyarados|spe|1","|move|p1a: Whimsicott|Trick Room|p1a: Whimsicott","|-fieldstart|move: Trick Room|[of] p1a: Whimsicott","|","|turn|4","|","|move|p1a: Whimsicott|Moonblast|p2a: Gyarados","|-damage|p2a: Gyarados|247/331","|move|p2a: Gyarados|Waterfall|p1a: Whimsicott","|-resisted|p1a: Whimsicott","|-damage|p1a: Whimsicott|156/323","|","|turn|5","|","|move|p1a: Whimsicott|Leech Seed|p2a: Gyarados","|-start|p2a: Gyarados|move: Leech Seed","|move|p2a: Gyarados|Waterfall|p1a: Whimsicott","|-resisted|p1a: Whimsicott","|-damage|p1a: Whimsicott|68/323","|","|-damage|p2a: Gyarados|206/331|[from] Leech Seed|[of] p1a: Whimsicott","|-heal|p1a: Whimsicott|109/323|[silent]","|turn|6","|","|move|p1a: Whimsicott|Substitute|p1a: Whimsicott","|-start|p1a: Whimsicott|Substitute","|-damage|p1a: Whimsicott|29/323","|move|p2a: Gyarados|Waterfall|p1a: Whimsicott","|-resisted|p1a: Whimsicott","|-end|p1a: Whimsicott|Substitute","|","|-damage|p2a: Gyarados|165/331|[from] Leech Seed|[of] p1a: Whimsicott","|-heal|p1a: Whimsicott|70/323|[silent]","|turn|7","|","|switch|p1a: Celebi|Celebi|396/396","|move|p2a: Gyarados|Waterfall|p1a: Celebi","|-resisted|p1a: Celebi","|-damage|p1a: Celebi|291/396","|","|-heal|p1a: Celebi|315/396|[from] item: Leftovers","|-damage|p2a: Gyarados|124/331|[from] Leech Seed|[of] p1a: Celebi","|-heal|p1a: Celebi|356/396|[silent]","|-fieldend|move: Trick Room","|turn|8","|","|switch|p1a: Cradily|Cradily, M|376/376","|detailschange|p2a: Gyarados|Gyarados-Mega, M","|-mega|p2a: Gyarados|Gyarados|Gyaradosite","|-ability|p2a: Gyarados|Mold Breaker","|move|p2a: Gyarados|Crunch|p1a: Cradily","|-damage|p1a: Cradily|160/376","|","|-heal|p1a: Cradily|183/376|[from] item: Leftovers","|-damage|p2a: Gyarados|83/331|[from] Leech Seed|[of] p1a: Cradily","|-heal|p1a: Cradily|224/376|[silent]","|turn|9","|","|move|p2a: Gyarados|Crunch|p1a: Cradily","|-damage|p1a: Cradily|35/376","|-unboost|p1a: Cradily|def|1","|move|p1a: Cradily|Recover|p1a: Cradily","|-heal|p1a: Cradily|223/376","|","|-heal|p1a: Cradily|246/376|[from] item: Leftovers","|-damage|p2a: Gyarados|42/331|[from] Leech Seed|[of] p1a: Cradily","|-heal|p1a: Cradily|287/376|[silent]","|turn|10","|","|switch|p1a: Whimsicott|Whimsicott, M|70/323","|move|p2a: Gyarados|Crunch|p1a: Whimsicott","|-resisted|p1a: Whimsicott","|-damage|p1a: Whimsicott|0 fnt","|faint|p1a: Whimsicott","|","|","|switch|p1a: Cradily|Cradily, M|287/376","|turn|11","|","|move|p2a: Gyarados|Crunch|p1a: Cradily","|-damage|p1a: Cradily|80/376","|move|p1a: Cradily|Recover|p1a: Cradily","|-heal|p1a: Cradily|268/376","|","|-heal|p1a: Cradily|291/376|[from] item: Leftovers","|-damage|p2a: Gyarados|1/331|[from] Leech Seed|[of] p1a: Cradily","|-heal|p1a: Cradily|332/376|[silent]","|turn|12","|","|move|p2a: Gyarados|Crunch|p1a: Cradily","|-damage|p1a: Cradily|143/376","|move|p1a: Cradily|Recover|p1a: Cradily","|-heal|p1a: Cradily|331/376","|","|-heal|p1a: Cradily|354/376|[from] item: Leftovers","|-damage|p2a: Gyarados|0 fnt|[from] Leech Seed|[of] p1a: Cradily","|-heal|p1a: Cradily|355/376|[silent]","|faint|p2a: Gyarados","|","|switch|p2a: Starmie|Starmie|261/261","|turn|13","|","|move|p2a: Starmie|Ice Beam|p1a: Cradily","|-supereffective|p1a: Cradily","|-damage|p1a: Cradily|197/376","|move|p1a: Cradily|Toxic|p2a: Starmie","|-status|p2a: Starmie|tox","|","|-heal|p1a: Cradily|220/376|[from] item: Leftovers","|-damage|p2a: Starmie|245/261 tox|[from] psn","|turn|14","|","|move|p2a: Starmie|Ice Beam|p1a: Cradily","|-supereffective|p1a: Cradily","|-damage|p1a: Cradily|64/376","|move|p1a: Cradily|Recover|p1a: Cradily","|-heal|p1a: Cradily|252/376","|","|-heal|p1a: Cradily|275/376|[from] item: Leftovers","|-damage|p2a: Starmie|213/261 tox|[from] psn","|turn|15","|","|switch|p2a: Keldeo|Keldeo|323/323","|move|p1a: Cradily|Recover|p1a: Cradily","|-heal|p1a: Cradily|376/376","|","|turn|16","|","|switch|p2a: Starmie|Starmie|213/261","|switch|p1a: Celebi|Celebi|356/396","|","|-heal|p1a: Celebi|380/396|[from] item: Leftovers","|turn|17","|","|move|p2a: Starmie|Ice Beam|p1a: Celebi","|-supereffective|p1a: Celebi","|-damage|p1a: Celebi|244/396","|move|p1a: Celebi|Trick Room|p1a: Celebi","|-fieldstart|move: Trick Room|[of] p1a: Celebi","|","|-heal|p1a: Celebi|268/396|[from] item: Leftovers","|turn|18","|","|move|p1a: Celebi|Giga Drain|p2a: Starmie","|-supereffective|p2a: Starmie","|-damage|p2a: Starmie|15/261","|-heal|p1a: Celebi|367/396|[from] drain|[of] p2a: Starmie","|move|p2a: Starmie|Ice Beam|p1a: Celebi","|-supereffective|p1a: Celebi","|-damage|p1a: Celebi|229/396","|","|-heal|p1a: Celebi|253/396|[from] item: Leftovers","|turn|19","|","|move|p1a: Celebi|Giga Drain|p2a: Starmie","|-supereffective|p2a: Starmie","|-damage|p2a: Starmie|0 fnt","|-heal|p1a: Celebi|261/396|[from] drain|[of] p2a: Starmie","|faint|p2a: Starmie","|","|-heal|p1a: Celebi|285/396|[from] item: Leftovers","|","|switch|p2a: Slowking|Slowking, M|393/393","|turn|20","|","|move|p2a: Slowking|Flamethrower|p1a: Celebi","|-supereffective|p1a: Celebi","|-damage|p1a: Celebi|133/396","|move|p1a: Celebi|Giga Drain|p2a: Slowking","|-supereffective|p2a: Slowking","|-damage|p2a: Slowking|295/393","|-heal|p1a: Celebi|182/396|[from] drain|[of] p2a: Slowking","|","|-heal|p1a: Celebi|206/396|[from] item: Leftovers","|turn|21","|","|switch|p1a: Cradily|Cradily, M|376/376","|move|p2a: Slowking|Ice Beam|p1a: Cradily","|-supereffective|p1a: Cradily","|-damage|p1a: Cradily|210/376","|","|-heal|p1a: Cradily|233/376|[from] item: Leftovers","|-fieldend|move: Trick Room","|turn|22","|","|move|p1a: Cradily|Toxic|p2a: Slowking","|-status|p2a: Slowking|tox","|move|p2a: Slowking|Ice Beam|p1a: Cradily","|-supereffective|p1a: Cradily","|-damage|p1a: Cradily|55/376","|","|-heal|p1a: Cradily|78/376|[from] item: Leftovers","|-damage|p2a: Slowking|271/393 tox|[from] psn","|turn|23","|","|move|p1a: Cradily|Recover|p1a: Cradily","|-heal|p1a: Cradily|266/376","|move|p2a: Slowking|Flamethrower|p1a: Cradily","|-damage|p1a: Cradily|187/376","|","|-heal|p1a: Cradily|210/376|[from] item: Leftovers","|-damage|p2a: Slowking|223/393 tox|[from] psn","|turn|24","|","|move|p1a: Cradily|Recover|p1a: Cradily","|-heal|p1a: Cradily|376/376","|move|p2a: Slowking|Ice Beam|p1a: Cradily","|-supereffective|p1a: Cradily","|-damage|p1a: Cradily|210/376","|","|-heal|p1a: Cradily|233/376|[from] item: Leftovers","|-damage|p2a: Slowking|151/393 tox|[from] psn","|turn|25","|","|move|p1a: Cradily|Recover|p1a: Cradily","|-heal|p1a: Cradily|376/376","|move|p2a: Slowking|Ice Beam|p1a: Cradily","|-supereffective|p1a: Cradily","|-damage|p1a: Cradily|202/376","|","|-heal|p1a: Cradily|225/376|[from] item: Leftovers","|-damage|p2a: Slowking|55/393 tox|[from] psn","|turn|26","|","|move|p1a: Cradily|Recover|p1a: Cradily","|-heal|p1a: Cradily|376/376","|move|p2a: Slowking|Ice Beam|p1a: Cradily","|-crit|p1a: Cradily","|-supereffective|p1a: Cradily","|-damage|p1a: Cradily|138/376","|","|-heal|p1a: Cradily|161/376|[from] item: Leftovers","|-damage|p2a: Slowking|0 fnt|[from] psn","|faint|p2a: Slowking","|","|switch|p2a: Keldeo|Keldeo|323/323","|turn|27","|","|move|p2a: Keldeo|Secret Sword|p1a: Cradily","|-supereffective|p1a: Cradily","|-damage|p1a: Cradily|0 fnt","|faint|p1a: Cradily","|","|","|switch|p1a: Celebi|Celebi|206/396","|turn|28","|","|move|p2a: Keldeo|Secret Sword|p1a: Celebi","|-resisted|p1a: Celebi","|-damage|p1a: Celebi|98/396","|move|p1a: Celebi|Trick Room|p1a: Celebi","|-fieldstart|move: Trick Room|[of] p1a: Celebi","|","|-heal|p1a: Celebi|122/396|[from] item: Leftovers","|turn|29","|","|switch|p2a: Rotom-Wash|Rotom-Wash|304/304","|move|p1a: Celebi|Giga Drain|p2a: Rotom-Wash","|-supereffective|p2a: Rotom-Wash","|-damage|p2a: Rotom-Wash|190/304","|-heal|p1a: Celebi|179/396|[from] drain|[of] p2a: Rotom-Wash","|","|-heal|p1a: Celebi|203/396|[from] item: Leftovers","|-heal|p2a: Rotom-Wash|209/304|[from] item: Leftovers","|turn|30","|","|move|p1a: Celebi|Giga Drain|p2a: Rotom-Wash","|-supereffective|p2a: Rotom-Wash","|-damage|p2a: Rotom-Wash|93/304","|-heal|p1a: Celebi|261/396|[from] drain|[of] p2a: Rotom-Wash","|move|p2a: Rotom-Wash|Thunderbolt|p1a: Celebi","|-resisted|p1a: Celebi","|-damage|p1a: Celebi|219/396","|","|-heal|p1a: Celebi|243/396|[from] item: Leftovers","|-heal|p2a: Rotom-Wash|112/304|[from] item: Leftovers","|turn|31","|","|move|p1a: Celebi|Giga Drain|p2a: Rotom-Wash","|-crit|p2a: Rotom-Wash","|-supereffective|p2a: Rotom-Wash","|-damage|p2a: Rotom-Wash|0 fnt","|-heal|p1a: Celebi|299/396|[from] drain|[of] p2a: Rotom-Wash","|faint|p2a: Rotom-Wash","|","|-heal|p1a: Celebi|323/396|[from] item: Leftovers","|","|switch|p2a: Quagsire|Quagsire, F|394/394","|turn|32","|","|move|p2a: Quagsire|Ice Punch|p1a: Celebi","|-supereffective|p1a: Celebi","|-damage|p1a: Celebi|231/396","|move|p1a: Celebi|Giga Drain|p2a: Quagsire","|-crit|p2a: Quagsire","|-supereffective|p2a: Quagsire","|-damage|p2a: Quagsire|0 fnt","|-heal|p1a: Celebi|396/396|[from] drain|[of] p2a: Quagsire","|faint|p2a: Quagsire","|","|-fieldend|move: Trick Room","|","|switch|p2a: Keldeo|Keldeo|323/323","|turn|33","|","|move|p2a: Keldeo|Hidden Power|p1a: Celebi","|-resisted|p1a: Celebi","|-damage|p1a: Celebi|352/396","|move|p1a: Celebi|Giga Drain|p2a: Keldeo","|-supereffective|p2a: Keldeo","|-damage|p2a: Keldeo|137/323","|-heal|p1a: Celebi|396/396|[from] drain|[of] p2a: Keldeo","|","|turn|34","|","|move|p2a: Keldeo|Hidden Power|p1a: Celebi","|-resisted|p1a: Celebi","|-damage|p1a: Celebi|351/396","|move|p1a: Celebi|Giga Drain|p2a: Keldeo","|-supereffective|p2a: Keldeo","|-damage|p2a: Keldeo|0 fnt","|-heal|p1a: Celebi|396/396|[from] drain|[of] p2a: Keldeo","|faint|p2a: Keldeo","|","|win|SWL Nocturne"],"p1rating":{"entryid":"101951","serverid":"eos","formatid":"monotype","userid":"swlnocturne","username":"SWL Nocturne","w":15,"l":"9","t":"0","gxe":58.8,"r":"1572.1450248496","rd":"72.214260131448","sigma":"0","rptime":"1441098000","rpr":1567.8463808933,"rprd":67.286838976588,"rpsigma":"0","acre":1127.8120198953,"lacre":1127.8120198953,"oldacre":"1110.5058440473"},"p2rating":{"entryid":745226,"formatid":"monotype","userid":"knightgenesect","username":"Knight♕Genesect","r":1500,"rd":130,"sigma":0,"rpr":1466.3519802694,"rprd":122.41767986387,"rpsigma":0,"rptime":1441098000,"w":0,"l":1,"t":0,"gxe":45.8,"acre":1000,"lacre":1000,"oldacre":1000},"endType":"normal"}