{"seed":[54553,44677,16079,26136],"turns":21,"p1":"SL Shrek","p2":"SWL Nocturne","p1team":[{"name":"Manectric","species":"Manectric","item":"manectite","ability":"Static","moves":["thunderbolt","hiddenpowergrass","overheat","voltswitch"],"nature":"Modest","evs":{"hp":4,"atk":0,"def":0,"spa":252,"spd":0,"spe":252},"gender":"M","ivs":{"hp":31,"atk":30,"def":31,"spa":30,"spd":31,"spe":31}},{"name":"Galvantula","species":"Galvantula","item":"lifeorb","ability":"Compound Eyes","moves":["stickyweb","thunder","bugbuzz","voltswitch"],"nature":"Timid","evs":{"hp":4,"atk":0,"def":0,"spa":252,"spd":0,"spe":252},"gender":"M","ivs":{"hp":31,"atk":31,"def":31,"spa":31,"spd":31,"spe":31}},{"name":"Zapdos","species":"Zapdos","item":"leftovers","ability":"Pressure","moves":["thunderbolt","extrasensory","defog","roost"],"nature":"Timid","evs":{"hp":0,"atk":0,"def":0,"spa":252,"spd":4,"spe":252},"shiny":true,"ivs":{"hp":31,"atk":31,"def":31,"spa":31,"spd":31,"spe":31}},{"name":"Raikou","species":"Raikou","item":"choicespecs","ability":"Pressure","moves":["thunderbolt","shadowball","hiddenpowergrass","aurasphere"],"nature":"Rash","evs":{"hp":4,"atk":0,"def":0,"spa":252,"spd":0,"spe":252},"ivs":{"hp":31,"atk":30,"def":31,"spa":30,"spd":31,"spe":31},"shiny":true},{"name":"Zebstrika","species":"Zebstrika","item":"lifeorb","ability":"Sap Sipper","moves":["voltswitch","hiddenpowergrass","overheat","thunderbolt"],"nature":"Timid","evs":{"hp":0,"atk":0,"def":0,"spa":252,"spd":4,"spe":252},"gender":"M","ivs":{"hp":31,"atk":30,"def":31,"spa":30,"spd":31,"spe":31},"shiny":true},{"name":"Rotom-Wash","species":"Rotom-Wash","item":"choicescarf","ability":"Levitate","moves":["hydropump","trick","voltswitch","hiddenpowergrass"],"nature":"Timid","evs":{"hp":0,"atk":0,"def":0,"spa":252,"spd":4,"spe":252},"ivs":{"hp":31,"atk":30,"def":31,"spa":30,"spd":31,"spe":31}}],"p2team":[{"name":"Celebi","species":"Celebi","item":"leftovers","ability":"Natural Cure","moves":["trickroom","healbell","gigadrain","healingwish"],"nature":"Sassy","evs":{"hp":220,"atk":0,"def":128,"spa":0,"spd":160,"spe":0},"ivs":{"hp":31,"atk":31,"def":31,"spa":31,"spd":31,"spe":0}},{"name":"Trevenant","species":"Trevenant","item":"choiceband","ability":"Natural Cure","moves":["hornleech","poisonjab","earthquake","rockslide"],"nature":"Adamant","evs":{"hp":248,"atk":252,"def":0,"spa":0,"spd":8,"spe":0},"ivs":{"hp":31,"atk":31,"def":31,"spa":31,"spd":31,"spe":31}},{"name":"Whimsicott","species":"Whimsicott","item":"focussash","ability":"Prankster","moves":["trickroom","encore","substitute","moonblast"],"nature":"Relaxed","evs":{"hp":248,"atk":0,"def":252,"spa":8,"spd":0,"spe":0},"ivs":{"hp":31,"atk":31,"def":31,"spa":31,"spd":31,"spe":0}},{"name":"Abomasnow","species":"Abomasnow","item":"abomasite","ability":"Snow Warning","moves":["blizzard","gigadrain","iceshard","hiddenpowerrock"],"nature":"Quiet","evs":{"hp":248,"atk":8,"def":0,"spa":252,"spd":0,"spe":0},"ivs":{"hp":31,"atk":31,"def":30,"spa":31,"spd":30,"spe":30}},{"name":"Breloom","species":"Breloom","item":"focussash","ability":"Technician","moves":["spore","bulletseed","machpunch","swordsdance"],"nature":"Adamant","evs":{"hp":252,"atk":252,"def":0,"spa":0,"spd":0,"spe":0},"ivs":{"hp":31,"atk":31,"def":31,"spa":31,"spd":31,"spe":31}},{"name":"Cradily","species":"Cradily","item":"leftovers","ability":"Suction Cups","moves":["toxic","recover","stockpile","rockslide"],"nature":"Relaxed","evs":{"hp":252,"atk":0,"def":196,"spa":0,"spd":60,"spe":0},"ivs":{"hp":31,"atk":31,"def":31,"spa":31,"spd":31,"spe":31}}],"log":["|player|p1|SL Shrek|199","|player|p2|SWL Nocturne|29","|gametype|singles","|gen|6","|tier|Monotype","|rated","|rule|Baton Pass Clause: Limit one Baton Passer, can't pass Spe and other stats simultaneously","|rule|Swagger Clause: Swagger is banned","|rule|Same Type Clause: Pokémon in a team must share a type","|clearpoke","|poke|p1|Manectric, M","|poke|p1|Galvantula, M","|poke|p1|Zapdos, shiny","|poke|p1|Raikou, shiny","|poke|p1|Zebstrika, M, shiny","|poke|p1|Rotom-Wash","|poke|p2|Celebi","|poke|p2|Trevenant, M","|poke|p2|Whimsicott, F","|poke|p2|Abomasnow, M","|poke|p2|Breloom, M","|poke|p2|Cradily, F","|rule|Sleep Clause Mod: Limit one foe put to sleep","|rule|Species Clause: Limit one of each Pokémon","|rule|OHKO Clause: OHKO moves are banned","|rule|Moody Clause: Moody is banned","|rule|Evasion Moves Clause: Evasion moves are banned","|rule|Endless Battle Clause: Forcing endless battles is banned","|rule|HP Percentage Mod: HP is shown in percentages","|teampreview","|","|start","|switch|p1a: Zapdos|Zapdos, shiny|321/321","|switch|p2a: Whimsicott|Whimsicott, F|323/323","|-ability|p1a: Zapdos|Pressure","|turn|1","|","|move|p1a: Zapdos|Thunderbolt|p2a: Whimsicott","|-resisted|p2a: Whimsicott","|-damage|p2a: Whimsicott|222/323","|move|p2a: Whimsicott|Trick Room|p2a: Whimsicott","|-fieldstart|move: Trick Room|[of] p2a: Whimsicott","|","|turn|2","|","|move|p2a: Whimsicott|Encore|p1a: Zapdos","|-start|p1a: Zapdos|Encore","|move|p1a: Zapdos|Thunderbolt|p2a: Whimsicott","|-resisted|p2a: Whimsicott","|-damage|p2a: Whimsicott|131/323","|","|turn|3","|","|switch|p2a: Trevenant|Trevenant, M|373/373","|move|p1a: Zapdos|Thunderbolt|p2a: Trevenant","|-resisted|p2a: Trevenant","|-damage|p2a: Trevenant|277/373","|","|turn|4","|","|move|p2a: Trevenant|Rock Slide|p1a: Zapdos","|-supereffective|p1a: Zapdos","|-damage|p1a: Zapdos|15/321","|move|p1a: Zapdos|Thunderbolt|p2a: Trevenant","|-resisted|p2a: Trevenant","|-damage|p2a: Trevenant|183/373","|","|-heal|p1a: Zapdos|35/321|[from] item: Leftovers","|-end|p1a: Zapdos|Encore","|turn|5","|","|move|p2a: Trevenant|Rock Slide|p1a: Zapdos","|-supereffective|p1a: Zapdos","|-damage|p1a: Zapdos|0 fnt","|faint|p1a: Zapdos","|","|-fieldend|move: Trick Room","|","|switch|p1a: Galvantula|Galvantula, M|282/282","|turn|6","|","|switch|p2a: Cradily|Cradily, F|376/376","|move|p1a: Galvantula|Sticky Web|p2a: Cradily","|-sidestart|p2: SWL Nocturne|move: Sticky Web","|","|turn|7","|","|move|p1a: Galvantula|Bug Buzz|p2a: Cradily","|-supereffective|p2a: Cradily","|-damage|p2a: Cradily|93/376","|-damage|p1a: Galvantula|254/282|[from] item: Life Orb","|move|p2a: Cradily|Rock Slide|p1a: Galvantula","|-miss|p2a: Cradily|p1a: Galvantula","|","|-heal|p2a: Cradily|116/376|[from] item: Leftovers","|turn|8","|","|move|p1a: Galvantula|Bug Buzz|p2a: Cradily","|-supereffective|p2a: Cradily","|-damage|p2a: Cradily|0 fnt","|-damage|p1a: Galvantula|226/282|[from] item: Life Orb","|faint|p2a: Cradily","|","|","|switch|p2a: Abomasnow|Abomasnow, M|383/383","|-activate|p2a: Abomasnow|move: Sticky Web","|-unboost|p2a: Abomasnow|spe|1","|-weather|Hail","|turn|9","|","|detailschange|p2a: Abomasnow|Abomasnow-Mega, M","|-mega|p2a: Abomasnow|Abomasnow|Abomasite","|move|p1a: Galvantula|Bug Buzz|p2a: Abomasnow","|-supereffective|p2a: Abomasnow","|-damage|p2a: Abomasnow|32/383","|-damage|p1a: Galvantula|198/282|[from] item: Life Orb","|move|p2a: Abomasnow|Blizzard|p1a: Galvantula","|-damage|p1a: Galvantula|0 fnt","|faint|p1a: Galvantula","|","|-weather|Hail|[upkeep]","|","|switch|p1a: Manectric|Manectric, M|282/282","|turn|10","|","|switch|p2a: Whimsicott|Whimsicott, F|131/323","|-activate|p2a: Whimsicott|move: Sticky Web","|-unboost|p2a: Whimsicott|spe|1","|detailschange|p1a: Manectric|Manectric-Mega, M","|-mega|p1a: Manectric|Manectric|Manectite","|-ability|p1a: Manectric|Intimidate","|-unboost|p2a: Whimsicott|atk|1","|move|p1a: Manectric|Thunderbolt|p2a: Whimsicott","|-resisted|p2a: Whimsicott","|-damage|p2a: Whimsicott|12/323","|-status|p2a: Whimsicott|par","|","|-weather|Hail|[upkeep]","|-damage|p1a: Manectric|265/282|[from] hail","|-damage|p2a: Whimsicott|0 fnt|[from] hail","|faint|p2a: Whimsicott","|","|switch|p2a: Celebi|Celebi|396/396","|-activate|p2a: Celebi|move: Sticky Web","|-unboost|p2a: Celebi|spe|1","|turn|11","|","|move|p1a: Manectric|Overheat|p2a: Celebi","|-supereffective|p2a: Celebi","|-damage|p2a: Celebi|126/396","|-unboost|p1a: Manectric|spa|2","|move|p2a: Celebi|Trick Room|p2a: Celebi","|-fieldstart|move: Trick Room|[of] p2a: Celebi","|","|-weather|Hail|[upkeep]","|-damage|p2a: Celebi|102/396|[from] hail","|-damage|p1a: Manectric|248/282|[from] hail","|-heal|p2a: Celebi|126/396|[from] item: Leftovers","|turn|12","|","|move|p2a: Celebi|Healing Wish|p2a: Celebi","|faint|p2a: Celebi","|move|p1a: Manectric|Overheat|p2: Celebi|[notarget]","|-notarget","|","|-weather|Hail|[upkeep]","|-damage|p1a: Manectric|231/282|[from] hail","|","|switch|p2a: Trevenant|Trevenant, M|183/373","|-heal|p2a: Trevenant|373/373|[from] move: Healing Wish","|-activate|p2a: Trevenant|move: Sticky Web","|-unboost|p2a: Trevenant|spe|1","|turn|13","|","|move|p2a: Trevenant|Horn Leech|p1a: Manectric","|-damage|p1a: Manectric|0 fnt","|faint|p1a: Manectric","|","|-weather|none","|","|switch|p1a: Zebstrika|Zebstrika, M, shiny|291/291","|turn|14","|","|move|p2a: Trevenant|Horn Leech|p1a: Zebstrika","|-boost|p1a: Zebstrika|atk|1|[from] ability: Sap Sipper","|move|p1a: Zebstrika|Overheat|p2a: Trevenant","|-supereffective|p2a: Trevenant","|-damage|p2a: Trevenant|38/373","|-unboost|p1a: Zebstrika|spa|2","|-damage|p1a: Zebstrika|262/291|[from] item: Life Orb","|","|turn|15","|","|move|p2a: Trevenant|Horn Leech|p1a: Zebstrika","|-boost|p1a: Zebstrika|atk|1|[from] ability: Sap Sipper","|move|p1a: Zebstrika|Thunderbolt|p2a: Trevenant","|-resisted|p2a: Trevenant","|-damage|p2a: Trevenant|0 fnt","|-damage|p1a: Zebstrika|233/291|[from] item: Life Orb","|faint|p2a: Trevenant","|","|-fieldend|move: Trick Room","|","|switch|p2a: Breloom|Breloom, M|324/324","|-activate|p2a: Breloom|move: Sticky Web","|-unboost|p2a: Breloom|spe|1","|turn|16","|","|move|p1a: Zebstrika|Volt Switch|p2a: Breloom","|-resisted|p2a: Breloom","|-damage|p2a: Breloom|281/324","|-damage|p1a: Zebstrika|204/291|[from] item: Life Orb","|","|switch|p1a: Rotom-Wash|Rotom-Wash|241/241","|move|p2a: Breloom|Spore|p1a: Rotom-Wash","|-status|p1a: Rotom-Wash|slp","|","|turn|17","|","|cant|p1a: Rotom-Wash|slp","|move|p2a: Breloom|Swords Dance|p2a: Breloom","|-boost|p2a: Breloom|atk|2","|","|turn|18","|","|cant|p1a: Rotom-Wash|slp","|move|p2a: Breloom|Bullet Seed|p1a: Rotom-Wash","|-crit|p1a: Rotom-Wash","|-supereffective|p1a: Rotom-Wash","|-damage|p1a: Rotom-Wash|0 fnt","|-hitcount|p1a: Rotom-Wash|1","|faint|p1a: Rotom-Wash","|","|","|switch|p1a: Zebstrika|Zebstrika, M, shiny|204/291","|turn|19","|","|move|p2a: Breloom|Mach Punch|p1a: Zebstrika","|-damage|p1a: Zebstrika|0 fnt","|faint|p1a: Zebstrika","|","|","|switch|p1a: Raikou|Raikou, shiny|322/322","|-ability|p1a: Raikou|Pressure","|turn|20","|","|move|p2a: Breloom|Mach Punch|p1a: Raikou","|-damage|p1a: Raikou|46/322","|move|p1a: Raikou|Aura Sphere|p2a: Breloom","|-damage|p2a: Breloom|66/324","|","|turn|21","|","|move|p2a: Breloom|Mach Punch|p1a: Raikou","|-damage|p1a: Raikou|0 fnt","|faint|p1a: Raikou","|","|win|SWL Nocturne"],"p1rating":{"entryid":753855,"formatid":"monotype","userid":"slshrek","username":"SL Shrek","r":1500,"rd":130,"sigma":0,"rpr":1466.3519802694,"rprd":122.41767986387,"rpsigma":0,"rptime":1441098000,"w":0,"l":1,"t":0,"gxe":45.8,"acre":1000,"lacre":1000,"oldacre":1000},"p2rating":{"entryid":"101951","serverid":"eos","formatid":"monotype","userid":"swlnocturne","username":"SWL Nocturne","w":19,"l":"10","t":"0","gxe":61.3,"r":"1572.1450248496","rd":"72.214260131448","sigma":"0","rptime":"1441098000","rpr":1588.1327457887,"rprd":62.55800008578,"rpsigma":"0","acre":1167.7906956397,"lacre":1167.7906956397,"oldacre":"1153.1483014066"},"endType":"normal"}