{"seed":[59970,7311,48256,62582],"turns":36,"p1":"InfernalxCrown","p2":"Twizz","p1team":[{"name":"Aegislash","species":"Aegislash","item":"weaknesspolicy","ability":"Stance Change","moves":["shadowball","shadowsneak","kingsshield","sacredsword"],"nature":"Brave","evs":{"hp":252,"atk":76,"def":0,"spa":176,"spd":4,"spe":0},"ivs":{"hp":31,"atk":31,"def":31,"spa":31,"spd":31,"spe":0},"shiny":true},{"name":"Sableye","species":"Sableye","item":"leftovers","ability":"Prankster","moves":["willowisp","recover","taunt","knockoff"],"nature":"Careful","evs":{"hp":252,"atk":0,"def":84,"spa":0,"spd":168,"spe":4},"ivs":{"hp":31,"atk":0,"def":31,"spa":31,"spd":31,"spe":31}},{"name":"Golurk","species":"Golurk","item":"focussash","ability":"No Guard","moves":["stealthrock","curse","dynamicpunch","stoneedge"],"nature":"Adamant","evs":{"hp":4,"atk":252,"def":0,"spa":0,"spd":0,"spe":252},"shiny":true,"ivs":{"hp":31,"atk":31,"def":31,"spa":31,"spd":31,"spe":31}},{"name":"Jellicent","species":"Jellicent","item":"leftovers","ability":"Cursed Body","moves":["acidarmor","toxic","recover","scald"],"nature":"Calm","evs":{"hp":252,"atk":0,"def":4,"spa":0,"spd":252,"spe":0},"gender":"M","ivs":{"hp":31,"atk":0,"def":31,"spa":31,"spd":31,"spe":31}},{"name":"Chandelure","species":"Chandelure","item":"choicescarf","ability":"Infiltrator","moves":["flamethrower","shadowball","energyball","trick"],"nature":"Timid","evs":{"hp":0,"atk":0,"def":4,"spa":252,"spd":0,"spe":252},"ivs":{"hp":31,"atk":0,"def":31,"spa":31,"spd":31,"spe":31},"shiny":true},{"name":"Gengar","species":"Gengar","item":"choicespecs","ability":"Levitate","moves":["dazzlinggleam","shadowball","thunderbolt","sludgewave"],"nature":"Timid","evs":{"hp":4,"atk":0,"def":0,"spa":252,"spd":0,"spe":252},"ivs":{"hp":31,"atk":0,"def":31,"spa":31,"spd":31,"spe":31}}],"p2team":[{"name":"0.F.U","species":"magnezone","item":"leftovers","ability":"Sturdy","moves":["flashcannon","thunderbolt","protect","hiddenpowerice"],"nature":"Modest","evs":{"hp":76,"atk":0,"def":180,"spa":252,"spd":0,"spe":0},"ivs":{"hp":31,"atk":30,"def":30,"spa":31,"spd":31,"spe":31}},{"name":"Nope","species":"zapdos","item":"leftovers","ability":"Pressure","moves":["discharge","heatwave","toxic","roost"],"nature":"Bold","evs":{"hp":4,"atk":0,"def":252,"spa":56,"spd":196,"spe":0},"ivs":{"hp":31,"atk":31,"def":31,"spa":31,"spd":31,"spe":31}},{"name":"Amphabulous","species":"ampharos","item":"ampharosite","ability":"Static","moves":["cottonguard","rest","sleeptalk","dragonpulse"],"nature":"Bold","evs":{"hp":0,"atk":0,"def":252,"spa":136,"spd":120,"spe":0},"ivs":{"hp":31,"atk":31,"def":31,"spa":31,"spd":31,"spe":31}},{"name":"Anti-Venusaur","species":"raikou","item":"leftovers","ability":"Pressure","moves":["calmmind","substitute","thunderbolt","hiddenpowerice"],"nature":"Timid","evs":{"hp":0,"atk":0,"def":0,"spa":252,"spd":4,"spe":252},"ivs":{"hp":31,"atk":30,"def":30,"spa":31,"spd":31,"spe":31}},{"name":"Fuck you","species":"rotomwash","item":"choicescarf","ability":"Levitate","moves":["voltswitch","hydropump","willowisp","trick"],"nature":"Timid","evs":{"hp":0,"atk":0,"def":0,"spa":252,"spd":4,"spe":252},"ivs":{"hp":31,"atk":31,"def":31,"spa":31,"spd":31,"spe":31}},{"name":"Anti-Venusaur 2.0","species":"thundurus","item":"lifeorb","ability":"Prankster","moves":["thunderwave","thunderbolt","uturn","hiddenpowerflying"],"nature":"Serious","evs":{"hp":4,"atk":96,"def":0,"spa":156,"spd":0,"spe":252},"ivs":{"hp":30,"atk":30,"def":30,"spa":30,"spd":30,"spe":31}}],"log":["|player|p1|InfernalxCrown|infernalxcrown.png","|player|p2|Twizz|264","|gametype|singles","|gen|6","|tier|Monotype","|rated","|rule|Baton Pass Clause: Limit one Baton Passer, can't pass Spe and other stats simultaneously","|rule|Swagger Clause: Swagger is banned","|rule|Same Type Clause: Pokémon in a team must share a type","|clearpoke","|poke|p1|Aegislash, F, shiny","|poke|p1|Sableye, M","|poke|p1|Golurk, shiny","|poke|p1|Jellicent, M","|poke|p1|Chandelure, F, shiny","|poke|p1|Gengar, F","|poke|p2|Magnezone","|poke|p2|Zapdos","|poke|p2|Ampharos, M","|poke|p2|Raikou","|poke|p2|Rotom-Wash","|poke|p2|Thundurus, M","|rule|Sleep Clause Mod: Limit one foe put to sleep","|rule|Species Clause: Limit one of each Pokémon","|rule|OHKO Clause: OHKO moves are banned","|rule|Moody Clause: Moody is banned","|rule|Evasion Moves Clause: Evasion moves are banned","|rule|Endless Battle Clause: Forcing endless battles is banned","|rule|HP Percentage Mod: HP is shown in percentages","|teampreview","|","|start","|switch|p1a: Golurk|Golurk, shiny|320/320","|switch|p2a: Fuck you|Rotom-Wash|241/241","|turn|1","|","|move|p2a: Fuck you|Will-O-Wisp|p1a: Golurk","|-status|p1a: Golurk|brn","|move|p1a: Golurk|Stealth Rock|p2a: Fuck you","|-sidestart|p2: Twizz|move: Stealth Rock","|","|-damage|p1a: Golurk|280/320 brn|[from] brn","|turn|2","|","|switch|p2a: Nope|Zapdos|322/322","|-damage|p2a: Nope|242/322|[from] Stealth Rock","|-ability|p2a: Nope|Pressure","|move|p1a: Golurk|Dynamic Punch|p2a: Nope","|-resisted|p2a: Nope","|-damage|p2a: Nope|218/322","|-start|p2a: Nope|confusion","|","|-heal|p2a: Nope|238/322|[from] item: Leftovers","|-damage|p1a: Golurk|240/320 brn|[from] brn","|turn|3","|","|-activate|p2a: Nope|confusion","|-damage|p2a: Nope|216/322|[from] confusion","|move|p1a: Golurk|Stone Edge|p2a: Nope","|-supereffective|p2a: Nope","|-damage|p2a: Nope|123/322","|","|-heal|p2a: Nope|143/322|[from] item: Leftovers","|-damage|p1a: Golurk|200/320 brn|[from] brn","|turn|4","|","|-activate|p2a: Nope|confusion","|-damage|p2a: Nope|121/322|[from] confusion","|move|p1a: Golurk|Stone Edge|p2a: Nope","|-supereffective|p2a: Nope","|-damage|p2a: Nope|20/322","|","|-heal|p2a: Nope|40/322|[from] item: Leftovers","|-damage|p1a: Golurk|160/320 brn|[from] brn","|turn|5","|","|-activate|p2a: Nope|confusion","|move|p2a: Nope|Roost|p2a: Nope","|-heal|p2a: Nope|201/322","|move|p1a: Golurk|Dynamic Punch|p2a: Nope","|-damage|p2a: Nope|149/322","|","|-heal|p2a: Nope|169/322|[from] item: Leftovers","|-damage|p1a: Golurk|120/320 brn|[from] brn","|turn|6","|","|-activate|p2a: Nope|confusion","|-damage|p2a: Nope|148/322|[from] confusion","|move|p1a: Golurk|Stealth Rock|p2a: Nope","|-fail|p2a: Nope","|","|-heal|p2a: Nope|168/322|[from] item: Leftovers","|-damage|p1a: Golurk|80/320 brn|[from] brn","|turn|7","|","|-end|p2a: Nope|confusion","|move|p2a: Nope|Roost|p2a: Nope","|-heal|p2a: Nope|322/322","|move|p1a: Golurk|Stealth Rock|p2a: Nope","|-fail|p2a: Nope","|","|-damage|p1a: Golurk|40/320 brn|[from] brn","|turn|8","|","|move|p2a: Nope|Heat Wave|p1a: Golurk","|-damage|p1a: Golurk|0 fnt","|faint|p1a: Golurk","|","|","|switch|p1a: Sableye|Sableye, M|304/304","|turn|9","|","|switch|p2a: Anti-Venusaur|Raikou|321/321","|-damage|p2a: Anti-Venusaur|281/321|[from] Stealth Rock","|-ability|p2a: Anti-Venusaur|Pressure","|move|p1a: Sableye|Taunt|p2a: Anti-Venusaur","|-start|p2a: Anti-Venusaur|move: Taunt","|","|-heal|p2a: Anti-Venusaur|301/321|[from] item: Leftovers","|turn|10","|","|switch|p2a: Fuck you|Rotom-Wash|241/241","|-damage|p2a: Fuck you|211/241|[from] Stealth Rock","|switch|p1a: Aegislash|Aegislash, F, shiny|324/324","|","|turn|11","|","|move|p2a: Fuck you|Volt Switch|p1a: Aegislash","|-damage|p1a: Aegislash|251/324","|","|switch|p2a: 0.F.U|Magnezone|300/300","|-damage|p2a: 0.F.U|282/300|[from] Stealth Rock","|-formechange|p1a: Aegislash|Aegislash-Blade","|move|p1a: Aegislash|Shadow Ball|p2a: 0.F.U","|-damage|p2a: 0.F.U|126/300","|-unboost|p2a: 0.F.U|spd|1","|","|-heal|p2a: 0.F.U|144/300|[from] item: Leftovers","|turn|12","|","|move|p2a: 0.F.U|Protect|p2a: 0.F.U","|-singleturn|p2a: 0.F.U|Protect","|-formechange|p1a: Aegislash|Aegislash","|move|p1a: Aegislash|King's Shield|p1a: Aegislash","|-fail|p1a: Aegislash","|","|-heal|p2a: 0.F.U|162/300|[from] item: Leftovers","|turn|13","|","|switch|p2a: Fuck you|Rotom-Wash|211/241","|-damage|p2a: Fuck you|181/241|[from] Stealth Rock","|move|p1a: Aegislash|King's Shield|p1a: Aegislash","|-fail|p1a: Aegislash","|","|turn|14","|","|switch|p1a: Gengar|Gengar, F|262/262","|move|p2a: Fuck you|Will-O-Wisp|p1a: Gengar","|-status|p1a: Gengar|brn","|","|-damage|p1a: Gengar|230/262 brn|[from] brn","|turn|15","|","|switch|p2a: 0.F.U|Magnezone|162/300","|-damage|p2a: 0.F.U|144/300|[from] Stealth Rock","|move|p1a: Gengar|Sludge Wave|p2a: 0.F.U","|-immune|p2a: 0.F.U|[msg]","|","|-heal|p2a: 0.F.U|162/300|[from] item: Leftovers","|-damage|p1a: Gengar|198/262 brn|[from] brn","|turn|16","|","|switch|p1a: Aegislash|Aegislash, F, shiny|251/324","|move|p2a: 0.F.U|Thunderbolt|p1a: Aegislash","|-damage|p1a: Aegislash|136/324","|","|-heal|p2a: 0.F.U|180/300|[from] item: Leftovers","|turn|17","|","|move|p2a: 0.F.U|Protect|p2a: 0.F.U","|-singleturn|p2a: 0.F.U|Protect","|-formechange|p1a: Aegislash|Aegislash-Blade","|move|p1a: Aegislash|Shadow Ball|p2a: 0.F.U","|-activate|p2a: 0.F.U|Protect","|","|-heal|p2a: 0.F.U|198/300|[from] item: Leftovers","|turn|18","|","|-formechange|p1a: Aegislash|Aegislash","|move|p1a: Aegislash|King's Shield|p1a: Aegislash","|-singleturn|p1a: Aegislash|Protect","|move|p2a: 0.F.U|Thunderbolt|p1a: Aegislash","|-activate|p1a: Aegislash|Protect","|","|-heal|p2a: 0.F.U|216/300|[from] item: Leftovers","|turn|19","|","|switch|p2a: Fuck you|Rotom-Wash|181/241","|-damage|p2a: Fuck you|151/241|[from] Stealth Rock","|-formechange|p1a: Aegislash|Aegislash-Blade","|move|p1a: Aegislash|Shadow Ball|p2a: Fuck you","|-damage|p2a: Fuck you|0 fnt","|faint|p2a: Fuck you","|","|","|switch|p2a: 0.F.U|Magnezone|216/300","|-damage|p2a: 0.F.U|198/300|[from] Stealth Rock","|turn|20","|","|-formechange|p1a: Aegislash|Aegislash","|move|p1a: Aegislash|King's Shield|p1a: Aegislash","|-singleturn|p1a: Aegislash|Protect","|move|p2a: 0.F.U|Thunderbolt|p1a: Aegislash","|-activate|p1a: Aegislash|Protect","|","|-heal|p2a: 0.F.U|216/300|[from] item: Leftovers","|turn|21","|","|move|p2a: 0.F.U|Protect|p2a: 0.F.U","|-singleturn|p2a: 0.F.U|Protect","|-formechange|p1a: Aegislash|Aegislash-Blade","|move|p1a: Aegislash|Shadow Ball|p2a: 0.F.U","|-activate|p2a: 0.F.U|Protect","|","|-heal|p2a: 0.F.U|234/300|[from] item: Leftovers","|turn|22","|","|-formechange|p1a: Aegislash|Aegislash","|move|p1a: Aegislash|King's Shield|p1a: Aegislash","|-singleturn|p1a: Aegislash|Protect","|move|p2a: 0.F.U|Thunderbolt|p1a: Aegislash","|-activate|p1a: Aegislash|Protect","|","|-heal|p2a: 0.F.U|252/300|[from] item: Leftovers","|turn|23","|","|move|p2a: 0.F.U|Protect|p2a: 0.F.U","|-singleturn|p2a: 0.F.U|Protect","|-formechange|p1a: Aegislash|Aegislash-Blade","|move|p1a: Aegislash|Shadow Ball|p2a: 0.F.U","|-activate|p2a: 0.F.U|Protect","|","|-heal|p2a: 0.F.U|270/300|[from] item: Leftovers","|turn|24","|","|move|p2a: 0.F.U|Thunderbolt|p1a: Aegislash","|-damage|p1a: Aegislash|0 fnt","|faint|p1a: Aegislash","|","|-heal|p2a: 0.F.U|288/300|[from] item: Leftovers","|","|switch|p1a: Chandelure|Chandelure, F, shiny|261/261","|turn|25","|","|move|p2a: 0.F.U|Protect|p2a: 0.F.U","|-singleturn|p2a: 0.F.U|Protect","|move|p1a: Chandelure|Flamethrower|p2a: 0.F.U","|-activate|p2a: 0.F.U|Protect","|","|-heal|p2a: 0.F.U|300/300|[from] item: Leftovers","|turn|26","|","|move|p1a: Chandelure|Flamethrower|p2a: 0.F.U","|-supereffective|p2a: 0.F.U","|-ability|p2a: 0.F.U|Sturdy","|-damage|p2a: 0.F.U|1/300","|move|p2a: 0.F.U|Thunderbolt|p1a: Chandelure","|-damage|p1a: Chandelure|84/261","|","|-heal|p2a: 0.F.U|19/300|[from] item: Leftovers","|turn|27","|","|move|p1a: Chandelure|Flamethrower|p2a: 0.F.U","|-supereffective|p2a: 0.F.U","|-damage|p2a: 0.F.U|0 fnt","|faint|p2a: 0.F.U","|","|","|switch|p2a: Amphabulous|Ampharos, M|321/321","|-damage|p2a: Amphabulous|281/321|[from] Stealth Rock","|turn|28","|","|switch|p1a: Sableye|Sableye, M|304/304","|detailschange|p2a: Amphabulous|Ampharos-Mega, M","|-mega|p2a: Amphabulous|Ampharos|Ampharosite","|-ability|p2a: Amphabulous|Mold Breaker","|move|p2a: Amphabulous|Dragon Pulse|p1a: Sableye","|-damage|p1a: Sableye|133/304","|","|-heal|p1a: Sableye|152/304|[from] item: Leftovers","|turn|29","|","|move|p1a: Sableye|Will-O-Wisp|p2a: Amphabulous","|-status|p2a: Amphabulous|brn","|move|p2a: Amphabulous|Dragon Pulse|p1a: Sableye","|-crit|p1a: Sableye","|-damage|p1a: Sableye|0 fnt","|faint|p1a: Sableye","|","|-damage|p2a: Amphabulous|241/321 brn|[from] brn","|","|switch|p1a: Gengar|Gengar, F|198/262 brn","|turn|30","|","|move|p1a: Gengar|Sludge Wave|p2a: Amphabulous","|-damage|p2a: Amphabulous|28/321 brn","|move|p2a: Amphabulous|Dragon Pulse|p1a: Gengar","|-damage|p1a: Gengar|0 fnt","|faint|p1a: Gengar","|","|-damage|p2a: Amphabulous|0 fnt|[from] brn","|faint|p2a: Amphabulous","|","|switch|p2a: Anti-Venusaur 2.0|Thundurus, M|299/299","|switch|p1a: Chandelure|Chandelure, F, shiny|84/261","|-damage|p2a: Anti-Venusaur 2.0|225/299|[from] Stealth Rock","|turn|31","|","|move|p2a: Anti-Venusaur 2.0|Thunder Wave|p1a: Chandelure","|-status|p1a: Chandelure|par","|move|p1a: Chandelure|Flamethrower|p2a: Anti-Venusaur 2.0","|-damage|p2a: Anti-Venusaur 2.0|18/299","|-status|p2a: Anti-Venusaur 2.0|brn","|","|-damage|p2a: Anti-Venusaur 2.0|0 fnt|[from] brn","|faint|p2a: Anti-Venusaur 2.0","|","|switch|p2a: Anti-Venusaur|Raikou|301/321","|-damage|p2a: Anti-Venusaur|261/321|[from] Stealth Rock","|-ability|p2a: Anti-Venusaur|Pressure","|turn|32","|","|move|p2a: Anti-Venusaur|Thunderbolt|p1a: Chandelure","|-damage|p1a: Chandelure|0 fnt","|faint|p1a: Chandelure","|","|-heal|p2a: Anti-Venusaur|281/321|[from] item: Leftovers","|","|switch|p1a: Jellicent|Jellicent, M|404/404","|turn|33","|","|move|p2a: Anti-Venusaur|Thunderbolt|p1a: Jellicent","|-supereffective|p1a: Jellicent","|-damage|p1a: Jellicent|210/404","|move|p1a: Jellicent|Recover|p1a: Jellicent","|-heal|p1a: Jellicent|404/404","|","|-heal|p2a: Anti-Venusaur|301/321|[from] item: Leftovers","|turn|34","|","|move|p2a: Anti-Venusaur|Substitute|p2a: Anti-Venusaur","|-start|p2a: Anti-Venusaur|Substitute","|-damage|p2a: Anti-Venusaur|221/321","|move|p1a: Jellicent|Toxic|p2a: Anti-Venusaur","|-fail|p2a: Anti-Venusaur","|","|-heal|p2a: Anti-Venusaur|241/321|[from] item: Leftovers","|turn|35","|","|move|p2a: Anti-Venusaur|Thunderbolt|p1a: Jellicent","|-crit|p1a: Jellicent","|-supereffective|p1a: Jellicent","|-damage|p1a: Jellicent|74/404","|move|p1a: Jellicent|Scald|p2a: Anti-Venusaur","|-end|p2a: Anti-Venusaur|Substitute","|","|-heal|p2a: Anti-Venusaur|261/321|[from] item: Leftovers","|-heal|p1a: Jellicent|99/404|[from] item: Leftovers","|turn|36","|","|move|p2a: Anti-Venusaur|Thunderbolt|p1a: Jellicent","|-supereffective|p1a: Jellicent","|-damage|p1a: Jellicent|0 fnt","|faint|p1a: Jellicent","|","|win|Twizz"],"p1rating":{"entryid":"412860","serverid":"eos","formatid":"monotype","userid":"infernalxcrown","username":"InfernalxCrown","w":"2","l":3,"t":"0","gxe":46.4,"r":"1507.0422413527","rd":"108.53576925675","sigma":"0","rptime":"1441098000","rpr":1471.8680678811,"rprd":103.80803986294,"rpsigma":"0","acre":1047.3781220045,"lacre":1047.3781220045,"oldacre":"1070.3652177446"},"p2rating":{"entryid":"66045","serverid":"eos","formatid":"monotype","userid":"twizz","username":"Twizz","w":24,"l":"29","t":"0","gxe":44.3,"r":"1454.6333106215","rd":"49.42783978426","sigma":"0","rptime":"1441098000","rpr":1456.4412558987,"rprd":48.590195508228,"rpsigma":"0","acre":1068.9172880268,"lacre":1068.9172880268,"oldacre":"1029.0585276897"},"endType":"normal"}