{"seed":[29529,31683,6668,21774],"turns":26,"p1":"SLⓤⓣ Centurion","p2":"Apex Salamence","p1team":[{"name":"Skuntank","species":"Skuntank","item":"blacksludge","ability":"Aftermath","moves":["suckerpunch","explosion","crunch","poisonjab"],"nature":"Adamant","evs":{"hp":252,"atk":252,"def":0,"spa":0,"spd":4,"spe":0},"ivs":{"hp":31,"atk":31,"def":31,"spa":31,"spd":31,"spe":31}},{"name":"Gengar","species":"Gengar","item":"choicescarf","ability":"Levitate","moves":["clearsmog","dazzlinggleam","shadowball","psychic"],"nature":"Timid","evs":{"hp":0,"atk":0,"def":0,"spa":252,"spd":4,"spe":252},"ivs":{"hp":31,"atk":31,"def":31,"spa":31,"spd":31,"spe":31}},{"name":"Scolipede","species":"Scolipede","item":"airballoon","ability":"Speed Boost","moves":["protect","megahorn","batonpass","poisonjab"],"nature":"Adamant","evs":{"hp":0,"atk":252,"def":0,"spa":0,"spd":4,"spe":252},"ivs":{"hp":31,"atk":31,"def":31,"spa":31,"spd":31,"spe":31}},{"name":"Muk","species":"Muk","item":"assaultvest","ability":"Poison Touch","moves":["poweruppunch","shadowsneak","firepunch","poisonjab"],"nature":"Adamant","evs":{"hp":248,"atk":252,"def":0,"spa":0,"spd":8,"spe":0},"ivs":{"hp":31,"atk":31,"def":31,"spa":31,"spd":31,"spe":31}},{"name":"Weezing","species":"Weezing","item":"blacksludge","ability":"Levitate","moves":["willowisp","toxicspikes","fireblast","sludgebomb"],"nature":"Calm","evs":{"hp":248,"atk":0,"def":0,"spa":8,"spd":252,"spe":0},"ivs":{"hp":31,"atk":31,"def":31,"spa":31,"spd":31,"spe":31}},{"name":"Venusaur","species":"Venusaur","item":"venusaurite","ability":"Chlorophyll","moves":["synthesis","swordsdance","sleeppowder","seedbomb"],"nature":"Adamant","evs":{"hp":0,"atk":252,"def":0,"spa":0,"spd":4,"spe":252},"ivs":{"hp":31,"atk":31,"def":31,"spa":31,"spd":31,"spe":31}}],"p2team":[{"name":"Typhoon","species":"gyarados","item":"gyaradosite","ability":"Intimidate","moves":["dragondance","earthquake","crunch","waterfall"],"nature":"Adamant","evs":{"hp":0,"atk":252,"def":0,"spa":0,"spd":4,"spe":252},"gender":"M","shiny":true,"ivs":{"hp":31,"atk":31,"def":31,"spa":31,"spd":31,"spe":31}},{"name":"Porunga","species":"dragonite","item":"weaknesspolicy","ability":"Multiscale","moves":["dragonclaw","dragondance","extremespeed","fly"],"nature":"Adamant","evs":{"hp":0,"atk":252,"def":0,"spa":0,"spd":4,"spe":252},"gender":"M","shiny":true,"ivs":{"hp":31,"atk":31,"def":31,"spa":31,"spd":31,"spe":31}},{"name":"Nightwing","species":"gliscor","item":"toxicorb","ability":"Poison Heal","moves":["protect","knockoff","toxic","stealthrock"],"nature":"Impish","evs":{"hp":248,"atk":0,"def":188,"spa":0,"spd":0,"spe":72},"gender":"M","shiny":true,"ivs":{"hp":31,"atk":31,"def":31,"spa":31,"spd":31,"spe":31}},{"name":"Jupiter","species":"thundurus","item":"lifeorb","ability":"Prankster","moves":["nastyplot","thunderwave","thunderbolt","hiddenpowerice"],"nature":"Timid","evs":{"hp":0,"atk":0,"def":0,"spa":252,"spd":4,"spe":252},"ivs":{"hp":31,"atk":30,"def":30,"spa":31,"spd":31,"spe":31},"shiny":true},{"name":"DEATH","species":"togekiss","item":"leftovers","ability":"Serene Grace","moves":["airslash","thunderwave","nastyplot","roost"],"nature":"Calm","evs":{"hp":252,"atk":0,"def":0,"spa":4,"spd":252,"spe":0},"gender":"F","shiny":true,"ivs":{"hp":31,"atk":31,"def":31,"spa":31,"spd":31,"spe":31}},{"name":"Cherokee","species":"xatu","item":"leftovers","ability":"Magic Bounce","moves":["nightshade","heatwave","toxic","roost"],"nature":"Calm","evs":{"hp":252,"atk":0,"def":0,"spa":4,"spd":252,"spe":0},"gender":"M","shiny":true,"ivs":{"hp":31,"atk":31,"def":31,"spa":31,"spd":31,"spe":31}}],"log":["|player|p1|SLⓤⓣ Centurion|257","|player|p2|Apex Salamence|169","|gametype|singles","|gen|6","|tier|Monotype","|rated","|rule|Baton Pass Clause: Limit one Baton Passer, can't pass Spe and other stats simultaneously","|rule|Swagger Clause: Swagger is banned","|rule|Same Type Clause: Pokémon in a team must share a type","|clearpoke","|poke|p1|Skuntank, M","|poke|p1|Gengar, F","|poke|p1|Scolipede, F","|poke|p1|Muk, F","|poke|p1|Weezing, M","|poke|p1|Venusaur, F","|poke|p2|Gyarados, M, shiny","|poke|p2|Dragonite, M, shiny","|poke|p2|Gliscor, M, shiny","|poke|p2|Thundurus, M, shiny","|poke|p2|Togekiss, F, shiny","|poke|p2|Xatu, M, shiny","|rule|Sleep Clause Mod: Limit one foe put to sleep","|rule|Species Clause: Limit one of each Pokémon","|rule|OHKO Clause: OHKO moves are banned","|rule|Moody Clause: Moody is banned","|rule|Evasion Moves Clause: Evasion moves are banned","|rule|Endless Battle Clause: Forcing endless battles is banned","|rule|HP Percentage Mod: HP is shown in percentages","|teampreview","|","|start","|switch|p1a: Muk|Muk, F|413/413","|switch|p2a: Jupiter|Thundurus, M, shiny|299/299","|turn|1","|","|switch|p1a: Skuntank|Skuntank, M|410/410","|move|p2a: Jupiter|Nasty Plot|p2a: Jupiter","|-boost|p2a: Jupiter|spa|2","|","|turn|2","|","|move|p1a: Skuntank|Sucker Punch|p2a: Jupiter","|-damage|p2a: Jupiter|145/299","|move|p2a: Jupiter|Thunderbolt|p1a: Skuntank","|-damage|p1a: Skuntank|0 fnt","|-damage|p2a: Jupiter|116/299|[from] item: Life Orb","|faint|p1a: Skuntank","|","|","|switch|p1a: Scolipede|Scolipede, F|261/261","|-item|p1a: Scolipede|Air Balloon","|turn|3","|","|move|p1a: Scolipede|Protect|p1a: Scolipede","|-singleturn|p1a: Scolipede|Protect","|move|p2a: Jupiter|Thunder Wave|p1a: Scolipede","|-activate|p1a: Scolipede|Protect","|","|-boost|p1a: Scolipede|spe|1|[from] ability: Speed Boost","|turn|4","|","|move|p2a: Jupiter|Thunder Wave|p1a: Scolipede","|-status|p1a: Scolipede|par","|move|p1a: Scolipede|Poison Jab|p2a: Jupiter","|-damage|p2a: Jupiter|0 fnt","|faint|p2a: Jupiter","|","|-boost|p1a: Scolipede|spe|1|[from] ability: Speed Boost","|","|switch|p2a: Nightwing|Gliscor, M, shiny|353/353","|turn|5","|","|move|p1a: Scolipede|Protect|p1a: Scolipede","|-singleturn|p1a: Scolipede|Protect","|move|p2a: Nightwing|Stealth Rock|p1a: Scolipede","|-sidestart|p1: SLⓤⓣ Centurion|move: Stealth Rock","|","|-status|p2a: Nightwing|tox|[from] item: Toxic Orb","|-boost|p1a: Scolipede|spe|1|[from] ability: Speed Boost","|turn|6","|","|move|p2a: Nightwing|Knock Off|p1a: Scolipede","|-damage|p1a: Scolipede|180/261 par","|-enditem|p1a: Scolipede|Air Balloon","|cant|p1a: Scolipede|par","|","|-boost|p1a: Scolipede|spe|1|[from] ability: Speed Boost","|turn|7","|","|move|p2a: Nightwing|Knock Off|p1a: Scolipede","|-damage|p1a: Scolipede|124/261 par","|move|p1a: Scolipede|Baton Pass|p1a: Scolipede","|","|switch|p1a: Venusaur|Venusaur, F|301/301","|-damage|p1a: Venusaur|264/301|[from] Stealth Rock","|","|turn|8","|","|detailschange|p1a: Venusaur|Venusaur-Mega, F","|-mega|p1a: Venusaur|Venusaur|Venusaurite","|move|p2a: Nightwing|Protect|p2a: Nightwing","|-singleturn|p2a: Nightwing|Protect","|move|p1a: Venusaur|Swords Dance|p1a: Venusaur","|-boost|p1a: Venusaur|atk|2","|","|turn|9","|","|move|p1a: Venusaur|Seed Bomb|p2a: Nightwing","|-damage|p2a: Nightwing|182/353 tox","|move|p2a: Nightwing|Knock Off|p1a: Venusaur","|-damage|p1a: Venusaur|220/301","|","|-heal|p2a: Nightwing|226/353 tox|[from] ability: Poison Heal","|turn|10","|","|move|p2a: Nightwing|Protect|p2a: Nightwing","|-singleturn|p2a: Nightwing|Protect","|move|p1a: Venusaur|Swords Dance|p1a: Venusaur","|-boost|p1a: Venusaur|atk|2","|","|-heal|p2a: Nightwing|270/353 tox|[from] ability: Poison Heal","|turn|11","|","|move|p1a: Venusaur|Swords Dance|p1a: Venusaur","|-boost|p1a: Venusaur|atk|2","|move|p2a: Nightwing|Knock Off|p1a: Venusaur","|-damage|p1a: Venusaur|177/301","|","|-heal|p2a: Nightwing|314/353 tox|[from] ability: Poison Heal","|turn|12","|","|move|p1a: Venusaur|Synthesis|p1a: Venusaur","|-heal|p1a: Venusaur|301/301","|move|p2a: Nightwing|Knock Off|p1a: Venusaur","|-damage|p1a: Venusaur|262/301","|","|-heal|p2a: Nightwing|353/353 tox|[from] ability: Poison Heal","|turn|13","|","|move|p1a: Venusaur|Seed Bomb|p2a: Nightwing","|-crit|p2a: Nightwing","|-damage|p2a: Nightwing|0 fnt","|faint|p2a: Nightwing","|","|","|switch|p2a: DEATH|Togekiss, F, shiny|374/374","|turn|14","|","|move|p1a: Venusaur|Sleep Powder|p2a: DEATH","|-status|p2a: DEATH|slp","|cant|p2a: DEATH|slp","|","|turn|15","|","|move|p1a: Venusaur|Seed Bomb|p2a: DEATH","|-resisted|p2a: DEATH","|-damage|p2a: DEATH|80/374 slp","|-curestatus|p2a: DEATH|slp","|move|p2a: DEATH|Thunder Wave|p1a: Venusaur","|-status|p1a: Venusaur|par","|","|-heal|p2a: DEATH|103/374|[from] item: Leftovers","|turn|16","|","|move|p2a: DEATH|Air Slash|p1a: Venusaur","|-supereffective|p1a: Venusaur","|-damage|p1a: Venusaur|94/301 par","|move|p1a: Venusaur|Seed Bomb|p2a: DEATH","|-resisted|p2a: DEATH","|-damage|p2a: DEATH|0 fnt","|faint|p2a: DEATH","|","|","|switch|p2a: Porunga|Dragonite, M, shiny|323/323","|turn|17","|","|move|p2a: Porunga|Extreme Speed|p1a: Venusaur","|-damage|p1a: Venusaur|9/301 par","|cant|p1a: Venusaur|par","|","|turn|18","|","|switch|p1a: Gengar|Gengar, F|261/261","|-damage|p1a: Gengar|229/261|[from] Stealth Rock","|move|p2a: Porunga|Extreme Speed|p1a: Gengar","|-immune|p1a: Gengar|[msg]","|","|turn|19","|","|move|p1a: Gengar|Dazzling Gleam|p2a: Porunga","|-supereffective|p2a: Porunga","|-damage|p2a: Porunga|220/323","|-enditem|p2a: Porunga|Weakness Policy","|-boost|p2a: Porunga|atk|2|[from] item: Weakness Policy","|-boost|p2a: Porunga|spa|2|[from] item: Weakness Policy","|move|p2a: Porunga|Dragon Dance|p2a: Porunga","|-boost|p2a: Porunga|atk|1","|-boost|p2a: Porunga|spe|1","|","|turn|20","|","|move|p1a: Gengar|Dazzling Gleam|p2a: Porunga","|-supereffective|p2a: Porunga","|-damage|p2a: Porunga|40/323","|move|p2a: Porunga|Dragon Claw|p1a: Gengar","|-damage|p1a: Gengar|0 fnt","|faint|p1a: Gengar","|","|","|switch|p1a: Muk|Muk, F|413/413","|-damage|p1a: Muk|362/413|[from] Stealth Rock","|turn|21","|","|move|p2a: Porunga|Extreme Speed|p1a: Muk","|-damage|p1a: Muk|5/413","|move|p1a: Muk|Shadow Sneak|p2a: Porunga","|-damage|p2a: Porunga|0 fnt","|faint|p2a: Porunga","|","|","|switch|p2a: Typhoon|Gyarados, M, shiny|331/331","|-ability|p2a: Typhoon|Intimidate","|-unboost|p1a: Muk|atk|1","|turn|22","|","|detailschange|p2a: Typhoon|Gyarados-Mega, M, shiny","|-mega|p2a: Typhoon|Gyarados|Gyaradosite","|-ability|p2a: Typhoon|Mold Breaker","|move|p1a: Muk|Shadow Sneak|p2a: Typhoon","|-resisted|p2a: Typhoon","|-damage|p2a: Typhoon|318/331","|-status|p2a: Typhoon|psn","|move|p2a: Typhoon|Crunch|p1a: Muk","|-damage|p1a: Muk|0 fnt","|faint|p1a: Muk","|","|-damage|p2a: Typhoon|277/331 psn|[from] psn","|","|switch|p1a: Scolipede|Scolipede, F|124/261 par","|-damage|p1a: Scolipede|59/261 par|[from] Stealth Rock","|turn|23","|","|move|p1a: Scolipede|Protect|p1a: Scolipede","|-singleturn|p1a: Scolipede|Protect","|move|p2a: Typhoon|Earthquake|p1a: Scolipede","|-activate|p1a: Scolipede|Protect","|","|-damage|p2a: Typhoon|236/331 psn|[from] psn","|-boost|p1a: Scolipede|spe|1|[from] ability: Speed Boost","|turn|24","|","|switch|p1a: Venusaur|Venusaur-Mega, F|9/301 par","|-damage|p1a: Venusaur|0 fnt|[from] Stealth Rock","|faint|p1a: Venusaur","|move|p2a: Typhoon|Earthquake|p1: Venusaur|[notarget]","|-notarget","|","|-damage|p2a: Typhoon|195/331 psn|[from] psn","|","|switch|p1a: Scolipede|Scolipede, F|59/261 par","|-damage|p1a: Scolipede|0 fnt|[from] Stealth Rock","|faint|p1a: Scolipede","|","|switch|p1a: Weezing|Weezing, M|333/333","|-damage|p1a: Weezing|292/333|[from] Stealth Rock","|turn|25","|","|move|p2a: Typhoon|Waterfall|p1a: Weezing","|-damage|p1a: Weezing|150/333","|cant|p1a: Weezing|flinch","|","|-heal|p1a: Weezing|170/333|[from] item: Black Sludge","|-damage|p2a: Typhoon|154/331 psn|[from] psn","|turn|26","|","|move|p2a: Typhoon|Earthquake|p1a: Weezing","|-supereffective|p1a: Weezing","|-damage|p1a: Weezing|0 fnt","|faint|p1a: Weezing","|","|win|Apex Salamence"],"p1rating":{"entryid":"680906","serverid":"eos","formatid":"monotype","userid":"slcenturion","username":"SL Centurion","w":"4","l":5,"t":"0","gxe":47.8,"r":"1505.9167875559","rd":"98.623691439913","sigma":"0","rptime":"1441098000","rpr":1483.204847875,"rprd":89.090659296578,"rpsigma":"0","acre":1053.1869903525,"lacre":1053.1869903525,"oldacre":"1071.6903777783"},"p2rating":{"entryid":"1755","serverid":"eos","formatid":"monotype","userid":"apexsalamence","username":"Apex Salamence","w":50,"l":"42","t":"0","gxe":55.6,"r":"1540.1289115759","rd":"38.27555218761","sigma":"0","rptime":"1441098000","rpr":1542.1500273835,"rprd":37.66678819099,"rpsigma":"0","acre":1131.7985719335,"lacre":1131.7985719335,"oldacre":"1109.5091546027"},"endType":"normal"}