{"seed":[15369,22364,44697,44884],"turns":53,"p1":"Carnie Apexin","p2":"Emg GL Test Tech","p1team":[{"name":"Destruction","species":"diancie","item":"diancite","ability":"Clear Body","moves":["moonblast","earthpower","diamondstorm","rockpolish"],"nature":"Mild","evs":{"hp":0,"atk":252,"def":0,"spa":252,"spd":0,"spe":0},"ivs":{"hp":31,"atk":31,"def":31,"spa":31,"spd":31,"spe":31}},{"name":"Death river","species":"azumarill","item":"sitrusberry","ability":"Huge Power","moves":["aquajet","aquatail","bellydrum","playrough"],"nature":"Adamant","evs":{"hp":252,"atk":252,"def":0,"spa":0,"spd":4,"spe":0},"gender":"F","shiny":true,"ivs":{"hp":31,"atk":31,"def":31,"spa":31,"spd":31,"spe":31}},{"name":"Death Bringer","species":"sylveon","item":"leftovers","ability":"Cute Charm","moves":["wish","hypervoice","calmmind","batonpass"],"nature":"Bold","evs":{"hp":252,"atk":0,"def":0,"spa":4,"spd":252,"spe":0},"gender":"F","ivs":{"hp":31,"atk":31,"def":31,"spa":31,"spd":31,"spe":31}},{"name":"Devil","species":"togekiss","item":"leftovers","ability":"Serene Grace","moves":["airslash","thunderwave","healbell","defog"],"nature":"Calm","evs":{"hp":252,"atk":0,"def":0,"spa":0,"spd":252,"spe":0},"gender":"M","ivs":{"hp":31,"atk":31,"def":31,"spa":31,"spd":31,"spe":31}},{"name":"Calamity keys","species":"klefki","item":"lightclay","ability":"Prankster","moves":["lightscreen","reflect","foulplay","thunderwave"],"nature":"Bold","evs":{"hp":248,"atk":0,"def":252,"spa":0,"spd":8,"spe":0},"gender":"M","shiny":true,"ivs":{"hp":31,"atk":31,"def":31,"spa":31,"spd":31,"spe":31}},{"name":"Cerberus","species":"whimsicott","item":"assaultvest","ability":"Infiltrator","moves":["gigadrain","knockoff","hurricane","moonblast"],"nature":"Naive","evs":{"hp":0,"atk":4,"def":0,"spa":252,"spd":0,"spe":252},"gender":"F","ivs":{"hp":31,"atk":31,"def":31,"spa":31,"spd":31,"spe":31}}],"p2team":[{"name":"FingerTrap","species":"hoopaunbound","item":"lifeorb","ability":"Magician","moves":["gunkshot","focusblast","psychic","hyperspacefury"],"nature":"Hasty","evs":{"hp":0,"atk":88,"def":0,"spa":168,"spd":0,"spe":252},"ivs":{"hp":31,"atk":31,"def":31,"spa":31,"spd":31,"spe":31}},{"name":"Asuna","species":"gardevoir","item":"gardevoirite","ability":"Trace","moves":["hypervoice","taunt","focusblast","willowisp"],"nature":"Timid","evs":{"hp":4,"atk":0,"def":0,"spa":252,"spd":0,"spe":252},"ivs":{"hp":31,"atk":31,"def":31,"spa":31,"spd":31,"spe":31}},{"name":"Latios","species":"Latios","item":"choicescarf","ability":"Levitate","moves":["dracometeor","trick","psychic","defog"],"nature":"Timid","evs":{"hp":0,"atk":0,"def":0,"spa":252,"spd":4,"spe":252},"ivs":{"hp":31,"atk":31,"def":31,"spa":31,"spd":31,"spe":31}},{"name":"Miracle eye","species":"jirachi","item":"leftovers","ability":"Serene Grace","moves":["thunderwave","ironhead","healingwish","substitute"],"nature":"Careful","evs":{"hp":248,"atk":0,"def":0,"spa":0,"spd":228,"spe":32},"ivs":{"hp":31,"atk":31,"def":31,"spa":31,"spd":31,"spe":31}},{"name":"Bulky ORB","species":"deoxysdefense","item":"leftovers","ability":"Pressure","moves":["nightshade","recover","cosmicpower","toxic"],"nature":"Careful","evs":{"hp":252,"atk":0,"def":128,"spa":0,"spd":128,"spe":0},"ivs":{"hp":31,"atk":31,"def":31,"spa":31,"spd":31,"spe":31}},{"name":"No Duh !!!","species":"slowbro","item":"leftovers","ability":"Regenerator","moves":["scald","slackoff","fireblast","yawn"],"nature":"Bold","evs":{"hp":252,"atk":0,"def":200,"spa":0,"spd":56,"spe":0},"ivs":{"hp":31,"atk":31,"def":31,"spa":31,"spd":31,"spe":31}}],"log":["|player|p1|Carnie Apexin|169","|player|p2|Emg GL Test Tech|149","|gametype|singles","|gen|6","|tier|Monotype","|rated","|rule|Baton Pass Clause: Limit one Baton Passer, can't pass Spe and other stats simultaneously","|rule|Swagger Clause: Swagger is banned","|rule|Same Type Clause: Pokémon in a team must share a type","|clearpoke","|poke|p1|Diancie","|poke|p1|Azumarill, F, shiny","|poke|p1|Sylveon, F","|poke|p1|Togekiss, M","|poke|p1|Klefki, M, shiny","|poke|p1|Whimsicott, F","|poke|p2|Hoopa-Unbound","|poke|p2|Gardevoir, F","|poke|p2|Latios, M","|poke|p2|Jirachi","|poke|p2|Deoxys-Defense","|poke|p2|Slowbro, M","|rule|Sleep Clause Mod: Limit one foe put to sleep","|rule|Species Clause: Limit one of each Pokémon","|rule|OHKO Clause: OHKO moves are banned","|rule|Moody Clause: Moody is banned","|rule|Evasion Moves Clause: Evasion moves are banned","|rule|Endless Battle Clause: Forcing endless battles is banned","|rule|HP Percentage Mod: HP is shown in percentages","|teampreview","|","|start","|switch|p1a: Calamity keys|Klefki, M, shiny|317/317","|switch|p2a: FingerTrap|Hoopa-Unbound|301/301","|turn|1","|","|move|p1a: Calamity keys|Thunder Wave|p2a: FingerTrap","|-status|p2a: FingerTrap|par","|move|p2a: FingerTrap|Psychic|p1a: Calamity keys","|-resisted|p1a: Calamity keys","|-damage|p1a: Calamity keys|192/317","|-damage|p2a: FingerTrap|271/301 par|[from] item: Life Orb","|","|turn|2","|","|move|p1a: Calamity keys|Light Screen|p1a: Calamity keys","|-sidestart|p1: Carnie Apexin|move: Light Screen","|move|p2a: FingerTrap|Focus Blast|p1a: Calamity keys","|-damage|p1a: Calamity keys|71/317","|-damage|p2a: FingerTrap|241/301 par|[from] item: Life Orb","|","|turn|3","|","|move|p1a: Calamity keys|Reflect|p1a: Calamity keys","|-sidestart|p1: Carnie Apexin|Reflect","|move|p2a: FingerTrap|Hyperspace Fury|p1a: Calamity keys","|-resisted|p1a: Calamity keys","|-damage|p1a: Calamity keys|22/317","|-unboost|p2a: FingerTrap|def|1","|-damage|p2a: FingerTrap|211/301 par|[from] item: Life Orb","|","|turn|4","|","|switch|p2a: Miracle eye|Jirachi|403/403","|move|p1a: Calamity keys|Foul Play|p2a: Miracle eye","|-supereffective|p2a: Miracle eye","|-damage|p2a: Miracle eye|243/403","|","|-heal|p2a: Miracle eye|268/403|[from] item: Leftovers","|turn|5","|","|switch|p2a: No Duh !!!|Slowbro, M|394/394","|move|p1a: Calamity keys|Thunder Wave|p2a: No Duh !!!","|-status|p2a: No Duh !!!|par","|","|turn|6","|","|move|p1a: Calamity keys|Foul Play|p2a: No Duh !!!","|-supereffective|p2a: No Duh !!!","|-damage|p2a: No Duh !!!|314/394 par","|cant|p2a: No Duh !!!|par","|","|-heal|p2a: No Duh !!!|338/394 par|[from] item: Leftovers","|turn|7","|","|switch|p1a: Death Bringer|Sylveon, F|394/394","|move|p2a: No Duh !!!|Yawn|p1a: Death Bringer","|-start|p1a: Death Bringer|move: Yawn|[of] p2a: No Duh !!!","|","|-heal|p2a: No Duh !!!|362/394 par|[from] item: Leftovers","|turn|8","|","|switch|p1a: Death river|Azumarill, F, shiny|404/404","|move|p2a: No Duh !!!|Scald|p1a: Death river","|-resisted|p1a: Death river","|-damage|p1a: Death river|378/404","|-status|p1a: Death river|brn","|","|-heal|p2a: No Duh !!!|386/394 par|[from] item: Leftovers","|-damage|p1a: Death river|328/404 brn|[from] brn","|turn|9","|","|switch|p1a: Devil|Togekiss, M|374/374","|move|p2a: No Duh !!!|Scald|p1a: Devil","|-damage|p1a: Devil|341/374","|","|-heal|p1a: Devil|364/374|[from] item: Leftovers","|-heal|p2a: No Duh !!!|394/394 par|[from] item: Leftovers","|-sideend|p1: Carnie Apexin|move: Light Screen","|turn|10","|","|move|p1a: Devil|Heal Bell|p1a: Devil","|-cureteam|p1a: Devil|[from] move: HealBell","|move|p2a: No Duh !!!|Yawn|p1a: Devil","|-start|p1a: Devil|move: Yawn|[of] p2a: No Duh !!!","|","|-heal|p1a: Devil|374/374|[from] item: Leftovers","|-sideend|p1: Carnie Apexin|Reflect","|turn|11","|","|switch|p1a: Calamity keys|Klefki, M, shiny|22/317","|move|p2a: No Duh !!!|Scald|p1a: Calamity keys","|-damage|p1a: Calamity keys|0 fnt","|faint|p1a: Calamity keys","|","|","|switch|p1a: Death river|Azumarill, F, shiny|328/404","|turn|12","|","|move|p1a: Death river|Belly Drum|p1a: Death river","|-damage|p1a: Death river|126/404","|-setboost|p1a: Death river|atk|6|[from] move: Belly Drum","|-enditem|p1a: Death river|Sitrus Berry|[eat]","|-heal|p1a: Death river|227/404|[from] item: Sitrus Berry","|cant|p2a: No Duh !!!|par","|","|turn|13","|","|move|p1a: Death river|Play Rough|p2a: No Duh !!!","|-damage|p2a: No Duh !!!|0 fnt","|faint|p2a: No Duh !!!","|","|","|switch|p2a: Latios|Latios, M|301/301","|turn|14","|","|move|p2a: Latios|Psychic|p1a: Death river","|-damage|p1a: Death river|38/404","|move|p1a: Death river|Play Rough|p2a: Latios","|-supereffective|p2a: Latios","|-damage|p2a: Latios|0 fnt","|faint|p2a: Latios","|","|","|switch|p2a: Bulky ORB|Deoxys-Defense|304/304","|-ability|p2a: Bulky ORB|Pressure","|turn|15","|","|move|p1a: Death river|Aqua Jet|p2a: Bulky ORB","|-damage|p2a: Bulky ORB|75/304","|move|p2a: Bulky ORB|Night Shade|p1a: Death river","|-damage|p1a: Death river|0 fnt","|faint|p1a: Death river","|","|-heal|p2a: Bulky ORB|94/304|[from] item: Leftovers","|","|switch|p1a: Cerberus|Whimsicott, F|261/261","|turn|16","|","|move|p1a: Cerberus|Giga Drain|p2a: Bulky ORB","|-damage|p2a: Bulky ORB|39/304","|move|p2a: Bulky ORB|Recover|p2a: Bulky ORB","|-heal|p2a: Bulky ORB|191/304","|","|-heal|p2a: Bulky ORB|210/304|[from] item: Leftovers","|turn|17","|","|move|p1a: Cerberus|Knock Off|p2a: Bulky ORB","|-supereffective|p2a: Bulky ORB","|-damage|p2a: Bulky ORB|144/304","|-enditem|p2a: Bulky ORB|Leftovers|[from] move: Knock Off|[of] p1a: Cerberus","|move|p2a: Bulky ORB|Toxic|p1a: Cerberus","|-status|p1a: Cerberus|tox","|","|-damage|p1a: Cerberus|245/261 tox|[from] psn","|turn|18","|","|move|p1a: Cerberus|Hurricane|p2a: Bulky ORB","|-damage|p2a: Bulky ORB|94/304","|move|p2a: Bulky ORB|Recover|p2a: Bulky ORB","|-heal|p2a: Bulky ORB|246/304","|","|-damage|p1a: Cerberus|213/261 tox|[from] psn","|turn|19","|","|switch|p1a: Devil|Togekiss, M|374/374","|move|p2a: Bulky ORB|Cosmic Power|p2a: Bulky ORB","|-boost|p2a: Bulky ORB|def|1","|-boost|p2a: Bulky ORB|spd|1","|","|turn|20","|","|move|p2a: Bulky ORB|Toxic|p1a: Devil","|-status|p1a: Devil|tox","|move|p1a: Devil|Thunder Wave|p2a: Bulky ORB","|-status|p2a: Bulky ORB|par","|","|-damage|p1a: Devil|351/374 tox|[from] psn","|turn|21","|","|move|p1a: Devil|Heal Bell|p1a: Devil","|-cureteam|p1a: Devil|[from] move: HealBell","|cant|p2a: Bulky ORB|par","|","|-heal|p1a: Devil|374/374|[from] item: Leftovers","|turn|22","|","|move|p1a: Devil|Air Slash|p2a: Bulky ORB","|-damage|p2a: Bulky ORB|203/304 par","|cant|p2a: Bulky ORB|flinch","|","|turn|23","|","|move|p1a: Devil|Air Slash|p2a: Bulky ORB","|-damage|p2a: Bulky ORB|160/304 par","|cant|p2a: Bulky ORB|flinch","|","|turn|24","|","|move|p1a: Devil|Air Slash|p2a: Bulky ORB","|-damage|p2a: Bulky ORB|121/304 par","|move|p2a: Bulky ORB|Recover|p2a: Bulky ORB","|-heal|p2a: Bulky ORB|273/304 par","|","|turn|25","|","|move|p1a: Devil|Air Slash|p2a: Bulky ORB|[miss]","|-miss|p1a: Devil|p2a: Bulky ORB","|cant|p2a: Bulky ORB|par","|","|turn|26","|","|move|p1a: Devil|Air Slash|p2a: Bulky ORB","|-damage|p2a: Bulky ORB|231/304 par","|cant|p2a: Bulky ORB|flinch","|","|turn|27","|","|move|p1a: Devil|Air Slash|p2a: Bulky ORB","|-damage|p2a: Bulky ORB|192/304 par","|move|p2a: Bulky ORB|Recover|p2a: Bulky ORB","|-heal|p2a: Bulky ORB|304/304 par","|","|turn|28","|","|switch|p1a: Death Bringer|Sylveon, F|394/394","|move|p2a: Bulky ORB|Cosmic Power|p2a: Bulky ORB","|-boost|p2a: Bulky ORB|def|1","|-boost|p2a: Bulky ORB|spd|1","|","|turn|29","|","|move|p1a: Death Bringer|Calm Mind|p1a: Death Bringer","|-boost|p1a: Death Bringer|spa|1","|-boost|p1a: Death Bringer|spd|1","|cant|p2a: Bulky ORB|par","|","|turn|30","|","|move|p1a: Death Bringer|Calm Mind|p1a: Death Bringer","|-boost|p1a: Death Bringer|spa|1","|-boost|p1a: Death Bringer|spd|1","|move|p2a: Bulky ORB|Toxic|p1a: Death Bringer","|-status|p1a: Death Bringer|tox","|","|-damage|p1a: Death Bringer|370/394 tox|[from] psn","|turn|31","|","|switch|p2a: FingerTrap|Hoopa-Unbound|211/301 par","|move|p1a: Death Bringer|Calm Mind|p1a: Death Bringer","|-boost|p1a: Death Bringer|spa|1","|-boost|p1a: Death Bringer|spd|1","|","|-heal|p1a: Death Bringer|394/394 tox|[from] item: Leftovers","|-damage|p1a: Death Bringer|346/394 tox|[from] psn","|turn|32","|","|move|p1a: Death Bringer|Wish|p1a: Death Bringer","|cant|p2a: FingerTrap|par","|","|-heal|p1a: Death Bringer|370/394 tox|[from] item: Leftovers","|-damage|p1a: Death Bringer|298/394 tox|[from] psn","|turn|33","|","|move|p1a: Death Bringer|Baton Pass|p1a: Death Bringer","|","|switch|p1a: Destruction|Diancie|241/241","|move|p2a: FingerTrap|Gunk Shot|p1a: Destruction","|-damage|p1a: Destruction|85/241","|-damage|p2a: FingerTrap|181/301 par|[from] item: Life Orb","|","|-heal|p1a: Destruction|241/241|[from] move: Wish|[wisher] Death Bringer","|turn|34","|","|detailschange|p1a: Destruction|Diancie-Mega","|-mega|p1a: Destruction|Diancie|Diancite","|move|p1a: Destruction|Rock Polish|p1a: Destruction","|-boost|p1a: Destruction|spe|2","|move|p2a: FingerTrap|Gunk Shot|p1a: Destruction","|-damage|p1a: Destruction|45/241","|-damage|p2a: FingerTrap|151/301 par|[from] item: Life Orb","|","|turn|35","|","|move|p1a: Destruction|Moonblast|p2a: FingerTrap","|-supereffective|p2a: FingerTrap","|-damage|p2a: FingerTrap|0 fnt","|faint|p2a: FingerTrap","|","|","|switch|p2a: Bulky ORB|Deoxys-Defense|304/304 par","|-ability|p2a: Bulky ORB|Pressure","|turn|36","|","|move|p1a: Destruction|Earth Power|p2a: Bulky ORB","|-damage|p2a: Bulky ORB|117/304 par","|move|p2a: Bulky ORB|Night Shade|p1a: Destruction","|-damage|p1a: Destruction|0 fnt","|faint|p1a: Destruction","|","|","|switch|p1a: Death Bringer|Sylveon, F|298/394 tox","|turn|37","|","|switch|p1a: Devil|Togekiss, M|374/374","|cant|p2a: Bulky ORB|par","|","|turn|38","|","|switch|p2a: Asuna|Gardevoir, F|278/278","|-ability|p2a: Asuna|Serene Grace|[from] ability: Trace|[of] p1a: Devil","|move|p1a: Devil|Heal Bell|p1a: Devil","|-cureteam|p1a: Devil|[from] move: HealBell","|","|turn|39","|","|detailschange|p2a: Asuna|Gardevoir-Mega, F","|-mega|p2a: Asuna|Gardevoir|Gardevoirite","|move|p2a: Asuna|Taunt|p1a: Devil","|-start|p1a: Devil|move: Taunt","|cant|p1a: Devil|move: Taunt|Thunder Wave","|","|turn|40","|","|switch|p1a: Cerberus|Whimsicott, F|213/261","|move|p2a: Asuna|Hyper Voice|p1a: Cerberus","|-damage|p1a: Cerberus|0 fnt","|faint|p1a: Cerberus","|","|","|switch|p1a: Death Bringer|Sylveon, F|298/394","|turn|41","|","|move|p2a: Asuna|Hyper Voice|p1a: Death Bringer","|-damage|p1a: Death Bringer|124/394","|move|p1a: Death Bringer|Wish|p1a: Death Bringer","|","|-heal|p1a: Death Bringer|148/394|[from] item: Leftovers","|turn|42","|","|move|p2a: Asuna|Taunt|p1a: Death Bringer","|-start|p1a: Death Bringer|move: Taunt","|cant|p1a: Death Bringer|move: Taunt|Calm Mind","|","|-heal|p1a: Death Bringer|345/394|[from] move: Wish|[wisher] Death Bringer","|-heal|p1a: Death Bringer|369/394|[from] item: Leftovers","|turn|43","|","|move|p2a: Asuna|Hyper Voice|p1a: Death Bringer","|-damage|p1a: Death Bringer|195/394","|move|p1a: Death Bringer|Hyper Voice|p2a: Asuna","|-damage|p2a: Asuna|223/278","|","|-heal|p1a: Death Bringer|219/394|[from] item: Leftovers","|turn|44","|","|move|p2a: Asuna|Hyper Voice|p1a: Death Bringer","|-damage|p1a: Death Bringer|44/394","|move|p1a: Death Bringer|Hyper Voice|p2a: Asuna","|-damage|p2a: Asuna|161/278","|","|-heal|p1a: Death Bringer|68/394|[from] item: Leftovers","|-end|p1a: Death Bringer|move: Taunt","|turn|45","|","|move|p2a: Asuna|Hyper Voice|p1a: Death Bringer","|-damage|p1a: Death Bringer|0 fnt","|faint|p1a: Death Bringer","|","|","|switch|p1a: Devil|Togekiss, M|374/374","|turn|46","|","|move|p2a: Asuna|Taunt|p1a: Devil","|-start|p1a: Devil|move: Taunt","|move|p1a: Devil|Air Slash|p2a: Asuna","|-damage|p2a: Asuna|82/278","|","|turn|47","|","|move|p2a: Asuna|Hyper Voice|p1a: Devil","|-damage|p1a: Devil|197/374","|move|p1a: Devil|Air Slash|p2a: Asuna","|-damage|p2a: Asuna|4/278","|","|-heal|p1a: Devil|220/374|[from] item: Leftovers","|turn|48","|","|switch|p2a: Bulky ORB|Deoxys-Defense|117/304 par","|-ability|p2a: Bulky ORB|Pressure","|move|p1a: Devil|Air Slash|p2a: Bulky ORB","|-damage|p2a: Bulky ORB|57/304 par","|","|-heal|p1a: Devil|243/374|[from] item: Leftovers","|-end|p1a: Devil|move: Taunt","|turn|49","|","|move|p1a: Devil|Air Slash|p2a: Bulky ORB","|-damage|p2a: Bulky ORB|0 fnt","|faint|p2a: Bulky ORB","|","|-heal|p1a: Devil|266/374|[from] item: Leftovers","|","|switch|p2a: Asuna|Gardevoir-Mega, F|4/278","|turn|50","|","|move|p2a: Asuna|Taunt|p1a: Devil","|-start|p1a: Devil|move: Taunt","|move|p1a: Devil|Air Slash|p2a: Asuna","|-damage|p2a: Asuna|0 fnt","|faint|p2a: Asuna","|","|-heal|p1a: Devil|289/374|[from] item: Leftovers","|","|switch|p2a: Miracle eye|Jirachi|268/403","|turn|51","|","|move|p2a: Miracle eye|Thunder Wave|p1a: Devil","|-status|p1a: Devil|par","|move|p1a: Devil|Air Slash|p2a: Miracle eye","|-resisted|p2a: Miracle eye","|-damage|p2a: Miracle eye|231/403","|","|-heal|p2a: Miracle eye|256/403|[from] item: Leftovers","|-heal|p1a: Devil|312/374 par|[from] item: Leftovers","|turn|52","|","|move|p2a: Miracle eye|Iron Head|p1a: Devil","|-supereffective|p1a: Devil","|-damage|p1a: Devil|124/374 par","|cant|p1a: Devil|flinch","|","|-heal|p2a: Miracle eye|281/403|[from] item: Leftovers","|-heal|p1a: Devil|147/374 par|[from] item: Leftovers","|-end|p1a: Devil|move: Taunt","|turn|53","|","|move|p2a: Miracle eye|Iron Head|p1a: Devil","|-supereffective|p1a: Devil","|-damage|p1a: Devil|0 fnt","|faint|p1a: Devil","|","|win|Emg GL Test Tech"],"p1rating":{"entryid":"363683","serverid":"eos","formatid":"monotype","userid":"carnieapexin","username":"Carnie Apexin","w":"0","l":2,"t":"0","gxe":40.7,"r":"1452.4291551761","rd":124.31648951864,"sigma":"0","rptime":1441098000,"rpr":1424.8997397221,"rprd":117.90141731224,"rpsigma":"0","acre":1000,"lacre":1000,"oldacre":"1000"},"p2rating":{"entryid":"437770","serverid":"eos","formatid":"monotype","userid":"emggltesttech","username":"Emg GL Test Tech","w":15,"l":"10","t":"0","gxe":59,"r":"1561.0845430847","rd":"66.436667595661","sigma":"0","rptime":"1441098000","rpr":1569.3201829761,"rprd":65.489748616981,"rpsigma":"0","acre":1137.5239635573,"lacre":1137.5239635573,"oldacre":"1120.8877098346"},"endType":"normal"}