{"seed":[60707,53432,24534,58440],"turns":35,"p1":"SWL Nocturne","p2":"Rain Mistral","p1team":[{"name":"Celebi","species":"Celebi","item":"leftovers","ability":"Natural Cure","moves":["trickroom","healbell","gigadrain","healingwish"],"nature":"Sassy","evs":{"hp":220,"atk":0,"def":128,"spa":0,"spd":160,"spe":0},"ivs":{"hp":31,"atk":31,"def":31,"spa":31,"spd":31,"spe":0}},{"name":"Trevenant","species":"Trevenant","item":"choiceband","ability":"Natural Cure","moves":["hornleech","poisonjab","earthquake","rockslide"],"nature":"Adamant","evs":{"hp":248,"atk":252,"def":0,"spa":0,"spd":8,"spe":0},"ivs":{"hp":31,"atk":31,"def":31,"spa":31,"spd":31,"spe":31}},{"name":"Whimsicott","species":"Whimsicott","item":"focussash","ability":"Prankster","moves":["trickroom","leechseed","substitute","moonblast"],"nature":"Relaxed","evs":{"hp":248,"atk":0,"def":252,"spa":8,"spd":0,"spe":0},"ivs":{"hp":31,"atk":31,"def":31,"spa":31,"spd":31,"spe":0}},{"name":"Abomasnow","species":"Abomasnow","item":"abomasite","ability":"Snow Warning","moves":["blizzard","gigadrain","iceshard","hiddenpowerrock"],"nature":"Quiet","evs":{"hp":248,"atk":8,"def":0,"spa":252,"spd":0,"spe":0},"ivs":{"hp":31,"atk":31,"def":30,"spa":31,"spd":30,"spe":30}},{"name":"Breloom","species":"Breloom","item":"focussash","ability":"Technician","moves":["spore","bulletseed","machpunch","swordsdance"],"nature":"Adamant","evs":{"hp":252,"atk":252,"def":0,"spa":0,"spd":0,"spe":0},"ivs":{"hp":31,"atk":31,"def":31,"spa":31,"spd":31,"spe":31}},{"name":"Cradily","species":"Cradily","item":"leftovers","ability":"Suction Cups","moves":["toxic","recover","stockpile","rockslide"],"nature":"Relaxed","evs":{"hp":252,"atk":0,"def":196,"spa":0,"spd":60,"spe":0},"ivs":{"hp":31,"atk":31,"def":31,"spa":31,"spd":31,"spe":31}}],"p2team":[{"name":"Mega Ultra Chicken","species":"zapdos","item":"leftovers","ability":"Pressure","moves":["discharge","heatwave","roost","defog"],"nature":"Bold","evs":{"hp":248,"atk":0,"def":176,"spa":68,"spd":0,"spe":16},"shiny":true,"ivs":{"hp":31,"atk":31,"def":31,"spa":31,"spd":31,"spe":31}},{"name":"No Ice Please","species":"landorus","item":"lifeorb","ability":"Sheer Force","moves":["rockslide","earthpower","focusblast","sludgewave"],"nature":"Naive","evs":{"hp":0,"atk":4,"def":0,"spa":252,"spd":0,"spe":252},"shiny":true,"ivs":{"hp":31,"atk":31,"def":31,"spa":31,"spd":31,"spe":31}},{"name":"Free MAltaria","species":"dragonite","item":"weaknesspolicy","ability":"Multiscale","moves":["dragondance","outrage","earthquake","extremespeed"],"nature":"Adamant","evs":{"hp":0,"atk":252,"def":0,"spa":0,"spd":4,"spe":252},"gender":"F","ivs":{"hp":31,"atk":31,"def":31,"spa":31,"spd":31,"spe":31}},{"name":"Frostwing","species":"articuno","item":"leftovers","ability":"Pressure","moves":["freezedry","roost","roar","healbell"],"nature":"Calm","evs":{"hp":252,"atk":0,"def":0,"spa":4,"spd":252,"spe":0},"shiny":true,"ivs":{"hp":31,"atk":31,"def":31,"spa":31,"spd":31,"spe":31}},{"name":"Swords Dance","species":"skarmory","item":"rockyhelmet","ability":"Sturdy","moves":["counter","defog","stealthrock","roost"],"nature":"Bold","evs":{"hp":248,"atk":0,"def":236,"spa":0,"spd":0,"spe":24},"gender":"F","shiny":true,"ivs":{"hp":31,"atk":31,"def":31,"spa":31,"spd":31,"spe":31}},{"name":"Free Megazard X","species":"gyarados","item":"gyaradosite","ability":"Intimidate","moves":["dragondance","waterfall","crunch","earthquake"],"nature":"Adamant","evs":{"hp":0,"atk":252,"def":0,"spa":0,"spd":4,"spe":252},"gender":"F","shiny":true,"ivs":{"hp":31,"atk":31,"def":31,"spa":31,"spd":31,"spe":31}}],"log":["|player|p1|SWL Nocturne|163","|player|p2|Rain Mistral|52","|gametype|singles","|gen|6","|tier|Monotype","|rated","|rule|Baton Pass Clause: Limit one Baton Passer, can't pass Spe and other stats simultaneously","|rule|Swagger Clause: Swagger is banned","|rule|Same Type Clause: Pokémon in a team must share a type","|clearpoke","|poke|p1|Celebi","|poke|p1|Trevenant, F","|poke|p1|Whimsicott, F","|poke|p1|Abomasnow, M","|poke|p1|Breloom, F","|poke|p1|Cradily, F","|poke|p2|Zapdos, shiny","|poke|p2|Landorus, M, shiny","|poke|p2|Dragonite, F","|poke|p2|Articuno, shiny","|poke|p2|Skarmory, F, shiny","|poke|p2|Gyarados, F, shiny","|rule|Sleep Clause Mod: Limit one foe put to sleep","|rule|Species Clause: Limit one of each Pokémon","|rule|OHKO Clause: OHKO moves are banned","|rule|Moody Clause: Moody is banned","|rule|Evasion Moves Clause: Evasion moves are banned","|rule|Endless Battle Clause: Forcing endless battles is banned","|rule|HP Percentage Mod: HP is shown in percentages","|teampreview","|","|start","|switch|p1a: Whimsicott|Whimsicott, F|323/323","|switch|p2a: Mega Ultra Chicken|Zapdos, shiny|383/383","|-ability|p2a: Mega Ultra Chicken|Pressure","|turn|1","|","|move|p2a: Mega Ultra Chicken|Heat Wave|p1a: Whimsicott","|-supereffective|p1a: Whimsicott","|-damage|p1a: Whimsicott|89/323","|move|p1a: Whimsicott|Trick Room|p1a: Whimsicott","|-fieldstart|move: Trick Room|[of] p1a: Whimsicott","|","|turn|2","|","|move|p1a: Whimsicott|Leech Seed|p2a: Mega Ultra Chicken","|-start|p2a: Mega Ultra Chicken|move: Leech Seed","|move|p2a: Mega Ultra Chicken|Heat Wave|p1a: Whimsicott","|-supereffective|p1a: Whimsicott","|-damage|p1a: Whimsicott|0 fnt","|faint|p1a: Whimsicott","|","|","|switch|p1a: Cradily|Cradily, F|376/376","|turn|3","|","|switch|p2a: Swords Dance|Skarmory, F, shiny|333/333","|move|p1a: Cradily|Rock Slide|p2a: Swords Dance","|-damage|p2a: Swords Dance|287/333","|","|turn|4","|","|switch|p1a: Abomasnow|Abomasnow, M|383/383","|-weather|Hail","|move|p2a: Swords Dance|Stealth Rock|p1a: Abomasnow","|-sidestart|p1: SWL Nocturne|move: Stealth Rock","|","|-weather|Hail|[upkeep]","|-damage|p2a: Swords Dance|267/333|[from] hail","|turn|5","|","|switch|p2a: Frostwing|Articuno, shiny|384/384","|-ability|p2a: Frostwing|Pressure","|detailschange|p1a: Abomasnow|Abomasnow-Mega, M","|-mega|p1a: Abomasnow|Abomasnow|Abomasite","|move|p1a: Abomasnow|Blizzard|p2a: Frostwing","|-damage|p2a: Frostwing|255/384","|","|-weather|Hail|[upkeep]","|-heal|p2a: Frostwing|279/384|[from] item: Leftovers","|-fieldend|move: Trick Room","|turn|6","|","|move|p1a: Abomasnow|Hidden Power|p2a: Frostwing","|-supereffective|p2a: Frostwing","|-damage|p2a: Frostwing|95/384","|move|p2a: Frostwing|Roar|p1a: Abomasnow","|drag|p1a: Trevenant|Trevenant, F|373/373","|-damage|p1a: Trevenant|327/373|[from] Stealth Rock","|","|-weather|Hail|[upkeep]","|-damage|p1a: Trevenant|304/373|[from] hail","|-heal|p2a: Frostwing|119/384|[from] item: Leftovers","|turn|7","|","|switch|p1a: Cradily|Cradily, F|376/376","|-damage|p1a: Cradily|329/376|[from] Stealth Rock","|move|p2a: Frostwing|Roost|p2a: Frostwing","|-heal|p2a: Frostwing|311/384","|","|-weather|Hail|[upkeep]","|-damage|p1a: Cradily|306/376|[from] hail","|-heal|p2a: Frostwing|335/384|[from] item: Leftovers","|-heal|p1a: Cradily|329/376|[from] item: Leftovers","|turn|8","|","|switch|p2a: Free MAltaria|Dragonite, F|323/323","|move|p1a: Cradily|Toxic|p2a: Free MAltaria","|-status|p2a: Free MAltaria|tox","|","|-weather|none","|-heal|p1a: Cradily|352/376|[from] item: Leftovers","|-damage|p2a: Free MAltaria|303/323 tox|[from] psn","|turn|9","|","|move|p2a: Free MAltaria|Outrage|p1a: Cradily","|-damage|p1a: Cradily|154/376","|move|p1a: Cradily|Stockpile|p1a: Cradily","|-start|p1a: Cradily|stockpile1","|-boost|p1a: Cradily|def|1","|-boost|p1a: Cradily|spd|1","|","|-heal|p1a: Cradily|177/376|[from] item: Leftovers","|-damage|p2a: Free MAltaria|263/323 tox|[from] psn","|turn|10","|","|move|p2a: Free MAltaria|Outrage|p1a: Cradily|[from]lockedmove","|-damage|p1a: Cradily|53/376","|move|p1a: Cradily|Recover|p1a: Cradily","|-heal|p1a: Cradily|241/376","|","|-heal|p1a: Cradily|264/376|[from] item: Leftovers","|-damage|p2a: Free MAltaria|203/323 tox|[from] psn","|turn|11","|","|move|p2a: Free MAltaria|Outrage|p1a: Cradily|[from]lockedmove","|-damage|p1a: Cradily|150/376","|-start|p2a: Free MAltaria|confusion|[fatigue]","|move|p1a: Cradily|Recover|p1a: Cradily","|-heal|p1a: Cradily|338/376","|","|-heal|p1a: Cradily|361/376|[from] item: Leftovers","|-damage|p2a: Free MAltaria|123/323 tox|[from] psn","|turn|12","|","|switch|p2a: Swords Dance|Skarmory, F, shiny|267/333","|move|p1a: Cradily|Rock Slide|p2a: Swords Dance","|-damage|p2a: Swords Dance|222/333","|","|-heal|p1a: Cradily|376/376|[from] item: Leftovers","|turn|13","|","|move|p2a: Swords Dance|Roost|p2a: Swords Dance","|-heal|p2a: Swords Dance|333/333","|move|p1a: Cradily|Rock Slide|p2a: Swords Dance","|-resisted|p2a: Swords Dance","|-damage|p2a: Swords Dance|309/333","|","|turn|14","|","|move|p1a: Cradily|Stockpile|p1a: Cradily","|-start|p1a: Cradily|stockpile2","|-boost|p1a: Cradily|def|1","|-boost|p1a: Cradily|spd|1","|move|p2a: Swords Dance|Counter|p1a: Cradily","|-fail|p1a: Cradily","|","|turn|15","|","|move|p2a: Swords Dance|Roost|p2a: Swords Dance","|-heal|p2a: Swords Dance|333/333","|move|p1a: Cradily|Rock Slide|p2a: Swords Dance","|-resisted|p2a: Swords Dance","|-damage|p2a: Swords Dance|311/333","|","|turn|16","|","|move|p1a: Cradily|Stockpile|p1a: Cradily","|-start|p1a: Cradily|stockpile3","|-boost|p1a: Cradily|def|1","|-boost|p1a: Cradily|spd|1","|move|p2a: Swords Dance|Counter|p1a: Cradily","|-fail|p1a: Cradily","|","|turn|17","|","|move|p1a: Cradily|Stockpile|p1a: Cradily","|-fail|p1a: Cradily","|move|p2a: Swords Dance|Counter|p1a: Cradily","|-fail|p1a: Cradily","|","|turn|18","|","|move|p2a: Swords Dance|Roost|p2a: Swords Dance","|-heal|p2a: Swords Dance|333/333","|move|p1a: Cradily|Stockpile|p1a: Cradily","|-fail|p1a: Cradily","|","|turn|19","|","|switch|p2a: Mega Ultra Chicken|Zapdos, shiny|383/383","|-ability|p2a: Mega Ultra Chicken|Pressure","|move|p1a: Cradily|Stockpile|p1a: Cradily","|-fail|p1a: Cradily","|","|turn|20","|","|move|p2a: Mega Ultra Chicken|Discharge|p1a: Cradily","|-resisted|p1a: Cradily","|-damage|p1a: Cradily|353/376","|move|p1a: Cradily|Rock Slide|p2a: Mega Ultra Chicken","|-supereffective|p2a: Mega Ultra Chicken","|-damage|p2a: Mega Ultra Chicken|249/383","|","|-heal|p2a: Mega Ultra Chicken|272/383|[from] item: Leftovers","|-heal|p1a: Cradily|376/376|[from] item: Leftovers","|turn|21","|","|move|p2a: Mega Ultra Chicken|Discharge|p1a: Cradily","|-resisted|p1a: Cradily","|-damage|p1a: Cradily|354/376","|-status|p1a: Cradily|par","|move|p1a: Cradily|Toxic|p2a: Mega Ultra Chicken","|-status|p2a: Mega Ultra Chicken|tox","|","|-heal|p2a: Mega Ultra Chicken|295/383 tox|[from] item: Leftovers","|-heal|p1a: Cradily|376/376 par|[from] item: Leftovers","|-damage|p2a: Mega Ultra Chicken|272/383 tox|[from] psn","|turn|22","|","|switch|p2a: No Ice Please|Landorus, M, shiny|319/319","|cant|p1a: Cradily|par","|","|turn|23","|","|move|p2a: No Ice Please|Focus Blast|p1a: Cradily","|-supereffective|p1a: Cradily","|-damage|p1a: Cradily|210/376 par","|cant|p1a: Cradily|par","|","|-heal|p1a: Cradily|233/376 par|[from] item: Leftovers","|turn|24","|","|move|p2a: No Ice Please|Focus Blast|p1a: Cradily","|-supereffective|p1a: Cradily","|-damage|p1a: Cradily|61/376 par","|move|p1a: Cradily|Rock Slide|p2a: No Ice Please","|-damage|p2a: No Ice Please|235/319","|","|-heal|p1a: Cradily|84/376 par|[from] item: Leftovers","|turn|25","|","|switch|p1a: Celebi|Celebi|396/396","|-damage|p1a: Celebi|347/396|[from] Stealth Rock","|move|p2a: No Ice Please|Focus Blast|p1a: Celebi","|-resisted|p1a: Celebi","|-damage|p1a: Celebi|257/396","|","|-heal|p1a: Celebi|281/396|[from] item: Leftovers","|turn|26","|","|move|p2a: No Ice Please|Sludge Wave|p1a: Celebi","|-supereffective|p1a: Celebi","|-damage|p1a: Celebi|0 fnt","|faint|p1a: Celebi","|","|","|switch|p1a: Abomasnow|Abomasnow-Mega, M|383/383","|-damage|p1a: Abomasnow|288/383|[from] Stealth Rock","|-weather|Hail","|turn|27","|","|switch|p2a: Free Megazard X|Gyarados, F, shiny|331/331","|-ability|p2a: Free Megazard X|Intimidate","|-unboost|p1a: Abomasnow|atk|1","|move|p1a: Abomasnow|Ice Shard|p2a: Free Megazard X","|-damage|p2a: Free Megazard X|280/331","|","|-weather|Hail|[upkeep]","|-damage|p2a: Free Megazard X|260/331|[from] hail","|turn|28","|","|move|p2a: Free Megazard X|Dragon Dance|p2a: Free Megazard X","|-boost|p2a: Free Megazard X|atk|1","|-boost|p2a: Free Megazard X|spe|1","|move|p1a: Abomasnow|Giga Drain|p2a: Free Megazard X","|-damage|p2a: Free Megazard X|116/331","|-heal|p1a: Abomasnow|360/383|[from] drain|[of] p2a: Free Megazard X","|","|-weather|Hail|[upkeep]","|-damage|p2a: Free Megazard X|96/331|[from] hail","|turn|29","|","|detailschange|p2a: Free Megazard X|Gyarados-Mega, F, shiny","|-mega|p2a: Free Megazard X|Gyarados|Gyaradosite","|-ability|p2a: Free Megazard X|Mold Breaker","|move|p2a: Free Megazard X|Crunch|p1a: Abomasnow","|-damage|p1a: Abomasnow|116/383","|-unboost|p1a: Abomasnow|def|1","|move|p1a: Abomasnow|Giga Drain|p2a: Free Megazard X","|-supereffective|p2a: Free Megazard X","|-damage|p2a: Free Megazard X|0 fnt","|-heal|p1a: Abomasnow|164/383|[from] drain|[of] p2a: Free Megazard X","|faint|p2a: Free Megazard X","|","|-weather|Hail|[upkeep]","|","|switch|p2a: Free MAltaria|Dragonite, F|123/323 tox","|turn|30","|","|switch|p1a: Cradily|Cradily, F|84/376 par","|-damage|p1a: Cradily|37/376 par|[from] Stealth Rock","|move|p2a: Free MAltaria|Extreme Speed|p1a: Cradily","|-resisted|p1a: Cradily","|-damage|p1a: Cradily|0 fnt","|faint|p1a: Cradily","|","|-weather|Hail|[upkeep]","|-damage|p2a: Free MAltaria|103/323 tox|[from] hail","|-damage|p2a: Free MAltaria|83/323 tox|[from] psn","|","|switch|p1a: Trevenant|Trevenant, F|304/373","|-damage|p1a: Trevenant|258/373|[from] Stealth Rock","|turn|31","|","|switch|p2a: Frostwing|Articuno, shiny|335/384","|-ability|p2a: Frostwing|Pressure","|move|p1a: Trevenant|Rock Slide|p2a: Frostwing","|-supereffective|p2a: Frostwing","|-damage|p2a: Frostwing|0 fnt","|faint|p2a: Frostwing","|","|-weather|none","|","|switch|p2a: No Ice Please|Landorus, M, shiny|235/319","|turn|32","|","|move|p2a: No Ice Please|Sludge Wave|p1a: Trevenant","|-damage|p1a: Trevenant|57/373","|move|p1a: Trevenant|Rock Slide|p2a: No Ice Please","|-damage|p2a: No Ice Please|94/319","|","|turn|33","|","|move|p2a: No Ice Please|Sludge Wave|p1a: Trevenant","|-damage|p1a: Trevenant|0 fnt","|faint|p1a: Trevenant","|","|","|switch|p1a: Abomasnow|Abomasnow-Mega, M|164/383","|-damage|p1a: Abomasnow|69/383|[from] Stealth Rock","|-weather|Hail","|turn|34","|","|move|p2a: No Ice Please|Sludge Wave|p1a: Abomasnow","|-supereffective|p1a: Abomasnow","|-damage|p1a: Abomasnow|0 fnt","|faint|p1a: Abomasnow","|","|-weather|Hail|[upkeep]","|-damage|p2a: No Ice Please|75/319|[from] hail","|","|switch|p1a: Breloom|Breloom, F|324/324","|-damage|p1a: Breloom|304/324|[from] Stealth Rock","|turn|35","|","|move|p1a: Breloom|Mach Punch|p2a: No Ice Please","|-resisted|p2a: No Ice Please","|-damage|p2a: No Ice Please|9/319","|move|p2a: No Ice Please|Sludge Wave|p1a: Breloom","|-supereffective|p1a: Breloom","|-damage|p1a: Breloom|0 fnt","|faint|p1a: Breloom","|","|win|Rain Mistral"],"p1rating":{"entryid":"101951","serverid":"eos","formatid":"monotype","userid":"swlnocturne","username":"SWL Nocturne","w":"13","l":8,"t":"0","gxe":57.9,"r":"1572.1450248496","rd":"72.214260131448","sigma":"0","rptime":"1441098000","rpr":1560.8954336845,"rprd":70.834117398969,"rpsigma":"0","acre":1108.6959032808,"lacre":1108.6959032808,"oldacre":"1124.2214238806"},"p2rating":{"entryid":"218522","serverid":"eos","formatid":"monotype","userid":"rainmistral","username":"Rain Mistral","w":17,"l":"5","t":"0","gxe":70.2,"r":"1644.5696109889","rd":"73.137314004034","sigma":"0","rptime":"1441098000","rpr":1664.5035640384,"rprd":70.482393102982,"rpsigma":"0","acre":1278.3275624032,"lacre":1278.3275624032,"oldacre":"1262.8020418034"},"endType":"normal"}