{"seed":[58756,52286,54652,33006],"turns":22,"p1":"Logic","p2":"xXtestrunXx","p1team":[{"name":"Manaphy","species":"Manaphy","item":"leftovers","ability":"Hydration","moves":["calmmind","raindance","rest","scald"],"nature":"Bold","evs":{"hp":240,"atk":0,"def":148,"spa":0,"spd":0,"spe":120},"ivs":{"hp":31,"atk":0,"def":31,"spa":31,"spd":31,"spe":31}},{"name":"Manectric","species":"Manectric","item":"manectite","ability":"Static","moves":["thunderbolt","hiddenpowerice","flamethrower","voltswitch"],"nature":"Timid","evs":{"hp":0,"atk":0,"def":0,"spa":252,"spd":4,"spe":252},"ivs":{"hp":31,"atk":30,"def":30,"spa":31,"spd":31,"spe":31}},{"name":"Latios","species":"Latios","item":"lifeorb","ability":"Levitate","moves":["dracometeor","psyshock","recover","defog"],"nature":"Timid","evs":{"hp":0,"atk":0,"def":0,"spa":252,"spd":4,"spe":252},"ivs":{"hp":29,"atk":0,"def":31,"spa":31,"spd":31,"spe":31}},{"name":"Ferrothorn","species":"Ferrothorn","item":"leftovers","ability":"Iron Barbs","moves":["stealthrock","leechseed","powerwhip","gyroball"],"nature":"Relaxed","evs":{"hp":252,"atk":0,"def":148,"spa":0,"spd":108,"spe":0},"ivs":{"hp":31,"atk":31,"def":31,"spa":31,"spd":31,"spe":0}},{"name":"Landorus-Therian","species":"Landorus-Therian","item":"leftovers","ability":"Intimidate","moves":["rockpolish","swordsdance","stoneedge","earthquake"],"nature":"Adamant","evs":{"hp":168,"atk":84,"def":0,"spa":0,"spd":24,"spe":232},"ivs":{"hp":31,"atk":31,"def":31,"spa":31,"spd":31,"spe":31}},{"name":"Clefable","species":"Clefable","item":"leftovers","ability":"Magic Guard","moves":["thunderwave","calmmind","moonblast","softboiled"],"nature":"Sassy","evs":{"hp":252,"atk":0,"def":188,"spa":0,"spd":68,"spe":0},"gender":"F","ivs":{"hp":31,"atk":31,"def":31,"spa":31,"spd":31,"spe":16}}],"p2team":[{"name":"Tyranitar","species":"Tyranitar","item":"smoothrock","ability":"Sand Stream","moves":["stealthrock","stoneedge","pursuit","fireblast"],"nature":"Relaxed","evs":{"hp":248,"atk":0,"def":80,"spa":0,"spd":180,"spe":0},"ivs":{"hp":31,"atk":31,"def":31,"spa":31,"spd":31,"spe":31}},{"name":"Excadrill","species":"Excadrill","item":"lifeorb","ability":"Sand Rush","moves":["earthquake","ironhead","rockslide","swordsdance"],"nature":"Adamant","evs":{"hp":0,"atk":252,"def":0,"spa":0,"spd":4,"spe":252},"ivs":{"hp":31,"atk":31,"def":31,"spa":31,"spd":31,"spe":31}},{"name":"Cradily","species":"Cradily","item":"leftovers","ability":"Storm Drain","moves":["recover","ancientpower","gigadrain","toxic"],"nature":"Calm","evs":{"hp":248,"atk":0,"def":160,"spa":0,"spd":100,"spe":0},"ivs":{"hp":31,"atk":31,"def":31,"spa":31,"spd":31,"spe":31}},{"name":"Gengar","species":"Gengar","item":"choicescarf","ability":"Levitate","moves":["dazzlinggleam","shadowball","energyball","psychic"],"nature":"Modest","evs":{"hp":0,"atk":0,"def":0,"spa":252,"spd":4,"spe":252},"ivs":{"hp":31,"atk":31,"def":31,"spa":31,"spd":31,"spe":31}},{"name":"Talonflame","species":"Talonflame","item":"choiceband","ability":"Gale Wings","moves":["bravebird","flareblitz","uturn","willowisp"],"nature":"Adamant","evs":{"hp":0,"atk":252,"def":4,"spa":0,"spd":0,"spe":252},"ivs":{"hp":31,"atk":31,"def":31,"spa":31,"spd":31,"spe":31}},{"name":"Gliscor","species":"Gliscor","item":"toxicorb","ability":"Poison Heal","moves":["swordsdance","roost","earthquake","knockoff"],"nature":"","evs":{"hp":244,"atk":0,"def":8,"spa":0,"spd":200,"spe":56},"ivs":{"hp":31,"atk":31,"def":31,"spa":31,"spd":31,"spe":31}}],"log":["|player|p1|Logic|logic.gif","|player|p2|xXtestrunXx|169","|gametype|singles","|gen|6","|tier|OU","|rated","|clearpoke","|poke|p1|Manaphy","|poke|p1|Manectric, M","|poke|p1|Latios, M","|poke|p1|Ferrothorn, M","|poke|p1|Landorus-Therian, M","|poke|p1|Clefable, F","|poke|p2|Tyranitar, M","|poke|p2|Excadrill, M","|poke|p2|Cradily, F","|poke|p2|Gengar, M","|poke|p2|Talonflame, M","|poke|p2|Gliscor, M","|rule|Swagger Clause: Swagger is banned","|rule|Baton Pass Clause: Limit one Baton Passer, can't pass Spe and other stats simultaneously","|rule|Sleep Clause Mod: Limit one foe put to sleep","|rule|Species Clause: Limit one of each Pokémon","|rule|OHKO Clause: OHKO moves are banned","|rule|Moody Clause: Moody is banned","|rule|Evasion Moves Clause: Evasion moves are banned","|rule|Endless Battle Clause: Forcing endless battles is banned","|rule|HP Percentage Mod: HP is shown in percentages","|teampreview","|","|start","|switch|p1a: Ferrothorn|Ferrothorn, M|352/352","|switch|p2a: Tyranitar|Tyranitar, M|403/403","|-weather|Sandstorm","|turn|1","|","|move|p2a: Tyranitar|Fire Blast|p1a: Ferrothorn","|-supereffective|p1a: Ferrothorn","|-damage|p1a: Ferrothorn|108/352","|move|p1a: Ferrothorn|Stealth Rock|p2a: Tyranitar","|-sidestart|p2: xXtestrunXx|move: Stealth Rock","|","|-weather|Sandstorm|[upkeep]","|-heal|p1a: Ferrothorn|130/352|[from] item: Leftovers","|turn|2","|","|move|p2a: Tyranitar|Pursuit|p1a: Ferrothorn|[from]Pursuit","|-damage|p1a: Ferrothorn|49/352","|-damage|p2a: Tyranitar|353/403|[from] ability: Iron Barbs|[of] p1a: Ferrothorn","|switch|p1a: Clefable|Clefable, F|394/394","|","|-weather|Sandstorm|[upkeep]","|turn|3","|","|switch|p2a: Excadrill|Excadrill, M|361/361","|-damage|p2a: Excadrill|350/361|[from] Stealth Rock","|move|p1a: Clefable|Thunder Wave|p2a: Excadrill","|-immune|p2a: Excadrill|[msg]","|","|-weather|Sandstorm|[upkeep]","|turn|4","|","|switch|p1a: Landorus-Therian|Landorus-Therian, M|361/361","|-ability|p1a: Landorus-Therian|Intimidate","|-unboost|p2a: Excadrill|atk|1","|move|p2a: Excadrill|Swords Dance|p2a: Excadrill","|-boost|p2a: Excadrill|atk|2","|","|-weather|Sandstorm|[upkeep]","|turn|5","|","|move|p2a: Excadrill|Iron Head|p1a: Landorus-Therian","|-damage|p1a: Landorus-Therian|32/361","|-damage|p2a: Excadrill|314/361|[from] item: Life Orb","|cant|p1a: Landorus-Therian|flinch","|","|-weather|Sandstorm|[upkeep]","|-heal|p1a: Landorus-Therian|54/361|[from] item: Leftovers","|turn|6","|","|move|p2a: Excadrill|Iron Head|p1a: Landorus-Therian","|-damage|p1a: Landorus-Therian|0 fnt","|-damage|p2a: Excadrill|278/361|[from] item: Life Orb","|faint|p1a: Landorus-Therian","|","|-weather|Sandstorm|[upkeep]","|","|switch|p1a: Manaphy|Manaphy|401/401","|turn|7","|","|switch|p1a: Latios|Latios, M|299/299","|move|p2a: Excadrill|Earthquake|p1a: Latios","|-immune|p1a: Latios|[msg]","|","|-weather|Sandstorm|[upkeep]","|-damage|p1a: Latios|281/299|[from] sandstorm","|turn|8","|","|switch|p1a: Ferrothorn|Ferrothorn, M|49/352","|move|p2a: Excadrill|Iron Head|p1a: Ferrothorn","|-resisted|p1a: Ferrothorn","|-damage|p1a: Ferrothorn|0 fnt","|-damage|p2a: Excadrill|233/361|[from] ability: Iron Barbs|[of] p1a: Ferrothorn","|-damage|p2a: Excadrill|197/361|[from] item: Life Orb","|faint|p1a: Ferrothorn","|","|-weather|none","|","|switch|p1a: Manectric|Manectric, M|281/281","|turn|9","|","|switch|p2a: Tyranitar|Tyranitar, M|353/403","|-damage|p2a: Tyranitar|303/403|[from] Stealth Rock","|-weather|Sandstorm","|detailschange|p1a: Manectric|Manectric-Mega, M","|-mega|p1a: Manectric|Manectric|Manectite","|-ability|p1a: Manectric|Intimidate","|-unboost|p2a: Tyranitar|atk|1","|move|p1a: Manectric|Flamethrower|p2a: Tyranitar","|-resisted|p2a: Tyranitar","|-damage|p2a: Tyranitar|275/403","|","|-weather|Sandstorm|[upkeep]","|-damage|p1a: Manectric|264/281|[from] sandstorm","|turn|10","|","|move|p1a: Manectric|Flamethrower|p2a: Tyranitar","|-resisted|p2a: Tyranitar","|-damage|p2a: Tyranitar|246/403","|move|p2a: Tyranitar|Stone Edge|p1a: Manectric|[miss]","|-miss|p2a: Tyranitar|p1a: Manectric","|","|-weather|Sandstorm|[upkeep]","|-damage|p1a: Manectric|247/281|[from] sandstorm","|turn|11","|","|move|p1a: Manectric|Volt Switch|p2a: Tyranitar","|-damage|p2a: Tyranitar|173/403","|","|switch|p1a: Clefable|Clefable, F|394/394","|move|p2a: Tyranitar|Stealth Rock|p1a: Clefable","|-sidestart|p1: Logic|move: Stealth Rock","|","|-weather|Sandstorm|[upkeep]","|turn|12","|","|switch|p2a: Excadrill|Excadrill, M|197/361","|-damage|p2a: Excadrill|186/361|[from] Stealth Rock","|switch|p1a: Manectric|Manectric-Mega, M|247/281","|-damage|p1a: Manectric|212/281|[from] Stealth Rock","|-ability|p1a: Manectric|Intimidate","|-unboost|p2a: Excadrill|atk|1","|","|-weather|Sandstorm|[upkeep]","|-damage|p1a: Manectric|195/281|[from] sandstorm","|turn|13","|","|move|p2a: Excadrill|Iron Head|p1a: Manectric","|-resisted|p1a: Manectric","|-damage|p1a: Manectric|105/281","|-damage|p2a: Excadrill|150/361|[from] item: Life Orb","|move|p1a: Manectric|Flamethrower|p2a: Excadrill","|-supereffective|p2a: Excadrill","|-damage|p2a: Excadrill|0 fnt","|faint|p2a: Excadrill","|","|-weather|Sandstorm|[upkeep]","|-damage|p1a: Manectric|88/281|[from] sandstorm","|","|switch|p2a: Gengar|Gengar, M|261/261","|-damage|p2a: Gengar|229/261|[from] Stealth Rock","|turn|14","|","|move|p2a: Gengar|Shadow Ball|p1a: Manectric","|-damage|p1a: Manectric|0 fnt","|faint|p1a: Manectric","|","|-weather|Sandstorm|[upkeep]","|-damage|p2a: Gengar|213/261|[from] sandstorm","|","|switch|p1a: Clefable|Clefable, F|394/394","|turn|15","|","|move|p2a: Gengar|Shadow Ball|p1a: Clefable","|-damage|p1a: Clefable|259/394","|-unboost|p1a: Clefable|spd|1","|move|p1a: Clefable|Calm Mind|p1a: Clefable","|-boost|p1a: Clefable|spa|1","|-boost|p1a: Clefable|spd|1","|","|-weather|Sandstorm|[upkeep]","|-damage|p2a: Gengar|197/261|[from] sandstorm","|-heal|p1a: Clefable|283/394|[from] item: Leftovers","|turn|16","|","|move|p2a: Gengar|Shadow Ball|p1a: Clefable","|-damage|p1a: Clefable|148/394","|-unboost|p1a: Clefable|spd|1","|move|p1a: Clefable|Thunder Wave|p2a: Gengar","|-status|p2a: Gengar|par","|","|-weather|none","|-heal|p1a: Clefable|172/394|[from] item: Leftovers","|turn|17","|","|move|p1a: Clefable|Calm Mind|p1a: Clefable","|-boost|p1a: Clefable|spa|1","|-boost|p1a: Clefable|spd|1","|move|p2a: Gengar|Shadow Ball|p1a: Clefable","|-damage|p1a: Clefable|30/394","|","|-heal|p1a: Clefable|54/394|[from] item: Leftovers","|turn|18","|","|move|p1a: Clefable|Soft-Boiled|p1a: Clefable","|-heal|p1a: Clefable|251/394","|move|p2a: Gengar|Shadow Ball|p1a: Clefable","|-damage|p1a: Clefable|107/394","|","|-heal|p1a: Clefable|131/394|[from] item: Leftovers","|turn|19","|","|switch|p2a: Talonflame|Talonflame, M|297/297","|-damage|p2a: Talonflame|149/297|[from] Stealth Rock","|move|p1a: Clefable|Calm Mind|p1a: Clefable","|-boost|p1a: Clefable|spa|1","|-boost|p1a: Clefable|spd|1","|","|-heal|p1a: Clefable|155/394|[from] item: Leftovers","|turn|20","|","|move|p2a: Talonflame|Brave Bird|p1a: Clefable","|-damage|p1a: Clefable|0 fnt","|-damage|p2a: Talonflame|98/297|[from] recoil|[of] p1a: Clefable","|faint|p1a: Clefable","|","|","|switch|p1a: Manaphy|Manaphy|401/401","|-damage|p1a: Manaphy|351/401|[from] Stealth Rock","|turn|21","|","|move|p2a: Talonflame|Brave Bird|p1a: Manaphy","|-damage|p1a: Manaphy|161/401","|-damage|p2a: Talonflame|35/297|[from] recoil|[of] p1a: Manaphy","|move|p1a: Manaphy|Rain Dance|p1a: Manaphy","|-weather|RainDance","|","|-weather|RainDance|[upkeep]","|-heal|p1a: Manaphy|186/401|[from] item: Leftovers","|turn|22","|","|move|p2a: Talonflame|Brave Bird|p1a: Manaphy","|-damage|p1a: Manaphy|0 fnt","|-damage|p2a: Talonflame|0 fnt|[from] recoil|[of] p1a: Manaphy","|faint|p1a: Manaphy","|faint|p2a: Talonflame","|","|-weather|RainDance|[upkeep]","|","|win|xXtestrunXx"],"p1rating":{"entryid":"2182","serverid":"eos","formatid":"ou","userid":"logic","username":"Logic","w":"11","l":5,"t":"0","gxe":61.8,"r":"1613.2860622625","rd":"78.215029650764","sigma":"0","rptime":"1440147600","rpr":1593.0478207515,"rprd":76.710918418008,"rpsigma":"0","acre":1119.6595985534,"lacre":1119.6595985534,"oldacre":"1155.1353611984"},"p2rating":{"entryid":254438,"formatid":"ou","userid":"xxtestrunxx","username":"xXtestrunXx","r":1500,"rd":130,"sigma":0,"rpr":1555.0865909484,"rprd":122.86564581359,"rpsigma":0,"rptime":1440147600,"w":1,"l":0,"t":0,"gxe":56.9,"acre":1056.7612202319,"lacre":1056.7612202319,"oldacre":1000},"endType":"forfeit"}