{"seed":[9952,56969,23487,64107],"turns":22,"p1":"AgedVanilla","p2":"SWL Nocturne","p1team":[{"name":"Alexander","species":"slowbro","item":"rockyhelmet","ability":"Regenerator","moves":["thunderwave","psyshock","scald","slackoff"],"nature":"Bold","evs":{"hp":248,"atk":0,"def":132,"spa":8,"spd":120,"spe":0},"ivs":{"hp":31,"atk":31,"def":31,"spa":31,"spd":31,"spe":31}},{"name":"Elise","species":"gardevoir","item":"gardevoirite","ability":"Trace","moves":["hypervoice","substitute","energyball","focusblast"],"nature":"Timid","evs":{"hp":0,"atk":0,"def":0,"spa":252,"spd":0,"spe":252},"ivs":{"hp":31,"atk":31,"def":31,"spa":31,"spd":31,"spe":31}},{"name":"Argenon","species":"hoopaunbound","item":"choiceband","ability":"Magician","moves":["hyperspacefury","firepunch","gunkshot","drainpunch"],"nature":"Adamant","evs":{"hp":0,"atk":252,"def":0,"spa":0,"spd":8,"spe":248},"ivs":{"hp":31,"atk":31,"def":31,"spa":31,"spd":31,"spe":31}},{"name":"Melody","species":"meloetta","item":"assaultvest","ability":"Serene Grace","moves":["shadowball","psychic","energyball","focusblast"],"nature":"Modest","evs":{"hp":232,"atk":0,"def":16,"spa":252,"spd":8,"spe":0},"ivs":{"hp":31,"atk":31,"def":31,"spa":31,"spd":31,"spe":31}},{"name":"Yuza","species":"deoxysspeed","item":"lightclay","ability":"Pressure","moves":["taunt","stealthrock","reflect","lightscreen"],"nature":"Timid","evs":{"hp":248,"atk":0,"def":0,"spa":0,"spd":8,"spe":252},"ivs":{"hp":31,"atk":31,"def":31,"spa":31,"spd":31,"spe":31}},{"name":"Vesta","species":"victini","item":"choicescarf","ability":"Victory Star","moves":["blueflare","vcreate","uturn","boltstrike"],"nature":"Hasty","evs":{"hp":0,"atk":252,"def":0,"spa":4,"spd":0,"spe":252},"ivs":{"hp":31,"atk":31,"def":31,"spa":31,"spd":31,"spe":31}}],"p2team":[{"name":"Scizor","species":"Scizor","item":"choiceband","ability":"Technician","moves":["uturn","bulletpunch","knockoff","superpower"],"nature":"Adamant","evs":{"hp":248,"atk":252,"def":0,"spa":0,"spd":8,"spe":0},"ivs":{"hp":31,"atk":31,"def":31,"spa":31,"spd":31,"spe":31}},{"name":"Durant","species":"Durant","item":"choiceband","ability":"Hustle","moves":["aerialace","xscissor","ironhead","frustration"],"nature":"Jolly","evs":{"hp":0,"atk":252,"def":0,"spa":0,"spd":4,"spe":252},"happiness":0,"ivs":{"hp":31,"atk":31,"def":31,"spa":31,"spd":31,"spe":31}},{"name":"Armaldo","species":"Armaldo","item":"assaultvest","ability":"Battle Armor","moves":["rapidspin","rockblast","earthquake","xscissor"],"nature":"Careful","evs":{"hp":248,"atk":0,"def":0,"spa":0,"spd":140,"spe":120},"ivs":{"hp":31,"atk":31,"def":31,"spa":31,"spd":31,"spe":31}},{"name":"Volcarona","species":"Volcarona","item":"lumberry","ability":"Flame Body","moves":["quiverdance","fierydance","bugbuzz","roost"],"nature":"Bold","evs":{"hp":248,"atk":0,"def":208,"spa":0,"spd":0,"spe":52},"ivs":{"hp":31,"atk":31,"def":31,"spa":31,"spd":31,"spe":31}},{"name":"Heracross","species":"Heracross","item":"heracronite","ability":"Moxie","moves":["pinmissile","rockblast","bulletseed","closecombat"],"nature":"Jolly","evs":{"hp":0,"atk":252,"def":0,"spa":0,"spd":4,"spe":252},"ivs":{"hp":31,"atk":31,"def":31,"spa":31,"spd":31,"spe":31}},{"name":"Shuckle","species":"Shuckle","item":"mentalherb","ability":"Sturdy","moves":["stickyweb","stealthrock","knockoff","infestation"],"nature":"Sassy","evs":{"hp":248,"atk":8,"def":0,"spa":0,"spd":252,"spe":0},"ivs":{"hp":31,"atk":31,"def":31,"spa":31,"spd":31,"spe":31}}],"log":["|player|p1|AgedVanilla|275","|player|p2|SWL Nocturne|45","|gametype|singles","|gen|6","|tier|Monotype","|rated","|rule|Baton Pass Clause: Limit one Baton Passer, can't pass Spe and other stats simultaneously","|rule|Swagger Clause: Swagger is banned","|rule|Same Type Clause: Pokémon in a team must share a type","|clearpoke","|poke|p1|Slowbro, F","|poke|p1|Gardevoir, F","|poke|p1|Hoopa-Unbound","|poke|p1|Meloetta","|poke|p1|Deoxys-Speed","|poke|p1|Victini","|poke|p2|Scizor, F","|poke|p2|Durant, F","|poke|p2|Armaldo, F","|poke|p2|Volcarona, M","|poke|p2|Heracross, M","|poke|p2|Shuckle, M","|rule|Sleep Clause Mod: Limit one foe put to sleep","|rule|Species Clause: Limit one of each Pokémon","|rule|OHKO Clause: OHKO moves are banned","|rule|Moody Clause: Moody is banned","|rule|Evasion Moves Clause: Evasion moves are banned","|rule|Endless Battle Clause: Forcing endless battles is banned","|rule|HP Percentage Mod: HP is shown in percentages","|teampreview","|","|start","|switch|p1a: Yuza|Deoxys-Speed|303/303","|switch|p2a: Shuckle|Shuckle, M|243/243","|-ability|p1a: Yuza|Pressure","|turn|1","|","|move|p1a: Yuza|Light Screen|p1a: Yuza","|-sidestart|p1: AgedVanilla|move: Light Screen","|move|p2a: Shuckle|Sticky Web|p1a: Yuza","|-sidestart|p1: AgedVanilla|move: Sticky Web","|","|turn|2","|","|move|p1a: Yuza|Stealth Rock|p2a: Shuckle","|-sidestart|p2: SWL Nocturne|move: Stealth Rock","|move|p2a: Shuckle|Infestation|p1a: Yuza","|-supereffective|p1a: Yuza","|-damage|p1a: Yuza|296/303","|-activate|p1a: Yuza|move: Infestation|[of] p2a: Shuckle","|","|-damage|p1a: Yuza|259/303|[from] move: Infestation|[partiallytrapped]","|turn|3","|","|move|p1a: Yuza|Reflect|p1a: Yuza","|-sidestart|p1: AgedVanilla|Reflect","|move|p2a: Shuckle|Stealth Rock|p1a: Yuza","|-sidestart|p1: AgedVanilla|move: Stealth Rock","|","|-damage|p1a: Yuza|222/303|[from] move: Infestation|[partiallytrapped]","|turn|4","|","|move|p1a: Yuza|Taunt|p2a: Shuckle","|-start|p2a: Shuckle|move: Taunt","|-enditem|p2a: Shuckle|Mental Herb","|-end|p2a: Shuckle|move: Attract|[from] item: Mental Herb","|-end|p2a: Shuckle|move: Taunt","|move|p2a: Shuckle|Knock Off|p1a: Yuza","|-supereffective|p1a: Yuza","|-damage|p1a: Yuza|199/303","|-enditem|p1a: Yuza|Light Clay|[from] move: Knock Off|[of] p2a: Shuckle","|","|-damage|p1a: Yuza|162/303|[from] move: Infestation|[partiallytrapped]","|turn|5","|","|move|p1a: Yuza|Taunt|p2a: Shuckle","|-start|p2a: Shuckle|move: Taunt","|move|p2a: Shuckle|Infestation|p1a: Yuza","|-supereffective|p1a: Yuza","|-damage|p1a: Yuza|155/303","|","|-damage|p1a: Yuza|118/303|[from] move: Infestation|[partiallytrapped]","|turn|6","|","|move|p1a: Yuza|Taunt|p2a: Shuckle","|-fail|p2a: Shuckle","|move|p2a: Shuckle|Infestation|p1a: Yuza","|-supereffective|p1a: Yuza","|-damage|p1a: Yuza|111/303","|","|-end|p1a: Yuza|Infestation|[partiallytrapped]","|turn|7","|","|move|p1a: Yuza|Taunt|p2a: Shuckle","|-fail|p2a: Shuckle","|move|p2a: Shuckle|Knock Off|p1a: Yuza","|-supereffective|p1a: Yuza","|-damage|p1a: Yuza|96/303","|","|-end|p2a: Shuckle|move: Taunt","|turn|8","|","|move|p1a: Yuza|Light Screen|p1a: Yuza","|-fail|p1a: Yuza","|move|p2a: Shuckle|Infestation|p1a: Yuza","|-supereffective|p1a: Yuza","|-damage|p1a: Yuza|89/303","|-activate|p1a: Yuza|move: Infestation|[of] p2a: Shuckle","|","|-damage|p1a: Yuza|52/303|[from] move: Infestation|[partiallytrapped]","|-sideend|p1: AgedVanilla|move: Light Screen","|turn|9","|","|move|p1a: Yuza|Light Screen|p1a: Yuza","|-sidestart|p1: AgedVanilla|move: Light Screen","|move|p2a: Shuckle|Knock Off|p1a: Yuza","|-supereffective|p1a: Yuza","|-damage|p1a: Yuza|38/303","|","|-damage|p1a: Yuza|1/303|[from] move: Infestation|[partiallytrapped]","|turn|10","|","|move|p1a: Yuza|Reflect|p1a: Yuza","|-fail|p1a: Yuza","|move|p2a: Shuckle|Infestation|p1a: Yuza","|-supereffective|p1a: Yuza","|-damage|p1a: Yuza|0 fnt","|faint|p1a: Yuza","|","|-sideend|p1: AgedVanilla|Reflect","|","|switch|p1a: Alexander|Slowbro, F|393/393","|-activate|p1a: Alexander|move: Sticky Web","|-unboost|p1a: Alexander|spe|1","|-damage|p1a: Alexander|344/393|[from] Stealth Rock","|turn|11","|","|move|p1a: Alexander|Scald|p2a: Shuckle","|-supereffective|p2a: Shuckle","|-damage|p2a: Shuckle|171/243","|move|p2a: Shuckle|Infestation|p1a: Alexander","|-supereffective|p1a: Alexander","|-damage|p1a: Alexander|337/393","|-damage|p2a: Shuckle|131/243|[from] item: Rocky Helmet|[of] p1a: Alexander","|-activate|p1a: Alexander|move: Infestation|[of] p2a: Shuckle","|","|-damage|p1a: Alexander|288/393|[from] move: Infestation|[partiallytrapped]","|turn|12","|","|move|p1a: Alexander|Psyshock|p2a: Shuckle","|-damage|p2a: Shuckle|85/243","|move|p2a: Shuckle|Knock Off|p1a: Alexander","|-supereffective|p1a: Alexander","|-damage|p1a: Alexander|260/393","|-damage|p2a: Shuckle|45/243|[from] item: Rocky Helmet|[of] p1a: Alexander","|-enditem|p1a: Alexander|Rocky Helmet|[from] move: Knock Off|[of] p2a: Shuckle","|","|-damage|p1a: Alexander|211/393|[from] move: Infestation|[partiallytrapped]","|turn|13","|","|move|p1a: Alexander|Scald|p2a: Shuckle","|-supereffective|p2a: Shuckle","|-damage|p2a: Shuckle|0 fnt","|faint|p2a: Shuckle","|","|-sideend|p1: AgedVanilla|move: Light Screen","|","|switch|p2a: Volcarona|Volcarona, M|373/373","|-damage|p2a: Volcarona|187/373|[from] Stealth Rock","|turn|14","|","|move|p2a: Volcarona|Quiver Dance|p2a: Volcarona","|-boost|p2a: Volcarona|spa|1","|-boost|p2a: Volcarona|spd|1","|-boost|p2a: Volcarona|spe|1","|move|p1a: Alexander|Scald|p2a: Volcarona","|-supereffective|p2a: Volcarona","|-damage|p2a: Volcarona|59/373","|","|turn|15","|","|move|p2a: Volcarona|Roost|p2a: Volcarona","|-heal|p2a: Volcarona|246/373","|move|p1a: Alexander|Scald|p2a: Volcarona","|-supereffective|p2a: Volcarona","|-damage|p2a: Volcarona|132/373","|","|turn|16","|","|move|p2a: Volcarona|Roost|p2a: Volcarona","|-heal|p2a: Volcarona|319/373","|move|p1a: Alexander|Scald|p2a: Volcarona","|-supereffective|p2a: Volcarona","|-damage|p2a: Volcarona|191/373","|","|turn|17","|","|move|p2a: Volcarona|Quiver Dance|p2a: Volcarona","|-boost|p2a: Volcarona|spa|1","|-boost|p2a: Volcarona|spd|1","|-boost|p2a: Volcarona|spe|1","|move|p1a: Alexander|Thunder Wave|p2a: Volcarona","|-status|p2a: Volcarona|par","|-enditem|p2a: Volcarona|Lum Berry|[eat]","|-curestatus|p2a: Volcarona|par","|","|turn|18","|","|move|p2a: Volcarona|Bug Buzz|p1a: Alexander","|-supereffective|p1a: Alexander","|-damage|p1a: Alexander|0 fnt","|faint|p1a: Alexander","|","|","|switch|p1a: Elise|Gardevoir, F|277/277","|-damage|p1a: Elise|243/277|[from] Stealth Rock","|-activate|p1a: Elise|move: Sticky Web","|-unboost|p1a: Elise|spe|1","|-ability|p1a: Elise|Flame Body|[from] ability: Trace|[of] p2a: Volcarona","|turn|19","|","|detailschange|p1a: Elise|Gardevoir-Mega, F","|-mega|p1a: Elise|Gardevoir|Gardevoirite","|move|p2a: Volcarona|Bug Buzz|p1a: Elise","|-damage|p1a: Elise|48/277","|move|p1a: Elise|Hyper Voice|p2a: Volcarona","|-resisted|p2a: Volcarona","|-damage|p2a: Volcarona|131/373","|","|turn|20","|","|move|p2a: Volcarona|Roost|p2a: Volcarona","|-heal|p2a: Volcarona|318/373","|move|p1a: Elise|Hyper Voice|p2a: Volcarona","|-resisted|p2a: Volcarona","|-damage|p2a: Volcarona|261/373","|","|turn|21","|","|move|p2a: Volcarona|Quiver Dance|p2a: Volcarona","|-boost|p2a: Volcarona|spa|1","|-boost|p2a: Volcarona|spd|1","|-boost|p2a: Volcarona|spe|1","|move|p1a: Elise|Focus Blast|p2a: Volcarona","|-resisted|p2a: Volcarona","|-damage|p2a: Volcarona|228/373","|","|turn|22","|","|win|SWL Nocturne"],"p1rating":{"entryid":122225,"formatid":"monotype","userid":"agedvanilla","username":"AgedVanilla","r":1500,"rd":130,"sigma":0,"rpr":1454.7496690852,"rprd":122.67374939584,"rpsigma":0,"rptime":1439974800,"w":0,"l":1,"t":0,"gxe":44.4,"acre":1000,"lacre":1000,"oldacre":1000},"p2rating":{"entryid":"101951","serverid":"eos","formatid":"monotype","userid":"swlnocturne","username":"SWL Nocturne","w":8,"l":"3","t":"0","gxe":60.7,"r":"1460.0429451423","rd":"111.3436997254","sigma":"0","rptime":"1439974800","rpr":1584.3510542368,"rprd":85.191409789637,"rpsigma":"0","acre":1148.0498028341,"lacre":1148.0498028341,"oldacre":"1132.123618892"},"endType":"forfeit"}