{"seed":[19305,50338,33896,14907],"turns":29,"p1":"Inferno Sableye","p2":"Emg_DemZii","p1team":[{"name":"Streamers","species":"deoxysdefense","item":"mentalherb","ability":"Pressure","moves":["thunderwave","spikes","stealthrock","taunt"],"nature":"Timid","evs":{"hp":252,"atk":0,"def":4,"spa":0,"spd":0,"spe":252},"ivs":{"hp":31,"atk":0,"def":31,"spa":31,"spd":31,"spe":31}},{"name":"Astral","species":"jirachi","item":"choicescarf","ability":"Serene Grace","moves":["uturn","trick","healingwish","ironhead"],"nature":"Jolly","evs":{"hp":0,"atk":252,"def":0,"spa":0,"spd":4,"spe":252},"ivs":{"hp":31,"atk":31,"def":31,"spa":31,"spd":31,"spe":31}},{"name":"USAIN BOLT","species":"slowbro","item":"rockyhelmet","ability":"Regenerator","moves":["slackoff","flamethrower","scald","thunderwave"],"nature":"Bold","evs":{"hp":252,"atk":0,"def":252,"spa":4,"spd":0,"spe":0},"ivs":{"hp":31,"atk":0,"def":31,"spa":31,"spd":31,"spe":31}},{"name":"Waifu","species":"gardevoir","item":"gardevoirite","ability":"Trace","moves":["hypervoice","psyshock","focusblast","substitute"],"nature":"Timid","evs":{"hp":0,"atk":0,"def":24,"spa":232,"spd":0,"spe":252},"ivs":{"hp":31,"atk":0,"def":31,"spa":31,"spd":31,"spe":31},"shiny":true},{"name":"Vendetta","species":"victini","item":"choiceband","ability":"Victory Star","moves":["vcreate","uturn","boltstrike","zenheadbutt"],"nature":"Adamant","evs":{"hp":0,"atk":252,"def":0,"spa":0,"spd":4,"spe":252},"ivs":{"hp":31,"atk":31,"def":31,"spa":31,"spd":31,"spe":31}},{"name":"Jhene","species":"meloetta","item":"assaultvest","ability":"Serene Grace","moves":["energyball","psyshock","focusblast","shadowball"],"nature":"Modest","evs":{"hp":248,"atk":0,"def":0,"spa":252,"spd":8,"spe":0},"ivs":{"hp":31,"atk":0,"def":31,"spa":31,"spd":31,"spe":31}}],"p2team":[{"name":"RAINDROP","species":"politoed","item":"choicespecs","ability":"Drizzle","moves":["hydropump","icebeam","focusblast","hiddenpowergrass"],"nature":"Modest","evs":{"hp":248,"atk":0,"def":0,"spa":252,"spd":8,"spe":0},"ivs":{"hp":31,"atk":30,"def":31,"spa":30,"spd":31,"spe":31},"shiny":true},{"name":"The Wall","species":"quagsire","item":"leftovers","ability":"Unaware","moves":["earthquake","recover","toxic","scald"],"nature":"Impish","evs":{"hp":252,"atk":4,"def":252,"spa":0,"spd":0,"spe":0},"ivs":{"hp":31,"atk":31,"def":31,"spa":31,"spd":31,"spe":31}},{"name":"Fatty","species":"slowking","item":"leftovers","ability":"Regenerator","moves":["psychic","calmmind","thunderwave","signalbeam"],"nature":"Modest","evs":{"hp":252,"atk":0,"def":0,"spa":252,"spd":4,"spe":0},"shiny":true,"ivs":{"hp":31,"atk":31,"def":31,"spa":31,"spd":31,"spe":31}},{"name":"RageCandyBar","species":"gyarados","item":"gyaradosite","ability":"Intimidate","moves":["dragondance","bounce","waterfall","icefang"],"nature":"Adamant","evs":{"hp":0,"atk":252,"def":0,"spa":0,"spd":4,"spe":252},"shiny":true,"ivs":{"hp":31,"atk":31,"def":31,"spa":31,"spd":31,"spe":31}},{"name":"Golden Death","species":"azumarill","item":"choiceband","ability":"Sap Sipper","moves":["aquajet","playrough","bulldoze","icepunch"],"nature":"Adamant","evs":{"hp":248,"atk":252,"def":0,"spa":0,"spd":8,"spe":0},"shiny":true,"ivs":{"hp":31,"atk":31,"def":31,"spa":31,"spd":31,"spe":31}},{"name":"U know wat it is","species":"tentacruel","item":"blacksludge","ability":"Liquid Ooze","moves":["rapidspin","acidspray","sludgebomb","surf"],"nature":"Calm","evs":{"hp":248,"atk":0,"def":0,"spa":8,"spd":252,"spe":0},"shiny":true,"ivs":{"hp":31,"atk":31,"def":31,"spa":31,"spd":31,"spe":31}}],"log":["|player|p1|Inferno Sableye|infernosableye.png","|player|p2|Emg_DemZii|99","|gametype|singles","|gen|6","|tier|Monotype","|rated","|rule|Baton Pass Clause: Limit one Baton Passer, can't pass Spe and other stats simultaneously","|rule|Swagger Clause: Swagger is banned","|rule|Same Type Clause: Pokémon in a team must share a type","|clearpoke","|poke|p1|Deoxys-Defense","|poke|p1|Jirachi","|poke|p1|Slowbro, F","|poke|p1|Gardevoir, F, shiny","|poke|p1|Victini","|poke|p1|Meloetta","|poke|p2|Politoed, M, shiny","|poke|p2|Quagsire, F","|poke|p2|Slowking, F, shiny","|poke|p2|Gyarados, M, shiny","|poke|p2|Azumarill, M, shiny","|poke|p2|Tentacruel, F, shiny","|rule|Sleep Clause Mod: Limit one foe put to sleep","|rule|Species Clause: Limit one of each Pokémon","|rule|OHKO Clause: OHKO moves are banned","|rule|Moody Clause: Moody is banned","|rule|Evasion Moves Clause: Evasion moves are banned","|rule|Endless Battle Clause: Forcing endless battles is banned","|rule|HP Percentage Mod: HP is shown in percentages","|teampreview","|","|start","|switch|p1a: Streamers|Deoxys-Defense|304/304","|switch|p2a: RAINDROP|Politoed, M, shiny|383/383","|-ability|p1a: Streamers|Pressure","|-weather|RainDance","|turn|1","|","|move|p1a: Streamers|Thunder Wave|p2a: RAINDROP","|-status|p2a: RAINDROP|par","|move|p2a: RAINDROP|Hydro Pump|p1a: Streamers","|-damage|p1a: Streamers|61/304","|","|-weather|RainDance|[upkeep]","|turn|2","|","|move|p1a: Streamers|Stealth Rock|p2a: RAINDROP","|-sidestart|p2: Emg_DemZii|move: Stealth Rock","|move|p2a: RAINDROP|Hydro Pump|p1a: Streamers","|-damage|p1a: Streamers|0 fnt","|faint|p1a: Streamers","|","|-weather|RainDance|[upkeep]","|","|switch|p1a: Jhene|Meloetta|403/403","|turn|3","|","|switch|p2a: U know wat it is|Tentacruel, F, shiny|363/363","|-damage|p2a: U know wat it is|318/363|[from] Stealth Rock","|move|p1a: Jhene|Energy Ball|p2a: U know wat it is","|-damage|p2a: U know wat it is|237/363","|","|-weather|RainDance|[upkeep]","|-heal|p2a: U know wat it is|259/363|[from] item: Black Sludge","|turn|4","|","|move|p2a: U know wat it is|Rapid Spin|p1a: Jhene","|-damage|p1a: Jhene|390/403","|-sideend|p2: Emg_DemZii|Stealth Rock|[from] move: Rapid Spin|[of] p2a: U know wat it is","|move|p1a: Jhene|Psyshock|p2a: U know wat it is","|-supereffective|p2a: U know wat it is","|-damage|p2a: U know wat it is|0 fnt","|faint|p2a: U know wat it is","|","|-weather|RainDance|[upkeep]","|","|switch|p2a: Fatty|Slowking, F, shiny|394/394","|turn|5","|","|move|p1a: Jhene|Energy Ball|p2a: Fatty","|-supereffective|p2a: Fatty","|-damage|p2a: Fatty|182/394","|-unboost|p2a: Fatty|spd|1","|move|p2a: Fatty|Calm Mind|p2a: Fatty","|-boost|p2a: Fatty|spa|1","|-boost|p2a: Fatty|spd|1","|","|-weather|none","|-heal|p2a: Fatty|206/394|[from] item: Leftovers","|turn|6","|","|move|p1a: Jhene|Energy Ball|p2a: Fatty","|-supereffective|p2a: Fatty","|-damage|p2a: Fatty|0 fnt","|faint|p2a: Fatty","|","|","|switch|p2a: The Wall|Quagsire, F|394/394","|turn|7","|","|switch|p2a: Golden Death|Azumarill, M, shiny|403/403","|move|p1a: Jhene|Energy Ball|p2a: Golden Death","|-boost|p2a: Golden Death|atk|1|[from] ability: Sap Sipper","|","|turn|8","|","|switch|p1a: USAIN BOLT|Slowbro, F|394/394","|move|p2a: Golden Death|Play Rough|p1a: USAIN BOLT","|-damage|p1a: USAIN BOLT|256/394","|-damage|p2a: Golden Death|336/403|[from] item: Rocky Helmet|[of] p1a: USAIN BOLT","|","|turn|9","|","|switch|p2a: RAINDROP|Politoed, M, shiny|383/383 par","|-weather|RainDance","|move|p1a: USAIN BOLT|Thunder Wave|p2a: RAINDROP","|-fail|p2a: RAINDROP|par","|","|-weather|RainDance|[upkeep]","|turn|10","|","|move|p1a: USAIN BOLT|Slack Off|p1a: USAIN BOLT","|-heal|p1a: USAIN BOLT|394/394","|cant|p2a: RAINDROP|par","|","|-weather|RainDance|[upkeep]","|turn|11","|","|move|p1a: USAIN BOLT|Scald|p2a: RAINDROP","|-resisted|p2a: RAINDROP","|-damage|p2a: RAINDROP|310/383 par","|move|p2a: RAINDROP|Hidden Power|p1a: USAIN BOLT","|-crit|p1a: USAIN BOLT","|-supereffective|p1a: USAIN BOLT","|-damage|p1a: USAIN BOLT|86/394","|","|-weather|RainDance|[upkeep]","|turn|12","|","|move|p1a: USAIN BOLT|Slack Off|p1a: USAIN BOLT","|-heal|p1a: USAIN BOLT|283/394","|move|p2a: RAINDROP|Hidden Power|p1a: USAIN BOLT","|-supereffective|p1a: USAIN BOLT","|-damage|p1a: USAIN BOLT|63/394","|","|-weather|RainDance|[upkeep]","|turn|13","|","|switch|p1a: Jhene|Meloetta|390/403","|move|p2a: RAINDROP|Hidden Power|p1a: Jhene","|-damage|p1a: Jhene|338/403","|","|-weather|none","|turn|14","|","|switch|p2a: RageCandyBar|Gyarados, M, shiny|331/331","|-ability|p2a: RageCandyBar|Intimidate","|-unboost|p1a: Jhene|atk|1","|move|p1a: Jhene|Energy Ball|p2a: RageCandyBar","|-damage|p2a: RageCandyBar|219/331","|","|turn|15","|","|switch|p1a: USAIN BOLT|Slowbro, F|194/394","|detailschange|p2a: RageCandyBar|Gyarados-Mega, M, shiny","|-mega|p2a: RageCandyBar|Gyarados|Gyaradosite","|-ability|p2a: RageCandyBar|Mold Breaker","|move|p2a: RageCandyBar|Dragon Dance|p2a: RageCandyBar","|-boost|p2a: RageCandyBar|atk|1","|-boost|p2a: RageCandyBar|spe|1","|","|turn|16","|","|move|p2a: RageCandyBar|Waterfall|p1a: USAIN BOLT","|-resisted|p1a: USAIN BOLT","|-damage|p1a: USAIN BOLT|98/394","|-damage|p2a: RageCandyBar|164/331|[from] item: Rocky Helmet|[of] p1a: USAIN BOLT","|cant|p1a: USAIN BOLT|flinch","|","|turn|17","|","|move|p2a: RageCandyBar|Waterfall|p1a: USAIN BOLT","|-resisted|p1a: USAIN BOLT","|-damage|p1a: USAIN BOLT|5/394","|-damage|p2a: RageCandyBar|109/331|[from] item: Rocky Helmet|[of] p1a: USAIN BOLT","|move|p1a: USAIN BOLT|Slack Off|p1a: USAIN BOLT","|-heal|p1a: USAIN BOLT|202/394","|","|turn|18","|","|move|p2a: RageCandyBar|Dragon Dance|p2a: RageCandyBar","|-boost|p2a: RageCandyBar|atk|1","|-boost|p2a: RageCandyBar|spe|1","|move|p1a: USAIN BOLT|Slack Off|p1a: USAIN BOLT","|-heal|p1a: USAIN BOLT|394/394","|","|turn|19","|","|move|p2a: RageCandyBar|Dragon Dance|p2a: RageCandyBar","|-boost|p2a: RageCandyBar|atk|1","|-boost|p2a: RageCandyBar|spe|1","|move|p1a: USAIN BOLT|Thunder Wave|p2a: RageCandyBar","|-status|p2a: RageCandyBar|par","|","|turn|20","|","|move|p2a: RageCandyBar|Dragon Dance|p2a: RageCandyBar","|-boost|p2a: RageCandyBar|atk|1","|-boost|p2a: RageCandyBar|spe|1","|move|p1a: USAIN BOLT|Scald|p2a: RageCandyBar","|-resisted|p2a: RageCandyBar","|-damage|p2a: RageCandyBar|72/331 par","|","|turn|21","|","|move|p2a: RageCandyBar|Bounce|p1a: USAIN BOLT|[still]","|-prepare|p2a: RageCandyBar|Bounce|p1a: USAIN BOLT","|move|p1a: USAIN BOLT|Scald|p2a: RageCandyBar|[miss]","|-miss|p1a: USAIN BOLT|p2a: RageCandyBar","|","|turn|22","|","|cant|p2a: RageCandyBar|par","|move|p1a: USAIN BOLT|Scald|p2a: RageCandyBar","|-resisted|p2a: RageCandyBar","|-damage|p2a: RageCandyBar|32/331 par","|","|turn|23","|","|move|p2a: RageCandyBar|Waterfall|p1a: USAIN BOLT","|-resisted|p1a: USAIN BOLT","|-damage|p1a: USAIN BOLT|211/394","|-damage|p2a: RageCandyBar|0 fnt|[from] item: Rocky Helmet|[of] p1a: USAIN BOLT","|faint|p2a: RageCandyBar","|move|p1a: USAIN BOLT|Scald|p2: RageCandyBar|[notarget]","|-notarget","|","|","|switch|p2a: RAINDROP|Politoed, M, shiny|310/383 par","|-weather|RainDance","|turn|24","|","|switch|p1a: Jhene|Meloetta|338/403","|move|p2a: RAINDROP|Hidden Power|p1a: Jhene","|-damage|p1a: Jhene|288/403","|","|-weather|RainDance|[upkeep]","|turn|25","|","|switch|p2a: Golden Death|Azumarill, M, shiny|336/403","|move|p1a: Jhene|Psyshock|p2a: Golden Death","|-damage|p2a: Golden Death|156/403","|","|-weather|RainDance|[upkeep]","|turn|26","|","|move|p2a: Golden Death|Aqua Jet|p1a: Jhene","|-damage|p1a: Jhene|170/403","|move|p1a: Jhene|Psyshock|p2a: Golden Death","|-damage|p2a: Golden Death|0 fnt","|faint|p2a: Golden Death","|","|-weather|RainDance|[upkeep]","|","|switch|p2a: RAINDROP|Politoed, M, shiny|310/383 par","|turn|27","|","|move|p1a: Jhene|Energy Ball|p2a: RAINDROP","|-supereffective|p2a: RAINDROP","|-damage|p2a: RAINDROP|76/383 par","|cant|p2a: RAINDROP|par","|","|-weather|RainDance|[upkeep]","|turn|28","|","|move|p1a: Jhene|Energy Ball|p2a: RAINDROP","|-supereffective|p2a: RAINDROP","|-damage|p2a: RAINDROP|0 fnt","|faint|p2a: RAINDROP","|","|-weather|none","|","|switch|p2a: The Wall|Quagsire, F|394/394","|turn|29","|","|move|p1a: Jhene|Energy Ball|p2a: The Wall","|-supereffective|p2a: The Wall","|-damage|p2a: The Wall|0 fnt","|faint|p2a: The Wall","|","|win|Inferno Sableye"],"p1rating":{"entryid":"83803","serverid":"eos","formatid":"monotype","userid":"infernosableye","username":"Inferno Sableye","w":3,"l":"3","t":"0","gxe":51.3,"r":"1459.8393856612","rd":"122.8583080769","sigma":"0","rptime":"1439974800","rpr":1509.8525527402,"rprd":100.02440716587,"rpsigma":"0","acre":1083.7690785393,"lacre":1083.7690785393,"oldacre":"1054.7909364567"},"p2rating":{"entryid":"62993","serverid":"eos","formatid":"monotype","userid":"emgdemzii","username":"Emg_DemZii","w":"1","l":2,"t":"0","gxe":45.3,"r":"1500","rd":"116.77753930647","sigma":"0","rptime":"1439974800","rpr":1463.086223884,"rprd":111.49849857823,"rpsigma":"0","acre":1011.6566784485,"lacre":1011.6566784485,"oldacre":"1024.0661642508"},"endType":"normal"}