{"seed":[32317,64211,45605,2292],"turns":26,"p1":"GTX♅Mega Lucario","p2":"Seven Swell","p1team":[{"name":"Conkeldurr","species":"Conkeldurr","item":"assaultvest","ability":"Guts","moves":["drainpunch","machpunch","icepunch","poisonjab"],"nature":"Adamant","evs":{"hp":0,"atk":252,"def":200,"spa":0,"spd":56,"spe":0},"shiny":true,"ivs":{"hp":31,"atk":31,"def":31,"spa":31,"spd":31,"spe":31}},{"name":"Keldeo-Resolute","species":"Keldeo-Resolute","item":"choicescarf","ability":"Justified","moves":["secretsword","scald","hiddenpowerfire"],"nature":"Timid","evs":{"hp":0,"atk":0,"def":0,"spa":252,"spd":4,"spe":252},"ivs":{"hp":31,"atk":30,"def":30,"spa":31,"spd":31,"spe":31},"shiny":true},{"name":"Medicham","species":"Medicham","item":"medichamite","ability":"Pure Power","moves":["highjumpkick","zenheadbutt","fakeout","bulletpunch"],"nature":"Jolly","evs":{"hp":0,"atk":252,"def":0,"spa":0,"spd":4,"spe":252},"gender":"M","shiny":true,"ivs":{"hp":31,"atk":31,"def":31,"spa":31,"spd":31,"spe":31}},{"name":"Scrafty","species":"Scrafty","item":"roseliberry","ability":"Moxie","moves":["dragondance","drainpunch","knockoff","poisonjab"],"nature":"Adamant","evs":{"hp":0,"atk":252,"def":0,"spa":0,"spd":4,"spe":252},"gender":"M","shiny":true,"ivs":{"hp":31,"atk":31,"def":31,"spa":31,"spd":31,"spe":31}},{"name":"Terrakion","species":"Terrakion","item":"focussash","ability":"Justified","moves":["closecombat","stoneedge","poisonjab","sacredsword"],"nature":"Jolly","evs":{"hp":0,"atk":252,"def":0,"spa":0,"spd":4,"spe":252},"shiny":true,"ivs":{"hp":31,"atk":31,"def":31,"spa":31,"spd":31,"spe":31}},{"name":"Toxicroak","species":"Toxicroak","item":"focussash","ability":"Poison Touch","moves":["swordsdance","poisonjab","suckerpunch","drainpunch"],"nature":"Adamant","evs":{"hp":0,"atk":252,"def":0,"spa":0,"spd":0,"spe":252},"gender":"M","shiny":true,"ivs":{"hp":31,"atk":31,"def":31,"spa":31,"spd":31,"spe":31}}],"p2team":[{"name":"Mew","species":"Mew","item":"leftovers","ability":"Synchronize","moves":["roost","toxic","healbell","aurasphere"],"nature":"Calm","evs":{"hp":252,"atk":0,"def":0,"spa":4,"spd":252,"spe":0},"ivs":{"hp":31,"atk":31,"def":31,"spa":31,"spd":31,"spe":31}},{"name":"Slowbro","species":"Slowbro","item":"rockyhelmet","ability":"Regenerator","moves":["scald","yawn","flamethrower","slackoff"],"nature":"Bold","evs":{"hp":252,"atk":0,"def":252,"spa":4,"spd":0,"spe":0},"ivs":{"hp":31,"atk":31,"def":31,"spa":31,"spd":31,"spe":31}},{"name":"Deoxys-Speed","species":"Deoxys-Speed","item":"focussash","ability":"Pressure","moves":["stealthrock","thunderbolt","thunderwave","icebeam"],"nature":"Timid","evs":{"hp":252,"atk":0,"def":0,"spa":44,"spd":0,"spe":212},"ivs":{"hp":31,"atk":31,"def":31,"spa":31,"spd":31,"spe":31}},{"name":"Latias","species":"Latias","item":"leftovers","ability":"Levitate","moves":["dracometeor","psyshock","roost","defog"],"nature":"Timid","evs":{"hp":252,"atk":0,"def":0,"spa":4,"spd":0,"spe":252},"ivs":{"hp":31,"atk":31,"def":31,"spa":31,"spd":31,"spe":31}},{"name":"Hoopa-Unbound","species":"Hoopa-Unbound","item":"focussash","ability":"Magician","moves":["hyperspacefury","drainpunch","firepunch","gunkshot"],"nature":"Adamant","evs":{"hp":0,"atk":252,"def":0,"spa":0,"spd":4,"spe":252},"ivs":{"hp":31,"atk":31,"def":31,"spa":31,"spd":31,"spe":31}},{"name":"Gardevoir","species":"Gardevoir","item":"gardevoirite","ability":"Trace","moves":["hypervoice","psyshock","shadowball","taunt"],"nature":"Timid","evs":{"hp":0,"atk":0,"def":0,"spa":252,"spd":4,"spe":252},"ivs":{"hp":31,"atk":31,"def":31,"spa":31,"spd":31,"spe":31}}],"log":["|player|p1|GTX♅Mega Lucario|101","|player|p2|Seven Swell|sevenswell.png","|gametype|singles","|gen|6","|tier|Monotype","|rated","|rule|Baton Pass Clause: Limit one Baton Passer, can't pass Spe and other stats simultaneously","|rule|Swagger Clause: Swagger is banned","|rule|Same Type Clause: Pokémon in a team must share a type","|clearpoke","|poke|p1|Conkeldurr, M, shiny","|poke|p1|Keldeo-Resolute, shiny","|poke|p1|Medicham, M, shiny","|poke|p1|Scrafty, M, shiny","|poke|p1|Terrakion, shiny","|poke|p1|Toxicroak, M, shiny","|poke|p2|Mew","|poke|p2|Slowbro, F","|poke|p2|Deoxys-Speed","|poke|p2|Latias, F","|poke|p2|Hoopa-Unbound","|poke|p2|Gardevoir, M","|rule|Sleep Clause Mod: Limit one foe put to sleep","|rule|Species Clause: Limit one of each Pokémon","|rule|OHKO Clause: OHKO moves are banned","|rule|Moody Clause: Moody is banned","|rule|Evasion Moves Clause: Evasion moves are banned","|rule|Endless Battle Clause: Forcing endless battles is banned","|rule|HP Percentage Mod: HP is shown in percentages","|teampreview","|","|start","|switch|p1a: Medicham|Medicham, M, shiny|261/261","|switch|p2a: Gardevoir|Gardevoir, M|277/277","|-ability|p2a: Gardevoir|Pure Power|[from] ability: Trace|[of] p1a: Medicham","|turn|1","|","|switch|p2a: Slowbro|Slowbro, F|394/394","|detailschange|p1a: Medicham|Medicham-Mega, M, shiny","|-mega|p1a: Medicham|Medicham|Medichamite","|move|p1a: Medicham|Fake Out|p2a: Slowbro","|-damage|p2a: Slowbro|340/394","|-damage|p1a: Medicham|218/261|[from] item: Rocky Helmet|[of] p2a: Slowbro","|","|turn|2","|","|move|p1a: Medicham|Zen Headbutt|p2a: Slowbro","|-resisted|p2a: Slowbro","|-damage|p2a: Slowbro|259/394","|-damage|p1a: Medicham|175/261|[from] item: Rocky Helmet|[of] p2a: Slowbro","|move|p2a: Slowbro|Flamethrower|p1a: Medicham","|-damage|p1a: Medicham|95/261","|","|turn|3","|","|move|p1a: Medicham|Zen Headbutt|p2a: Slowbro","|-resisted|p2a: Slowbro","|-damage|p2a: Slowbro|180/394","|-damage|p1a: Medicham|52/261|[from] item: Rocky Helmet|[of] p2a: Slowbro","|move|p2a: Slowbro|Slack Off|p2a: Slowbro","|-heal|p2a: Slowbro|377/394","|","|turn|4","|","|move|p1a: Medicham|Zen Headbutt|p2a: Slowbro","|-crit|p2a: Slowbro","|-resisted|p2a: Slowbro","|-damage|p2a: Slowbro|263/394","|-damage|p1a: Medicham|9/261|[from] item: Rocky Helmet|[of] p2a: Slowbro","|move|p2a: Slowbro|Scald|p1a: Medicham","|-damage|p1a: Medicham|0 fnt","|faint|p1a: Medicham","|","|","|switch|p1a: Scrafty|Scrafty, M, shiny|271/271","|turn|5","|","|switch|p2a: Hoopa-Unbound|Hoopa-Unbound|301/301","|move|p1a: Scrafty|Dragon Dance|p1a: Scrafty","|-boost|p1a: Scrafty|atk|1","|-boost|p1a: Scrafty|spe|1","|","|turn|6","|","|move|p1a: Scrafty|Dragon Dance|p1a: Scrafty","|-boost|p1a: Scrafty|atk|1","|-boost|p1a: Scrafty|spe|1","|move|p2a: Hoopa-Unbound|Drain Punch|p1a: Scrafty","|-supereffective|p1a: Scrafty","|-damage|p1a: Scrafty|81/271","|","|turn|7","|","|move|p1a: Scrafty|Drain Punch|p2a: Hoopa-Unbound","|-enditem|p2a: Hoopa-Unbound|Focus Sash","|-damage|p2a: Hoopa-Unbound|1/301","|-heal|p1a: Scrafty|231/271|[from] drain|[of] p2a: Hoopa-Unbound","|move|p2a: Hoopa-Unbound|Drain Punch|p1a: Scrafty","|-supereffective|p1a: Scrafty","|-damage|p1a: Scrafty|15/271","|-heal|p2a: Hoopa-Unbound|109/301|[from] drain|[of] p1a: Scrafty","|-item|p2a: Hoopa-Unbound|Roseli Berry|[from] ability: Magician|[of] p1a: Scrafty","|","|turn|8","|","|move|p1a: Scrafty|Drain Punch|p2a: Hoopa-Unbound","|-crit|p2a: Hoopa-Unbound","|-damage|p2a: Hoopa-Unbound|0 fnt","|-heal|p1a: Scrafty|70/271|[from] drain|[of] p2a: Hoopa-Unbound","|faint|p2a: Hoopa-Unbound","|-boost|p1a: Scrafty|atk|1|[from] ability: Moxie","|","|","|switch|p2a: Deoxys-Speed|Deoxys-Speed|304/304","|-ability|p2a: Deoxys-Speed|Pressure","|turn|9","|","|move|p2a: Deoxys-Speed|Thunder Wave|p1a: Scrafty","|-status|p1a: Scrafty|par","|move|p1a: Scrafty|Knock Off|p2a: Deoxys-Speed","|-supereffective|p2a: Deoxys-Speed","|-enditem|p2a: Deoxys-Speed|Focus Sash","|-damage|p2a: Deoxys-Speed|1/304","|","|turn|10","|","|move|p2a: Deoxys-Speed|Stealth Rock|p1a: Scrafty","|-sidestart|p1: GTX♅Mega Lucario|move: Stealth Rock","|move|p1a: Scrafty|Knock Off|p2a: Deoxys-Speed","|-supereffective|p2a: Deoxys-Speed","|-damage|p2a: Deoxys-Speed|0 fnt","|faint|p2a: Deoxys-Speed","|-boost|p1a: Scrafty|atk|1|[from] ability: Moxie","|","|","|switch|p2a: Gardevoir|Gardevoir, M|277/277","|-ability|p2a: Gardevoir|Moxie|[from] ability: Trace|[of] p1a: Scrafty","|turn|11","|","|detailschange|p2a: Gardevoir|Gardevoir-Mega, M","|-mega|p2a: Gardevoir|Gardevoir|Gardevoirite","|move|p2a: Gardevoir|Hyper Voice|p1a: Scrafty","|-supereffective|p1a: Scrafty","|-damage|p1a: Scrafty|0 fnt","|faint|p1a: Scrafty","|","|","|switch|p1a: Toxicroak|Toxicroak, M, shiny|307/307","|-damage|p1a: Toxicroak|288/307|[from] Stealth Rock","|turn|12","|","|switch|p2a: Slowbro|Slowbro, F|394/394","|move|p1a: Toxicroak|Swords Dance|p1a: Toxicroak","|-boost|p1a: Toxicroak|atk|2","|","|turn|13","|","|move|p1a: Toxicroak|Sucker Punch|p2a: Slowbro","|-fail|p1a: Toxicroak","|move|p2a: Slowbro|Yawn|p1a: Toxicroak","|-start|p1a: Toxicroak|move: Yawn|[of] p2a: Slowbro","|","|turn|14","|","|move|p1a: Toxicroak|Poison Jab|p2a: Slowbro","|-damage|p2a: Slowbro|217/394","|-damage|p1a: Toxicroak|237/307|[from] item: Rocky Helmet|[of] p2a: Slowbro","|-status|p2a: Slowbro|psn","|move|p2a: Slowbro|Slack Off|p2a: Slowbro","|-heal|p2a: Slowbro|394/394 psn","|","|-end|p1a: Toxicroak|move: Yawn|[silent]","|-status|p1a: Toxicroak|slp","|-damage|p2a: Slowbro|345/394 psn|[from] psn","|turn|15","|","|cant|p1a: Toxicroak|slp","|move|p2a: Slowbro|Flamethrower|p1a: Toxicroak","|-damage|p1a: Toxicroak|142/307 slp","|","|-damage|p2a: Slowbro|296/394 psn|[from] psn","|turn|16","|","|switch|p2a: Mew|Mew|404/404","|cant|p1a: Toxicroak|slp","|","|turn|17","|","|cant|p1a: Toxicroak|slp","|move|p2a: Mew|Heal Bell|p2a: Mew","|-cureteam|p2a: Mew|[from] move: HealBell","|","|turn|18","|","|-curestatus|p1a: Toxicroak|slp","|move|p1a: Toxicroak|Poison Jab|p2a: Mew","|-crit|p2a: Mew","|-damage|p2a: Mew|4/404","|move|p2a: Mew|Aura Sphere|p1a: Toxicroak","|-crit|p1a: Toxicroak","|-resisted|p1a: Toxicroak","|-damage|p1a: Toxicroak|78/307","|","|-heal|p2a: Mew|29/404|[from] item: Leftovers","|turn|19","|","|move|p1a: Toxicroak|Poison Jab|p2a: Mew","|-damage|p2a: Mew|0 fnt","|faint|p2a: Mew","|","|","|switch|p2a: Gardevoir|Gardevoir-Mega, M|277/277","|turn|20","|","|move|p1a: Toxicroak|Sucker Punch|p2a: Gardevoir","|-damage|p2a: Gardevoir|5/277","|move|p2a: Gardevoir|Psyshock|p1a: Toxicroak","|-supereffective|p1a: Toxicroak","|-damage|p1a: Toxicroak|0 fnt","|faint|p1a: Toxicroak","|","|","|switch|p1a: Conkeldurr|Conkeldurr, M, shiny|351/351","|-damage|p1a: Conkeldurr|330/351|[from] Stealth Rock","|turn|21","|","|switch|p2a: Slowbro|Slowbro, F|394/394","|move|p1a: Conkeldurr|Mach Punch|p2a: Slowbro","|-resisted|p2a: Slowbro","|-damage|p2a: Slowbro|367/394","|-damage|p1a: Conkeldurr|272/351|[from] item: Rocky Helmet|[of] p2a: Slowbro","|","|turn|22","|","|move|p1a: Conkeldurr|Poison Jab|p2a: Slowbro","|-damage|p2a: Slowbro|295/394","|-damage|p1a: Conkeldurr|214/351|[from] item: Rocky Helmet|[of] p2a: Slowbro","|move|p2a: Slowbro|Yawn|p1a: Conkeldurr","|-start|p1a: Conkeldurr|move: Yawn|[of] p2a: Slowbro","|","|turn|23","|","|switch|p1a: Keldeo-Resolute|Keldeo-Resolute, shiny|323/323","|-damage|p1a: Keldeo-Resolute|303/323|[from] Stealth Rock","|switch|p2a: Latias|Latias, F|364/364","|","|turn|24","|","|move|p1a: Keldeo-Resolute|Hidden Power|p2a: Latias","|-supereffective|p2a: Latias","|-damage|p2a: Latias|258/364","|move|p2a: Latias|Psyshock|p1a: Keldeo-Resolute","|-supereffective|p1a: Keldeo-Resolute","|-damage|p1a: Keldeo-Resolute|61/323","|","|-heal|p2a: Latias|280/364|[from] item: Leftovers","|turn|25","|","|move|p1a: Keldeo-Resolute|Hidden Power|p2a: Latias","|-supereffective|p2a: Latias","|-damage|p2a: Latias|160/364","|move|p2a: Latias|Roost|p2a: Latias","|-heal|p2a: Latias|342/364","|","|-heal|p2a: Latias|364/364|[from] item: Leftovers","|turn|26","|","|win|Seven Swell"],"p1rating":{"entryid":"65149","serverid":"eos","formatid":"monotype","userid":"gtxmegalucario","username":"GTX♅Mega Lucario","w":"3","l":5,"t":"0","gxe":45.3,"r":"1496.9519234331","rd":"106.89392822416","sigma":"0","rptime":"1439974800","rpr":1462.9882923496,"rprd":93.021771840123,"rpsigma":"0","acre":1027.7156943833,"lacre":1027.7156943833,"oldacre":"1037.9704527237"},"p2rating":{"entryid":"86214","serverid":"eos","formatid":"monotype","userid":"sevenswell","username":"Seven Swell","w":10,"l":"2","t":"0","gxe":66.8,"r":"1569.9288341314","rd":"103.18022619217","sigma":"0","rptime":"1439974800","rpr":1635.1327888265,"rprd":84.004626641582,"rpsigma":"0","acre":1179.9463471894,"lacre":1179.9463471894,"oldacre":"1163.6125031384"},"endType":"forfeit"}