{"seed":[44661,45146,63678,9001],"turns":25,"p1":"SWL Nocturne","p2":"Sovereign Sasuke","p1team":[{"name":"Aegislash","species":"Aegislash","item":"weaknesspolicy","ability":"Stance Change","moves":["swordsdance","shadowsneak","sacredsword","ironhead"],"nature":"Adamant","evs":{"hp":248,"atk":252,"def":0,"spa":0,"spd":8,"spe":0},"ivs":{"hp":31,"atk":31,"def":31,"spa":31,"spd":31,"spe":31}},{"name":"Banette","species":"Banette","item":"banettite","ability":"Frisk","moves":["destinybond","trickroom","knockoff","shadowclaw"],"nature":"Brave","evs":{"hp":248,"atk":252,"def":0,"spa":0,"spd":8,"spe":0},"ivs":{"hp":31,"atk":31,"def":31,"spa":31,"spd":31,"spe":0}},{"name":"Gengar","species":"Gengar","item":"blacksludge","ability":"Levitate","moves":["substitute","disable","sludgebomb","dazzlinggleam"],"nature":"Modest","evs":{"hp":252,"atk":0,"def":0,"spa":252,"spd":4,"spe":0},"ivs":{"hp":31,"atk":31,"def":31,"spa":31,"spd":31,"spe":31}},{"name":"Golurk","species":"Golurk","item":"lifeorb","ability":"No Guard","moves":["dynamicpunch","stoneedge","earthquake","icepunch"],"nature":"Adamant","evs":{"hp":248,"atk":252,"def":0,"spa":0,"spd":8,"spe":0},"ivs":{"hp":31,"atk":31,"def":31,"spa":31,"spd":31,"spe":31}},{"name":"Hoopa","species":"Hoopa","item":"lifeorb","ability":"Magician","moves":["destinybond","psyshock","trickroom","shadowball"],"nature":"Modest","evs":{"hp":248,"atk":0,"def":0,"spa":252,"spd":8,"spe":0},"ivs":{"hp":31,"atk":31,"def":31,"spa":31,"spd":31,"spe":0}},{"name":"Cofagrigus","species":"Cofagrigus","item":"leftovers","ability":"Mummy","moves":["trickroom","destinybond","nightshade","magiccoat"],"nature":"Relaxed","evs":{"hp":252,"atk":0,"def":252,"spa":0,"spd":4,"spe":0},"ivs":{"hp":31,"atk":31,"def":31,"spa":31,"spd":31,"spe":0}}],"p2team":[{"name":"Donphan","species":"Donphan","item":"focussash","ability":"Sturdy","moves":["sandstorm","stealthrock","earthquake","iceshard"],"nature":"Adamant","evs":{"hp":248,"atk":252,"def":0,"spa":0,"spd":8,"spe":0},"ivs":{"hp":31,"atk":31,"def":31,"spa":31,"spd":31,"spe":31}},{"name":"Excadrill","species":"Excadrill","item":"focussash","ability":"Sand Rush","moves":["sandstorm","swordsdance","earthquake","rockslide"],"nature":"Adamant","evs":{"hp":0,"atk":252,"def":0,"spa":0,"spd":4,"spe":252},"ivs":{"hp":31,"atk":31,"def":31,"spa":31,"spd":31,"spe":31}},{"name":"Flygon","species":"Flygon","item":"lifeorb","ability":"Levitate","moves":["fireblast","earthquake","roost","dracometeor"],"nature":"Hasty","evs":{"hp":0,"atk":4,"def":0,"spa":252,"spd":0,"spe":252},"ivs":{"hp":31,"atk":31,"def":31,"spa":31,"spd":31,"spe":31}},{"name":"Nidoking","species":"Nidoking","item":"choicescarf","ability":"Sheer Force","moves":["earthpower","thunderbolt","icebeam","flamethrower"],"nature":"Timid","evs":{"hp":0,"atk":0,"def":0,"spa":252,"spd":4,"spe":252},"ivs":{"hp":31,"atk":31,"def":31,"spa":31,"spd":31,"spe":31}},{"name":"Garchomp","species":"Garchomp","item":"choicescarf","ability":"Sand Veil","moves":["outrage","crunch","earthquake","stoneedge"],"nature":"Jolly","evs":{"hp":0,"atk":252,"def":0,"spa":0,"spd":4,"spe":252},"ivs":{"hp":31,"atk":31,"def":31,"spa":31,"spd":31,"spe":31}},{"name":"Gastrodon","species":"Gastrodon","item":"leftovers","ability":"Storm Drain","moves":["recover","toxic","earthpower","scald"],"nature":"Bold","evs":{"hp":252,"atk":0,"def":252,"spa":4,"spd":0,"spe":0},"ivs":{"hp":31,"atk":31,"def":31,"spa":31,"spd":31,"spe":31}}],"log":["|player|p1|SWL Nocturne|45","|player|p2|Sovereign Sasuke|209","|gametype|singles","|gen|6","|tier|Monotype","|rated","|rule|Baton Pass Clause: Limit one Baton Passer, can't pass Spe and other stats simultaneously","|rule|Swagger Clause: Swagger is banned","|rule|Same Type Clause: Pokémon in a team must share a type","|clearpoke","|poke|p1|Aegislash, F","|poke|p1|Banette, F","|poke|p1|Gengar, F","|poke|p1|Golurk","|poke|p1|Hoopa","|poke|p1|Cofagrigus, M","|poke|p2|Donphan, F","|poke|p2|Excadrill, M","|poke|p2|Flygon, M","|poke|p2|Nidoking, M","|poke|p2|Garchomp, M","|poke|p2|Gastrodon, M","|rule|Sleep Clause Mod: Limit one foe put to sleep","|rule|Species Clause: Limit one of each Pokémon","|rule|OHKO Clause: OHKO moves are banned","|rule|Moody Clause: Moody is banned","|rule|Evasion Moves Clause: Evasion moves are banned","|rule|Endless Battle Clause: Forcing endless battles is banned","|rule|HP Percentage Mod: HP is shown in percentages","|teampreview","|","|start","|switch|p1a: Gengar|Gengar, F|324/324","|switch|p2a: Donphan|Donphan, F|383/383","|turn|1","|","|move|p1a: Gengar|Substitute|p1a: Gengar","|-start|p1a: Gengar|Substitute","|-damage|p1a: Gengar|243/324","|move|p2a: Donphan|Sandstorm|p2a: Donphan","|-weather|Sandstorm","|","|-weather|Sandstorm|[upkeep]","|-damage|p1a: Gengar|223/324|[from] sandstorm","|-heal|p1a: Gengar|243/324|[from] item: Black Sludge","|turn|2","|","|move|p1a: Gengar|Sludge Bomb|p2a: Donphan","|-resisted|p2a: Donphan","|-damage|p2a: Donphan|248/383","|move|p2a: Donphan|Stealth Rock|p1a: Gengar","|-sidestart|p1: SWL Nocturne|move: Stealth Rock","|","|-weather|Sandstorm|[upkeep]","|-damage|p1a: Gengar|223/324|[from] sandstorm","|-heal|p1a: Gengar|243/324|[from] item: Black Sludge","|turn|3","|","|move|p2a: Donphan|Ice Shard|p1a: Gengar","|-activate|p1a: Gengar|Substitute|[damage]","|move|p1a: Gengar|Sludge Bomb|p2a: Donphan","|-resisted|p2a: Donphan","|-damage|p2a: Donphan|122/383","|","|-weather|Sandstorm|[upkeep]","|-damage|p1a: Gengar|223/324|[from] sandstorm","|-heal|p1a: Gengar|243/324|[from] item: Black Sludge","|turn|4","|","|move|p1a: Gengar|Sludge Bomb|p2a: Donphan","|-resisted|p2a: Donphan","|-damage|p2a: Donphan|0 fnt","|faint|p2a: Donphan","|","|-weather|Sandstorm|[upkeep]","|-damage|p1a: Gengar|223/324|[from] sandstorm","|-heal|p1a: Gengar|243/324|[from] item: Black Sludge","|","|switch|p2a: Excadrill|Excadrill, M|361/361","|turn|5","|","|move|p2a: Excadrill|Rock Slide|p1a: Gengar","|-end|p1a: Gengar|Substitute","|move|p1a: Gengar|Substitute|p1a: Gengar","|-start|p1a: Gengar|Substitute","|-damage|p1a: Gengar|162/324","|","|-weather|none","|-heal|p1a: Gengar|182/324|[from] item: Black Sludge","|turn|6","|","|move|p2a: Excadrill|Earthquake|p1a: Gengar","|-immune|p1a: Gengar|[msg]","|move|p1a: Gengar|Dazzling Gleam|p2a: Excadrill","|-resisted|p2a: Excadrill","|-damage|p2a: Excadrill|283/361","|","|-heal|p1a: Gengar|202/324|[from] item: Black Sludge","|turn|7","|","|move|p2a: Excadrill|Rock Slide|p1a: Gengar","|-miss|p2a: Excadrill|p1a: Gengar","|move|p1a: Gengar|Dazzling Gleam|p2a: Excadrill","|-resisted|p2a: Excadrill","|-damage|p2a: Excadrill|215/361","|","|-heal|p1a: Gengar|222/324|[from] item: Black Sludge","|turn|8","|","|move|p2a: Excadrill|Rock Slide|p1a: Gengar","|-end|p1a: Gengar|Substitute","|move|p1a: Gengar|Disable|p2a: Excadrill","|-start|p2a: Excadrill|Disable|Rock Slide","|","|-heal|p1a: Gengar|242/324|[from] item: Black Sludge","|turn|9","|","|move|p2a: Excadrill|Earthquake|p1a: Gengar","|-immune|p1a: Gengar|[msg]","|move|p1a: Gengar|Substitute|p1a: Gengar","|-start|p1a: Gengar|Substitute","|-damage|p1a: Gengar|161/324","|","|-heal|p1a: Gengar|181/324|[from] item: Black Sludge","|turn|10","|","|move|p2a: Excadrill|Sandstorm|p2a: Excadrill","|-weather|Sandstorm","|move|p1a: Gengar|Dazzling Gleam|p2a: Excadrill","|-resisted|p2a: Excadrill","|-damage|p2a: Excadrill|147/361","|","|-weather|Sandstorm|[upkeep]","|-damage|p1a: Gengar|161/324|[from] sandstorm","|-heal|p1a: Gengar|181/324|[from] item: Black Sludge","|turn|11","|","|move|p2a: Excadrill|Earthquake|p1a: Gengar","|-immune|p1a: Gengar|[msg]","|move|p1a: Gengar|Dazzling Gleam|p2a: Excadrill","|-resisted|p2a: Excadrill","|-damage|p2a: Excadrill|75/361","|","|-weather|Sandstorm|[upkeep]","|-damage|p1a: Gengar|161/324|[from] sandstorm","|-heal|p1a: Gengar|181/324|[from] item: Black Sludge","|turn|12","|","|move|p2a: Excadrill|Swords Dance|p2a: Excadrill","|-boost|p2a: Excadrill|atk|2","|move|p1a: Gengar|Dazzling Gleam|p2a: Excadrill","|-resisted|p2a: Excadrill","|-damage|p2a: Excadrill|0 fnt","|faint|p2a: Excadrill","|","|-weather|Sandstorm|[upkeep]","|-damage|p1a: Gengar|161/324|[from] sandstorm","|-heal|p1a: Gengar|181/324|[from] item: Black Sludge","|","|switch|p2a: Flygon|Flygon, M|301/301","|turn|13","|","|move|p2a: Flygon|Earthquake|p1a: Gengar","|-immune|p1a: Gengar|[msg]","|move|p1a: Gengar|Sludge Bomb|p2a: Flygon","|-resisted|p2a: Flygon","|-damage|p2a: Flygon|188/301","|","|-weather|Sandstorm|[upkeep]","|-damage|p1a: Gengar|161/324|[from] sandstorm","|-heal|p1a: Gengar|181/324|[from] item: Black Sludge","|turn|14","|","|move|p2a: Flygon|Fire Blast|p1a: Gengar","|-end|p1a: Gengar|Substitute","|-damage|p2a: Flygon|158/301|[from] item: Life Orb","|move|p1a: Gengar|Sludge Bomb|p2a: Flygon","|-resisted|p2a: Flygon","|-damage|p2a: Flygon|59/301","|","|-weather|none","|-heal|p1a: Gengar|201/324|[from] item: Black Sludge","|turn|15","|","|move|p2a: Flygon|Fire Blast|p1a: Gengar","|-damage|p1a: Gengar|53/324","|-status|p1a: Gengar|brn","|-damage|p2a: Flygon|29/301|[from] item: Life Orb","|move|p1a: Gengar|Disable|p2a: Flygon","|-start|p2a: Flygon|Disable|Fire Blast","|","|-heal|p1a: Gengar|73/324 brn|[from] item: Black Sludge","|-damage|p1a: Gengar|33/324 brn|[from] brn","|turn|16","|","|move|p2a: Flygon|Draco Meteor|p1a: Gengar","|-damage|p1a: Gengar|0 fnt","|-unboost|p2a: Flygon|spa|2","|-damage|p2a: Flygon|0 fnt|[from] item: Life Orb","|faint|p1a: Gengar","|faint|p2a: Flygon","|","|","|switch|p2a: Nidoking|Nidoking, M|303/303","|switch|p1a: Golurk|Golurk|381/381","|-damage|p1a: Golurk|358/381|[from] Stealth Rock","|turn|17","|","|move|p2a: Nidoking|Flamethrower|p1a: Golurk","|-damage|p1a: Golurk|240/381","|move|p1a: Golurk|Earthquake|p2a: Nidoking","|-supereffective|p2a: Nidoking","|-damage|p2a: Nidoking|0 fnt","|-damage|p1a: Golurk|202/381|[from] item: Life Orb","|faint|p2a: Nidoking","|","|","|switch|p2a: Garchomp|Garchomp, M|357/357","|turn|18","|","|move|p2a: Garchomp|Earthquake|p1a: Golurk","|-damage|p1a: Golurk|0 fnt","|faint|p1a: Golurk","|","|","|switch|p1a: Cofagrigus|Cofagrigus, M|320/320","|-damage|p1a: Cofagrigus|280/320|[from] Stealth Rock","|turn|19","|","|move|p2a: Garchomp|Earthquake|p1a: Cofagrigus","|-damage|p1a: Cofagrigus|177/320","|move|p1a: Cofagrigus|Trick Room|p1a: Cofagrigus","|-fieldstart|move: Trick Room|[of] p1a: Cofagrigus","|","|-heal|p1a: Cofagrigus|197/320|[from] item: Leftovers","|turn|20","|","|move|p1a: Cofagrigus|Night Shade|p2a: Garchomp","|-damage|p2a: Garchomp|257/357","|move|p2a: Garchomp|Earthquake|p1a: Cofagrigus","|-damage|p1a: Cofagrigus|95/320","|","|-heal|p1a: Cofagrigus|115/320|[from] item: Leftovers","|turn|21","|","|move|p1a: Cofagrigus|Night Shade|p2a: Garchomp","|-damage|p2a: Garchomp|157/357","|move|p2a: Garchomp|Earthquake|p1a: Cofagrigus","|-damage|p1a: Cofagrigus|9/320","|","|-heal|p1a: Cofagrigus|29/320|[from] item: Leftovers","|turn|22","|","|move|p1a: Cofagrigus|Destiny Bond|p1a: Cofagrigus","|-singlemove|p1a: Cofagrigus|Destiny Bond","|move|p2a: Garchomp|Earthquake|p1a: Cofagrigus","|-crit|p1a: Cofagrigus","|-damage|p1a: Cofagrigus|0 fnt","|faint|p1a: Cofagrigus","|-activate|p1a: Cofagrigus|Destiny Bond","|faint|p2a: Garchomp","|","|","|switch|p1a: Banette|Banette, F|331/331","|switch|p2a: Gastrodon|Gastrodon, M|426/426","|-damage|p1a: Banette|290/331|[from] Stealth Rock","|-item|p2a: Gastrodon|Leftovers|[from] ability: Frisk|[of] p1a: Banette|[identify]","|turn|23","|","|detailschange|p1a: Banette|Banette-Mega, F","|-mega|p1a: Banette|Banette|Banettite","|move|p2a: Gastrodon|Scald|p1a: Banette","|-damage|p1a: Banette|182/331","|move|p1a: Banette|Knock Off|p2a: Gastrodon","|-damage|p2a: Gastrodon|284/426","|-enditem|p2a: Gastrodon|Leftovers|[from] move: Knock Off|[of] p1a: Banette","|","|-fieldend|move: Trick Room","|turn|24","|","|move|p1a: Banette|Shadow Claw|p2a: Gastrodon","|-damage|p2a: Gastrodon|128/426","|move|p2a: Gastrodon|Scald|p1a: Banette","|-damage|p1a: Banette|89/331","|","|turn|25","|","|move|p1a: Banette|Destiny Bond|p1a: Banette","|-singlemove|p1a: Banette|Destiny Bond","|move|p2a: Gastrodon|Scald|p1a: Banette","|-damage|p1a: Banette|0 fnt","|faint|p1a: Banette","|-activate|p1a: Banette|Destiny Bond","|faint|p2a: Gastrodon","|","|win|SWL Nocturne"],"p1rating":{"entryid":"101951","serverid":"eos","formatid":"monotype","userid":"swlnocturne","username":"SWL Nocturne","w":9,"l":"4","t":"0","gxe":59.7,"r":"1460.0429451423","rd":"111.3436997254","sigma":"0","rptime":"1439974800","rpr":1575.6783608568,"rprd":81.026489006129,"rpsigma":"0","acre":1134.5484765192,"lacre":1134.5484765192,"oldacre":"1114.4727388216"},"p2rating":{"entryid":"123139","serverid":"eos","formatid":"monotype","userid":"sovereignsasuke","username":"Sovereign Sasuke","w":"1","l":1,"t":"0","gxe":49.4,"r":"1500","rd":"130","sigma":"0","rptime":"1439974800","rpr":1495.291344092,"rprd":116.61901594081,"rpsigma":"0","acre":1031.6653229863,"lacre":1031.6653229863,"oldacre":"1045.1319627398"},"endType":"normal"}