{"seed":[29556,10905,45866,38090],"turns":30,"p1":"Alpha알파α큐레무Kyurem","p2":"Inferno Sableye","p1team":[{"name":"ラティオス","species":"latios","item":"choicescarf","ability":"Levitate","moves":["shadowball","dragonpulse","psyshock","icebeam"],"nature":"Timid","evs":{"hp":0,"atk":0,"def":4,"spa":252,"spd":0,"spe":252},"ivs":{"hp":31,"atk":0,"def":31,"spa":31,"spd":31,"spe":31}},{"name":"キュレム","species":"kyuremblack","item":"choiceband","ability":"Teravolt","moves":["zenheadbutt","outrage","fusionbolt","ironhead"],"nature":"Adamant","evs":{"hp":0,"atk":252,"def":4,"spa":0,"spd":0,"spe":252},"shiny":true,"ivs":{"hp":31,"atk":31,"def":31,"spa":31,"spd":31,"spe":31}},{"name":"サザンドラ","species":"hydreigon","item":"lifeorb","ability":"Levitate","moves":["darkpulse","flamethrower","dracometeor","flashcannon"],"nature":"Timid","evs":{"hp":0,"atk":0,"def":4,"spa":252,"spd":0,"spe":252},"shiny":true,"ivs":{"hp":31,"atk":31,"def":31,"spa":31,"spd":31,"spe":31}},{"name":"ガブリアス","species":"garchomp","item":"rockyhelmet","ability":"Rough Skin","moves":["stealthrock","earthquake","dragontail","endure"],"nature":"Impish","evs":{"hp":252,"atk":0,"def":232,"spa":0,"spd":24,"spe":0},"ivs":{"hp":31,"atk":31,"def":31,"spa":31,"spd":31,"spe":31}},{"name":"ラティアス","species":"latias","item":"latiasite","ability":"Levitate","moves":["calmmind","recover","storedpower","substitute"],"nature":"Bold","evs":{"hp":252,"atk":0,"def":240,"spa":0,"spd":0,"spe":16},"ivs":{"hp":31,"atk":0,"def":31,"spa":31,"spd":31,"spe":31}},{"name":"ヌメルゴン","species":"goodra","item":"assaultvest","ability":"Gooey","moves":["fireblast","dracometeor","sludgebomb","muddywater"],"nature":"Modest","evs":{"hp":248,"atk":0,"def":8,"spa":252,"spd":0,"spe":0},"ivs":{"hp":31,"atk":31,"def":31,"spa":31,"spd":31,"spe":31}}],"p2team":[{"name":"Alomomola","species":"Alomomola","item":"leftovers","ability":"Regenerator","moves":["scald","wish","protect","mirrorcoat"],"nature":"Bold","evs":{"hp":104,"atk":0,"def":248,"spa":0,"spd":156,"spe":0},"ivs":{"hp":31,"atk":0,"def":31,"spa":31,"spd":31,"spe":31}},{"name":"Azumarill","species":"Azumarill","item":"leftovers","ability":"Sap Sipper","moves":["toxic","perishsong","protect","scald"],"nature":"Sassy","evs":{"hp":252,"atk":0,"def":216,"spa":0,"spd":40,"spe":0},"ivs":{"hp":31,"atk":0,"def":31,"spa":31,"spd":31,"spe":0}},{"name":"Lanturn","species":"Lanturn","item":"leftovers","ability":"Volt Absorb","moves":["healbell","scald","voltswitch","toxic"],"nature":"Calm","evs":{"hp":40,"atk":0,"def":252,"spa":0,"spd":216,"spe":0},"ivs":{"hp":31,"atk":0,"def":31,"spa":31,"spd":31,"spe":31}},{"name":"Tentacruel","species":"Tentacruel","item":"blacksludge","ability":"Liquid Ooze","moves":["scald","rapidspin","acidspray","toxicspikes"],"nature":"Calm","evs":{"hp":252,"atk":0,"def":0,"spa":0,"spd":252,"spe":4},"ivs":{"hp":31,"atk":0,"def":31,"spa":31,"spd":31,"spe":31}},{"name":"Quagsire","species":"Quagsire","item":"leftovers","ability":"Unaware","moves":["recover","toxic","scald","earthquake"],"nature":"Relaxed","evs":{"hp":252,"atk":0,"def":252,"spa":0,"spd":4,"spe":0},"ivs":{"hp":31,"atk":31,"def":31,"spa":31,"spd":31,"spe":31}},{"name":"Empoleon","species":"Empoleon","item":"leftovers","ability":"Torrent","moves":["scald","toxic","stealthrock","roar"],"nature":"Calm","evs":{"hp":252,"atk":0,"def":0,"spa":0,"spd":252,"spe":4},"ivs":{"hp":31,"atk":0,"def":31,"spa":31,"spd":31,"spe":31}}],"log":["|player|p1|Alpha알파α큐레무Kyurem|alphakyurem.gif","|player|p2|Inferno Sableye|infernosableye.png","|gametype|singles","|gen|6","|tier|Monotype","|rated","|rule|Baton Pass Clause: Limit one Baton Passer, can't pass Spe and other stats simultaneously","|rule|Swagger Clause: Swagger is banned","|rule|Same Type Clause: Pokémon in a team must share a type","|clearpoke","|poke|p1|Latios, M","|poke|p1|Kyurem-Black, shiny","|poke|p1|Hydreigon, F, shiny","|poke|p1|Garchomp, F","|poke|p1|Latias, F","|poke|p1|Goodra, M","|poke|p2|Alomomola, M","|poke|p2|Azumarill, F","|poke|p2|Lanturn, M","|poke|p2|Tentacruel, F","|poke|p2|Quagsire, F","|poke|p2|Empoleon, M","|rule|Sleep Clause Mod: Limit one foe put to sleep","|rule|Species Clause: Limit one of each Pokémon","|rule|OHKO Clause: OHKO moves are banned","|rule|Moody Clause: Moody is banned","|rule|Evasion Moves Clause: Evasion moves are banned","|rule|Endless Battle Clause: Forcing endless battles is banned","|rule|HP Percentage Mod: HP is shown in percentages","|teampreview","|","|start","|switch|p1a: キュレム|Kyurem-Black, shiny|391/391","|switch|p2a: Tentacruel|Tentacruel, F|364/364","|-ability|p1a: キュレム|Teravolt","|turn|1","|","|move|p1a: キュレム|Fusion Bolt|p2a: Tentacruel","|-supereffective|p2a: Tentacruel","|-damage|p2a: Tentacruel|0 fnt","|faint|p2a: Tentacruel","|","|","|switch|p2a: Quagsire|Quagsire, F|394/394","|turn|2","|","|switch|p1a: ガブリアス|Garchomp, F|420/420","|move|p2a: Quagsire|Toxic|p1a: ガブリアス","|-status|p1a: ガブリアス|tox","|","|-damage|p1a: ガブリアス|394/420 tox|[from] psn","|turn|3","|","|switch|p2a: Azumarill|Azumarill, F|404/404","|move|p1a: ガブリアス|Stealth Rock|p2a: Azumarill","|-sidestart|p2: Inferno Sableye|move: Stealth Rock","|","|-damage|p1a: ガブリアス|342/420 tox|[from] psn","|turn|4","|","|move|p1a: ガブリアス|Earthquake|p2a: Azumarill","|-damage|p2a: Azumarill|268/404","|move|p2a: Azumarill|Scald|p1a: ガブリアス","|-damage|p1a: ガブリアス|266/420 tox","|","|-heal|p2a: Azumarill|293/404|[from] item: Leftovers","|-damage|p1a: ガブリアス|188/420 tox|[from] psn","|turn|5","|","|switch|p1a: ヌメルゴン|Goodra, M|383/383","|move|p2a: Azumarill|Protect|p2a: Azumarill","|-fail|p2a: Azumarill","|","|-heal|p2a: Azumarill|318/404|[from] item: Leftovers","|turn|6","|","|move|p1a: ヌメルゴン|Sludge Bomb|p2a: Azumarill","|-supereffective|p2a: Azumarill","|-damage|p2a: Azumarill|108/404","|move|p2a: Azumarill|Toxic|p1a: ヌメルゴン|[miss]","|-miss|p2a: Azumarill|p1a: ヌメルゴン","|","|-heal|p2a: Azumarill|133/404|[from] item: Leftovers","|turn|7","|","|switch|p2a: Empoleon|Empoleon, M|372/372","|-damage|p2a: Empoleon|349/372|[from] Stealth Rock","|move|p1a: ヌメルゴン|Sludge Bomb|p2a: Empoleon","|-immune|p2a: Empoleon|[msg]","|","|-heal|p2a: Empoleon|372/372|[from] item: Leftovers","|turn|8","|","|switch|p1a: キュレム|Kyurem-Black, shiny|391/391","|-ability|p1a: キュレム|Teravolt","|move|p2a: Empoleon|Stealth Rock|p1a: キュレム","|-sidestart|p1: Alpha알파α큐레무Kyurem|move: Stealth Rock","|","|turn|9","|","|switch|p2a: Quagsire|Quagsire, F|394/394","|-damage|p2a: Quagsire|370/394|[from] Stealth Rock","|move|p1a: キュレム|Fusion Bolt|p2a: Quagsire","|-immune|p2a: Quagsire|[msg]","|","|-heal|p2a: Quagsire|394/394|[from] item: Leftovers","|turn|10","|","|switch|p1a: ガブリアス|Garchomp, F|188/420 tox","|-damage|p1a: ガブリアス|162/420 tox|[from] Stealth Rock","|move|p2a: Quagsire|Toxic|p1a: ガブリアス","|-fail|p1a: ガブリアス|tox","|","|-damage|p1a: ガブリアス|136/420 tox|[from] psn","|turn|11","|","|move|p2a: Quagsire|Recover|p2a: Quagsire","|-fail|p2a: Quagsire","|move|p1a: ガブリアス|Dragon Tail|p2a: Quagsire","|-damage|p2a: Quagsire|318/394","|drag|p2a: Lanturn|Lanturn, M|401/401","|-damage|p2a: Lanturn|351/401|[from] Stealth Rock","|","|-heal|p2a: Lanturn|376/401|[from] item: Leftovers","|-damage|p1a: ガブリアス|84/420 tox|[from] psn","|turn|12","|","|switch|p2a: Azumarill|Azumarill, F|133/404","|-damage|p2a: Azumarill|83/404|[from] Stealth Rock","|move|p1a: ガブリアス|Earthquake|p2a: Azumarill","|-damage|p2a: Azumarill|0 fnt","|faint|p2a: Azumarill","|","|-damage|p1a: ガブリアス|6/420 tox|[from] psn","|","|switch|p2a: Alomomola|Alomomola, M|497/497","|-damage|p2a: Alomomola|435/497|[from] Stealth Rock","|turn|13","|","|move|p2a: Alomomola|Protect|p2a: Alomomola","|-singleturn|p2a: Alomomola|Protect","|move|p1a: ガブリアス|Dragon Tail|p2a: Alomomola","|-activate|p2a: Alomomola|Protect","|","|-heal|p2a: Alomomola|466/497|[from] item: Leftovers","|-damage|p1a: ガブリアス|0 fnt|[from] psn","|faint|p1a: ガブリアス","|","|switch|p1a: ラティアス|Latias, F|364/364","|-damage|p1a: ラティアス|319/364|[from] Stealth Rock","|turn|14","|","|switch|p2a: Empoleon|Empoleon, M|372/372","|-damage|p2a: Empoleon|349/372|[from] Stealth Rock","|detailschange|p1a: ラティアス|Latias-Mega, F","|-mega|p1a: ラティアス|Latias|Latiasite","|move|p1a: ラティアス|Substitute|p1a: ラティアス","|-start|p1a: ラティアス|Substitute","|-damage|p1a: ラティアス|228/364","|","|-heal|p2a: Empoleon|372/372|[from] item: Leftovers","|turn|15","|","|move|p1a: ラティアス|Calm Mind|p1a: ラティアス","|-boost|p1a: ラティアス|spa|1","|-boost|p1a: ラティアス|spd|1","|move|p2a: Empoleon|Roar|p1a: ラティアス","|drag|p1a: サザンドラ|Hydreigon, F, shiny|325/325","|-damage|p1a: サザンドラ|285/325|[from] Stealth Rock","|","|turn|16","|","|move|p1a: サザンドラ|Dark Pulse|p2a: Empoleon","|-damage|p2a: Empoleon|236/372","|-damage|p1a: サザンドラ|253/325|[from] item: Life Orb","|move|p2a: Empoleon|Toxic|p1a: サザンドラ","|-status|p1a: サザンドラ|tox","|","|-heal|p2a: Empoleon|259/372|[from] item: Leftovers","|-damage|p1a: サザンドラ|233/325 tox|[from] psn","|turn|17","|","|switch|p2a: Lanturn|Lanturn, M|376/401","|-damage|p2a: Lanturn|326/401|[from] Stealth Rock","|move|p1a: サザンドラ|Dark Pulse|p2a: Lanturn","|-damage|p2a: Lanturn|178/401","|-damage|p1a: サザンドラ|201/325 tox|[from] item: Life Orb","|","|-heal|p2a: Lanturn|203/401|[from] item: Leftovers","|-damage|p1a: サザンドラ|161/325 tox|[from] psn","|turn|18","|","|move|p1a: サザンドラ|Draco Meteor|p2a: Lanturn","|-damage|p2a: Lanturn|0 fnt","|-unboost|p1a: サザンドラ|spa|2","|-damage|p1a: サザンドラ|129/325 tox|[from] item: Life Orb","|faint|p2a: Lanturn","|","|-damage|p1a: サザンドラ|69/325 tox|[from] psn","|","|switch|p2a: Alomomola|Alomomola, M|497/497","|-damage|p2a: Alomomola|435/497|[from] Stealth Rock","|turn|19","|","|switch|p1a: ラティアス|Latias-Mega, F|228/364","|-damage|p1a: ラティアス|183/364|[from] Stealth Rock","|move|p2a: Alomomola|Wish|p2a: Alomomola","|","|-heal|p2a: Alomomola|466/497|[from] item: Leftovers","|turn|20","|","|switch|p2a: Empoleon|Empoleon, M|259/372","|-damage|p2a: Empoleon|236/372|[from] Stealth Rock","|move|p1a: ラティアス|Substitute|p1a: ラティアス","|-start|p1a: ラティアス|Substitute","|-damage|p1a: ラティアス|92/364","|","|-heal|p2a: Empoleon|372/372|[from] move: Wish|[wisher] Alomomola","|turn|21","|","|move|p1a: ラティアス|Recover|p1a: ラティアス","|-heal|p1a: ラティアス|274/364","|move|p2a: Empoleon|Roar|p1a: ラティアス","|drag|p1a: ラティオス|Latios, M|301/301","|-damage|p1a: ラティオス|264/301|[from] Stealth Rock","|","|turn|22","|","|switch|p1a: サザンドラ|Hydreigon, F, shiny|69/325 tox","|-damage|p1a: サザンドラ|29/325 tox|[from] Stealth Rock","|move|p2a: Empoleon|Toxic|p1a: サザンドラ","|-fail|p1a: サザンドラ|tox","|","|-damage|p1a: サザンドラ|9/325 tox|[from] psn","|turn|23","|","|move|p1a: サザンドラ|Draco Meteor|p2a: Empoleon","|-resisted|p2a: Empoleon","|-damage|p2a: Empoleon|259/372","|-unboost|p1a: サザンドラ|spa|2","|-damage|p1a: サザンドラ|0 fnt|[from] item: Life Orb","|faint|p1a: サザンドラ","|move|p2a: Empoleon|Scald|p1: サザンドラ|[notarget]","|-notarget","|","|-heal|p2a: Empoleon|282/372|[from] item: Leftovers","|","|switch|p1a: キュレム|Kyurem-Black, shiny|391/391","|-damage|p1a: キュレム|294/391|[from] Stealth Rock","|-ability|p1a: キュレム|Teravolt","|turn|24","|","|switch|p2a: Quagsire|Quagsire, F|318/394","|-damage|p2a: Quagsire|294/394|[from] Stealth Rock","|move|p1a: キュレム|Outrage|p2a: Quagsire","|-damage|p2a: Quagsire|0 fnt","|faint|p2a: Quagsire","|","|","|switch|p2a: Empoleon|Empoleon, M|282/372","|-damage|p2a: Empoleon|259/372|[from] Stealth Rock","|turn|25","|","|move|p1a: キュレム|Outrage|p2a: Empoleon|[from]lockedmove","|-resisted|p2a: Empoleon","|-damage|p2a: Empoleon|16/372","|move|p2a: Empoleon|Scald|p1a: キュレム","|-resisted|p1a: キュレム","|-damage|p1a: キュレム|208/391","|","|-heal|p2a: Empoleon|39/372|[from] item: Leftovers","|turn|26","|","|move|p1a: キュレム|Outrage|p2a: Empoleon|[from]lockedmove","|-resisted|p2a: Empoleon","|-damage|p2a: Empoleon|0 fnt","|-start|p1a: キュレム|confusion|[fatigue]","|faint|p2a: Empoleon","|","|","|switch|p2a: Alomomola|Alomomola, M|497/497","|-damage|p2a: Alomomola|435/497|[from] Stealth Rock","|turn|27","|","|switch|p1a: ヌメルゴン|Goodra, M|383/383","|-damage|p1a: ヌメルゴン|336/383|[from] Stealth Rock","|move|p2a: Alomomola|Scald|p1a: ヌメルゴン","|-resisted|p1a: ヌメルゴン","|-damage|p1a: ヌメルゴン|324/383","|-status|p1a: ヌメルゴン|brn","|","|-heal|p2a: Alomomola|466/497|[from] item: Leftovers","|-damage|p1a: ヌメルゴン|277/383 brn|[from] brn","|turn|28","|","|move|p1a: ヌメルゴン|Sludge Bomb|p2a: Alomomola","|-damage|p2a: Alomomola|309/497","|-status|p2a: Alomomola|psn","|move|p2a: Alomomola|Wish|p2a: Alomomola","|","|-heal|p2a: Alomomola|340/497 psn|[from] item: Leftovers","|-damage|p1a: ヌメルゴン|230/383 brn|[from] brn","|-damage|p2a: Alomomola|278/497 psn|[from] psn","|turn|29","|","|move|p1a: ヌメルゴン|Sludge Bomb|p2a: Alomomola","|-damage|p2a: Alomomola|116/497 psn","|move|p2a: Alomomola|Mirror Coat|p1a: ヌメルゴン","|-damage|p1a: ヌメルゴン|0 fnt","|faint|p1a: ヌメルゴン","|","|-heal|p2a: Alomomola|364/497 psn|[from] move: Wish|[wisher] Alomomola","|-heal|p2a: Alomomola|395/497 psn|[from] item: Leftovers","|-damage|p2a: Alomomola|333/497 psn|[from] psn","|","|switch|p1a: キュレム|Kyurem-Black, shiny|208/391","|-damage|p1a: キュレム|111/391|[from] Stealth Rock","|-ability|p1a: キュレム|Teravolt","|turn|30","|","|move|p1a: キュレム|Fusion Bolt|p2a: Alomomola","|-supereffective|p2a: Alomomola","|-damage|p2a: Alomomola|0 fnt","|faint|p2a: Alomomola","|","|win|Alpha알파α큐레무Kyurem"],"p1rating":{"entryid":"22404","serverid":"eos","formatid":"monotype","userid":"alphakyurem","username":"Alpha알파α큐레무Kyurem","w":16,"l":"2","t":"0","gxe":74,"r":"1708.8942890536","rd":"78.286685006886","sigma":"0","rptime":"1439974800","rpr":1701.2157394326,"rprd":74.678946009301,"rpsigma":"0","acre":1246.0560033975,"lacre":1246.0560033975,"oldacre":"1232.1894459318"},"p2rating":{"entryid":"83803","serverid":"eos","formatid":"monotype","userid":"infernosableye","username":"Inferno Sableye","w":"2","l":3,"t":"0","gxe":47.6,"r":"1459.8393856612","rd":"122.8583080769","sigma":"0","rptime":"1439974800","rpr":1481.4955034604,"rprd":103.8335029463,"rpsigma":"0","acre":1054.7909364567,"lacre":1054.7909364567,"oldacre":"1065.8131722533"},"endType":"normal"}