{"seed":[35909,36218,38998,47624],"turns":27,"p1":"Jejed","p2":"SWL Nocturne","p1team":[{"name":"Manaphy","species":"Manaphy","item":"quickclaw","ability":"Hydration","moves":["tailglow","energyball","icebeam","shadowball"],"nature":"","evs":{"hp":156,"atk":0,"def":0,"spa":0,"spd":100,"spe":252},"ivs":{"hp":31,"atk":31,"def":31,"spa":31,"spd":31,"spe":31}},{"name":"Swampert","species":"Swampert","item":"swampertite","ability":"Torrent","moves":["stealthrock","scald","earthquake","focuspunch"],"nature":"Hasty","evs":{"hp":4,"atk":252,"def":0,"spa":0,"spd":0,"spe":252},"ivs":{"hp":31,"atk":31,"def":31,"spa":31,"spd":31,"spe":31}},{"name":"Jellicent","species":"Jellicent","item":"leftovers","ability":"Cursed Body","moves":["hex","willowisp","dive","recover"],"nature":"Bold","evs":{"hp":4,"atk":0,"def":252,"spa":0,"spd":252,"spe":0},"ivs":{"hp":31,"atk":31,"def":31,"spa":31,"spd":31,"spe":31}},{"name":"Seismitoad","species":"Seismitoad","item":"leftovers","ability":"Water Absorb","moves":["toxic","payback","venoshock","mudsport"],"nature":"","evs":{"hp":196,"atk":0,"def":148,"spa":0,"spd":164,"spe":0},"ivs":{"hp":31,"atk":31,"def":31,"spa":31,"spd":31,"spe":31}},{"name":"Wailord","species":"Wailord","item":"quickclaw","ability":"Water Veil","moves":["waterspout","earthquake","heavyslam","aquaring"],"nature":"Hasty","evs":{"hp":4,"atk":0,"def":0,"spa":252,"spd":0,"spe":252},"ivs":{"hp":31,"atk":31,"def":31,"spa":31,"spd":31,"spe":31}},{"name":"Blastoise","species":"Blastoise","item":"blastoisinite","ability":"Torrent","moves":["hydropump","waterspout","earthquake","dive"],"nature":"Modest","evs":{"hp":152,"atk":0,"def":0,"spa":220,"spd":136,"spe":0},"ivs":{"hp":31,"atk":31,"def":31,"spa":31,"spd":31,"spe":31}}],"p2team":[{"name":"Aegislash","species":"Aegislash","item":"weaknesspolicy","ability":"Stance Change","moves":["swordsdance","shadowsneak","kingsshield","ironhead"],"nature":"Adamant","evs":{"hp":248,"atk":252,"def":0,"spa":0,"spd":8,"spe":0},"ivs":{"hp":31,"atk":31,"def":31,"spa":31,"spd":31,"spe":31}},{"name":"Banette","species":"Banette","item":"banettite","ability":"Frisk","moves":["destinybond","trickroom","knockoff","shadowclaw"],"nature":"Brave","evs":{"hp":248,"atk":252,"def":0,"spa":0,"spd":8,"spe":0},"ivs":{"hp":31,"atk":31,"def":31,"spa":31,"spd":31,"spe":0}},{"name":"Gengar","species":"Gengar","item":"blacksludge","ability":"Levitate","moves":["substitute","disable","sludgebomb","dazzlinggleam"],"nature":"Modest","evs":{"hp":252,"atk":0,"def":0,"spa":252,"spd":4,"spe":0},"ivs":{"hp":31,"atk":31,"def":31,"spa":31,"spd":31,"spe":31}},{"name":"Golurk","species":"Golurk","item":"lifeorb","ability":"No Guard","moves":["dynamicpunch","stoneedge","earthquake","icepunch"],"nature":"Adamant","evs":{"hp":248,"atk":252,"def":0,"spa":0,"spd":8,"spe":0},"ivs":{"hp":31,"atk":31,"def":31,"spa":31,"spd":31,"spe":31}},{"name":"Hoopa","species":"Hoopa","item":"lifeorb","ability":"Magician","moves":["destinybond","psyshock","trickroom","shadowball"],"nature":"Modest","evs":{"hp":248,"atk":0,"def":0,"spa":252,"spd":8,"spe":0},"ivs":{"hp":31,"atk":31,"def":31,"spa":31,"spd":31,"spe":0}},{"name":"Cofagrigus","species":"Cofagrigus","item":"leftovers","ability":"Mummy","moves":["trickroom","destinybond","nightshade","magiccoat"],"nature":"Relaxed","evs":{"hp":252,"atk":0,"def":252,"spa":0,"spd":4,"spe":0},"ivs":{"hp":31,"atk":31,"def":31,"spa":31,"spd":31,"spe":0}}],"log":["|player|p1|Jejed|293","|player|p2|SWL Nocturne|45","|gametype|singles","|gen|6","|tier|Monotype","|rated","|rule|Baton Pass Clause: Limit one Baton Passer, can't pass Spe and other stats simultaneously","|rule|Swagger Clause: Swagger is banned","|rule|Same Type Clause: Pokémon in a team must share a type","|clearpoke","|poke|p1|Manaphy","|poke|p1|Swampert, F","|poke|p1|Jellicent, F","|poke|p1|Seismitoad, F","|poke|p1|Wailord, F","|poke|p1|Blastoise, F","|poke|p2|Aegislash, F","|poke|p2|Banette, M","|poke|p2|Gengar, M","|poke|p2|Golurk","|poke|p2|Hoopa","|poke|p2|Cofagrigus, M","|rule|Sleep Clause Mod: Limit one foe put to sleep","|rule|Species Clause: Limit one of each Pokémon","|rule|OHKO Clause: OHKO moves are banned","|rule|Moody Clause: Moody is banned","|rule|Evasion Moves Clause: Evasion moves are banned","|rule|Endless Battle Clause: Forcing endless battles is banned","|rule|HP Percentage Mod: HP is shown in percentages","|teampreview","|","|start","|switch|p1a: Swampert|Swampert, F|342/342","|switch|p2a: Gengar|Gengar, M|324/324","|turn|1","|","|detailschange|p1a: Swampert|Swampert-Mega, F","|-mega|p1a: Swampert|Swampert|Swampertite","|move|p2a: Gengar|Substitute|p2a: Gengar","|-start|p2a: Gengar|Substitute","|-damage|p2a: Gengar|243/324","|move|p1a: Swampert|Stealth Rock|p2a: Gengar","|-sidestart|p2: SWL Nocturne|move: Stealth Rock","|","|-heal|p2a: Gengar|263/324|[from] item: Black Sludge","|turn|2","|","|move|p1a: Swampert|Earthquake|p2a: Gengar","|-immune|p2a: Gengar|[msg]","|move|p2a: Gengar|Sludge Bomb|p1a: Swampert","|-resisted|p1a: Swampert","|-damage|p1a: Swampert|257/342","|-status|p1a: Swampert|psn","|","|-heal|p2a: Gengar|283/324|[from] item: Black Sludge","|-damage|p1a: Swampert|215/342 psn|[from] psn","|turn|3","|","|switch|p1a: Seismitoad|Seismitoad, F|400/400","|move|p2a: Gengar|Disable|p1a: Seismitoad","|-fail|p1a: Seismitoad","|","|-heal|p2a: Gengar|303/324|[from] item: Black Sludge","|turn|4","|","|move|p2a: Gengar|Sludge Bomb|p1a: Seismitoad","|-resisted|p1a: Seismitoad","|-damage|p1a: Seismitoad|316/400","|move|p1a: Seismitoad|Payback|p2a: Gengar","|-supereffective|p2a: Gengar","|-end|p2a: Gengar|Substitute","|","|-heal|p2a: Gengar|323/324|[from] item: Black Sludge","|-heal|p1a: Seismitoad|341/400|[from] item: Leftovers","|turn|5","|","|move|p2a: Gengar|Disable|p1a: Seismitoad","|-start|p1a: Seismitoad|Disable|Payback","|cant|p1a: Seismitoad|Disable|Payback","|","|-heal|p2a: Gengar|324/324|[from] item: Black Sludge","|-heal|p1a: Seismitoad|366/400|[from] item: Leftovers","|turn|6","|","|move|p2a: Gengar|Substitute|p2a: Gengar","|-start|p2a: Gengar|Substitute","|-damage|p2a: Gengar|243/324","|move|p1a: Seismitoad|Toxic|p2a: Gengar","|-fail|p2a: Gengar","|","|-heal|p2a: Gengar|263/324|[from] item: Black Sludge","|-heal|p1a: Seismitoad|391/400|[from] item: Leftovers","|turn|7","|","|switch|p1a: Manaphy|Manaphy|380/380","|move|p2a: Gengar|Sludge Bomb|p1a: Manaphy","|-damage|p1a: Manaphy|206/380","|","|-heal|p2a: Gengar|283/324|[from] item: Black Sludge","|turn|8","|","|move|p1a: Manaphy|Shadow Ball|p2a: Gengar","|-supereffective|p2a: Gengar","|-end|p2a: Gengar|Substitute","|move|p2a: Gengar|Sludge Bomb|p1a: Manaphy","|-damage|p1a: Manaphy|59/380","|-status|p1a: Manaphy|psn","|","|-heal|p2a: Gengar|303/324|[from] item: Black Sludge","|-damage|p1a: Manaphy|12/380 psn|[from] psn","|turn|9","|","|move|p1a: Manaphy|Shadow Ball|p2a: Gengar","|-supereffective|p2a: Gengar","|-damage|p2a: Gengar|157/324","|-unboost|p2a: Gengar|spd|1","|move|p2a: Gengar|Sludge Bomb|p1a: Manaphy","|-damage|p1a: Manaphy|0 fnt","|faint|p1a: Manaphy","|","|-heal|p2a: Gengar|177/324|[from] item: Black Sludge","|","|switch|p1a: Seismitoad|Seismitoad, F|391/400","|turn|10","|","|switch|p2a: Cofagrigus|Cofagrigus, M|320/320","|-damage|p2a: Cofagrigus|280/320|[from] Stealth Rock","|move|p1a: Seismitoad|Payback|p2a: Cofagrigus","|-supereffective|p2a: Cofagrigus","|-damage|p2a: Cofagrigus|236/320","|-activate|p2a: Cofagrigus|ability: Mummy|waterabsorb|[of] p1a: Seismitoad","|","|-heal|p1a: Seismitoad|400/400|[from] item: Leftovers","|-heal|p2a: Cofagrigus|256/320|[from] item: Leftovers","|turn|11","|","|move|p2a: Cofagrigus|Magic Coat|p2a: Cofagrigus","|-singleturn|p2a: Cofagrigus|move: Magic Coat","|move|p1a: Seismitoad|Toxic|p2a: Cofagrigus","|move|p2a: Cofagrigus|Toxic|p1a: Seismitoad|[from]Magic Coat","|-status|p1a: Seismitoad|tox","|","|-heal|p2a: Cofagrigus|276/320|[from] item: Leftovers","|-damage|p1a: Seismitoad|375/400 tox|[from] psn","|turn|12","|","|move|p1a: Seismitoad|Toxic|p2a: Cofagrigus","|-status|p2a: Cofagrigus|tox","|move|p2a: Cofagrigus|Trick Room|p2a: Cofagrigus","|-fieldstart|move: Trick Room|[of] p2a: Cofagrigus","|","|-heal|p2a: Cofagrigus|296/320 tox|[from] item: Leftovers","|-heal|p1a: Seismitoad|400/400 tox|[from] item: Leftovers","|-damage|p2a: Cofagrigus|276/320 tox|[from] psn","|-damage|p1a: Seismitoad|350/400 tox|[from] psn","|turn|13","|","|move|p2a: Cofagrigus|Night Shade|p1a: Seismitoad","|-damage|p1a: Seismitoad|250/400 tox","|move|p1a: Seismitoad|Venoshock|p2a: Cofagrigus","|-resisted|p2a: Cofagrigus","|-damage|p2a: Cofagrigus|233/320 tox","|","|-heal|p2a: Cofagrigus|253/320 tox|[from] item: Leftovers","|-heal|p1a: Seismitoad|275/400 tox|[from] item: Leftovers","|-damage|p2a: Cofagrigus|213/320 tox|[from] psn","|-damage|p1a: Seismitoad|200/400 tox|[from] psn","|turn|14","|","|move|p2a: Cofagrigus|Night Shade|p1a: Seismitoad","|-damage|p1a: Seismitoad|100/400 tox","|move|p1a: Seismitoad|Payback|p2a: Cofagrigus","|-supereffective|p2a: Cofagrigus","|-damage|p2a: Cofagrigus|135/320 tox","|","|-heal|p2a: Cofagrigus|155/320 tox|[from] item: Leftovers","|-heal|p1a: Seismitoad|125/400 tox|[from] item: Leftovers","|-damage|p2a: Cofagrigus|95/320 tox|[from] psn","|-damage|p1a: Seismitoad|25/400 tox|[from] psn","|turn|15","|","|switch|p2a: Golurk|Golurk|381/381","|-damage|p2a: Golurk|358/381|[from] Stealth Rock","|move|p1a: Seismitoad|Payback|p2a: Golurk","|-supereffective|p2a: Golurk","|-damage|p2a: Golurk|258/381","|","|-heal|p1a: Seismitoad|50/400 tox|[from] item: Leftovers","|-damage|p1a: Seismitoad|0 fnt|[from] psn","|faint|p1a: Seismitoad","|","|switch|p1a: Swampert|Swampert-Mega, F|215/342 psn","|turn|16","|","|move|p2a: Golurk|Earthquake|p1a: Swampert","|-damage|p1a: Swampert|0 fnt","|-damage|p2a: Golurk|220/381|[from] item: Life Orb","|faint|p1a: Swampert","|","|-fieldend|move: Trick Room","|","|switch|p1a: Jellicent|Jellicent, F|342/342","|turn|17","|","|move|p1a: Jellicent|Will-O-Wisp|p2a: Golurk","|-status|p2a: Golurk|brn","|move|p2a: Golurk|Earthquake|p1a: Jellicent","|-damage|p1a: Jellicent|239/342","|-damage|p2a: Golurk|182/381 brn|[from] item: Life Orb","|","|-heal|p1a: Jellicent|260/342|[from] item: Leftovers","|-damage|p2a: Golurk|135/381 brn|[from] brn","|turn|18","|","|switch|p2a: Hoopa|Hoopa|363/363","|-damage|p2a: Hoopa|318/363|[from] Stealth Rock","|move|p1a: Jellicent|Hex|p2a: Hoopa","|-supereffective|p2a: Hoopa","|-damage|p2a: Hoopa|102/363","|","|-heal|p1a: Jellicent|281/342|[from] item: Leftovers","|turn|19","|","|move|p1a: Jellicent|Hex|p2a: Hoopa","|-supereffective|p2a: Hoopa","|-damage|p2a: Hoopa|0 fnt","|faint|p2a: Hoopa","|","|-heal|p1a: Jellicent|302/342|[from] item: Leftovers","|","|switch|p2a: Aegislash|Aegislash, F|323/323","|-damage|p2a: Aegislash|303/323|[from] Stealth Rock","|turn|20","|","|move|p2a: Aegislash|Swords Dance|p2a: Aegislash","|-boost|p2a: Aegislash|atk|2","|move|p1a: Jellicent|Will-O-Wisp|p2a: Aegislash","|-status|p2a: Aegislash|brn","|","|-heal|p1a: Jellicent|323/342|[from] item: Leftovers","|-damage|p2a: Aegislash|263/323 brn|[from] brn","|turn|21","|","|move|p2a: Aegislash|Swords Dance|p2a: Aegislash","|-boost|p2a: Aegislash|atk|2","|move|p1a: Jellicent|Hex|p2a: Aegislash","|-supereffective|p2a: Aegislash","|-damage|p2a: Aegislash|69/323 brn","|-enditem|p2a: Aegislash|Weakness Policy","|-boost|p2a: Aegislash|atk|2|[from] item: Weakness Policy","|-boost|p2a: Aegislash|spa|2|[from] item: Weakness Policy","|","|-heal|p1a: Jellicent|342/342|[from] item: Leftovers","|-damage|p2a: Aegislash|29/323 brn|[from] brn","|turn|22","|","|-formechange|p2a: Aegislash|Aegislash-Blade","|move|p2a: Aegislash|Shadow Sneak|p1a: Jellicent","|-supereffective|p1a: Jellicent","|-damage|p1a: Jellicent|24/342","|move|p1a: Jellicent|Dive|p2a: Aegislash|[still]","|-prepare|p1a: Jellicent|Dive|p2a: Aegislash","|","|-heal|p1a: Jellicent|45/342|[from] item: Leftovers","|-damage|p2a: Aegislash|0 fnt|[from] brn","|faint|p2a: Aegislash","|","|switch|p2a: Cofagrigus|Cofagrigus, M|95/320 tox","|-damage|p2a: Cofagrigus|55/320 tox|[from] Stealth Rock","|turn|23","|","|move|p1a: Jellicent|Dive|p2a: Cofagrigus|[from]lockedmove","|-damage|p2a: Cofagrigus|25/320 tox","|-activate|p2a: Cofagrigus|ability: Mummy|cursedbody|[of] p1a: Jellicent","|move|p2a: Cofagrigus|Trick Room|p2a: Cofagrigus","|-fieldstart|move: Trick Room|[of] p2a: Cofagrigus","|","|-heal|p2a: Cofagrigus|45/320 tox|[from] item: Leftovers","|-heal|p1a: Jellicent|66/342|[from] item: Leftovers","|-damage|p2a: Cofagrigus|25/320 tox|[from] psn","|turn|24","|","|move|p2a: Cofagrigus|Night Shade|p1a: Jellicent","|-damage|p1a: Jellicent|0 fnt","|faint|p1a: Jellicent","|","|-heal|p2a: Cofagrigus|45/320 tox|[from] item: Leftovers","|-damage|p2a: Cofagrigus|5/320 tox|[from] psn","|","|switch|p1a: Wailord|Wailord, F|482/482","|turn|25","|","|move|p2a: Cofagrigus|Destiny Bond|p2a: Cofagrigus","|-singlemove|p2a: Cofagrigus|Destiny Bond","|move|p1a: Wailord|Water Spout|p2a: Cofagrigus","|-damage|p2a: Cofagrigus|0 fnt","|faint|p2a: Cofagrigus","|-activate|p2a: Cofagrigus|Destiny Bond","|faint|p1a: Wailord","|","|","|switch|p1a: Blastoise|Blastoise, F|337/337","|switch|p2a: Banette|Banette, M|331/331","|-damage|p2a: Banette|290/331|[from] Stealth Rock","|-item|p1a: Blastoise|Blastoisinite|[from] ability: Frisk|[of] p2a: Banette|[identify]","|turn|26","|","|detailschange|p2a: Banette|Banette-Mega, M","|-mega|p2a: Banette|Banette|Banettite","|move|p2a: Banette|Knock Off|p1a: Blastoise","|-damage|p1a: Blastoise|242/337","|move|p1a: Blastoise|Water Spout|p2a: Banette","|-damage|p2a: Banette|116/331","|","|turn|27","|","|move|p2a: Banette|Destiny Bond|p2a: Banette","|-singlemove|p2a: Banette|Destiny Bond","|move|p1a: Blastoise|Water Spout|p2a: Banette","|-damage|p2a: Banette|0 fnt","|faint|p2a: Banette","|-activate|p2a: Banette|Destiny Bond","|faint|p1a: Blastoise","|","|win|SWL Nocturne"],"p1rating":{"entryid":"121596","serverid":"eos","formatid":"monotype","userid":"jejed","username":"Jejed","w":"1","l":2,"t":"0","gxe":44.8,"r":"1500","rd":"130","sigma":"0","rptime":"1439974800","rpr":1458.5051371131,"rprd":111.24295894996,"rpsigma":"0","acre":1029.0357685094,"lacre":1029.0357685094,"oldacre":"1040"},"p2rating":{"entryid":"101951","serverid":"eos","formatid":"monotype","userid":"swlnocturne","username":"SWL Nocturne","w":11,"l":"4","t":"0","gxe":62.6,"r":"1460.0429451423","rd":"111.3436997254","sigma":"0","rptime":"1439974800","rpr":1599.1237223198,"rprd":77.418407841422,"rpsigma":"0","acre":1170.3236863396,"lacre":1170.3236863396,"oldacre":"1153.1920746355"},"endType":"normal"}