{"seed":[63631,1572,38130,36712],"turns":30,"p1":"SRITL- Skarlet","p2":"TwerkingDiglett","p1team":[{"name":"Swampert","species":"Swampert","item":"swampertite","ability":"Damp","moves":["waterfall","earthquake","icepunch","poweruppunch"],"nature":"Adamant","evs":{"hp":248,"atk":252,"def":0,"spa":0,"spd":8,"spe":0},"ivs":{"hp":31,"atk":31,"def":31,"spa":31,"spd":31,"spe":31}},{"name":"Manaphy","species":"Manaphy","item":"sitrusberry","ability":"Hydration","moves":["tailglow","scald","icebeam","energyball"],"nature":"Timid","evs":{"hp":0,"atk":0,"def":0,"spa":252,"spd":4,"spe":252},"shiny":true,"ivs":{"hp":31,"atk":31,"def":31,"spa":31,"spd":31,"spe":31}},{"name":"Azumarill","species":"Azumarill","item":"sitrusberry","ability":"Huge Power","moves":["aquajet","waterfall","playrough","bellydrum"],"nature":"Adamant","evs":{"hp":252,"atk":252,"def":0,"spa":0,"spd":4,"spe":0},"shiny":true,"ivs":{"hp":31,"atk":31,"def":31,"spa":31,"spd":31,"spe":31}},{"name":"Cloyster","species":"Cloyster","item":"focussash","ability":"Skill Link","moves":["iciclespear","rockblast","shellsmash","iceshard"],"nature":"Adamant","evs":{"hp":0,"atk":252,"def":0,"spa":0,"spd":4,"spe":252},"shiny":true,"ivs":{"hp":31,"atk":31,"def":31,"spa":31,"spd":31,"spe":31}},{"name":"Starmie","species":"Starmie","item":"sitrusberry","ability":"Natural Cure","moves":["dazzlinggleam","rapidspin","psychic","reflecttype"],"nature":"Timid","evs":{"hp":0,"atk":0,"def":0,"spa":252,"spd":4,"spe":252},"shiny":true,"ivs":{"hp":31,"atk":31,"def":31,"spa":31,"spd":31,"spe":31}},{"name":"Kingdra","species":"Kingdra","item":"scopelens","ability":"Sniper","moves":["icebeam","surf","focusenergy","dragonpulse"],"nature":"Modest","evs":{"hp":252,"atk":0,"def":0,"spa":252,"spd":4,"spe":0},"shiny":true,"ivs":{"hp":31,"atk":31,"def":31,"spa":31,"spd":31,"spe":31}}],"p2team":[{"name":"Lanturn","species":"Lanturn","item":"leftovers","ability":"Volt Absorb","moves":["voltswitch","scald","thunderwave","healbell"],"nature":"Bold","evs":{"hp":40,"atk":0,"def":252,"spa":4,"spd":112,"spe":90},"ivs":{"hp":31,"atk":31,"def":31,"spa":31,"spd":31,"spe":31}},{"name":"Gyarados","species":"Gyarados","item":"gyaradosite","ability":"Intimidate","moves":["dragondance","waterfall","icefang","crunch"],"nature":"Jolly","evs":{"hp":88,"atk":224,"def":0,"spa":0,"spd":0,"spe":196},"ivs":{"hp":31,"atk":31,"def":31,"spa":31,"spd":31,"spe":31}},{"name":"Empoleon","species":"Empoleon","item":"leftovers","ability":"Torrent","moves":["stealthrock","scald","defog","roar"],"nature":"Calm","evs":{"hp":252,"atk":0,"def":60,"spa":0,"spd":196,"spe":0},"ivs":{"hp":31,"atk":31,"def":31,"spa":31,"spd":31,"spe":31}},{"name":"Cloyster","species":"Cloyster","item":"focussash","ability":"Skill Link","moves":["shellsmash","iciclespear","iceshard","rockblast"],"nature":"Adamant","evs":{"hp":0,"atk":252,"def":0,"spa":0,"spd":4,"spe":252},"ivs":{"hp":31,"atk":31,"def":31,"spa":31,"spd":31,"spe":31}},{"name":"Starmie","species":"Starmie","item":"lifeorb","ability":"Analytic","moves":["hydropump","recover","psyshock","hiddenpowerfire"],"nature":"Quiet","evs":{"hp":0,"atk":0,"def":4,"spa":252,"spd":252,"spe":0},"ivs":{"hp":31,"atk":30,"def":31,"spa":30,"spd":31,"spe":30}},{"name":"Keldeo","species":"Keldeo","item":"leftovers","ability":"Justified","moves":["substitute","calmmind","scald","secretsword"],"nature":"Timid","evs":{"hp":0,"atk":0,"def":0,"spa":252,"spd":4,"spe":252},"ivs":{"hp":31,"atk":31,"def":31,"spa":31,"spd":31,"spe":31}}],"log":["|player|p1|SRITL- Skarlet|138","|player|p2|TwerkingDiglett|278","|gametype|singles","|gen|6","|tier|Monotype","|rated","|rule|Baton Pass Clause: Limit one Baton Passer, can't pass Spe and other stats simultaneously","|rule|Swagger Clause: Swagger is banned","|rule|Same Type Clause: Pokémon in a team must share a type","|clearpoke","|poke|p1|Swampert, M","|poke|p1|Manaphy, shiny","|poke|p1|Azumarill, F, shiny","|poke|p1|Cloyster, M, shiny","|poke|p1|Starmie, shiny","|poke|p1|Kingdra, M, shiny","|poke|p2|Lanturn, F","|poke|p2|Gyarados, F","|poke|p2|Empoleon, F","|poke|p2|Cloyster, M","|poke|p2|Starmie","|poke|p2|Keldeo","|rule|Sleep Clause Mod: Limit one foe put to sleep","|rule|Species Clause: Limit one of each Pokémon","|rule|OHKO Clause: OHKO moves are banned","|rule|Moody Clause: Moody is banned","|rule|Evasion Moves Clause: Evasion moves are banned","|rule|Endless Battle Clause: Forcing endless battles is banned","|rule|HP Percentage Mod: HP is shown in percentages","|teampreview","|","|start","|switch|p1a: Azumarill|Azumarill, F, shiny|404/404","|switch|p2a: Empoleon|Empoleon, F|372/372","|turn|1","|","|switch|p1a: Manaphy|Manaphy, shiny|341/341","|move|p2a: Empoleon|Stealth Rock|p1a: Manaphy","|-sidestart|p1: SRITL- Skarlet|move: Stealth Rock","|","|turn|2","|","|move|p1a: Manaphy|Tail Glow|p1a: Manaphy","|-boost|p1a: Manaphy|spa|3","|move|p2a: Empoleon|Roar|p1a: Manaphy","|drag|p1a: Starmie|Starmie, shiny|261/261","|-damage|p1a: Starmie|229/261|[from] Stealth Rock","|","|turn|3","|","|move|p1a: Starmie|Rapid Spin|p2a: Empoleon","|-resisted|p2a: Empoleon","|-damage|p2a: Empoleon|366/372","|-sideend|p1: SRITL- Skarlet|Stealth Rock|[from] move: Rapid Spin|[of] p1a: Starmie","|move|p2a: Empoleon|Roar|p1a: Starmie","|drag|p1a: Manaphy|Manaphy, shiny|341/341","|","|-heal|p2a: Empoleon|372/372|[from] item: Leftovers","|turn|4","|","|move|p1a: Manaphy|Energy Ball|p2a: Empoleon","|-damage|p2a: Empoleon|305/372","|move|p2a: Empoleon|Stealth Rock|p1a: Manaphy","|-sidestart|p1: SRITL- Skarlet|move: Stealth Rock","|","|-heal|p2a: Empoleon|328/372|[from] item: Leftovers","|turn|5","|","|move|p1a: Manaphy|Energy Ball|p2a: Empoleon","|-damage|p2a: Empoleon|255/372","|move|p2a: Empoleon|Scald|p1a: Manaphy","|-resisted|p1a: Manaphy","|-damage|p1a: Manaphy|286/341","|","|-heal|p2a: Empoleon|278/372|[from] item: Leftovers","|turn|6","|","|move|p1a: Manaphy|Tail Glow|p1a: Manaphy","|-boost|p1a: Manaphy|spa|3","|move|p2a: Empoleon|Scald|p1a: Manaphy","|-resisted|p1a: Manaphy","|-damage|p1a: Manaphy|235/341","|","|-heal|p2a: Empoleon|301/372|[from] item: Leftovers","|turn|7","|","|move|p1a: Manaphy|Energy Ball|p2a: Empoleon","|-damage|p2a: Empoleon|137/372","|-unboost|p2a: Empoleon|spd|1","|move|p2a: Empoleon|Roar|p1a: Manaphy","|drag|p1a: Azumarill|Azumarill, F, shiny|404/404","|-damage|p1a: Azumarill|354/404|[from] Stealth Rock","|","|-heal|p2a: Empoleon|160/372|[from] item: Leftovers","|turn|8","|","|move|p2a: Empoleon|Scald|p1a: Azumarill","|-resisted|p1a: Azumarill","|-damage|p1a: Azumarill|297/404","|-status|p1a: Azumarill|brn","|move|p1a: Azumarill|Waterfall|p2a: Empoleon","|-resisted|p2a: Empoleon","|-damage|p2a: Empoleon|116/372","|","|-heal|p2a: Empoleon|139/372|[from] item: Leftovers","|-damage|p1a: Azumarill|247/404 brn|[from] brn","|turn|9","|","|switch|p1a: Swampert|Swampert, M|403/403","|-damage|p1a: Swampert|378/403|[from] Stealth Rock","|move|p2a: Empoleon|Roar|p1a: Swampert","|drag|p1a: Starmie|Starmie, shiny|229/261","|-damage|p1a: Starmie|197/261|[from] Stealth Rock","|","|-heal|p2a: Empoleon|162/372|[from] item: Leftovers","|turn|10","|","|move|p1a: Starmie|Rapid Spin|p2a: Empoleon","|-resisted|p2a: Empoleon","|-damage|p2a: Empoleon|156/372","|-sideend|p1: SRITL- Skarlet|Stealth Rock|[from] move: Rapid Spin|[of] p1a: Starmie","|move|p2a: Empoleon|Scald|p1a: Starmie","|-crit|p1a: Starmie","|-resisted|p1a: Starmie","|-damage|p1a: Starmie|104/261","|-enditem|p1a: Starmie|Sitrus Berry|[eat]","|-heal|p1a: Starmie|169/261|[from] item: Sitrus Berry","|","|-heal|p2a: Empoleon|179/372|[from] item: Leftovers","|turn|11","|","|move|p1a: Starmie|Psychic|p2a: Empoleon","|-resisted|p2a: Empoleon","|-damage|p2a: Empoleon|104/372","|move|p2a: Empoleon|Scald|p1a: Starmie","|-crit|p1a: Starmie","|-resisted|p1a: Starmie","|-damage|p1a: Starmie|49/261","|-status|p1a: Starmie|brn","|","|-heal|p2a: Empoleon|127/372|[from] item: Leftovers","|-damage|p1a: Starmie|17/261 brn|[from] brn","|turn|12","|","|move|p1a: Starmie|Psychic|p2a: Empoleon","|-resisted|p2a: Empoleon","|-damage|p2a: Empoleon|49/372","|move|p2a: Empoleon|Roar|p1a: Starmie","|drag|p1a: Swampert|Swampert, M|378/403","|","|-heal|p2a: Empoleon|72/372|[from] item: Leftovers","|turn|13","|","|detailschange|p1a: Swampert|Swampert-Mega, M","|-mega|p1a: Swampert|Swampert|Swampertite","|move|p1a: Swampert|Earthquake|p2a: Empoleon","|-supereffective|p2a: Empoleon","|-damage|p2a: Empoleon|0 fnt","|faint|p2a: Empoleon","|","|","|switch|p2a: Gyarados|Gyarados, F|353/353","|-ability|p2a: Gyarados|Intimidate","|-unboost|p1a: Swampert|atk|1","|turn|14","|","|detailschange|p2a: Gyarados|Gyarados-Mega, F","|-mega|p2a: Gyarados|Gyarados|Gyaradosite","|-ability|p2a: Gyarados|Mold Breaker","|move|p2a: Gyarados|Dragon Dance|p2a: Gyarados","|-boost|p2a: Gyarados|atk|1","|-boost|p2a: Gyarados|spe|1","|move|p1a: Swampert|Power-Up Punch|p2a: Gyarados","|-supereffective|p2a: Gyarados","|-damage|p2a: Gyarados|279/353","|-boost|p1a: Swampert|atk|1","|","|turn|15","|","|move|p2a: Gyarados|Crunch|p1a: Swampert","|-crit|p1a: Swampert","|-damage|p1a: Swampert|66/403","|move|p1a: Swampert|Earthquake|p2a: Gyarados","|-damage|p2a: Gyarados|86/353","|","|turn|16","|","|move|p2a: Gyarados|Crunch|p1a: Swampert","|-damage|p1a: Swampert|0 fnt","|faint|p1a: Swampert","|","|","|switch|p1a: Starmie|Starmie, shiny|17/261","|turn|17","|","|move|p2a: Gyarados|Crunch|p1a: Starmie","|-crit|p1a: Starmie","|-supereffective|p1a: Starmie","|-damage|p1a: Starmie|0 fnt","|faint|p1a: Starmie","|","|","|switch|p1a: Azumarill|Azumarill, F, shiny|247/404 brn","|turn|18","|","|move|p2a: Gyarados|Waterfall|p1a: Azumarill","|-resisted|p1a: Azumarill","|-damage|p1a: Azumarill|103/404 brn","|-enditem|p1a: Azumarill|Sitrus Berry|[eat]","|-heal|p1a: Azumarill|204/404 brn|[from] item: Sitrus Berry","|move|p1a: Azumarill|Play Rough|p2a: Gyarados","|-supereffective|p2a: Gyarados","|-damage|p2a: Gyarados|0 fnt","|faint|p2a: Gyarados","|","|-damage|p1a: Azumarill|154/404 brn|[from] brn","|","|switch|p2a: Lanturn|Lanturn, F|401/401","|turn|19","|","|move|p2a: Lanturn|Scald|p1a: Azumarill","|-resisted|p1a: Azumarill","|-damage|p1a: Azumarill|112/404 brn","|move|p1a: Azumarill|Play Rough|p2a: Lanturn","|-damage|p2a: Lanturn|305/401","|","|-heal|p2a: Lanturn|330/401|[from] item: Leftovers","|-damage|p1a: Azumarill|62/404 brn|[from] brn","|turn|20","|","|move|p2a: Lanturn|Volt Switch|p1a: Azumarill","|-supereffective|p1a: Azumarill","|-damage|p1a: Azumarill|0 fnt","|faint|p1a: Azumarill","|","|switch|p2a: Starmie|Starmie|261/261","|","|","|switch|p1a: Manaphy|Manaphy, shiny|235/341","|turn|21","|","|move|p1a: Manaphy|Energy Ball|p2a: Starmie","|-supereffective|p2a: Starmie","|-damage|p2a: Starmie|89/261","|move|p2a: Starmie|Psyshock|p1a: Manaphy","|-damage|p1a: Manaphy|31/341","|-damage|p2a: Starmie|63/261|[from] item: Life Orb","|-enditem|p1a: Manaphy|Sitrus Berry|[eat]","|-heal|p1a: Manaphy|116/341|[from] item: Sitrus Berry","|","|turn|22","|","|move|p1a: Manaphy|Energy Ball|p2a: Starmie","|-crit|p2a: Starmie","|-supereffective|p2a: Starmie","|-damage|p2a: Starmie|0 fnt","|faint|p2a: Starmie","|","|","|switch|p2a: Keldeo|Keldeo|323/323","|turn|23","|","|move|p2a: Keldeo|Secret Sword|p1a: Manaphy","|-damage|p1a: Manaphy|0 fnt","|faint|p1a: Manaphy","|","|","|switch|p1a: Kingdra|Kingdra, M, shiny|354/354","|turn|24","|","|move|p2a: Keldeo|Calm Mind|p2a: Keldeo","|-boost|p2a: Keldeo|spa|1","|-boost|p2a: Keldeo|spd|1","|move|p1a: Kingdra|Focus Energy|p1a: Kingdra","|-start|p1a: Kingdra|move: Focus Energy","|","|turn|25","|","|move|p2a: Keldeo|Secret Sword|p1a: Kingdra","|-damage|p1a: Kingdra|114/354","|move|p1a: Kingdra|Dragon Pulse|p2a: Keldeo","|-crit|p2a: Keldeo","|-damage|p2a: Keldeo|20/323","|","|-heal|p2a: Keldeo|40/323|[from] item: Leftovers","|turn|26","|","|move|p2a: Keldeo|Secret Sword|p1a: Kingdra","|-damage|p1a: Kingdra|0 fnt","|faint|p1a: Kingdra","|","|-heal|p2a: Keldeo|60/323|[from] item: Leftovers","|","|switch|p1a: Cloyster|Cloyster, M, shiny|241/241","|turn|27","|","|move|p2a: Keldeo|Secret Sword|p1a: Cloyster","|-supereffective|p1a: Cloyster","|-enditem|p1a: Cloyster|Focus Sash","|-damage|p1a: Cloyster|1/241","|move|p1a: Cloyster|Shell Smash|p1a: Cloyster","|-unboost|p1a: Cloyster|def|1","|-unboost|p1a: Cloyster|spd|1","|-boost|p1a: Cloyster|atk|2","|-boost|p1a: Cloyster|spa|2","|-boost|p1a: Cloyster|spe|2","|","|-heal|p2a: Keldeo|80/323|[from] item: Leftovers","|turn|28","|","|move|p1a: Cloyster|Rock Blast|p2a: Keldeo","|-resisted|p2a: Keldeo","|-damage|p2a: Keldeo|53/323","|-resisted|p2a: Keldeo","|-damage|p2a: Keldeo|22/323","|-resisted|p2a: Keldeo","|-damage|p2a: Keldeo|0 fnt","|-hitcount|p2a: Keldeo|3","|faint|p2a: Keldeo","|","|","|switch|p2a: Cloyster|Cloyster, M|241/241","|turn|29","|","|move|p1a: Cloyster|Rock Blast|p2a: Cloyster","|-supereffective|p2a: Cloyster","|-damage|p2a: Cloyster|175/241","|-supereffective|p2a: Cloyster","|-damage|p2a: Cloyster|111/241","|-supereffective|p2a: Cloyster","|-damage|p2a: Cloyster|47/241","|-supereffective|p2a: Cloyster","|-damage|p2a: Cloyster|0 fnt","|-hitcount|p2a: Cloyster|4","|faint|p2a: Cloyster","|","|","|switch|p2a: Lanturn|Lanturn, F|330/401","|turn|30","|","|move|p1a: Cloyster|Rock Blast|p2a: Lanturn","|-damage|p2a: Lanturn|275/401","|-damage|p2a: Lanturn|224/401","|-damage|p2a: Lanturn|169/401","|-damage|p2a: Lanturn|114/401","|-damage|p2a: Lanturn|58/401","|-hitcount|p2a: Lanturn|5","|move|p2a: Lanturn|Scald|p1a: Cloyster","|-resisted|p1a: Cloyster","|-damage|p1a: Cloyster|0 fnt","|faint|p1a: Cloyster","|","|win|TwerkingDiglett"],"p1rating":{"entryid":"59207","serverid":"eos","formatid":"monotype","userid":"sritlskarlet","username":"SRITL- Skarlet","w":"4","l":6,"t":"0","gxe":44.7,"r":"1500","rd":"92.92581250605","sigma":"0","rptime":"1439974800","rpr":1459.0550416507,"rprd":87.718172560117,"rpsigma":"0","acre":1032.6977852826,"lacre":1032.6977852826,"oldacre":"1053.4699134795"},"p2rating":{"entryid":"114657","serverid":"eos","formatid":"monotype","userid":"twerkingdiglett","username":"TwerkingDiglett","w":1,"l":"2","t":"0","gxe":46,"r":"1500","rd":"130","sigma":"0","rptime":"1439974800","rpr":1468.3677987242,"rprd":111.14454288993,"rpsigma":"0","acre":1046.1078064575,"lacre":1046.1078064575,"oldacre":"1000"},"endType":"normal"}