{"seed":[9863,12847,6029,5483],"turns":31,"p1":"Guard Wulf","p2":"Seven Swell","p1team":[{"name":"Conkeldurr","species":"Conkeldurr","item":"assaultvest","ability":"Guts","moves":["drainpunch","icepunch","machpunch","knockoff"],"nature":"Adamant","evs":{"hp":240,"atk":252,"def":0,"spa":0,"spd":16,"spe":0},"ivs":{"hp":31,"atk":31,"def":31,"spa":31,"spd":31,"spe":31}},{"name":"Keldeo-Resolute","species":"Keldeo-Resolute","item":"choicespecs","ability":"Justified","moves":["scald","icywind","hydropump","secretsword"],"nature":"Timid","evs":{"hp":0,"atk":0,"def":0,"spa":252,"spd":4,"spe":252},"ivs":{"hp":31,"atk":31,"def":31,"spa":31,"spd":31,"spe":31}},{"name":"Terrakion","species":"Terrakion","item":"choicescarf","ability":"Justified","moves":["closecombat","earthquake","stoneedge","poisonjab"],"nature":"Jolly","evs":{"hp":0,"atk":252,"def":0,"spa":0,"spd":4,"spe":252},"ivs":{"hp":31,"atk":31,"def":31,"spa":31,"spd":31,"spe":31}},{"name":"Breloom","species":"Breloom","item":"focussash","ability":"Technician","moves":["spore","swordsdance","machpunch","bulletseed"],"nature":"Jolly","evs":{"hp":0,"atk":252,"def":0,"spa":0,"spd":4,"spe":252},"ivs":{"hp":31,"atk":31,"def":31,"spa":31,"spd":31,"spe":31}},{"name":"Medicham","species":"Medicham","item":"medichamite","ability":"Pure Power","moves":["fakeout","bulletpunch","drainpunch","icepunch"],"nature":"Serious","evs":{"hp":0,"atk":252,"def":0,"spa":0,"spd":4,"spe":252},"ivs":{"hp":31,"atk":31,"def":31,"spa":31,"spd":31,"spe":31}},{"name":"Lucario","species":"Lucario","item":"lifeorb","ability":"Inner Focus","moves":["flashcannon","vacuumwave","darkpulse","aurasphere"],"nature":"Timid","evs":{"hp":0,"atk":0,"def":0,"spa":252,"spd":4,"spe":252},"ivs":{"hp":31,"atk":31,"def":31,"spa":31,"spd":31,"spe":31}}],"p2team":[{"name":"Mew","species":"Mew","item":"leftovers","ability":"Synchronize","moves":["roost","toxic","healbell","aurasphere"],"nature":"Calm","evs":{"hp":252,"atk":0,"def":0,"spa":4,"spd":252,"spe":0},"ivs":{"hp":31,"atk":31,"def":31,"spa":31,"spd":31,"spe":31}},{"name":"Slowbro","species":"Slowbro","item":"rockyhelmet","ability":"Regenerator","moves":["scald","yawn","flamethrower","slackoff"],"nature":"Bold","evs":{"hp":252,"atk":0,"def":252,"spa":4,"spd":0,"spe":0},"ivs":{"hp":31,"atk":31,"def":31,"spa":31,"spd":31,"spe":31}},{"name":"Deoxys-Speed","species":"Deoxys-Speed","item":"focussash","ability":"Pressure","moves":["stealthrock","thunderbolt","thunderwave","icebeam"],"nature":"Timid","evs":{"hp":252,"atk":0,"def":0,"spa":44,"spd":0,"spe":212},"ivs":{"hp":31,"atk":31,"def":31,"spa":31,"spd":31,"spe":31}},{"name":"Latias","species":"Latias","item":"leftovers","ability":"Levitate","moves":["dracometeor","psyshock","roost","defog"],"nature":"Timid","evs":{"hp":252,"atk":0,"def":0,"spa":4,"spd":0,"spe":252},"ivs":{"hp":31,"atk":31,"def":31,"spa":31,"spd":31,"spe":31}},{"name":"Hoopa-Unbound","species":"Hoopa-Unbound","item":"focussash","ability":"Magician","moves":["hyperspacefury","drainpunch","firepunch","gunkshot"],"nature":"Adamant","evs":{"hp":0,"atk":252,"def":0,"spa":0,"spd":4,"spe":252},"ivs":{"hp":31,"atk":31,"def":31,"spa":31,"spd":31,"spe":31}},{"name":"Gardevoir","species":"Gardevoir","item":"gardevoirite","ability":"Trace","moves":["hypervoice","psyshock","shadowball","taunt"],"nature":"Timid","evs":{"hp":0,"atk":0,"def":0,"spa":252,"spd":4,"spe":252},"ivs":{"hp":31,"atk":31,"def":31,"spa":31,"spd":31,"spe":31}}],"log":["|player|p1|Guard Wulf|143","|player|p2|Seven Swell|sevenswell.png","|gametype|singles","|gen|6","|tier|Monotype","|rated","|rule|Baton Pass Clause: Limit one Baton Passer, can't pass Spe and other stats simultaneously","|rule|Swagger Clause: Swagger is banned","|rule|Same Type Clause: Pokémon in a team must share a type","|clearpoke","|poke|p1|Conkeldurr, F","|poke|p1|Keldeo-Resolute","|poke|p1|Terrakion","|poke|p1|Breloom, M","|poke|p1|Medicham, M","|poke|p1|Lucario, F","|poke|p2|Mew","|poke|p2|Slowbro, F","|poke|p2|Deoxys-Speed","|poke|p2|Latias, F","|poke|p2|Hoopa-Unbound","|poke|p2|Gardevoir, F","|rule|Sleep Clause Mod: Limit one foe put to sleep","|rule|Species Clause: Limit one of each Pokémon","|rule|OHKO Clause: OHKO moves are banned","|rule|Moody Clause: Moody is banned","|rule|Evasion Moves Clause: Evasion moves are banned","|rule|Endless Battle Clause: Forcing endless battles is banned","|rule|HP Percentage Mod: HP is shown in percentages","|teampreview","|","|start","|switch|p1a: Breloom|Breloom, M|261/261","|switch|p2a: Gardevoir|Gardevoir, F|277/277","|-ability|p2a: Gardevoir|Technician|[from] ability: Trace|[of] p1a: Breloom","|turn|1","|","|detailschange|p2a: Gardevoir|Gardevoir-Mega, F","|-mega|p2a: Gardevoir|Gardevoir|Gardevoirite","|move|p2a: Gardevoir|Taunt|p1a: Breloom","|-start|p1a: Breloom|move: Taunt","|cant|p1a: Breloom|move: Taunt|Spore","|","|turn|2","|","|switch|p1a: Conkeldurr|Conkeldurr, F|411/411","|move|p2a: Gardevoir|Hyper Voice|p1a: Conkeldurr","|-supereffective|p1a: Conkeldurr","|-damage|p1a: Conkeldurr|0 fnt","|faint|p1a: Conkeldurr","|","|","|switch|p1a: Medicham|Medicham, M|261/261","|turn|3","|","|switch|p2a: Slowbro|Slowbro, F|394/394","|detailschange|p1a: Medicham|Medicham-Mega, M","|-mega|p1a: Medicham|Medicham|Medichamite","|move|p1a: Medicham|Fake Out|p2a: Slowbro","|-damage|p2a: Slowbro|341/394","|-damage|p1a: Medicham|218/261|[from] item: Rocky Helmet|[of] p2a: Slowbro","|","|turn|4","|","|switch|p1a: Breloom|Breloom, M|261/261","|move|p2a: Slowbro|Yawn|p1a: Breloom","|-start|p1a: Breloom|move: Yawn|[of] p2a: Slowbro","|","|turn|5","|","|switch|p1a: Lucario|Lucario, F|281/281","|switch|p2a: Latias|Latias, F|364/364","|","|turn|6","|","|move|p2a: Latias|Psyshock|p1a: Lucario","|-damage|p1a: Lucario|145/281","|move|p1a: Lucario|Dark Pulse|p2a: Latias","|-supereffective|p2a: Latias","|-damage|p2a: Latias|185/364","|-damage|p1a: Lucario|117/281|[from] item: Life Orb","|","|-heal|p2a: Latias|207/364|[from] item: Leftovers","|turn|7","|","|move|p1a: Lucario|Vacuum Wave|p2a: Latias","|-resisted|p2a: Latias","|-damage|p2a: Latias|172/364","|-damage|p1a: Lucario|89/281|[from] item: Life Orb","|move|p2a: Latias|Psyshock|p1a: Lucario","|-damage|p1a: Lucario|0 fnt","|faint|p1a: Lucario","|","|-heal|p2a: Latias|194/364|[from] item: Leftovers","|","|switch|p1a: Medicham|Medicham-Mega, M|218/261","|turn|8","|","|switch|p2a: Slowbro|Slowbro, F|394/394","|move|p1a: Medicham|Fake Out|p2a: Slowbro","|-damage|p2a: Slowbro|337/394","|-damage|p1a: Medicham|175/261|[from] item: Rocky Helmet|[of] p2a: Slowbro","|","|turn|9","|","|move|p1a: Medicham|Drain Punch|p2a: Slowbro","|-resisted|p2a: Slowbro","|-damage|p2a: Slowbro|265/394","|-heal|p1a: Medicham|211/261|[from] drain|[of] p2a: Slowbro","|-damage|p1a: Medicham|168/261|[from] item: Rocky Helmet|[of] p2a: Slowbro","|move|p2a: Slowbro|Flamethrower|p1a: Medicham","|-damage|p1a: Medicham|84/261","|","|turn|10","|","|switch|p1a: Breloom|Breloom, M|261/261","|move|p2a: Slowbro|Yawn|p1a: Breloom","|-start|p1a: Breloom|move: Yawn|[of] p2a: Slowbro","|","|turn|11","|","|switch|p1a: Keldeo-Resolute|Keldeo-Resolute|323/323","|switch|p2a: Mew|Mew|404/404","|","|turn|12","|","|move|p1a: Keldeo-Resolute|Hydro Pump|p2a: Mew","|-damage|p2a: Mew|179/404","|move|p2a: Mew|Toxic|p1a: Keldeo-Resolute","|-status|p1a: Keldeo-Resolute|tox","|","|-heal|p2a: Mew|204/404|[from] item: Leftovers","|-damage|p1a: Keldeo-Resolute|303/323 tox|[from] psn","|turn|13","|","|move|p1a: Keldeo-Resolute|Hydro Pump|p2a: Mew","|-damage|p2a: Mew|5/404","|move|p2a: Mew|Aura Sphere|p1a: Keldeo-Resolute","|-damage|p1a: Keldeo-Resolute|234/323 tox","|","|-heal|p2a: Mew|30/404|[from] item: Leftovers","|-damage|p1a: Keldeo-Resolute|194/323 tox|[from] psn","|turn|14","|","|switch|p2a: Latias|Latias, F|194/364","|move|p1a: Keldeo-Resolute|Hydro Pump|p2a: Latias","|-resisted|p2a: Latias","|-damage|p2a: Latias|74/364","|","|-heal|p2a: Latias|96/364|[from] item: Leftovers","|-damage|p1a: Keldeo-Resolute|134/323 tox|[from] psn","|turn|15","|","|move|p2a: Latias|Roost|p2a: Latias","|-heal|p2a: Latias|278/364","|move|p1a: Keldeo-Resolute|Hydro Pump|p2a: Latias","|-resisted|p2a: Latias","|-damage|p2a: Latias|164/364","|","|-heal|p2a: Latias|186/364|[from] item: Leftovers","|-damage|p1a: Keldeo-Resolute|54/323 tox|[from] psn","|turn|16","|","|move|p2a: Latias|Psyshock|p1a: Keldeo-Resolute","|-supereffective|p1a: Keldeo-Resolute","|-damage|p1a: Keldeo-Resolute|0 fnt","|faint|p1a: Keldeo-Resolute","|","|-heal|p2a: Latias|208/364|[from] item: Leftovers","|","|switch|p1a: Breloom|Breloom, M|261/261","|turn|17","|","|move|p2a: Latias|Psyshock|p1a: Breloom","|-supereffective|p1a: Breloom","|-damage|p1a: Breloom|1/261","|move|p1a: Breloom|Spore|p2a: Latias","|-status|p2a: Latias|slp","|","|-heal|p2a: Latias|230/364 slp|[from] item: Leftovers","|turn|18","|","|switch|p2a: Deoxys-Speed|Deoxys-Speed|304/304","|-ability|p2a: Deoxys-Speed|Pressure","|move|p1a: Breloom|Swords Dance|p1a: Breloom","|-boost|p1a: Breloom|atk|2","|","|turn|19","|","|move|p1a: Breloom|Mach Punch|p2a: Deoxys-Speed","|-resisted|p2a: Deoxys-Speed","|-damage|p2a: Deoxys-Speed|193/304","|move|p2a: Deoxys-Speed|Ice Beam|p1a: Breloom","|-supereffective|p1a: Breloom","|-damage|p1a: Breloom|0 fnt","|faint|p1a: Breloom","|","|","|switch|p1a: Terrakion|Terrakion|323/323","|turn|20","|","|move|p1a: Terrakion|Stone Edge|p2a: Deoxys-Speed","|-damage|p2a: Deoxys-Speed|0 fnt","|faint|p2a: Deoxys-Speed","|","|","|switch|p2a: Hoopa-Unbound|Hoopa-Unbound|301/301","|turn|21","|","|move|p1a: Terrakion|Stone Edge|p2a: Hoopa-Unbound","|-damage|p2a: Hoopa-Unbound|25/301","|move|p2a: Hoopa-Unbound|Drain Punch|p1a: Terrakion","|-supereffective|p1a: Terrakion","|-damage|p1a: Terrakion|77/323","|-heal|p2a: Hoopa-Unbound|148/301|[from] drain|[of] p1a: Terrakion","|","|turn|22","|","|move|p1a: Terrakion|Stone Edge|p2a: Hoopa-Unbound","|-damage|p2a: Hoopa-Unbound|0 fnt","|faint|p2a: Hoopa-Unbound","|","|","|switch|p2a: Latias|Latias, F|230/364 slp","|turn|23","|","|move|p1a: Terrakion|Stone Edge|p2a: Latias","|-damage|p2a: Latias|50/364 slp","|cant|p2a: Latias|slp","|","|-heal|p2a: Latias|72/364 slp|[from] item: Leftovers","|turn|24","|","|move|p1a: Terrakion|Stone Edge|p2a: Latias|[miss]","|-miss|p1a: Terrakion|p2a: Latias","|cant|p2a: Latias|slp","|","|-heal|p2a: Latias|94/364 slp|[from] item: Leftovers","|turn|25","|","|move|p1a: Terrakion|Stone Edge|p2a: Latias","|-crit|p2a: Latias","|-damage|p2a: Latias|0 fnt","|faint|p2a: Latias","|","|","|switch|p2a: Mew|Mew|30/404","|turn|26","|","|move|p1a: Terrakion|Stone Edge|p2a: Mew","|-damage|p2a: Mew|0 fnt","|faint|p2a: Mew","|","|","|switch|p2a: Slowbro|Slowbro, F|394/394","|turn|27","|","|-activate|p1a: Terrakion|move: Struggle","|move|p1a: Terrakion|Struggle|p2a: Slowbro","|-damage|p2a: Slowbro|351/394","|-damage|p1a: Terrakion|24/323|[from] item: Rocky Helmet|[of] p2a: Slowbro","|-damage|p1a: Terrakion|0 fnt|[from] recoil","|faint|p1a: Terrakion","|move|p2a: Slowbro|Scald|p1: Terrakion|[notarget]","|-notarget","|","|","|switch|p1a: Medicham|Medicham-Mega, M|84/261","|turn|28","|","|move|p1a: Medicham|Fake Out|p2a: Slowbro","|-damage|p2a: Slowbro|292/394","|-damage|p1a: Medicham|41/261|[from] item: Rocky Helmet|[of] p2a: Slowbro","|cant|p2a: Slowbro|flinch","|","|turn|29","|","|move|p1a: Medicham|Drain Punch|p2a: Slowbro","|-resisted|p2a: Slowbro","|-damage|p2a: Slowbro|217/394","|-heal|p1a: Medicham|79/261|[from] drain|[of] p2a: Slowbro","|-damage|p1a: Medicham|36/261|[from] item: Rocky Helmet|[of] p2a: Slowbro","|move|p2a: Slowbro|Yawn|p1a: Medicham","|-start|p1a: Medicham|move: Yawn|[of] p2a: Slowbro","|","|turn|30","|","|move|p1a: Medicham|Drain Punch|p2a: Slowbro","|-resisted|p2a: Slowbro","|-damage|p2a: Slowbro|146/394","|-heal|p1a: Medicham|72/261|[from] drain|[of] p2a: Slowbro","|-damage|p1a: Medicham|29/261|[from] item: Rocky Helmet|[of] p2a: Slowbro","|move|p2a: Slowbro|Slack Off|p2a: Slowbro","|-heal|p2a: Slowbro|343/394","|","|-end|p1a: Medicham|move: Yawn|[silent]","|-status|p1a: Medicham|slp","|turn|31","|","|cant|p1a: Medicham|slp","|move|p2a: Slowbro|Scald|p1a: Medicham","|-damage|p1a: Medicham|0 fnt","|faint|p1a: Medicham","|","|win|Seven Swell"],"p1rating":{"entryid":152473,"formatid":"monotype","userid":"guardwulf","username":"Guard Wulf","r":1500,"rd":130,"sigma":0,"rpr":1466.5835353873,"rprd":122.73282482137,"rpsigma":0,"rptime":1439974800,"w":0,"l":1,"t":0,"gxe":45.8,"acre":1000,"lacre":1000,"oldacre":1000},"p2rating":{"entryid":"86214","serverid":"eos","formatid":"monotype","userid":"sevenswell","username":"Seven Swell","w":12,"l":"2","t":"0","gxe":69.3,"r":"1569.9288341314","rd":"103.18022619217","sigma":"0","rptime":"1439974800","rpr":1657.3392056267,"rprd":80.221831851584,"rpsigma":"0","acre":1207.7526450411,"lacre":1207.7526450411,"oldacre":"1195.5020994579"},"endType":"normal"}