{"seed":[35506,3637,15297,12055],"turns":20,"p1":"Kah521","p2":"Alliance - Contort","p1team":[{"name":"Ft. Us","species":"mew","item":"leftovers","ability":"Synchronize","moves":["bulkup","drainpunch","zenheadbutt","roost"],"nature":"Careful","evs":{"hp":252,"atk":4,"def":0,"spa":0,"spd":252,"spe":0},"ivs":{"hp":31,"atk":31,"def":31,"spa":31,"spd":31,"spe":31}},{"name":"I will fuck you.","species":"jirachi","item":"leftovers","ability":"Serene Grace","moves":["ironhead","stealthrock","uturn","firepunch"],"nature":"Careful","evs":{"hp":252,"atk":0,"def":0,"spa":0,"spd":176,"spe":80},"ivs":{"hp":31,"atk":31,"def":31,"spa":31,"spd":31,"spe":31}},{"name":"A good prankster","species":"meowstic","item":"lightclay","ability":"Prankster","moves":["lightscreen","reflect","thunderwave","darkpulse"],"nature":"Timid","evs":{"hp":252,"atk":0,"def":0,"spa":4,"spd":0,"spe":252},"shiny":true,"ivs":{"hp":31,"atk":31,"def":31,"spa":31,"spd":31,"spe":31}},{"name":"Aero","species":"latios","item":"choicespecs","ability":"Levitate","moves":["dracometeor","psychic","psyshock","thunderbolt"],"nature":"Timid","evs":{"hp":4,"atk":0,"def":0,"spa":252,"spd":0,"spe":252},"shiny":true,"ivs":{"hp":31,"atk":31,"def":31,"spa":31,"spd":31,"spe":31}},{"name":"Latias","species":"Latias","item":"latiasite","ability":"Levitate","moves":["roost","reflect","calmmind","storedpower"],"nature":"Bold","evs":{"hp":248,"atk":0,"def":84,"spa":0,"spd":0,"spe":176},"ivs":{"hp":31,"atk":31,"def":31,"spa":31,"spd":31,"spe":31}},{"name":"Hoopa-Unbound","species":"Hoopa-Unbound","item":"leftovers","ability":"Magician","moves":["substitute","hyperspacefury","gunkshot","drainpunch"],"nature":"Jolly","evs":{"hp":4,"atk":252,"def":0,"spa":0,"spd":0,"spe":252},"ivs":{"hp":31,"atk":31,"def":31,"spa":31,"spd":31,"spe":31}}],"p2team":[{"name":"Scolipede","species":"Scolipede","item":"lifeorb","ability":"Speed Boost","moves":["protect","rockslide","megahorn","earthquake"],"nature":"Jolly","evs":{"hp":0,"atk":252,"def":0,"spa":0,"spd":4,"spe":252},"ivs":{"hp":31,"atk":31,"def":31,"spa":31,"spd":31,"spe":31}},{"name":"Heracross","species":"Heracross","item":"heracronite","ability":"Moxie","moves":["pinmissile","bulletseed","rockblast","closecombat"],"nature":"Adamant","evs":{"hp":0,"atk":252,"def":0,"spa":0,"spd":4,"spe":252},"ivs":{"hp":31,"atk":31,"def":31,"spa":31,"spd":31,"spe":31}},{"name":"Volcarona","species":"Volcarona","item":"lumberry","ability":"Flame Body","moves":["quiverdance","fierydance","roost","bugbuzz"],"nature":"Timid","evs":{"hp":4,"atk":0,"def":0,"spa":252,"spd":0,"spe":252},"ivs":{"hp":31,"atk":31,"def":31,"spa":31,"spd":31,"spe":31}},{"name":"Forretress","species":"Forretress","item":"redcard","ability":"Sturdy","moves":["gyroball","stealthrock","rapidspin","voltswitch"],"nature":"Relaxed","evs":{"hp":248,"atk":8,"def":252,"spa":0,"spd":0,"spe":0},"ivs":{"hp":31,"atk":31,"def":31,"spa":31,"spd":31,"spe":0}},{"name":"Genesect","species":"Genesect","item":"choicescarf","ability":"Download","moves":["uturn","ironhead","icebeam","flamethrower"],"nature":"Hasty","evs":{"hp":0,"atk":4,"def":0,"spa":252,"spd":0,"spe":252},"ivs":{"hp":31,"atk":31,"def":31,"spa":31,"spd":31,"spe":31}},{"name":"Galvantula","species":"Galvantula","item":"focussash","ability":"Compound Eyes","moves":["thunder","stickyweb","gigadrain","bugbuzz"],"nature":"Timid","evs":{"hp":0,"atk":0,"def":0,"spa":252,"spd":4,"spe":252},"ivs":{"hp":31,"atk":31,"def":31,"spa":31,"spd":31,"spe":31}}],"log":["|player|p1|Kah521|kah521.png","|player|p2|Alliance - Contort|alliancecontort.png","|gametype|singles","|gen|6","|tier|Monotype","|rated","|rule|Baton Pass Clause: Limit one Baton Passer, can't pass Spe and other stats simultaneously","|rule|Swagger Clause: Swagger is banned","|rule|Same Type Clause: Pokémon in a team must share a type","|clearpoke","|poke|p1|Mew","|poke|p1|Jirachi","|poke|p1|Meowstic, M, shiny","|poke|p1|Latios, M, shiny","|poke|p1|Latias, F","|poke|p1|Hoopa-Unbound","|poke|p2|Scolipede, M","|poke|p2|Heracross, M","|poke|p2|Volcarona, M","|poke|p2|Forretress, F","|poke|p2|Genesect-*","|poke|p2|Galvantula, M","|rule|Sleep Clause Mod: Limit one foe put to sleep","|rule|Species Clause: Limit one of each Pokémon","|rule|OHKO Clause: OHKO moves are banned","|rule|Moody Clause: Moody is banned","|rule|Evasion Moves Clause: Evasion moves are banned","|rule|Endless Battle Clause: Forcing endless battles is banned","|rule|HP Percentage Mod: HP is shown in percentages","|teampreview","|","|start","|switch|p1a: I will fuck you.|Jirachi|404/404","|switch|p2a: Heracross|Heracross, M|301/301","|turn|1","|","|switch|p2a: Forretress|Forretress, F|353/353","|move|p1a: I will fuck you.|Fire Punch|p2a: Forretress","|-supereffective|p2a: Forretress","|-damage|p2a: Forretress|221/353","|-status|p2a: Forretress|brn","|-enditem|p2a: Forretress|Red Card|[of] p1a: I will fuck you.","|drag|p1a: A good prankster|Meowstic, M, shiny|352/352","|","|-damage|p2a: Forretress|177/353 brn|[from] brn","|turn|2","|","|move|p1a: A good prankster|Light Screen|p1a: A good prankster","|-sidestart|p1: Kah521|move: Light Screen","|move|p2a: Forretress|Stealth Rock|p1a: A good prankster","|-sidestart|p1: Kah521|move: Stealth Rock","|","|-damage|p2a: Forretress|133/353 brn|[from] brn","|turn|3","|","|move|p1a: A good prankster|Reflect|p1a: A good prankster","|-sidestart|p1: Kah521|Reflect","|move|p2a: Forretress|Volt Switch|p1a: A good prankster","|-damage|p1a: A good prankster|330/352","|","|switch|p2a: Heracross|Heracross, M|301/301","|","|turn|4","|","|detailschange|p2a: Heracross|Heracross-Mega, M","|-mega|p2a: Heracross|Heracross|Heracronite","|move|p1a: A good prankster|Thunder Wave|p2a: Heracross","|-status|p2a: Heracross|par","|move|p2a: Heracross|Pin Missile|p1a: A good prankster","|-supereffective|p1a: A good prankster","|-damage|p1a: A good prankster|251/352","|-supereffective|p1a: A good prankster","|-damage|p1a: A good prankster|167/352","|-supereffective|p1a: A good prankster","|-damage|p1a: A good prankster|92/352","|-supereffective|p1a: A good prankster","|-damage|p1a: A good prankster|8/352","|-supereffective|p1a: A good prankster","|-damage|p1a: A good prankster|0 fnt","|-hitcount|p1a: A good prankster|5","|faint|p1a: A good prankster","|","|","|switch|p1a: Aero|Latios, M, shiny|302/302","|-damage|p1a: Aero|265/302|[from] Stealth Rock","|turn|5","|","|switch|p2a: Forretress|Forretress, F|133/353 brn","|move|p1a: Aero|Psychic|p2a: Forretress","|-resisted|p2a: Forretress","|-damage|p2a: Forretress|0 fnt","|faint|p2a: Forretress","|","|","|switch|p2a: Genesect|Genesect|283/283","|-boost|p2a: Genesect|atk|1|[from] ability: Download","|turn|6","|","|move|p2a: Genesect|U-turn|p1a: Aero","|-supereffective|p1a: Aero","|-damage|p1a: Aero|94/302","|","|switch|p2a: Volcarona|Volcarona, M|312/312","|move|p1a: Aero|Psychic|p2a: Volcarona","|-damage|p2a: Volcarona|98/312","|","|turn|7","|","|move|p1a: Aero|Psychic|p2a: Volcarona","|-damage|p2a: Volcarona|0 fnt","|faint|p2a: Volcarona","|","|","|switch|p2a: Genesect|Genesect|283/283","|-boost|p2a: Genesect|atk|1|[from] ability: Download","|turn|8","|","|move|p2a: Genesect|U-turn|p1a: Aero","|-supereffective|p1a: Aero","|-damage|p1a: Aero|0 fnt","|faint|p1a: Aero","|","|switch|p2a: Galvantula|Galvantula, M|281/281","|","|","|switch|p1a: I will fuck you.|Jirachi|404/404","|-damage|p1a: I will fuck you.|379/404|[from] Stealth Rock","|turn|9","|","|move|p2a: Galvantula|Sticky Web|p1a: I will fuck you.","|-sidestart|p1: Kah521|move: Sticky Web","|move|p1a: I will fuck you.|Stealth Rock|p2a: Galvantula","|-sidestart|p2: Alliance - Contort|move: Stealth Rock","|","|-heal|p1a: I will fuck you.|404/404|[from] item: Leftovers","|-sideend|p1: Kah521|move: Light Screen","|turn|10","|","|move|p2a: Galvantula|Thunder|p1a: I will fuck you.","|-crit|p1a: I will fuck you.","|-damage|p1a: I will fuck you.|233/404","|move|p1a: I will fuck you.|Fire Punch|p2a: Galvantula","|-supereffective|p2a: Galvantula","|-damage|p2a: Galvantula|87/281","|","|-heal|p1a: I will fuck you.|258/404|[from] item: Leftovers","|-sideend|p1: Kah521|Reflect","|turn|11","|","|move|p2a: Galvantula|Thunder|p1a: I will fuck you.","|-damage|p1a: I will fuck you.|132/404","|move|p1a: I will fuck you.|Fire Punch|p2a: Galvantula","|-supereffective|p2a: Galvantula","|-damage|p2a: Galvantula|0 fnt","|faint|p2a: Galvantula","|","|-heal|p1a: I will fuck you.|157/404|[from] item: Leftovers","|","|switch|p2a: Genesect|Genesect|283/283","|-damage|p2a: Genesect|248/283|[from] Stealth Rock","|-boost|p2a: Genesect|atk|1|[from] ability: Download","|turn|12","|","|move|p2a: Genesect|Flamethrower|p1a: I will fuck you.","|-supereffective|p1a: I will fuck you.","|-damage|p1a: I will fuck you.|0 fnt","|faint|p1a: I will fuck you.","|","|","|switch|p1a: Latias|Latias, F|363/363","|-damage|p1a: Latias|318/363|[from] Stealth Rock","|turn|13","|","|switch|p2a: Heracross|Heracross-Mega, M|301/301 par","|-damage|p2a: Heracross|264/301 par|[from] Stealth Rock","|detailschange|p1a: Latias|Latias-Mega, F","|-mega|p1a: Latias|Latias|Latiasite","|move|p1a: Latias|Calm Mind|p1a: Latias","|-boost|p1a: Latias|spa|1","|-boost|p1a: Latias|spd|1","|","|turn|14","|","|move|p1a: Latias|Calm Mind|p1a: Latias","|-boost|p1a: Latias|spa|1","|-boost|p1a: Latias|spd|1","|cant|p2a: Heracross|par","|","|turn|15","|","|move|p1a: Latias|Stored Power|p2a: Heracross","|-supereffective|p2a: Heracross","|-damage|p2a: Heracross|0 fnt","|faint|p2a: Heracross","|","|","|switch|p2a: Genesect|Genesect|248/283","|-damage|p2a: Genesect|213/283|[from] Stealth Rock","|-boost|p2a: Genesect|atk|1|[from] ability: Download","|turn|16","|","|move|p2a: Genesect|U-turn|p1a: Latias","|-supereffective|p1a: Latias","|-damage|p1a: Latias|120/363","|","|switch|p2a: Scolipede|Scolipede, M|261/261","|-damage|p2a: Scolipede|196/261|[from] Stealth Rock","|move|p1a: Latias|Stored Power|p2a: Scolipede","|-supereffective|p2a: Scolipede","|-damage|p2a: Scolipede|0 fnt","|faint|p2a: Scolipede","|","|","|switch|p2a: Genesect|Genesect|213/283","|-damage|p2a: Genesect|178/283|[from] Stealth Rock","|-boost|p2a: Genesect|atk|1|[from] ability: Download","|turn|17","|","|move|p2a: Genesect|U-turn|p1a: Latias","|-supereffective|p1a: Latias","|-damage|p1a: Latias|0 fnt","|faint|p1a: Latias","|","|","|switch|p1a: Ft. Us|Mew|404/404","|-damage|p1a: Ft. Us|354/404|[from] Stealth Rock","|-activate|p1a: Ft. Us|move: Sticky Web","|-unboost|p1a: Ft. Us|spe|1","|turn|18","|","|move|p2a: Genesect|U-turn|p1a: Ft. Us","|-supereffective|p1a: Ft. Us","|-damage|p1a: Ft. Us|48/404","|move|p1a: Ft. Us|Drain Punch|p2a: Genesect","|-damage|p2a: Genesect|106/283","|-heal|p1a: Ft. Us|84/404|[from] drain|[of] p2a: Genesect","|","|-heal|p1a: Ft. Us|109/404|[from] item: Leftovers","|turn|19","|","|move|p2a: Genesect|U-turn|p1a: Ft. Us","|-supereffective|p1a: Ft. Us","|-damage|p1a: Ft. Us|0 fnt","|faint|p1a: Ft. Us","|","|","|switch|p1a: Hoopa-Unbound|Hoopa-Unbound|302/302","|-damage|p1a: Hoopa-Unbound|265/302|[from] Stealth Rock","|-activate|p1a: Hoopa-Unbound|move: Sticky Web","|-unboost|p1a: Hoopa-Unbound|spe|1","|turn|20","|","|move|p2a: Genesect|U-turn|p1a: Hoopa-Unbound","|-crit|p1a: Hoopa-Unbound","|-supereffective|p1a: Hoopa-Unbound","|-damage|p1a: Hoopa-Unbound|0 fnt","|faint|p1a: Hoopa-Unbound","|","|win|Alliance - Contort"],"p1rating":{"entryid":"98502","serverid":"eos","formatid":"monotype","userid":"kah521","username":"Kah521","w":"1","l":1,"t":"0","gxe":50,"r":"1540.1606143388","rd":"122.8583080769","sigma":"0","rptime":"1439974800","rpr":1499.970724027,"rprd":116.84146468108,"rpsigma":"0","acre":1030.1951992394,"lacre":1030.1951992394,"oldacre":"1042.0757207482"},"p2rating":{"entryid":"124734","serverid":"eos","formatid":"monotype","userid":"alliancecontort","username":"Alliance - Contort","w":7,"l":"1","t":"0","gxe":66.8,"r":"1500","rd":"130","sigma":"0","rptime":"1439974800","rpr":1635.8982751142,"rprd":92.765404010419,"rpsigma":"0","acre":1157.0923719671,"lacre":1157.0923719671,"oldacre":"1138.883401526"},"endType":"normal"}