{"seed":[62984,43864,39153,64023],"turns":30,"p1":"Knight Miku","p2":"Crystal★Tempo","p1team":[{"name":"Dargon Goon 1","species":"kyuremblack","item":"choicescarf","ability":"Teravolt","moves":["outrage","earthpower","fusionbolt","ironhead"],"nature":"Naive","evs":{"hp":0,"atk":252,"def":0,"spa":24,"spd":0,"spe":232},"ivs":{"hp":31,"atk":31,"def":31,"spa":31,"spd":31,"spe":31}},{"name":"Dargon Goon 2","species":"garchomp","item":"rockyhelmet","ability":"Rough Skin","moves":["stealthrock","endure","dragontail","toxic"],"nature":"Impish","evs":{"hp":248,"atk":4,"def":252,"spa":0,"spd":4,"spe":0},"ivs":{"hp":31,"atk":31,"def":31,"spa":31,"spd":31,"spe":31}},{"name":"Dargon Goon 3","species":"latias","item":"latiasite","ability":"Levitate","moves":["defog","calmmind","psyshock","roost"],"nature":"Bold","evs":{"hp":248,"atk":0,"def":252,"spa":8,"spd":0,"spe":0},"ivs":{"hp":31,"atk":31,"def":31,"spa":31,"spd":31,"spe":31}},{"name":"Dargon Goon 4","species":"latios","item":"lifeorb","ability":"Levitate","moves":["dracometeor","icebeam","energyball","surf"],"nature":"Timid","evs":{"hp":0,"atk":0,"def":0,"spa":252,"spd":4,"spe":252},"ivs":{"hp":31,"atk":31,"def":31,"spa":31,"spd":31,"spe":31}},{"name":"Dargon Goon 5","species":"goodra","item":"assaultvest","ability":"Sap Sipper","moves":["dracometeor","sludgebomb","icebeam","fireblast"],"nature":"Calm","evs":{"hp":248,"atk":0,"def":80,"spa":0,"spd":180,"spe":0},"ivs":{"hp":31,"atk":31,"def":31,"spa":31,"spd":31,"spe":31}},{"name":"Dargon Goon 6","species":"dragonite","item":"weaknesspolicy","ability":"Multiscale","moves":["dragondance","extremespeed","dragonclaw","earthquake"],"nature":"Adamant","evs":{"hp":0,"atk":252,"def":0,"spa":0,"spd":4,"spe":252},"ivs":{"hp":31,"atk":31,"def":31,"spa":31,"spd":31,"spe":31}}],"p2team":[{"name":"Gardevoir","species":"Gardevoir","item":"gardevoirite","ability":"Trace","moves":["thunderwave","calmmind","hypervoice","psyshock"],"nature":"Modest","evs":{"hp":88,"atk":0,"def":0,"spa":252,"spd":0,"spe":168},"shiny":true,"ivs":{"hp":31,"atk":31,"def":31,"spa":31,"spd":31,"spe":31}},{"name":"Alakazam","species":"Alakazam","item":"focussash","ability":"Magic Guard","moves":["energyball","focusblast","shadowball","psychic"],"nature":"Timid","evs":{"hp":0,"atk":0,"def":0,"spa":252,"spd":4,"spe":252},"ivs":{"hp":31,"atk":31,"def":31,"spa":31,"spd":31,"spe":31}},{"name":"Starmie","species":"Starmie","item":"lifeorb","ability":"Natural Cure","moves":["rapidspin","thunder","hydropump","icebeam"],"nature":"Timid","evs":{"hp":0,"atk":0,"def":0,"spa":252,"spd":4,"spe":252},"ivs":{"hp":31,"atk":31,"def":31,"spa":31,"spd":31,"spe":31}},{"name":"Victini","species":"Victini","item":"choiceband","ability":"Victory Star","moves":["vcreate","boltstrike","uturn","zenheadbutt"],"nature":"Jolly","evs":{"hp":0,"atk":252,"def":0,"spa":0,"spd":4,"spe":252},"ivs":{"hp":31,"atk":31,"def":31,"spa":31,"spd":31,"spe":31}},{"name":"Gallade","species":"Gallade","item":"lifeorb","ability":"Justified","moves":["shadowsneak","swordsdance","drainpunch","xscissor"],"nature":"Jolly","evs":{"hp":0,"atk":252,"def":0,"spa":0,"spd":4,"spe":252},"ivs":{"hp":31,"atk":31,"def":31,"spa":31,"spd":31,"spe":31}},{"name":"Wobbuffet","species":"Wobbuffet","item":"leftovers","ability":"Shadow Tag","moves":["destinybond","encore","mirrorcoat","counter"],"nature":"Calm","evs":{"hp":248,"atk":0,"def":8,"spa":0,"spd":252,"spe":0},"ivs":{"hp":31,"atk":31,"def":31,"spa":31,"spd":31,"spe":31}}],"log":["|player|p1|Knight Miku|23","|player|p2|Crystal★Tempo|1","|gametype|singles","|gen|6","|tier|Monotype","|rated","|rule|Baton Pass Clause: Limit one Baton Passer, can't pass Spe and other stats simultaneously","|rule|Swagger Clause: Swagger is banned","|rule|Same Type Clause: Pokémon in a team must share a type","|clearpoke","|poke|p1|Kyurem-Black","|poke|p1|Garchomp, M","|poke|p1|Latias, F","|poke|p1|Latios, M","|poke|p1|Goodra, M","|poke|p1|Dragonite, M","|poke|p2|Gardevoir, M, shiny","|poke|p2|Alakazam, F","|poke|p2|Starmie","|poke|p2|Victini","|poke|p2|Gallade, M","|poke|p2|Wobbuffet, F","|rule|Sleep Clause Mod: Limit one foe put to sleep","|rule|Species Clause: Limit one of each Pokémon","|rule|OHKO Clause: OHKO moves are banned","|rule|Moody Clause: Moody is banned","|rule|Evasion Moves Clause: Evasion moves are banned","|rule|Endless Battle Clause: Forcing endless battles is banned","|rule|HP Percentage Mod: HP is shown in percentages","|teampreview","|","|start","|switch|p1a: Dargon Goon 2|Garchomp, M|419/419","|switch|p2a: Starmie|Starmie|261/261","|turn|1","|","|switch|p1a: Dargon Goon 5|Goodra, M|383/383","|move|p2a: Starmie|Ice Beam|p1a: Dargon Goon 5","|-supereffective|p1a: Dargon Goon 5","|-damage|p1a: Dargon Goon 5|302/383","|-damage|p2a: Starmie|235/261|[from] item: Life Orb","|","|turn|2","|","|switch|p2a: Gallade|Gallade, M|277/277","|move|p1a: Dargon Goon 5|Draco Meteor|p2a: Gallade","|-damage|p2a: Gallade|129/277","|-unboost|p1a: Dargon Goon 5|spa|2","|","|turn|3","|","|switch|p1a: Dargon Goon 2|Garchomp, M|419/419","|move|p2a: Gallade|Swords Dance|p2a: Gallade","|-boost|p2a: Gallade|atk|2","|","|turn|4","|","|move|p2a: Gallade|Drain Punch|p1a: Dargon Goon 2","|-crit|p1a: Dargon Goon 2","|-damage|p1a: Dargon Goon 2|20/419","|-heal|p2a: Gallade|277/277|[from] drain|[of] p1a: Dargon Goon 2","|-damage|p2a: Gallade|243/277|[from] ability: Rough Skin|[of] p1a: Dargon Goon 2","|-damage|p2a: Gallade|197/277|[from] item: Rocky Helmet|[of] p1a: Dargon Goon 2","|-damage|p2a: Gallade|170/277|[from] item: Life Orb","|move|p1a: Dargon Goon 2|Stealth Rock|p2a: Gallade","|-sidestart|p2: Crystal★Tempo|move: Stealth Rock","|","|turn|5","|","|move|p1a: Dargon Goon 2|Endure|p1a: Dargon Goon 2","|-singleturn|p1a: Dargon Goon 2|move: Endure","|move|p2a: Gallade|Shadow Sneak|p1a: Dargon Goon 2","|-activate|p1a: Dargon Goon 2|move: Endure","|-damage|p1a: Dargon Goon 2|1/419","|-damage|p2a: Gallade|136/277|[from] ability: Rough Skin|[of] p1a: Dargon Goon 2","|-damage|p2a: Gallade|90/277|[from] item: Rocky Helmet|[of] p1a: Dargon Goon 2","|-damage|p2a: Gallade|63/277|[from] item: Life Orb","|","|turn|6","|","|move|p2a: Gallade|Shadow Sneak|p1a: Dargon Goon 2","|-damage|p1a: Dargon Goon 2|0 fnt","|-damage|p2a: Gallade|29/277|[from] ability: Rough Skin|[of] p1a: Dargon Goon 2","|-damage|p2a: Gallade|0 fnt|[from] item: Rocky Helmet|[of] p1a: Dargon Goon 2","|faint|p2a: Gallade","|faint|p1a: Dargon Goon 2","|","|","|switch|p2a: Starmie|Starmie|235/261","|switch|p1a: Dargon Goon 5|Goodra, M|302/383","|-damage|p2a: Starmie|203/261|[from] Stealth Rock","|turn|7","|","|move|p2a: Starmie|Rapid Spin|p1a: Dargon Goon 5","|-damage|p1a: Dargon Goon 5|284/383","|-sideend|p2: Crystal★Tempo|Stealth Rock|[from] move: Rapid Spin|[of] p2a: Starmie","|-damage|p2a: Starmie|177/261|[from] item: Life Orb","|move|p1a: Dargon Goon 5|Draco Meteor|p2a: Starmie","|-damage|p2a: Starmie|0 fnt","|-unboost|p1a: Dargon Goon 5|spa|2","|faint|p2a: Starmie","|","|","|switch|p2a: Gardevoir|Gardevoir, M, shiny|299/299","|-ability|p2a: Gardevoir|Sap Sipper|[from] ability: Trace|[of] p1a: Dargon Goon 5","|turn|8","|","|switch|p1a: Dargon Goon 4|Latios, M|301/301","|detailschange|p2a: Gardevoir|Gardevoir-Mega, M, shiny","|-mega|p2a: Gardevoir|Gardevoir|Gardevoirite","|move|p2a: Gardevoir|Calm Mind|p2a: Gardevoir","|-boost|p2a: Gardevoir|spa|1","|-boost|p2a: Gardevoir|spd|1","|","|turn|9","|","|move|p1a: Dargon Goon 4|Surf|p2a: Gardevoir","|-damage|p2a: Gardevoir|230/299","|-damage|p1a: Dargon Goon 4|271/301|[from] item: Life Orb","|move|p2a: Gardevoir|Hyper Voice|p1a: Dargon Goon 4","|-supereffective|p1a: Dargon Goon 4","|-damage|p1a: Dargon Goon 4|0 fnt","|faint|p1a: Dargon Goon 4","|","|","|switch|p1a: Dargon Goon 6|Dragonite, M|323/323","|turn|10","|","|move|p2a: Gardevoir|Thunder Wave|p1a: Dargon Goon 6","|-status|p1a: Dargon Goon 6|par","|cant|p1a: Dargon Goon 6|par","|","|turn|11","|","|move|p2a: Gardevoir|Hyper Voice|p1a: Dargon Goon 6","|-supereffective|p1a: Dargon Goon 6","|-damage|p1a: Dargon Goon 6|0 fnt","|faint|p1a: Dargon Goon 6","|","|","|switch|p1a: Dargon Goon 1|Kyurem-Black|391/391","|-ability|p1a: Dargon Goon 1|Teravolt","|turn|12","|","|move|p1a: Dargon Goon 1|Iron Head|p2a: Gardevoir","|-supereffective|p2a: Gardevoir","|-damage|p2a: Gardevoir|0 fnt","|faint|p2a: Gardevoir","|","|","|switch|p2a: Wobbuffet|Wobbuffet, F|583/583","|turn|13","|","|move|p1a: Dargon Goon 1|Iron Head|p2a: Wobbuffet","|-damage|p2a: Wobbuffet|404/583","|cant|p2a: Wobbuffet|flinch","|","|-heal|p2a: Wobbuffet|440/583|[from] item: Leftovers","|turn|14","|","|move|p1a: Dargon Goon 1|Iron Head|p2a: Wobbuffet","|-damage|p2a: Wobbuffet|257/583","|move|p2a: Wobbuffet|Counter|p1a: Dargon Goon 1","|-damage|p1a: Dargon Goon 1|25/391","|","|-heal|p2a: Wobbuffet|293/583|[from] item: Leftovers","|turn|15","|","|move|p1a: Dargon Goon 1|Iron Head|p2a: Wobbuffet","|-damage|p2a: Wobbuffet|120/583","|move|p2a: Wobbuffet|Counter|p1a: Dargon Goon 1","|-damage|p1a: Dargon Goon 1|0 fnt","|faint|p1a: Dargon Goon 1","|","|-heal|p2a: Wobbuffet|156/583|[from] item: Leftovers","|","|switch|p1a: Dargon Goon 3|Latias, F|363/363","|turn|16","|","|detailschange|p1a: Dargon Goon 3|Latias-Mega, F","|-mega|p1a: Dargon Goon 3|Latias|Latiasite","|move|p1a: Dargon Goon 3|Calm Mind|p1a: Dargon Goon 3","|-boost|p1a: Dargon Goon 3|spa|1","|-boost|p1a: Dargon Goon 3|spd|1","|move|p2a: Wobbuffet|Destiny Bond|p2a: Wobbuffet","|-singlemove|p2a: Wobbuffet|Destiny Bond","|","|-heal|p2a: Wobbuffet|192/583|[from] item: Leftovers","|turn|17","|","|move|p1a: Dargon Goon 3|Calm Mind|p1a: Dargon Goon 3","|-boost|p1a: Dargon Goon 3|spa|1","|-boost|p1a: Dargon Goon 3|spd|1","|move|p2a: Wobbuffet|Encore|p1a: Dargon Goon 3","|-start|p1a: Dargon Goon 3|Encore","|","|-heal|p2a: Wobbuffet|228/583|[from] item: Leftovers","|turn|18","|","|switch|p2a: Victini|Victini|341/341","|move|p1a: Dargon Goon 3|Calm Mind|p1a: Dargon Goon 3","|-boost|p1a: Dargon Goon 3|spa|1","|-boost|p1a: Dargon Goon 3|spd|1","|","|turn|19","|","|move|p2a: Victini|U-turn|p1a: Dargon Goon 3","|-supereffective|p1a: Dargon Goon 3","|-damage|p1a: Dargon Goon 3|225/363","|","|switch|p2a: Wobbuffet|Wobbuffet, F|228/583","|move|p1a: Dargon Goon 3|Calm Mind|p1a: Dargon Goon 3","|-boost|p1a: Dargon Goon 3|spa|1","|-boost|p1a: Dargon Goon 3|spd|1","|","|-heal|p2a: Wobbuffet|264/583|[from] item: Leftovers","|turn|20","|","|move|p1a: Dargon Goon 3|Calm Mind|p1a: Dargon Goon 3","|-boost|p1a: Dargon Goon 3|spa|1","|-boost|p1a: Dargon Goon 3|spd|1","|move|p2a: Wobbuffet|Destiny Bond|p2a: Wobbuffet","|-singlemove|p2a: Wobbuffet|Destiny Bond","|","|-heal|p2a: Wobbuffet|300/583|[from] item: Leftovers","|-end|p1a: Dargon Goon 3|Encore","|turn|21","|","|move|p1a: Dargon Goon 3|Roost|p1a: Dargon Goon 3","|-heal|p1a: Dargon Goon 3|363/363","|move|p2a: Wobbuffet|Encore|p1a: Dargon Goon 3","|-start|p1a: Dargon Goon 3|Encore","|","|-heal|p2a: Wobbuffet|336/583|[from] item: Leftovers","|turn|22","|","|switch|p2a: Victini|Victini|341/341","|move|p1a: Dargon Goon 3|Roost|p1a: Dargon Goon 3","|-fail|p1a: Dargon Goon 3","|","|turn|23","|","|move|p2a: Victini|V-create|p1a: Dargon Goon 3","|-resisted|p1a: Dargon Goon 3","|-damage|p1a: Dargon Goon 3|228/363","|-unboost|p2a: Victini|spe|1","|-unboost|p2a: Victini|def|1","|-unboost|p2a: Victini|spd|1","|move|p1a: Dargon Goon 3|Roost|p1a: Dargon Goon 3","|-heal|p1a: Dargon Goon 3|363/363","|","|turn|24","|","|switch|p2a: Alakazam|Alakazam, F|251/251","|move|p1a: Dargon Goon 3|Roost|p1a: Dargon Goon 3","|-fail|p1a: Dargon Goon 3","|","|-end|p1a: Dargon Goon 3|Encore","|turn|25","|","|move|p2a: Alakazam|Shadow Ball|p1a: Dargon Goon 3","|-supereffective|p1a: Dargon Goon 3","|-damage|p1a: Dargon Goon 3|319/363","|move|p1a: Dargon Goon 3|Psyshock|p2a: Alakazam","|-resisted|p2a: Alakazam","|-enditem|p2a: Alakazam|Focus Sash","|-damage|p2a: Alakazam|1/251","|","|turn|26","|","|move|p2a: Alakazam|Shadow Ball|p1a: Dargon Goon 3","|-crit|p1a: Dargon Goon 3","|-supereffective|p1a: Dargon Goon 3","|-damage|p1a: Dargon Goon 3|127/363","|-unboost|p1a: Dargon Goon 3|spd|1","|move|p1a: Dargon Goon 3|Psyshock|p2a: Alakazam","|-resisted|p2a: Alakazam","|-damage|p2a: Alakazam|0 fnt","|faint|p2a: Alakazam","|","|","|switch|p2a: Victini|Victini|341/341","|turn|27","|","|move|p2a: Victini|V-create|p1a: Dargon Goon 3","|-resisted|p1a: Dargon Goon 3","|-damage|p1a: Dargon Goon 3|0 fnt","|-unboost|p2a: Victini|spe|1","|-unboost|p2a: Victini|def|1","|-unboost|p2a: Victini|spd|1","|faint|p1a: Dargon Goon 3","|","|","|switch|p1a: Dargon Goon 5|Goodra, M|284/383","|turn|28","|","|move|p2a: Victini|V-create|p1a: Dargon Goon 5","|-resisted|p1a: Dargon Goon 5","|-damage|p1a: Dargon Goon 5|48/383","|-unboost|p2a: Victini|spe|1","|-unboost|p2a: Victini|def|1","|-unboost|p2a: Victini|spd|1","|move|p1a: Dargon Goon 5|Sludge Bomb|p2a: Victini","|-damage|p2a: Victini|185/341","|-status|p2a: Victini|psn","|","|-damage|p2a: Victini|143/341 psn|[from] psn","|turn|29","|","|switch|p2a: Wobbuffet|Wobbuffet, F|336/583","|move|p1a: Dargon Goon 5|Sludge Bomb|p2a: Wobbuffet","|-damage|p2a: Wobbuffet|264/583","|","|-heal|p2a: Wobbuffet|300/583|[from] item: Leftovers","|turn|30","|","|move|p1a: Dargon Goon 5|Draco Meteor|p2a: Wobbuffet","|-damage|p2a: Wobbuffet|137/583","|-unboost|p1a: Dargon Goon 5|spa|2","|move|p2a: Wobbuffet|Mirror Coat|p1a: Dargon Goon 5","|-damage|p1a: Dargon Goon 5|0 fnt","|faint|p1a: Dargon Goon 5","|","|win|Crystal★Tempo"],"p1rating":{"entryid":161090,"formatid":"monotype","userid":"knightmiku","username":"Knight Miku","r":1500,"rd":130,"sigma":0,"rpr":1455.2008920346,"rprd":122.83141802352,"rpsigma":0,"rptime":1439974800,"w":0,"l":1,"t":0,"gxe":44.4,"acre":1000,"lacre":1000,"oldacre":1000},"p2rating":{"entryid":"95965","serverid":"eos","formatid":"monotype","userid":"crystaltempo","username":"Crystal★Tempo","w":1,"l":"1","t":"0","gxe":50,"r":"1459.8393856612","rd":"122.8583080769","sigma":"0","rptime":"1439974800","rpr":1500.029275973,"rprd":116.84146468108,"rpsigma":"0","acre":1040,"lacre":1040,"oldacre":"1000"},"endType":"normal"}