{"seed":[55552,30991,17456,18417],"turns":23,"p1":"Inferno Sableye","p2":"The drunk knight","p1team":[{"name":"Not op","species":"sableye","item":"sablenite","ability":"Prankster","moves":["shadowball","recover","calmmind","willowisp"],"nature":"Bold","evs":{"hp":248,"atk":0,"def":252,"spa":0,"spd":8,"spe":0},"ivs":{"hp":31,"atk":0,"def":31,"spa":31,"spd":31,"spe":31}},{"name":"Rawwrrrr","species":"tyranitar","item":"leftovers","ability":"Sand Stream","moves":["stealthrock","thunderwave","rockslide","earthquake"],"nature":"Impish","evs":{"hp":252,"atk":0,"def":80,"spa":0,"spd":176,"spe":0},"ivs":{"hp":31,"atk":31,"def":31,"spa":31,"spd":31,"spe":31}},{"name":"Bish Plz","species":"bisharp","item":"lumberry","ability":"Defiant","moves":["knockoff","suckerpunch","ironhead","swordsdance"],"nature":"Adamant","evs":{"hp":0,"atk":252,"def":4,"spa":0,"spd":0,"spe":252},"gender":"M","shiny":true,"ivs":{"hp":31,"atk":31,"def":31,"spa":31,"spd":31,"spe":31}},{"name":"Oit of this world","species":"hoopaunbound","item":"choicescarf","ability":"Magician","moves":["gunkshot","hyperspacehole","hyperspacefury","drainpunch"],"nature":"Hasty","evs":{"hp":0,"atk":252,"def":0,"spa":4,"spd":0,"spe":252},"ivs":{"hp":31,"atk":31,"def":31,"spa":31,"spd":31,"spe":31}},{"name":"No pressure","species":"weavile","item":"lifeorb","ability":"Pressure","moves":["iciclecrash","iceshard","knockoff","lowkick"],"nature":"Jolly","evs":{"hp":0,"atk":252,"def":0,"spa":0,"spd":4,"spe":252},"ivs":{"hp":31,"atk":31,"def":31,"spa":31,"spd":31,"spe":31}},{"name":"Buzz off bitch","species":"mandibuzz","item":"rockyhelmet","ability":"Overcoat","moves":["roost","defog","whirlwind","foulplay"],"nature":"Bold","evs":{"hp":176,"atk":0,"def":252,"spa":0,"spd":80,"spe":0},"ivs":{"hp":31,"atk":31,"def":31,"spa":31,"spd":31,"spe":31}}],"p2team":[{"name":"Spyro","species":"charizard","item":"charizarditey","ability":"Blaze","moves":["flamethrower","solarbeam","focusblast","roost"],"nature":"Timid","evs":{"hp":4,"atk":0,"def":0,"spa":252,"spd":0,"spe":252},"gender":"M","shiny":true,"ivs":{"hp":31,"atk":31,"def":31,"spa":31,"spd":31,"spe":31}},{"name":"Wukong","species":"infernape","item":"focussash","ability":"Blaze","moves":["taunt","stealthrock","closecombat","flareblitz"],"nature":"Jolly","evs":{"hp":0,"atk":252,"def":0,"spa":0,"spd":4,"spe":252},"ivs":{"hp":31,"atk":31,"def":31,"spa":31,"spd":31,"spe":31}},{"name":"Nike","species":"victini","item":"choicescarf","ability":"Victory Star","moves":["vcreate","boltstrike","uturn","zenheadbutt"],"nature":"Adamant","evs":{"hp":0,"atk":252,"def":0,"spa":0,"spd":4,"spe":252},"ivs":{"hp":31,"atk":31,"def":31,"spa":31,"spd":31,"spe":31}},{"name":"Skill","species":"darmanitan","item":"choicescarf","ability":"Sheer Force","moves":["flareblitz","earthquake","stoneedge","uturn"],"nature":"Jolly","evs":{"hp":0,"atk":252,"def":0,"spa":0,"spd":4,"spe":252},"ivs":{"hp":31,"atk":31,"def":31,"spa":31,"spd":31,"spe":31}},{"name":"Amaterasu","species":"volcarona","item":"lumberry","ability":"Flame Body","moves":["quiverdance","gigadrain","fierydance","hiddenpowerground"],"nature":"Timid","evs":{"hp":0,"atk":0,"def":0,"spa":252,"spd":4,"spe":252},"ivs":{"hp":31,"atk":31,"def":31,"spa":30,"spd":30,"spe":31}},{"name":"EZ bake","species":"rotomheat","item":"leftovers","ability":"Levitate","moves":["willowisp","voltswitch","painsplit","overheat"],"nature":"Calm","evs":{"hp":252,"atk":0,"def":0,"spa":4,"spd":252,"spe":0},"ivs":{"hp":31,"atk":31,"def":31,"spa":31,"spd":31,"spe":31}}],"log":["|player|p1|Inferno Sableye|infernosableye.png","|player|p2|The drunk knight|102","|gametype|singles","|gen|6","|tier|Monotype","|rated","|rule|Baton Pass Clause: Limit one Baton Passer, can't pass Spe and other stats simultaneously","|rule|Swagger Clause: Swagger is banned","|rule|Same Type Clause: Pokémon in a team must share a type","|clearpoke","|poke|p1|Sableye, M","|poke|p1|Tyranitar, M","|poke|p1|Bisharp, M, shiny","|poke|p1|Hoopa-Unbound","|poke|p1|Weavile, F","|poke|p1|Mandibuzz, F","|poke|p2|Charizard, M, shiny","|poke|p2|Infernape, F","|poke|p2|Victini","|poke|p2|Darmanitan, F","|poke|p2|Volcarona, F","|poke|p2|Rotom-Heat","|rule|Sleep Clause Mod: Limit one foe put to sleep","|rule|Species Clause: Limit one of each Pokémon","|rule|OHKO Clause: OHKO moves are banned","|rule|Moody Clause: Moody is banned","|rule|Evasion Moves Clause: Evasion moves are banned","|rule|Endless Battle Clause: Forcing endless battles is banned","|rule|HP Percentage Mod: HP is shown in percentages","|teampreview","|","|start","|switch|p1a: Rawwrrrr|Tyranitar, M|404/404","|switch|p2a: Wukong|Infernape, F|293/293","|-weather|Sandstorm","|turn|1","|","|switch|p1a: Not op|Sableye, M|303/303","|move|p2a: Wukong|Close Combat|p1a: Not op","|-immune|p1a: Not op|[msg]","|","|-weather|Sandstorm|[upkeep]","|-damage|p2a: Wukong|275/293|[from] sandstorm","|-damage|p1a: Not op|285/303|[from] sandstorm","|turn|2","|","|switch|p1a: Buzz off bitch|Mandibuzz, F|405/405","|move|p2a: Wukong|Stealth Rock|p1a: Buzz off bitch","|-sidestart|p1: Inferno Sableye|move: Stealth Rock","|","|-weather|Sandstorm|[upkeep]","|-damage|p2a: Wukong|257/293|[from] sandstorm","|turn|3","|","|move|p2a: Wukong|Taunt|p1a: Buzz off bitch","|-start|p1a: Buzz off bitch|move: Taunt","|cant|p1a: Buzz off bitch|move: Taunt|Defog","|","|-weather|Sandstorm|[upkeep]","|-damage|p2a: Wukong|239/293|[from] sandstorm","|turn|4","|","|move|p2a: Wukong|Flare Blitz|p1a: Buzz off bitch","|-damage|p1a: Buzz off bitch|287/405","|-damage|p2a: Wukong|191/293|[from] item: Rocky Helmet|[of] p1a: Buzz off bitch","|-damage|p2a: Wukong|152/293|[from] recoil|[of] p1a: Buzz off bitch","|move|p1a: Buzz off bitch|Foul Play|p2a: Wukong","|-resisted|p2a: Wukong","|-damage|p2a: Wukong|50/293","|","|-weather|Sandstorm|[upkeep]","|-damage|p2a: Wukong|32/293|[from] sandstorm","|turn|5","|","|switch|p1a: Rawwrrrr|Tyranitar, M|404/404","|-damage|p1a: Rawwrrrr|354/404|[from] Stealth Rock","|move|p2a: Wukong|Flare Blitz|p1a: Rawwrrrr","|-resisted|p1a: Rawwrrrr","|-damage|p1a: Rawwrrrr|244/404","|-damage|p2a: Wukong|0 fnt|[from] recoil|[of] p1a: Rawwrrrr","|faint|p2a: Wukong","|","|-weather|none","|-heal|p1a: Rawwrrrr|269/404|[from] item: Leftovers","|","|switch|p2a: Spyro|Charizard, M, shiny|298/298","|turn|6","|","|detailschange|p2a: Spyro|Charizard-Mega-Y, M, shiny","|-mega|p2a: Spyro|Charizard|Charizardite Y","|-weather|SunnyDay","|move|p2a: Spyro|Solar Beam|p1a: Rawwrrrr|[still]","|-prepare|p2a: Spyro|Solar Beam|p1a: Rawwrrrr","|-anim|p2a: Spyro|Solar Beam|p1a: Rawwrrrr","|-supereffective|p1a: Rawwrrrr","|-damage|p1a: Rawwrrrr|0 fnt","|faint|p1a: Rawwrrrr","|","|-weather|SunnyDay|[upkeep]","|","|switch|p1a: Oit of this world|Hoopa-Unbound|301/301","|-damage|p1a: Oit of this world|264/301|[from] Stealth Rock","|turn|7","|","|move|p1a: Oit of this world|Hyperspace Fury|p2a: Spyro","|-damage|p2a: Spyro|24/298","|-unboost|p1a: Oit of this world|def|1","|move|p2a: Spyro|Flamethrower|p1a: Oit of this world","|-damage|p1a: Oit of this world|45/301","|","|-weather|SunnyDay|[upkeep]","|turn|8","|","|move|p1a: Oit of this world|Hyperspace Fury|p2a: Spyro","|-damage|p2a: Spyro|0 fnt","|-unboost|p1a: Oit of this world|def|1","|faint|p2a: Spyro","|","|-weather|SunnyDay|[upkeep]","|","|switch|p2a: Skill|Darmanitan, F|351/351","|turn|9","|","|move|p2a: Skill|U-turn|p1a: Oit of this world","|-supereffective|p1a: Oit of this world","|-damage|p1a: Oit of this world|0 fnt","|faint|p1a: Oit of this world","|","|switch|p2a: Nike|Victini|341/341","|","|-weather|SunnyDay|[upkeep]","|","|switch|p1a: Buzz off bitch|Mandibuzz, F|287/405","|-damage|p1a: Buzz off bitch|186/405|[from] Stealth Rock","|turn|10","|","|move|p2a: Nike|V-create|p1a: Buzz off bitch","|-damage|p1a: Buzz off bitch|0 fnt","|-damage|p2a: Nike|285/341|[from] item: Rocky Helmet|[of] p1a: Buzz off bitch","|-unboost|p2a: Nike|spe|1","|-unboost|p2a: Nike|def|1","|-unboost|p2a: Nike|spd|1","|faint|p1a: Buzz off bitch","|","|-weather|none","|","|switch|p1a: Not op|Sableye, M|285/303","|-damage|p1a: Not op|248/303|[from] Stealth Rock","|turn|11","|","|switch|p2a: Amaterasu|Volcarona, F|311/311","|move|p1a: Not op|Calm Mind|p1a: Not op","|-boost|p1a: Not op|spa|1","|-boost|p1a: Not op|spd|1","|","|turn|12","|","|detailschange|p1a: Not op|Sableye-Mega, M","|-mega|p1a: Not op|Sableye|Sablenite","|move|p1a: Not op|Calm Mind|p1a: Not op","|-boost|p1a: Not op|spa|1","|-boost|p1a: Not op|spd|1","|move|p2a: Amaterasu|Quiver Dance|p2a: Amaterasu","|-boost|p2a: Amaterasu|spa|1","|-boost|p2a: Amaterasu|spd|1","|-boost|p2a: Amaterasu|spe|1","|","|turn|13","|","|move|p2a: Amaterasu|Quiver Dance|p2a: Amaterasu","|-boost|p2a: Amaterasu|spa|1","|-boost|p2a: Amaterasu|spd|1","|-boost|p2a: Amaterasu|spe|1","|move|p1a: Not op|Calm Mind|p1a: Not op","|-boost|p1a: Not op|spa|1","|-boost|p1a: Not op|spd|1","|","|turn|14","|","|move|p2a: Amaterasu|Quiver Dance|p2a: Amaterasu","|-boost|p2a: Amaterasu|spa|1","|-boost|p2a: Amaterasu|spd|1","|-boost|p2a: Amaterasu|spe|1","|move|p1a: Not op|Shadow Ball|p2a: Amaterasu","|-damage|p2a: Amaterasu|235/311","|-unboost|p2a: Amaterasu|spd|1","|","|turn|15","|","|move|p2a: Amaterasu|Quiver Dance|p2a: Amaterasu","|-boost|p2a: Amaterasu|spa|1","|-boost|p2a: Amaterasu|spd|1","|-boost|p2a: Amaterasu|spe|1","|move|p1a: Not op|Shadow Ball|p2a: Amaterasu","|-damage|p2a: Amaterasu|159/311","|","|turn|16","|","|move|p2a: Amaterasu|Fiery Dance|p1a: Not op","|-damage|p1a: Not op|86/303","|-boost|p2a: Amaterasu|spa|1","|move|p1a: Not op|Shadow Ball|p2a: Amaterasu","|-damage|p2a: Amaterasu|77/311","|-unboost|p2a: Amaterasu|spd|1","|","|turn|17","|","|move|p2a: Amaterasu|Giga Drain|p1a: Not op","|-damage|p1a: Not op|0 fnt","|-heal|p2a: Amaterasu|120/311|[from] drain|[of] p1a: Not op","|faint|p1a: Not op","|","|","|switch|p1a: Bish Plz|Bisharp, M, shiny|271/271","|-damage|p1a: Bish Plz|255/271|[from] Stealth Rock","|turn|18","|","|switch|p2a: EZ bake|Rotom-Heat|304/304","|move|p1a: Bish Plz|Knock Off|p2a: EZ bake","|-damage|p2a: EZ bake|135/304","|-enditem|p2a: EZ bake|Leftovers|[from] move: Knock Off|[of] p1a: Bish Plz","|","|turn|19","|","|move|p1a: Bish Plz|Swords Dance|p1a: Bish Plz","|-boost|p1a: Bish Plz|atk|2","|move|p2a: EZ bake|Will-O-Wisp|p1a: Bish Plz","|-status|p1a: Bish Plz|brn","|-enditem|p1a: Bish Plz|Lum Berry|[eat]","|-curestatus|p1a: Bish Plz|brn","|","|turn|20","|","|move|p1a: Bish Plz|Knock Off|p2a: EZ bake","|-damage|p2a: EZ bake|0 fnt","|faint|p2a: EZ bake","|","|","|switch|p2a: Amaterasu|Volcarona, F|120/311","|turn|21","|","|move|p1a: Bish Plz|Sucker Punch|p2a: Amaterasu","|-damage|p2a: Amaterasu|0 fnt","|faint|p2a: Amaterasu","|","|","|switch|p2a: Skill|Darmanitan, F|351/351","|turn|22","|","|move|p1a: Bish Plz|Sucker Punch|p2a: Skill","|-damage|p2a: Skill|0 fnt","|faint|p2a: Skill","|","|","|switch|p2a: Nike|Victini|285/341","|turn|23","|","|move|p1a: Bish Plz|Sucker Punch|p2a: Nike","|-supereffective|p2a: Nike","|-damage|p2a: Nike|0 fnt","|faint|p2a: Nike","|","|win|Inferno Sableye"],"p1rating":{"entryid":"83803","serverid":"eos","formatid":"monotype","userid":"infernosableye","username":"Inferno Sableye","w":9,"l":"4","t":"0","gxe":62.7,"r":"1459.8393856612","rd":"122.8583080769","sigma":"0","rptime":"1439974800","rpr":1600.684552808,"rprd":81.929520976457,"rpsigma":"0","acre":1179.7360611526,"lacre":1179.7360611526,"oldacre":"1165.838458378"},"p2rating":{"entryid":163392,"formatid":"monotype","userid":"thedrunkknight","username":"The drunk knight","r":1500,"rd":130,"sigma":0,"rpr":1455.2008920346,"rprd":122.83141802352,"rpsigma":0,"rptime":1439974800,"w":0,"l":1,"t":0,"gxe":44.4,"acre":1000,"lacre":1000,"oldacre":1000},"endType":"normal"}