{"seed":[39291,34703,12538,2694],"turns":32,"p1":"Union Entropy","p2":"SL~Kingdra","p1team":[{"name":"Cofagrigus","species":"Cofagrigus","item":"leftovers","ability":"Mummy","moves":["trickroom","shadowball","willowisp","destinybond"],"nature":"Sassy","evs":{"hp":252,"atk":0,"def":0,"spa":4,"spd":252,"spe":0},"ivs":{"hp":31,"atk":31,"def":31,"spa":31,"spd":31,"spe":0}},{"name":"Aegislash","species":"Aegislash","item":"leftovers","ability":"Stance Change","moves":["shadowball","kingsshield","shadowsneak","sacredsword"],"nature":"Quiet","evs":{"hp":252,"atk":0,"def":0,"spa":252,"spd":4,"spe":0},"ivs":{"hp":31,"atk":31,"def":31,"spa":31,"spd":31,"spe":31}},{"name":"Jellicent","species":"Jellicent","item":"leftovers","ability":"Water Absorb","moves":["trickroom","scald","toxic","recover"],"nature":"Relaxed","evs":{"hp":252,"atk":0,"def":252,"spa":0,"spd":4,"spe":0},"ivs":{"hp":31,"atk":31,"def":31,"spa":31,"spd":31,"spe":0}},{"name":"Sableye","species":"Sableye","item":"sablenite","ability":"Prankster","moves":["recover","willowisp","calmmind","darkpulse"],"nature":"Calm","evs":{"hp":248,"atk":0,"def":0,"spa":8,"spd":252,"spe":0},"ivs":{"hp":31,"atk":31,"def":31,"spa":31,"spd":31,"spe":31}},{"name":"Trevenant","species":"Trevenant","item":"sitrusberry","ability":"Harvest","moves":["hornleech","willowisp","substitute","leechseed"],"nature":"Careful","evs":{"hp":252,"atk":4,"def":0,"spa":0,"spd":252,"spe":0},"ivs":{"hp":31,"atk":31,"def":31,"spa":31,"spd":31,"spe":31}},{"name":"Golurk","species":"Golurk","item":"choiceband","ability":"No Guard","moves":["dynamicpunch","shadowpunch","icepunch","earthquake"],"nature":"Adamant","evs":{"hp":248,"atk":252,"def":0,"spa":0,"spd":8,"spe":0},"ivs":{"hp":31,"atk":31,"def":31,"spa":31,"spd":31,"spe":31}}],"p2team":[{"name":"Azumarill","species":"Azumarill","item":"sitrusberry","ability":"Huge Power","moves":["bellydrum","aquajet","playrough","knockoff"],"nature":"Adamant","evs":{"hp":252,"atk":252,"def":0,"spa":0,"spd":0,"spe":4},"gender":"M","ivs":{"hp":31,"atk":31,"def":31,"spa":31,"spd":31,"spe":31}},{"name":"Gardevoir","species":"Gardevoir","item":"gardevoirite","ability":"Trace","moves":["hypervoice","psyshock","focusblast","calmmind"],"nature":"Timid","evs":{"hp":4,"atk":0,"def":0,"spa":252,"spd":0,"spe":252},"gender":"F","ivs":{"hp":31,"atk":31,"def":31,"spa":31,"spd":31,"spe":31}},{"name":"Sylveon","species":"Sylveon","item":"choicespecs","ability":"Pixilate","moves":["hypervoice","psyshock","hiddenpowerfire","hyperbeam"],"nature":"Modest","evs":{"hp":240,"atk":0,"def":0,"spa":252,"spd":0,"spe":16},"gender":"F","ivs":{"atk":30,"spa":30,"spe":30,"hp":31,"def":31,"spd":31}},{"name":"Klefki","species":"Klefki","item":"lightclay","ability":"Prankster","moves":["lightscreen","reflect","thunderwave","foulplay"],"nature":"Impish","evs":{"hp":252,"atk":0,"def":64,"spa":0,"spd":192,"spe":0},"gender":"M","ivs":{"hp":31,"atk":31,"def":31,"spa":31,"spd":31,"spe":31}},{"name":"Togekiss","species":"Togekiss","item":"leftovers","ability":"Serene Grace","moves":["nastyplot","airslash","thunderwave","roost"],"nature":"Timid","evs":{"hp":248,"atk":0,"def":76,"spa":0,"spd":8,"spe":176},"gender":"M","ivs":{"hp":31,"atk":31,"def":31,"spa":31,"spd":31,"spe":31}},{"name":"Slurpuff","species":"Slurpuff","item":"sitrusberry","ability":"Unburden","moves":["bellydrum","drainpunch","playrough","frustration"],"nature":"Adamant","evs":{"hp":204,"atk":252,"def":0,"spa":0,"spd":0,"spe":52},"gender":"F","happiness":0,"ivs":{"hp":31,"atk":31,"def":31,"spa":31,"spd":31,"spe":31}}],"log":["|player|p1|Union Entropy|96","|player|p2|SL~Kingdra|99","|gametype|singles","|gen|6","|tier|Monotype","|rated","|rule|Baton Pass Clause: Limit one Baton Passer, can't pass Spe and other stats simultaneously","|rule|Swagger Clause: Swagger is banned","|rule|Same Type Clause: Pokémon in a team must share a type","|clearpoke","|poke|p1|Cofagrigus, M","|poke|p1|Aegislash, M","|poke|p1|Jellicent, F","|poke|p1|Sableye, M","|poke|p1|Trevenant, M","|poke|p1|Golurk","|poke|p2|Azumarill, M","|poke|p2|Gardevoir, F","|poke|p2|Sylveon, F","|poke|p2|Klefki, M","|poke|p2|Togekiss, M","|poke|p2|Slurpuff, F","|rule|Sleep Clause Mod: Limit one foe put to sleep","|rule|Species Clause: Limit one of each Pokémon","|rule|OHKO Clause: OHKO moves are banned","|rule|Moody Clause: Moody is banned","|rule|Evasion Moves Clause: Evasion moves are banned","|rule|Endless Battle Clause: Forcing endless battles is banned","|rule|HP Percentage Mod: HP is shown in percentages","|teampreview","|","|start","|switch|p1a: Cofagrigus|Cofagrigus, M|320/320","|switch|p2a: Azumarill|Azumarill, M|404/404","|turn|1","|","|move|p2a: Azumarill|Belly Drum|p2a: Azumarill","|-damage|p2a: Azumarill|202/404","|-setboost|p2a: Azumarill|atk|6|[from] move: Belly Drum","|-enditem|p2a: Azumarill|Sitrus Berry|[eat]","|-heal|p2a: Azumarill|303/404|[from] item: Sitrus Berry","|move|p1a: Cofagrigus|Trick Room|p1a: Cofagrigus","|-fieldstart|move: Trick Room|[of] p1a: Cofagrigus","|","|turn|2","|","|move|p1a: Cofagrigus|Will-O-Wisp|p2a: Azumarill","|-status|p2a: Azumarill|brn","|move|p2a: Azumarill|Knock Off|p1a: Cofagrigus","|-supereffective|p1a: Cofagrigus","|-damage|p1a: Cofagrigus|0 fnt","|-activate|p1a: Cofagrigus|ability: Mummy|hugepower|[of] p2a: Azumarill","|-enditem|p1a: Cofagrigus|Leftovers|[from] move: Knock Off|[of] p2a: Azumarill","|faint|p1a: Cofagrigus","|","|-damage|p2a: Azumarill|253/404 brn|[from] brn","|","|switch|p1a: Aegislash|Aegislash, M|324/324","|turn|3","|","|move|p1a: Aegislash|King's Shield|p1a: Aegislash","|-singleturn|p1a: Aegislash|Protect","|move|p2a: Azumarill|Knock Off|p1a: Aegislash","|-activate|p1a: Aegislash|Protect","|-unboost|p2a: Azumarill|atk|2","|","|-damage|p2a: Azumarill|203/404 brn|[from] brn","|turn|4","|","|move|p2a: Azumarill|Knock Off|p1a: Aegislash","|-crit|p1a: Aegislash","|-supereffective|p1a: Aegislash","|-damage|p1a: Aegislash|96/324","|-enditem|p1a: Aegislash|Leftovers|[from] move: Knock Off|[of] p2a: Azumarill","|-formechange|p1a: Aegislash|Aegislash-Blade","|move|p1a: Aegislash|Shadow Ball|p2a: Azumarill","|-damage|p2a: Azumarill|0 fnt","|faint|p2a: Azumarill","|","|","|switch|p2a: Klefki|Klefki, M|318/318","|turn|5","|","|switch|p1a: Golurk|Golurk|381/381","|move|p2a: Klefki|Light Screen|p2a: Klefki","|-sidestart|p2: SL~Kingdra|move: Light Screen","|","|-fieldend|move: Trick Room","|turn|6","|","|move|p2a: Klefki|Reflect|p2a: Klefki","|-sidestart|p2: SL~Kingdra|Reflect","|move|p1a: Golurk|Earthquake|p2a: Klefki","|-crit|p2a: Klefki","|-supereffective|p2a: Klefki","|-damage|p2a: Klefki|0 fnt","|faint|p2a: Klefki","|","|","|switch|p2a: Gardevoir|Gardevoir, F|278/278","|-ability|p2a: Gardevoir|No Guard|[from] ability: Trace|[of] p1a: Golurk","|turn|7","|","|detailschange|p2a: Gardevoir|Gardevoir-Mega, F","|-mega|p2a: Gardevoir|Gardevoir|Gardevoirite","|move|p2a: Gardevoir|Psyshock|p1a: Golurk","|-damage|p1a: Golurk|167/381","|move|p1a: Golurk|Earthquake|p2a: Gardevoir","|-damage|p2a: Gardevoir|68/278","|","|turn|8","|","|move|p2a: Gardevoir|Hyper Voice|p1a: Golurk","|-damage|p1a: Golurk|0 fnt","|faint|p1a: Golurk","|","|","|switch|p1a: Aegislash|Aegislash, M|96/324","|turn|9","|","|-formechange|p1a: Aegislash|Aegislash-Blade","|move|p1a: Aegislash|Shadow Sneak|p2a: Gardevoir","|-supereffective|p2a: Gardevoir","|-damage|p2a: Gardevoir|0 fnt","|faint|p2a: Gardevoir","|","|","|switch|p2a: Slurpuff|Slurpuff, F|356/356","|turn|10","|","|move|p2a: Slurpuff|Belly Drum|p2a: Slurpuff","|-damage|p2a: Slurpuff|178/356","|-setboost|p2a: Slurpuff|atk|6|[from] move: Belly Drum","|-enditem|p2a: Slurpuff|Sitrus Berry|[eat]","|-heal|p2a: Slurpuff|267/356|[from] item: Sitrus Berry","|move|p1a: Aegislash|Shadow Ball|p2a: Slurpuff","|-damage|p2a: Slurpuff|165/356","|","|turn|11","|","|-formechange|p1a: Aegislash|Aegislash","|move|p1a: Aegislash|King's Shield|p1a: Aegislash","|-singleturn|p1a: Aegislash|Protect","|move|p2a: Slurpuff|Play Rough|p1a: Aegislash","|-activate|p1a: Aegislash|Protect","|-unboost|p2a: Slurpuff|atk|2","|","|turn|12","|","|switch|p1a: Sableye|Sableye, M|303/303","|move|p2a: Slurpuff|Play Rough|p1a: Sableye","|-supereffective|p1a: Sableye","|-damage|p1a: Sableye|0 fnt","|faint|p1a: Sableye","|","|-sideend|p2: SL~Kingdra|move: Light Screen","|","|switch|p1a: Aegislash|Aegislash, M|96/324","|turn|13","|","|-formechange|p1a: Aegislash|Aegislash-Blade","|move|p1a: Aegislash|Shadow Sneak|p2a: Slurpuff","|-damage|p2a: Slurpuff|126/356","|move|p2a: Slurpuff|Belly Drum|p2a: Slurpuff","|-fail|p2a: Slurpuff","|","|-sideend|p2: SL~Kingdra|Reflect","|turn|14","|","|-formechange|p1a: Aegislash|Aegislash","|move|p1a: Aegislash|King's Shield|p1a: Aegislash","|-singleturn|p1a: Aegislash|Protect","|move|p2a: Slurpuff|Belly Drum|p2a: Slurpuff","|-fail|p2a: Slurpuff","|","|turn|15","|","|move|p2a: Slurpuff|Play Rough|p1a: Aegislash|[miss]","|-miss|p2a: Slurpuff|p1a: Aegislash","|-formechange|p1a: Aegislash|Aegislash-Blade","|move|p1a: Aegislash|Shadow Ball|p2a: Slurpuff","|-crit|p2a: Slurpuff","|-damage|p2a: Slurpuff|0 fnt","|faint|p2a: Slurpuff","|","|","|switch|p2a: Sylveon|Sylveon, F|391/391","|turn|16","|","|move|p2a: Sylveon|Hidden Power|p1a: Aegislash","|-supereffective|p1a: Aegislash","|-damage|p1a: Aegislash|0 fnt","|faint|p1a: Aegislash","|","|","|switch|p1a: Trevenant|Trevenant, M|374/374","|turn|17","|","|move|p2a: Sylveon|Hidden Power|p1a: Trevenant","|-supereffective|p1a: Trevenant","|-damage|p1a: Trevenant|210/374","|move|p1a: Trevenant|Leech Seed|p2a: Sylveon","|-start|p2a: Sylveon|move: Leech Seed","|","|-damage|p2a: Sylveon|343/391|[from] Leech Seed|[of] p1a: Trevenant","|-heal|p1a: Trevenant|258/374|[silent]","|turn|18","|","|move|p2a: Sylveon|Hidden Power|p1a: Trevenant","|-supereffective|p1a: Trevenant","|-damage|p1a: Trevenant|100/374","|-enditem|p1a: Trevenant|Sitrus Berry|[eat]","|-heal|p1a: Trevenant|193/374|[from] item: Sitrus Berry","|move|p1a: Trevenant|Substitute|p1a: Trevenant","|-start|p1a: Trevenant|Substitute","|-damage|p1a: Trevenant|100/374","|","|-damage|p2a: Sylveon|295/391|[from] Leech Seed|[of] p1a: Trevenant","|-heal|p1a: Trevenant|148/374|[silent]","|turn|19","|","|move|p2a: Sylveon|Hidden Power|p1a: Trevenant","|-supereffective|p1a: Trevenant","|-end|p1a: Trevenant|Substitute","|move|p1a: Trevenant|Substitute|p1a: Trevenant","|-start|p1a: Trevenant|Substitute","|-damage|p1a: Trevenant|55/374","|","|-damage|p2a: Sylveon|247/391|[from] Leech Seed|[of] p1a: Trevenant","|-heal|p1a: Trevenant|103/374|[silent]","|-item|p1a: Trevenant|Sitrus Berry|[from] ability: Harvest","|-enditem|p1a: Trevenant|Sitrus Berry|[eat]","|-heal|p1a: Trevenant|196/374|[from] item: Sitrus Berry","|turn|20","|","|move|p2a: Sylveon|Hidden Power|p1a: Trevenant","|-supereffective|p1a: Trevenant","|-end|p1a: Trevenant|Substitute","|move|p1a: Trevenant|Substitute|p1a: Trevenant","|-start|p1a: Trevenant|Substitute","|-damage|p1a: Trevenant|103/374","|","|-damage|p2a: Sylveon|199/391|[from] Leech Seed|[of] p1a: Trevenant","|-heal|p1a: Trevenant|151/374|[silent]","|-item|p1a: Trevenant|Sitrus Berry|[from] ability: Harvest","|-enditem|p1a: Trevenant|Sitrus Berry|[eat]","|-heal|p1a: Trevenant|244/374|[from] item: Sitrus Berry","|turn|21","|","|switch|p2a: Togekiss|Togekiss, M|373/373","|move|p1a: Trevenant|Horn Leech|p2a: Togekiss","|-resisted|p2a: Togekiss","|-damage|p2a: Togekiss|331/373","|-heal|p1a: Trevenant|265/374|[from] drain|[of] p2a: Togekiss","|","|-heal|p2a: Togekiss|354/373|[from] item: Leftovers","|-item|p1a: Trevenant|Sitrus Berry|[from] ability: Harvest","|turn|22","|","|move|p2a: Togekiss|Nasty Plot|p2a: Togekiss","|-boost|p2a: Togekiss|spa|2","|move|p1a: Trevenant|Substitute|p1a: Trevenant","|-fail|p1a: Trevenant|move: Substitute","|","|-heal|p2a: Togekiss|373/373|[from] item: Leftovers","|turn|23","|","|move|p2a: Togekiss|Nasty Plot|p2a: Togekiss","|-boost|p2a: Togekiss|spa|2","|move|p1a: Trevenant|Leech Seed|p2a: Togekiss","|-start|p2a: Togekiss|move: Leech Seed","|","|-damage|p2a: Togekiss|327/373|[from] Leech Seed|[of] p1a: Trevenant","|-heal|p1a: Trevenant|311/374|[silent]","|turn|24","|","|move|p2a: Togekiss|Air Slash|p1a: Trevenant","|-supereffective|p1a: Trevenant","|-end|p1a: Trevenant|Substitute","|move|p1a: Trevenant|Substitute|p1a: Trevenant","|-start|p1a: Trevenant|Substitute","|-damage|p1a: Trevenant|218/374","|","|-heal|p2a: Togekiss|350/373|[from] item: Leftovers","|-damage|p2a: Togekiss|304/373|[from] Leech Seed|[of] p1a: Trevenant","|-heal|p1a: Trevenant|264/374|[silent]","|turn|25","|","|move|p2a: Togekiss|Air Slash|p1a: Trevenant","|-supereffective|p1a: Trevenant","|-end|p1a: Trevenant|Substitute","|move|p1a: Trevenant|Substitute|p1a: Trevenant","|-start|p1a: Trevenant|Substitute","|-damage|p1a: Trevenant|171/374","|-enditem|p1a: Trevenant|Sitrus Berry|[eat]","|-heal|p1a: Trevenant|264/374|[from] item: Sitrus Berry","|","|-heal|p2a: Togekiss|327/373|[from] item: Leftovers","|-damage|p2a: Togekiss|281/373|[from] Leech Seed|[of] p1a: Trevenant","|-heal|p1a: Trevenant|310/374|[silent]","|turn|26","|","|move|p2a: Togekiss|Nasty Plot|p2a: Togekiss","|-boost|p2a: Togekiss|spa|2","|move|p1a: Trevenant|Substitute|p1a: Trevenant","|-fail|p1a: Trevenant|move: Substitute","|","|-heal|p2a: Togekiss|304/373|[from] item: Leftovers","|-damage|p2a: Togekiss|258/373|[from] Leech Seed|[of] p1a: Trevenant","|-heal|p1a: Trevenant|356/374|[silent]","|turn|27","|","|move|p2a: Togekiss|Roost|p2a: Togekiss","|-heal|p2a: Togekiss|373/373","|move|p1a: Trevenant|Substitute|p1a: Trevenant","|-fail|p1a: Trevenant|move: Substitute","|","|-damage|p2a: Togekiss|327/373|[from] Leech Seed|[of] p1a: Trevenant","|-heal|p1a: Trevenant|374/374|[silent]","|turn|28","|","|move|p2a: Togekiss|Roost|p2a: Togekiss","|-heal|p2a: Togekiss|373/373","|move|p1a: Trevenant|Substitute|p1a: Trevenant","|-fail|p1a: Trevenant|move: Substitute","|","|-damage|p2a: Togekiss|327/373|[from] Leech Seed|[of] p1a: Trevenant","|-item|p1a: Trevenant|Sitrus Berry|[from] ability: Harvest","|turn|29","|","|move|p2a: Togekiss|Air Slash|p1a: Trevenant","|-supereffective|p1a: Trevenant","|-end|p1a: Trevenant|Substitute","|move|p1a: Trevenant|Will-O-Wisp|p2a: Togekiss|[miss]","|-miss|p1a: Trevenant|p2a: Togekiss","|","|-heal|p2a: Togekiss|350/373|[from] item: Leftovers","|-damage|p2a: Togekiss|304/373|[from] Leech Seed|[of] p1a: Trevenant","|turn|30","|","|move|p2a: Togekiss|Air Slash|p1a: Trevenant","|-supereffective|p1a: Trevenant","|-damage|p1a: Trevenant|0 fnt","|faint|p1a: Trevenant","|","|-heal|p2a: Togekiss|327/373|[from] item: Leftovers","|","|switch|p1a: Jellicent|Jellicent, F|404/404","|turn|31","|","|move|p2a: Togekiss|Air Slash|p1a: Jellicent","|-damage|p1a: Jellicent|28/404","|move|p1a: Jellicent|Trick Room|p1a: Jellicent","|-fieldstart|move: Trick Room|[of] p1a: Jellicent","|","|-heal|p1a: Jellicent|53/404|[from] item: Leftovers","|-heal|p2a: Togekiss|350/373|[from] item: Leftovers","|-damage|p2a: Togekiss|304/373|[from] Leech Seed|[of] p1a: Jellicent","|-heal|p1a: Jellicent|99/404|[silent]","|turn|32","|","|move|p1a: Jellicent|Scald|p2a: Togekiss","|-damage|p2a: Togekiss|235/373","|move|p2a: Togekiss|Air Slash|p1a: Jellicent","|-damage|p1a: Jellicent|0 fnt","|faint|p1a: Jellicent","|","|win|SL~Kingdra"],"p1rating":{"entryid":"154436","serverid":"eos","formatid":"monotype","userid":"unionentropy","username":"Union Entropy","w":"1","l":1,"t":"0","gxe":48.7,"r":"1500","rd":"130","sigma":"0","rptime":"1439974800","rpr":1490.0274655526,"rprd":116.5446440777,"rpsigma":"0","acre":1031.5928038556,"lacre":1031.5928038556,"oldacre":"1046.6252454859"},"p2rating":{"entryid":"101024","serverid":"eos","formatid":"monotype","userid":"slkingdra","username":"SL~Kingdra","w":4,"l":"2","t":"0","gxe":53.6,"r":"1489.395004497","rd":"116.653521276","sigma":"0","rptime":"1439974800","rpr":1527.9443570774,"rprd":98.76953573597,"rpsigma":"0","acre":1110.7564313277,"lacre":1110.7564313277,"oldacre":"1086.904160398"},"endType":"normal"}