{"seed":[56036,26675,56667,14728],"turns":23,"p1":"Void Wiley","p2":"GTX♅Bzumzum","p1team":[{"name":"Tuba","species":"slurpuff","item":"sitrusberry","ability":"Unburden","moves":["bellydrum","drainpunch","playrough","aromatherapy"],"nature":"Jolly","evs":{"hp":4,"atk":252,"def":0,"spa":0,"spd":0,"spe":252},"ivs":{"hp":31,"atk":31,"def":31,"spa":31,"spd":31,"spe":31}},{"name":"Clarinet","species":"azumarill","item":"sitrusberry","ability":"Huge Power","moves":["bellydrum","aquajet","brickbreak","playrough"],"nature":"Adamant","evs":{"hp":252,"atk":252,"def":0,"spa":0,"spd":4,"spe":0},"ivs":{"hp":31,"atk":31,"def":31,"spa":31,"spd":31,"spe":31}},{"name":"Flute","species":"gardevoir","item":"gardevoirite","ability":"Synchronize","moves":["psyshock","hypervoice","energyball","focusblast"],"nature":"Timid","evs":{"hp":4,"atk":0,"def":0,"spa":252,"spd":0,"spe":252},"ivs":{"hp":31,"atk":31,"def":31,"spa":31,"spd":31,"spe":31}},{"name":"Alto","species":"togekiss","item":"choicescarf","ability":"Serene Grace","moves":["airslash","flamethrower","aurasphere","dazzlinggleam"],"nature":"Timid","evs":{"hp":0,"atk":0,"def":0,"spa":252,"spd":4,"spe":252},"ivs":{"hp":31,"atk":31,"def":31,"spa":31,"spd":31,"spe":31}},{"name":"Sax","species":"klefki","item":"lightclay","ability":"Prankster","moves":["thunderwave","lightscreen","reflect","foulplay"],"nature":"Bold","evs":{"hp":248,"atk":0,"def":252,"spa":0,"spd":8,"spe":0},"ivs":{"hp":31,"atk":31,"def":31,"spa":31,"spd":31,"spe":31}},{"name":"Trumpet","species":"sylveon","item":"leftovers","ability":"Pixilate","moves":["hypervoice","wish","protect","calmmind"],"nature":"Bold","evs":{"hp":252,"atk":0,"def":252,"spa":4,"spd":0,"spe":0},"ivs":{"hp":31,"atk":31,"def":31,"spa":31,"spd":31,"spe":31}}],"p2team":[{"name":"Creeps","species":"sableye","item":"sablenite","ability":"Prankster","moves":["dazzlinggleam","calmmind","recover","willowisp"],"nature":"Calm","evs":{"hp":216,"atk":0,"def":0,"spa":40,"spd":252,"spe":0},"gender":"M","ivs":{"hp":31,"atk":31,"def":31,"spa":31,"spd":31,"spe":31}},{"name":"The One","species":"zoroark","item":"focussash","ability":"Illusion","moves":["hiddenpowersteel","extrasensory","snarl","flamethrower"],"nature":"Timid","evs":{"hp":0,"atk":0,"def":0,"spa":252,"spd":4,"spe":252},"gender":"M","ivs":{"hp":31,"atk":31,"def":31,"spa":31,"spd":30,"spe":31}},{"name":"Sharp Blade","species":"bisharp","item":"chartiberry","ability":"Defiant","moves":["suckerpunch","ironhead","poisonjab","roleplay"],"nature":"Adamant","evs":{"hp":248,"atk":252,"def":0,"spa":0,"spd":8,"spe":0},"gender":"M","shiny":true,"ivs":{"hp":31,"atk":31,"def":31,"spa":31,"spd":31,"spe":31}},{"name":"Tyranidark","species":"tyranitar","item":"choicescarf","ability":"Sand Stream","moves":["aerialace","earthquake","rockslide","icepunch"],"nature":"Jolly","evs":{"hp":0,"atk":252,"def":0,"spa":0,"spd":4,"spe":252},"gender":"M","ivs":{"hp":31,"atk":31,"def":31,"spa":31,"spd":31,"spe":31}},{"name":"Try-my-Hydreigon!","species":"hydreigon","item":"choicescarf","ability":"Levitate","moves":["flashcannon","surf","triattack","darkpulse"],"nature":"Timid","evs":{"hp":0,"atk":0,"def":0,"spa":252,"spd":4,"spe":252},"gender":"M","ivs":{"hp":31,"atk":31,"def":31,"spa":31,"spd":31,"spe":31}},{"name":"Annoyance","species":"mandibuzz","item":"leftovers","ability":"Overcoat","moves":["defog","roost","knockoff","bravebird"],"nature":"Impish","evs":{"hp":100,"atk":148,"def":68,"spa":0,"spd":148,"spe":44},"shiny":true,"ivs":{"hp":31,"atk":31,"def":31,"spa":31,"spd":31,"spe":31}}],"log":["|player|p1|Void Wiley|voidwiley.png","|player|p2|GTX♅Bzumzum|225","|gametype|singles","|gen|6","|tier|Monotype","|rated","|rule|Baton Pass Clause: Limit one Baton Passer, can't pass Spe and other stats simultaneously","|rule|Swagger Clause: Swagger is banned","|rule|Same Type Clause: Pokémon in a team must share a type","|clearpoke","|poke|p1|Slurpuff, F","|poke|p1|Azumarill, M","|poke|p1|Gardevoir, M","|poke|p1|Togekiss, M","|poke|p1|Klefki, M","|poke|p1|Sylveon, M","|poke|p2|Sableye, M","|poke|p2|Zoroark, M","|poke|p2|Bisharp, M, shiny","|poke|p2|Tyranitar, M","|poke|p2|Hydreigon, M","|poke|p2|Mandibuzz, F, shiny","|rule|Sleep Clause Mod: Limit one foe put to sleep","|rule|Species Clause: Limit one of each Pokémon","|rule|OHKO Clause: OHKO moves are banned","|rule|Moody Clause: Moody is banned","|rule|Evasion Moves Clause: Evasion moves are banned","|rule|Endless Battle Clause: Forcing endless battles is banned","|rule|HP Percentage Mod: HP is shown in percentages","|teampreview","|","|start","|switch|p1a: Trumpet|Sylveon, M|394/394","|switch|p2a: Try-my-Hydreigon!|Hydreigon, M|325/325","|turn|1","|","|move|p2a: Try-my-Hydreigon!|Flash Cannon|p1a: Trumpet","|-supereffective|p1a: Trumpet","|-damage|p1a: Trumpet|258/394","|move|p1a: Trumpet|Hyper Voice|p2a: Try-my-Hydreigon!","|-supereffective|p2a: Try-my-Hydreigon!","|-damage|p2a: Try-my-Hydreigon!|0 fnt","|faint|p2a: Try-my-Hydreigon!","|","|-heal|p1a: Trumpet|282/394|[from] item: Leftovers","|","|switch|p2a: Sharp Blade|Bisharp, M, shiny|333/333","|turn|2","|","|move|p1a: Trumpet|Protect|p1a: Trumpet","|-singleturn|p1a: Trumpet|Protect","|move|p2a: Sharp Blade|Role Play|p1a: Trumpet","|-ability|p2a: Sharp Blade|pixilate|[from] move: Role Play|[of] p1a: Trumpet","|","|-heal|p1a: Trumpet|306/394|[from] item: Leftovers","|turn|3","|","|move|p2a: Sharp Blade|Poison Jab|p1a: Trumpet","|-supereffective|p1a: Trumpet","|-damage|p1a: Trumpet|130/394","|move|p1a: Trumpet|Hyper Voice|p2a: Sharp Blade","|-damage|p2a: Sharp Blade|128/333","|","|-heal|p1a: Trumpet|154/394|[from] item: Leftovers","|turn|4","|","|switch|p1a: Sax|Klefki, M|317/317","|move|p2a: Sharp Blade|Iron Head|p1a: Sax","|-damage|p1a: Sax|193/317","|","|turn|5","|","|move|p1a: Sax|Thunder Wave|p2a: Sharp Blade","|-status|p2a: Sharp Blade|par","|move|p2a: Sharp Blade|Role Play|p1a: Sax","|-ability|p2a: Sharp Blade|prankster|[from] move: Role Play|[of] p1a: Sax","|","|turn|6","|","|move|p1a: Sax|Foul Play|p2a: Sharp Blade","|-resisted|p2a: Sharp Blade","|-damage|p2a: Sharp Blade|66/333 par","|move|p2a: Sharp Blade|Iron Head|p1a: Sax","|-damage|p1a: Sax|84/317","|","|turn|7","|","|move|p1a: Sax|Foul Play|p2a: Sharp Blade","|-resisted|p2a: Sharp Blade","|-damage|p2a: Sharp Blade|6/333 par","|move|p2a: Sharp Blade|Iron Head|p1a: Sax","|-damage|p1a: Sax|0 fnt","|faint|p1a: Sax","|","|","|switch|p1a: Clarinet|Azumarill, M|404/404","|turn|8","|","|move|p1a: Clarinet|Aqua Jet|p2a: Sharp Blade","|-damage|p2a: Sharp Blade|0 fnt","|faint|p2a: Sharp Blade","|","|","|switch|p2a: Creeps|Sableye, M|295/295","|turn|9","|","|detailschange|p2a: Creeps|Sableye-Mega, M","|-mega|p2a: Creeps|Sableye|Sablenite","|move|p2a: Creeps|Will-O-Wisp|p1a: Clarinet","|-status|p1a: Clarinet|brn","|move|p1a: Clarinet|Belly Drum|p1a: Clarinet","|-damage|p1a: Clarinet|202/404 brn","|-setboost|p1a: Clarinet|atk|6|[from] move: Belly Drum","|-enditem|p1a: Clarinet|Sitrus Berry|[eat]","|-heal|p1a: Clarinet|303/404 brn|[from] item: Sitrus Berry","|","|-damage|p1a: Clarinet|253/404 brn|[from] brn","|turn|10","|","|move|p1a: Clarinet|Play Rough|p2a: Creeps|[miss]","|-miss|p1a: Clarinet|p2a: Creeps","|move|p2a: Creeps|Calm Mind|p2a: Creeps","|-boost|p2a: Creeps|spa|1","|-boost|p2a: Creeps|spd|1","|","|-damage|p1a: Clarinet|203/404 brn|[from] brn","|turn|11","|","|switch|p2a: Annoyance|Mandibuzz, F, shiny|261/261","|move|p1a: Clarinet|Play Rough|p2a: Annoyance","|-crit|p2a: Annoyance","|-supereffective|p2a: Annoyance","|-enditem|p2a: Annoyance|Focus Sash","|replace|p2a: The One|Zoroark, M|261/261","|-damage|p2a: The One|1/261","|","|-damage|p1a: Clarinet|153/404 brn|[from] brn","|turn|12","|","|switch|p2a: Annoyance|Mandibuzz, F, shiny|386/386","|move|p1a: Clarinet|Aqua Jet|p2a: Annoyance","|-damage|p2a: Annoyance|245/386","|","|-heal|p2a: Annoyance|269/386|[from] item: Leftovers","|-damage|p1a: Clarinet|103/404 brn|[from] brn","|turn|13","|","|move|p2a: Annoyance|Roost|p2a: Annoyance","|-heal|p2a: Annoyance|386/386","|move|p1a: Clarinet|Play Rough|p2a: Annoyance","|-supereffective|p2a: Annoyance","|-damage|p2a: Annoyance|0 fnt","|faint|p2a: Annoyance","|","|-damage|p1a: Clarinet|53/404 brn|[from] brn","|","|switch|p2a: Tyranidark|Tyranitar, M|341/341","|-weather|Sandstorm","|turn|14","|","|move|p1a: Clarinet|Aqua Jet|p2a: Tyranidark","|-supereffective|p2a: Tyranidark","|-damage|p2a: Tyranidark|41/341","|move|p2a: Tyranidark|Rock Slide|p1a: Clarinet","|-damage|p1a: Clarinet|0 fnt","|faint|p1a: Clarinet","|","|-weather|Sandstorm|[upkeep]","|","|switch|p1a: Flute|Gardevoir, M|278/278","|turn|15","|","|detailschange|p1a: Flute|Gardevoir-Mega, M","|-mega|p1a: Flute|Gardevoir|Gardevoirite","|move|p2a: Tyranidark|Rock Slide|p1a: Flute","|-damage|p1a: Flute|100/278","|cant|p1a: Flute|flinch","|","|-weather|Sandstorm|[upkeep]","|-damage|p1a: Flute|83/278|[from] sandstorm","|turn|16","|","|move|p2a: Tyranidark|Rock Slide|p1a: Flute","|-damage|p1a: Flute|0 fnt","|faint|p1a: Flute","|","|-weather|Sandstorm|[upkeep]","|","|switch|p1a: Tuba|Slurpuff, F|306/306","|turn|17","|","|move|p2a: Tyranidark|Rock Slide|p1a: Tuba","|-damage|p1a: Tuba|152/306","|-enditem|p1a: Tuba|Sitrus Berry|[eat]","|-heal|p1a: Tuba|228/306|[from] item: Sitrus Berry","|cant|p1a: Tuba|flinch","|","|-weather|Sandstorm|[upkeep]","|-damage|p1a: Tuba|209/306|[from] sandstorm","|turn|18","|","|move|p1a: Tuba|Play Rough|p2a: Tyranidark","|-supereffective|p2a: Tyranidark","|-damage|p2a: Tyranidark|0 fnt","|faint|p2a: Tyranidark","|","|-weather|none","|","|switch|p2a: The One|Zoroark, M|1/261","|turn|19","|","|move|p1a: Tuba|Drain Punch|p2a: The One","|-supereffective|p2a: The One","|-damage|p2a: The One|0 fnt","|-heal|p1a: Tuba|210/306|[from] drain|[of] p2a: The One","|faint|p2a: The One","|","|","|switch|p2a: Creeps|Sableye-Mega, M|295/295","|turn|20","|","|move|p1a: Tuba|Play Rough|p2a: Creeps","|-supereffective|p2a: Creeps","|-damage|p2a: Creeps|89/295","|move|p2a: Creeps|Will-O-Wisp|p1a: Tuba","|-status|p1a: Tuba|brn","|","|-damage|p1a: Tuba|172/306 brn|[from] brn","|turn|21","|","|move|p1a: Tuba|Belly Drum|p1a: Tuba","|-damage|p1a: Tuba|19/306 brn","|-setboost|p1a: Tuba|atk|6|[from] move: Belly Drum","|move|p2a: Creeps|Recover|p2a: Creeps","|-heal|p2a: Creeps|237/295","|","|-damage|p1a: Tuba|0 fnt|[from] brn","|faint|p1a: Tuba","|","|switch|p1a: Trumpet|Sylveon, M|154/394","|turn|22","|","|move|p1a: Trumpet|Hyper Voice|p2a: Creeps","|-supereffective|p2a: Creeps","|-damage|p2a: Creeps|39/295","|move|p2a: Creeps|Calm Mind|p2a: Creeps","|-boost|p2a: Creeps|spa|1","|-boost|p2a: Creeps|spd|1","|","|-heal|p1a: Trumpet|178/394|[from] item: Leftovers","|turn|23","|","|move|p1a: Trumpet|Hyper Voice|p2a: Creeps","|-supereffective|p2a: Creeps","|-damage|p2a: Creeps|0 fnt","|faint|p2a: Creeps","|","|win|Void Wiley"],"p1rating":{"entryid":"91212","serverid":"eos","formatid":"monotype","userid":"voidwiley","username":"Void Wiley","w":7,"l":"2","t":"0","gxe":62.9,"r":"1552.5459193415","rd":"107.37728926856","sigma":"0","rptime":"1439974800","rpr":1602.9523350963,"rprd":91.071882167015,"rpsigma":"0","acre":1144.5241392861,"lacre":1144.5241392861,"oldacre":"1126.8019499791"},"p2rating":{"entryid":"1463","serverid":"eos","formatid":"monotype","userid":"gtxbzumzum","username":"GTX♅Bzumzum","w":"3","l":12,"t":"0","gxe":30.7,"r":"1351.2654851683","rd":"93.466926425158","sigma":"0","rptime":"1439974800","rpr":1343.2882364184,"rprd":79.640573533962,"rpsigma":"0","acre":1013.1502394452,"lacre":1013.1502394452,"oldacre":"1022.6472704536"},"endType":"normal"}