{"seed":[30128,37407,6031,48877],"turns":22,"p1":"Genesis Jasper","p2":"GTX♅Cool","p1team":[{"name":"Lanturn","species":"Lanturn","item":"leftovers","ability":"Volt Absorb","moves":["healbell","scald","voltswitch","toxic"],"nature":"Calm","evs":{"hp":40,"atk":0,"def":252,"spa":0,"spd":216,"spe":0},"ivs":{"hp":31,"atk":0,"def":31,"spa":31,"spd":31,"spe":31},"shiny":true},{"name":"Empoleon","species":"Empoleon","item":"leftovers","ability":"Torrent","moves":["scald","toxic","stealthrock","roar"],"nature":"Calm","evs":{"hp":252,"atk":0,"def":0,"spa":0,"spd":252,"spe":4},"gender":"F","ivs":{"hp":31,"atk":0,"def":31,"spa":31,"spd":31,"spe":31},"shiny":true},{"name":"Azumarill","species":"Azumarill","item":"sitrusberry","ability":"Sap Sipper","moves":["bellydrum","aquajet","playrough","knockoff"],"nature":"Adamant","evs":{"hp":92,"atk":252,"def":0,"spa":0,"spd":0,"spe":164},"gender":"F","shiny":true,"ivs":{"hp":31,"atk":31,"def":31,"spa":31,"spd":31,"spe":31}},{"name":"Quagsire","species":"Quagsire","item":"leftovers","ability":"Water Absorb","moves":["scald","recover","earthquake","toxic"],"nature":"Relaxed","evs":{"hp":252,"atk":0,"def":252,"spa":0,"spd":4,"spe":0},"gender":"M","ivs":{"hp":31,"atk":31,"def":31,"spa":31,"spd":31,"spe":31}},{"name":"Jellicent","species":"Jellicent","item":"leftovers","ability":"Cursed Body","moves":["taunt","willowisp","recover","scald"],"nature":"Bold","evs":{"hp":248,"atk":0,"def":216,"spa":0,"spd":0,"spe":44},"gender":"M","shiny":true,"ivs":{"hp":31,"atk":31,"def":31,"spa":31,"spd":31,"spe":31}},{"name":"Keldeo","species":"Keldeo","item":"choicespecs","ability":"Justified","moves":["scald","secretsword","hydropump","icywind"],"nature":"Timid","evs":{"hp":0,"atk":0,"def":4,"spa":252,"spd":0,"spe":252},"ivs":{"hp":31,"atk":31,"def":31,"spa":31,"spd":31,"spe":31}}],"p2team":[{"name":"Electivire","species":"Electivire","item":"lifeorb","ability":"Motor Drive","moves":["wildcharge","earthquake","icepunch","meditate"],"nature":"Jolly","evs":{"hp":0,"atk":4,"def":0,"spa":0,"spd":4,"spe":252},"ivs":{"hp":31,"atk":31,"def":31,"spa":31,"spd":31,"spe":31}},{"name":"Zapdos","species":"Zapdos","item":"","ability":"Pressure","moves":["thunderbolt","roost","hiddenpowerice","heatwave"],"nature":"Bold","evs":{"hp":248,"atk":0,"def":176,"spa":68,"spd":0,"spe":16},"ivs":{"hp":31,"atk":30,"def":30,"spa":31,"spd":31,"spe":31}},{"name":"Eelektross","species":"Eelektross","item":"assaultvest","ability":"Levitate","moves":["voltswitch","flamethrower","gigadrain","thunderbolt"],"nature":"Modest","evs":{"hp":252,"atk":4,"def":0,"spa":252,"spd":0,"spe":0},"ivs":{"hp":31,"atk":31,"def":31,"spa":31,"spd":31,"spe":31}},{"name":"Thundurus","species":"Thundurus","item":"lifeorb","ability":"Prankster","moves":["thunderwave","thunderbolt","hiddenpowerice","focusblast"],"nature":"Timid","evs":{"hp":0,"atk":0,"def":4,"spa":252,"spd":0,"spe":252},"ivs":{"hp":31,"atk":30,"def":30,"spa":31,"spd":31,"spe":31}},{"name":"Magnezone","species":"Magnezone","item":"airballoon","ability":"Magnet Pull","moves":["magnetrise","hiddenpowergrass","flashcannon","thunderbolt"],"nature":"Modest","evs":{"hp":128,"atk":0,"def":0,"spa":252,"spd":0,"spe":128},"ivs":{"hp":31,"atk":30,"def":31,"spa":30,"spd":31,"spe":31}},{"name":"Rotom-Wash","species":"Rotom-Wash","item":"leftovers","ability":"Levitate","moves":["voltswitch","hydropump","willowisp","painsplit"],"nature":"Bold","evs":{"hp":248,"atk":0,"def":252,"spa":0,"spd":0,"spe":8},"ivs":{"hp":31,"atk":31,"def":31,"spa":31,"spd":31,"spe":31}}],"log":["|player|p1|Genesis Jasper|274","|player|p2|GTX♅Cool|163","|gametype|singles","|gen|6","|tier|Monotype","|rated","|rule|Baton Pass Clause: Limit one Baton Passer, can't pass Spe and other stats simultaneously","|rule|Swagger Clause: Swagger is banned","|rule|Same Type Clause: Pokémon in a team must share a type","|clearpoke","|poke|p1|Lanturn, M, shiny","|poke|p1|Empoleon, F, shiny","|poke|p1|Azumarill, F, shiny","|poke|p1|Quagsire, M","|poke|p1|Jellicent, M, shiny","|poke|p1|Keldeo","|poke|p2|Electivire, F","|poke|p2|Zapdos","|poke|p2|Eelektross, F","|poke|p2|Thundurus, M","|poke|p2|Magnezone","|poke|p2|Rotom-Wash","|rule|Sleep Clause Mod: Limit one foe put to sleep","|rule|Species Clause: Limit one of each Pokémon","|rule|OHKO Clause: OHKO moves are banned","|rule|Moody Clause: Moody is banned","|rule|Evasion Moves Clause: Evasion moves are banned","|rule|Endless Battle Clause: Forcing endless battles is banned","|rule|HP Percentage Mod: HP is shown in percentages","|teampreview","|","|start","|switch|p1a: Lanturn|Lanturn, M, shiny|401/401","|switch|p2a: Rotom-Wash|Rotom-Wash|303/303","|turn|1","|","|move|p2a: Rotom-Wash|Will-O-Wisp|p1a: Lanturn","|-status|p1a: Lanturn|brn","|move|p1a: Lanturn|Volt Switch|p2a: Rotom-Wash","|-damage|p2a: Rotom-Wash|245/303","|","|switch|p1a: Quagsire|Quagsire, M|394/394","|","|-heal|p2a: Rotom-Wash|263/303|[from] item: Leftovers","|turn|2","|","|move|p2a: Rotom-Wash|Will-O-Wisp|p1a: Quagsire","|-status|p1a: Quagsire|brn","|move|p1a: Quagsire|Scald|p2a: Rotom-Wash","|-resisted|p2a: Rotom-Wash","|-damage|p2a: Rotom-Wash|233/303","|","|-heal|p2a: Rotom-Wash|251/303|[from] item: Leftovers","|-damage|p1a: Quagsire|345/394 brn|[from] brn","|turn|3","|","|switch|p1a: Lanturn|Lanturn, M, shiny|401/401 brn","|move|p2a: Rotom-Wash|Hydro Pump|p1a: Lanturn|[miss]","|-miss|p2a: Rotom-Wash|p1a: Lanturn","|","|-heal|p2a: Rotom-Wash|269/303|[from] item: Leftovers","|-damage|p1a: Lanturn|351/401 brn|[from] brn","|turn|4","|","|switch|p2a: Electivire|Electivire, F|291/291","|move|p1a: Lanturn|Heal Bell|p1a: Lanturn","|-cureteam|p1a: Lanturn|[from] move: HealBell","|","|-heal|p1a: Lanturn|376/401|[from] item: Leftovers","|turn|5","|","|move|p2a: Electivire|Earthquake|p1a: Lanturn","|-supereffective|p1a: Lanturn","|-damage|p1a: Lanturn|119/401","|-damage|p2a: Electivire|262/291|[from] item: Life Orb","|move|p1a: Lanturn|Scald|p2a: Electivire","|-damage|p2a: Electivire|178/291","|","|-heal|p1a: Lanturn|144/401|[from] item: Leftovers","|turn|6","|","|switch|p1a: Quagsire|Quagsire, M|345/394","|move|p2a: Electivire|Earthquake|p1a: Quagsire","|-damage|p1a: Quagsire|248/394","|-damage|p2a: Electivire|149/291|[from] item: Life Orb","|","|-heal|p1a: Quagsire|272/394|[from] item: Leftovers","|turn|7","|","|move|p2a: Electivire|Ice Punch|p1a: Quagsire","|-crit|p1a: Quagsire","|-damage|p1a: Quagsire|152/394","|-damage|p2a: Electivire|120/291|[from] item: Life Orb","|move|p1a: Quagsire|Earthquake|p2a: Electivire","|-supereffective|p2a: Electivire","|-damage|p2a: Electivire|0 fnt","|faint|p2a: Electivire","|","|-heal|p1a: Quagsire|176/394|[from] item: Leftovers","|","|switch|p2a: Magnezone|Magnezone|313/313","|-item|p2a: Magnezone|Air Balloon","|turn|8","|","|move|p2a: Magnezone|Hidden Power|p1a: Quagsire","|-crit|p1a: Quagsire","|-supereffective|p1a: Quagsire","|-damage|p1a: Quagsire|0 fnt","|faint|p1a: Quagsire","|","|","|switch|p1a: Lanturn|Lanturn, M, shiny|144/401","|turn|9","|","|move|p2a: Magnezone|Hidden Power|p1a: Lanturn","|-supereffective|p1a: Lanturn","|-damage|p1a: Lanturn|8/401","|move|p1a: Lanturn|Scald|p2a: Magnezone","|-damage|p2a: Magnezone|228/313","|-enditem|p2a: Magnezone|Air Balloon","|","|-heal|p1a: Lanturn|33/401|[from] item: Leftovers","|turn|10","|","|switch|p1a: Azumarill|Azumarill, F, shiny|364/364","|move|p2a: Magnezone|Hidden Power|p1a: Azumarill","|-boost|p1a: Azumarill|atk|1|[from] ability: Sap Sipper","|","|turn|11","|","|move|p2a: Magnezone|Thunderbolt|p1a: Azumarill","|-supereffective|p1a: Azumarill","|-damage|p1a: Azumarill|0 fnt","|faint|p1a: Azumarill","|","|","|switch|p1a: Keldeo|Keldeo|323/323","|turn|12","|","|move|p1a: Keldeo|Secret Sword|p2a: Magnezone","|-supereffective|p2a: Magnezone","|-damage|p2a: Magnezone|0 fnt","|faint|p2a: Magnezone","|","|","|switch|p2a: Eelektross|Eelektross, F|374/374","|turn|13","|","|move|p1a: Keldeo|Secret Sword|p2a: Eelektross","|-damage|p2a: Eelektross|80/374","|move|p2a: Eelektross|Thunderbolt|p1a: Keldeo","|-supereffective|p1a: Keldeo","|-damage|p1a: Keldeo|0 fnt","|faint|p1a: Keldeo","|","|","|switch|p1a: Jellicent|Jellicent, M, shiny|403/403","|turn|14","|","|switch|p1a: Lanturn|Lanturn, M, shiny|33/401","|move|p2a: Eelektross|Giga Drain|p1a: Lanturn","|-supereffective|p1a: Lanturn","|-damage|p1a: Lanturn|0 fnt","|-heal|p2a: Eelektross|97/374|[from] drain|[of] p1a: Lanturn","|faint|p1a: Lanturn","|","|","|switch|p1a: Empoleon|Empoleon, F, shiny|372/372","|turn|15","|","|move|p1a: Empoleon|Scald|p2a: Eelektross","|-damage|p2a: Eelektross|21/374","|move|p2a: Eelektross|Thunderbolt|p1a: Empoleon","|-supereffective|p1a: Empoleon","|-damage|p1a: Empoleon|142/372","|","|-heal|p1a: Empoleon|165/372|[from] item: Leftovers","|turn|16","|","|move|p1a: Empoleon|Scald|p2a: Eelektross","|-damage|p2a: Eelektross|0 fnt","|faint|p2a: Eelektross","|","|-heal|p1a: Empoleon|188/372|[from] item: Leftovers","|","|switch|p2a: Zapdos|Zapdos|383/383","|-ability|p2a: Zapdos|Pressure","|turn|17","|","|move|p2a: Zapdos|Thunderbolt|p1a: Empoleon","|-supereffective|p1a: Empoleon","|-damage|p1a: Empoleon|6/372","|move|p1a: Empoleon|Scald|p2a: Zapdos","|-damage|p2a: Zapdos|206/383","|-status|p2a: Zapdos|brn","|","|-heal|p1a: Empoleon|29/372|[from] item: Leftovers","|-damage|p2a: Zapdos|159/383 brn|[from] brn","|turn|18","|","|move|p2a: Zapdos|Thunderbolt|p1a: Empoleon","|-supereffective|p1a: Empoleon","|-damage|p1a: Empoleon|0 fnt","|faint|p1a: Empoleon","|","|-damage|p2a: Zapdos|112/383 brn|[from] brn","|","|switch|p1a: Jellicent|Jellicent, M, shiny|403/403","|turn|19","|","|move|p2a: Zapdos|Thunderbolt|p1a: Jellicent","|-supereffective|p1a: Jellicent","|-damage|p1a: Jellicent|127/403","|-status|p1a: Jellicent|par","|move|p1a: Jellicent|Recover|p1a: Jellicent","|-heal|p1a: Jellicent|329/403 par","|","|-heal|p1a: Jellicent|354/403 par|[from] item: Leftovers","|-damage|p2a: Zapdos|65/383 brn|[from] brn","|turn|20","|","|move|p2a: Zapdos|Roost|p2a: Zapdos","|-heal|p2a: Zapdos|257/383 brn","|cant|p1a: Jellicent|par","|","|-heal|p1a: Jellicent|379/403 par|[from] item: Leftovers","|-damage|p2a: Zapdos|210/383 brn|[from] brn","|turn|21","|","|move|p2a: Zapdos|Thunderbolt|p1a: Jellicent","|-supereffective|p1a: Jellicent","|-damage|p1a: Jellicent|97/403 par","|move|p1a: Jellicent|Scald|p2a: Zapdos","|-damage|p2a: Zapdos|114/383 brn","|","|-heal|p1a: Jellicent|122/403 par|[from] item: Leftovers","|-damage|p2a: Zapdos|67/383 brn|[from] brn","|turn|22","|","|move|p2a: Zapdos|Thunderbolt|p1a: Jellicent","|-supereffective|p1a: Jellicent","|-damage|p1a: Jellicent|0 fnt","|faint|p1a: Jellicent","|","|win|GTX♅Cool"],"p1rating":{"entryid":109942,"formatid":"monotype","userid":"genesisjasper","username":"Genesis Jasper","r":1500,"rd":130,"sigma":0,"rpr":1441.0230975863,"rprd":123.59379405841,"rpsigma":0,"rptime":1439888400,"w":0,"l":1,"t":0,"gxe":42.7,"acre":1000,"lacre":1000,"oldacre":1000},"p2rating":{"entryid":"10847","serverid":"eos","formatid":"monotype","userid":"gtxcool","username":"GTX♅Cool","w":11,"l":"24","t":"0","gxe":35.5,"r":"1342.945816768","rd":"99.186710102519","sigma":"0","rptime":"1439888400","rpr":1386.4220657439,"rprd":60.314160728921,"rpsigma":"0","acre":1121.3984739362,"lacre":1121.3984739362,"oldacre":"1103.642541925"},"endType":"normal"}