{"seed":[37075,26374,56231,43008],"turns":24,"p1":"Feppy Wat","p2":"Inferno Sableye","p1team":[{"name":"Garchomp","species":"Garchomp","item":"rockyhelmet","ability":"Rough Skin","moves":["stealthrock","earthquake","dragontail","rocktomb"],"nature":"Impish","evs":{"hp":252,"atk":0,"def":164,"spa":0,"spd":0,"spe":92},"ivs":{"hp":31,"atk":31,"def":31,"spa":31,"spd":31,"spe":31}},{"name":"Latios","species":"Latios","item":"choicescarf","ability":"Levitate","moves":["psyshock","icebeam","dracometeor","hiddenpowerfire"],"nature":"Timid","evs":{"hp":0,"atk":0,"def":0,"spa":252,"spd":4,"spe":252},"ivs":{"hp":31,"atk":30,"def":31,"spa":30,"spd":31,"spe":30}},{"name":"PK-Kaiser","species":"latias","item":"latiasite","ability":"Levitate","moves":["thunderwave","energyball","defog","healingwish"],"nature":"Calm","evs":{"hp":244,"atk":0,"def":0,"spa":0,"spd":252,"spe":12},"ivs":{"hp":31,"atk":0,"def":31,"spa":31,"spd":31,"spe":31},"happiness":0},{"name":"Hydreigon","species":"Hydreigon","item":"focussash","ability":"Levitate","moves":["flamethrower","darkpulse","earthpower","tailwind"],"nature":"Modest","evs":{"hp":4,"atk":0,"def":0,"spa":252,"spd":0,"spe":252},"ivs":{"hp":31,"atk":0,"def":31,"spa":31,"spd":31,"spe":31}},{"name":"Kyurem-Black","species":"Kyurem-Black","item":"assaultvest","ability":"Teravolt","moves":["fusionbolt","ironhead","icebeam","earthpower"],"nature":"Lonely","evs":{"hp":0,"atk":252,"def":0,"spa":108,"spd":0,"spe":148},"ivs":{"hp":31,"atk":31,"def":31,"spa":31,"spd":31,"spe":31}},{"name":"Dragonite","species":"Dragonite","item":"weaknesspolicy","ability":"Multiscale","moves":["dragondance","dragonclaw","extremespeed","earthquake"],"nature":"Adamant","evs":{"hp":220,"atk":252,"def":0,"spa":0,"spd":0,"spe":36},"ivs":{"hp":31,"atk":31,"def":31,"spa":31,"spd":31,"spe":31}}],"p2team":[{"name":"Streamers","species":"deoxysdefense","item":"mentalherb","ability":"Pressure","moves":["thunderwave","spikes","stealthrock","taunt"],"nature":"Timid","evs":{"hp":252,"atk":0,"def":4,"spa":0,"spd":0,"spe":252},"ivs":{"hp":31,"atk":0,"def":31,"spa":31,"spd":31,"spe":31}},{"name":"Astral","species":"jirachi","item":"choicescarf","ability":"Serene Grace","moves":["uturn","trick","healingwish","ironhead"],"nature":"Jolly","evs":{"hp":0,"atk":252,"def":0,"spa":0,"spd":4,"spe":252},"ivs":{"hp":31,"atk":31,"def":31,"spa":31,"spd":31,"spe":31}},{"name":"USAIN BOLT","species":"slowbro","item":"rockyhelmet","ability":"Regenerator","moves":["slackoff","flamethrower","scald","thunderwave"],"nature":"Bold","evs":{"hp":252,"atk":0,"def":252,"spa":4,"spd":0,"spe":0},"ivs":{"hp":31,"atk":0,"def":31,"spa":31,"spd":31,"spe":31}},{"name":"Waifu","species":"gardevoir","item":"gardevoirite","ability":"Trace","moves":["hypervoice","psyshock","focusblast","substitute"],"nature":"Timid","evs":{"hp":0,"atk":0,"def":24,"spa":232,"spd":0,"spe":252},"ivs":{"hp":31,"atk":0,"def":31,"spa":31,"spd":31,"spe":31},"shiny":true},{"name":"Vendetta","species":"victini","item":"choiceband","ability":"Victory Star","moves":["vcreate","uturn","boltstrike","zenheadbutt"],"nature":"Adamant","evs":{"hp":0,"atk":252,"def":0,"spa":0,"spd":4,"spe":252},"ivs":{"hp":31,"atk":31,"def":31,"spa":31,"spd":31,"spe":31}},{"name":"Jhene","species":"meloetta","item":"assaultvest","ability":"Serene Grace","moves":["energyball","psyshock","focusblast","shadowball"],"nature":"Modest","evs":{"hp":248,"atk":0,"def":0,"spa":252,"spd":8,"spe":0},"ivs":{"hp":31,"atk":0,"def":31,"spa":31,"spd":31,"spe":31}}],"log":["|player|p1|Feppy Wat|swlneki.png","|player|p2|Inferno Sableye|infernosableye.png","|gametype|singles","|gen|6","|tier|Monotype","|rated","|rule|Baton Pass Clause: Limit one Baton Passer, can't pass Spe and other stats simultaneously","|rule|Swagger Clause: Swagger is banned","|rule|Same Type Clause: Pokémon in a team must share a type","|clearpoke","|poke|p1|Garchomp, F","|poke|p1|Latios, M","|poke|p1|Latias, F","|poke|p1|Hydreigon, M","|poke|p1|Kyurem-Black","|poke|p1|Dragonite, M","|poke|p2|Deoxys-Defense","|poke|p2|Jirachi","|poke|p2|Slowbro, M","|poke|p2|Gardevoir, M, shiny","|poke|p2|Victini","|poke|p2|Meloetta","|rule|Sleep Clause Mod: Limit one foe put to sleep","|rule|Species Clause: Limit one of each Pokémon","|rule|OHKO Clause: OHKO moves are banned","|rule|Moody Clause: Moody is banned","|rule|Evasion Moves Clause: Evasion moves are banned","|rule|Endless Battle Clause: Forcing endless battles is banned","|rule|HP Percentage Mod: HP is shown in percentages","|teampreview","|","|start","|switch|p1a: Hydreigon|Hydreigon, M|326/326","|switch|p2a: Waifu|Gardevoir, M, shiny|277/277","|-ability|p2a: Waifu|Levitate|[from] ability: Trace|[of] p1a: Hydreigon","|turn|1","|","|switch|p1a: Dragonite|Dragonite, M|378/378","|detailschange|p2a: Waifu|Gardevoir-Mega, M, shiny","|-mega|p2a: Waifu|Gardevoir|Gardevoirite","|move|p2a: Waifu|Hyper Voice|p1a: Dragonite","|-supereffective|p1a: Dragonite","|-damage|p1a: Dragonite|149/378","|-enditem|p1a: Dragonite|Weakness Policy","|-boost|p1a: Dragonite|atk|2|[from] item: Weakness Policy","|-boost|p1a: Dragonite|spa|2|[from] item: Weakness Policy","|","|turn|2","|","|switch|p2a: USAIN BOLT|Slowbro, M|394/394","|move|p1a: Dragonite|Dragon Claw|p2a: USAIN BOLT","|-damage|p2a: USAIN BOLT|189/394","|-damage|p1a: Dragonite|86/378|[from] item: Rocky Helmet|[of] p2a: USAIN BOLT","|","|turn|3","|","|move|p1a: Dragonite|Earthquake|p2a: USAIN BOLT","|-damage|p2a: USAIN BOLT|0 fnt","|faint|p2a: USAIN BOLT","|","|","|switch|p2a: Astral|Jirachi|341/341","|turn|4","|","|switch|p1a: Garchomp|Garchomp, F|420/420","|move|p2a: Astral|Iron Head|p1a: Garchomp","|-damage|p1a: Garchomp|326/420","|-damage|p2a: Astral|299/341|[from] ability: Rough Skin|[of] p1a: Garchomp","|-damage|p2a: Astral|243/341|[from] item: Rocky Helmet|[of] p1a: Garchomp","|","|turn|5","|","|switch|p2a: Waifu|Gardevoir-Mega, M, shiny|277/277","|move|p1a: Garchomp|Rock Tomb|p2a: Waifu","|-damage|p2a: Waifu|197/277","|-unboost|p2a: Waifu|spe|1","|","|turn|6","|","|switch|p2a: Streamers|Deoxys-Defense|304/304","|-ability|p2a: Streamers|Pressure","|move|p1a: Garchomp|Earthquake|p2a: Streamers","|-damage|p2a: Streamers|198/304","|","|turn|7","|","|switch|p1a: Hydreigon|Hydreigon, M|326/326","|move|p2a: Streamers|Stealth Rock|p1a: Hydreigon","|-sidestart|p1: Feppy Wat|move: Stealth Rock","|","|turn|8","|","|move|p2a: Streamers|Thunder Wave|p1a: Hydreigon","|-status|p1a: Hydreigon|par","|move|p1a: Hydreigon|Dark Pulse|p2a: Streamers","|-supereffective|p2a: Streamers","|-damage|p2a: Streamers|0 fnt","|faint|p2a: Streamers","|","|","|switch|p2a: Waifu|Gardevoir-Mega, M, shiny|197/277","|turn|9","|","|move|p2a: Waifu|Substitute|p2a: Waifu","|-start|p2a: Waifu|Substitute","|-damage|p2a: Waifu|128/277","|move|p1a: Hydreigon|Dark Pulse|p2a: Waifu","|-end|p2a: Waifu|Substitute","|","|turn|10","|","|move|p2a: Waifu|Substitute|p2a: Waifu","|-start|p2a: Waifu|Substitute","|-damage|p2a: Waifu|59/277","|move|p1a: Hydreigon|Dark Pulse|p2a: Waifu","|-end|p2a: Waifu|Substitute","|","|turn|11","|","|move|p2a: Waifu|Hyper Voice|p1a: Hydreigon","|-supereffective|p1a: Hydreigon","|-enditem|p1a: Hydreigon|Focus Sash","|-damage|p1a: Hydreigon|1/326 par","|move|p1a: Hydreigon|Dark Pulse|p2a: Waifu","|-damage|p2a: Waifu|0 fnt","|faint|p2a: Waifu","|","|","|switch|p2a: Vendetta|Victini|341/341","|turn|12","|","|switch|p1a: Kyurem-Black|Kyurem-Black|391/391","|-damage|p1a: Kyurem-Black|294/391|[from] Stealth Rock","|-ability|p1a: Kyurem-Black|Teravolt","|move|p2a: Vendetta|U-turn|p1a: Kyurem-Black","|-damage|p1a: Kyurem-Black|173/391","|","|switch|p2a: Astral|Jirachi|243/341","|","|turn|13","|","|move|p2a: Astral|Iron Head|p1a: Kyurem-Black","|-supereffective|p1a: Kyurem-Black","|-damage|p1a: Kyurem-Black|0 fnt","|faint|p1a: Kyurem-Black","|","|","|switch|p1a: Garchomp|Garchomp, F|326/420","|-damage|p1a: Garchomp|300/420|[from] Stealth Rock","|turn|14","|","|switch|p2a: Vendetta|Victini|341/341","|switch|p1a: PK-Kaiser|Latias, F|362/362","|-damage|p1a: PK-Kaiser|317/362|[from] Stealth Rock","|","|turn|15","|","|detailschange|p1a: PK-Kaiser|Latias-Mega, F","|-mega|p1a: PK-Kaiser|Latias|Latiasite","|move|p2a: Vendetta|U-turn|p1a: PK-Kaiser","|-supereffective|p1a: PK-Kaiser","|-damage|p1a: PK-Kaiser|129/362","|","|switch|p2a: Jhene|Meloetta|403/403","|move|p1a: PK-Kaiser|Thunder Wave|p2a: Jhene","|-status|p2a: Jhene|par","|","|turn|16","|","|move|p1a: PK-Kaiser|Healing Wish|p1a: PK-Kaiser","|faint|p1a: PK-Kaiser","|move|p2a: Jhene|Shadow Ball|p1: PK-Kaiser|[notarget]","|-notarget","|","|","|switch|p1a: Hydreigon|Hydreigon, M|1/326 par","|-heal|p1a: Hydreigon|326/326|[from] move: Healing Wish","|-damage|p1a: Hydreigon|286/326|[from] Stealth Rock","|turn|17","|","|switch|p1a: Latios|Latios, M|301/301","|-damage|p1a: Latios|264/301|[from] Stealth Rock","|move|p2a: Jhene|Focus Blast|p1a: Latios","|-resisted|p1a: Latios","|-damage|p1a: Latios|189/301","|","|turn|18","|","|move|p1a: Latios|Draco Meteor|p2a: Jhene","|-crit|p2a: Jhene","|-damage|p2a: Jhene|232/403 par","|-unboost|p1a: Latios|spa|2","|cant|p2a: Jhene|par","|","|turn|19","|","|switch|p1a: Dragonite|Dragonite, M|86/378","|-damage|p1a: Dragonite|0 fnt|[from] Stealth Rock","|faint|p1a: Dragonite","|cant|p2a: Jhene|par","|","|","|switch|p1a: Garchomp|Garchomp, F|300/420","|-damage|p1a: Garchomp|274/420|[from] Stealth Rock","|turn|20","|","|move|p1a: Garchomp|Earthquake|p2a: Jhene","|-damage|p2a: Jhene|40/403 par","|move|p2a: Jhene|Shadow Ball|p1a: Garchomp","|-damage|p1a: Garchomp|151/420","|-unboost|p1a: Garchomp|spd|1","|","|turn|21","|","|move|p1a: Garchomp|Earthquake|p2a: Jhene","|-damage|p2a: Jhene|0 fnt","|faint|p2a: Jhene","|","|","|switch|p2a: Vendetta|Victini|341/341","|turn|22","|","|move|p2a: Vendetta|U-turn|p1a: Garchomp","|-damage|p1a: Garchomp|53/420","|-damage|p2a: Vendetta|299/341|[from] ability: Rough Skin|[of] p1a: Garchomp","|-damage|p2a: Vendetta|243/341|[from] item: Rocky Helmet|[of] p1a: Garchomp","|","|switch|p2a: Astral|Jirachi|243/341","|move|p1a: Garchomp|Earthquake|p2a: Astral","|-supereffective|p2a: Astral","|-damage|p2a: Astral|0 fnt","|faint|p2a: Astral","|","|","|switch|p2a: Vendetta|Victini|243/341","|turn|23","|","|move|p2a: Vendetta|U-turn|p1a: Garchomp","|-crit|p1a: Garchomp","|-damage|p1a: Garchomp|0 fnt","|-damage|p2a: Vendetta|201/341|[from] ability: Rough Skin|[of] p1a: Garchomp","|-damage|p2a: Vendetta|145/341|[from] item: Rocky Helmet|[of] p1a: Garchomp","|faint|p1a: Garchomp","|","|","|switch|p1a: Latios|Latios, M|189/301","|-damage|p1a: Latios|152/301|[from] Stealth Rock","|turn|24","|","|move|p1a: Latios|Draco Meteor|p2a: Vendetta","|-damage|p2a: Vendetta|0 fnt","|-unboost|p1a: Latios|spa|2","|faint|p2a: Vendetta","|","|win|Feppy Wat"],"p1rating":{"entryid":160140,"formatid":"monotype","userid":"feppywat","username":"Feppy Wat","r":1500,"rd":130,"sigma":0,"rpr":1536.1182879878,"rprd":122.83141802352,"rpsigma":0,"rptime":1439974800,"w":1,"l":0,"t":0,"gxe":54.5,"acre":1051.7372372677,"lacre":1051.7372372677,"oldacre":1000},"p2rating":{"entryid":"83803","serverid":"eos","formatid":"monotype","userid":"infernosableye","username":"Inferno Sableye","w":"4","l":4,"t":"0","gxe":50.5,"r":"1459.8393856612","rd":"122.8583080769","sigma":"0","rptime":"1439974800","rpr":1503.6725357196,"rprd":93.495473299453,"rpsigma":"0","acre":1072.6996752588,"lacre":1072.6996752588,"oldacre":"1105.0354485511"},"endType":"normal"}