{"seed":[32447,11280,17767,59728],"turns":33,"p1":"Void Who","p2":"iMental1st","p1team":[{"name":"Mew","species":"Mew","item":"rockyhelmet","ability":"Synchronize","moves":["defog","knockoff","roost","willowisp"],"nature":"Careful","evs":{"hp":248,"atk":8,"def":0,"spa":0,"spd":252,"spe":0},"ivs":{"hp":31,"atk":31,"def":31,"spa":31,"spd":31,"spe":31}},{"name":"Medicham","species":"Medicham","item":"medichamite","ability":"Pure Power","moves":["fakeout","drainpunch","bulletpunch","psychocut"],"nature":"Adamant","evs":{"hp":248,"atk":252,"def":0,"spa":0,"spd":8,"spe":0},"ivs":{"hp":31,"atk":31,"def":31,"spa":31,"spd":31,"spe":31}},{"name":"Victini","species":"Victini","item":"choicescarf","ability":"Victory Star","moves":["boltstrike","vcreate","uturn","zenheadbutt"],"nature":"Jolly","evs":{"hp":0,"atk":252,"def":0,"spa":0,"spd":4,"spe":252},"ivs":{"hp":31,"atk":31,"def":31,"spa":31,"spd":31,"spe":31}},{"name":"Slowbro","species":"Slowbro","item":"leftovers","ability":"Regenerator","moves":["flamethrower","scald","thunderwave","slackoff"],"nature":"Bold","evs":{"hp":252,"atk":0,"def":252,"spa":4,"spd":0,"spe":0},"ivs":{"hp":31,"atk":31,"def":31,"spa":31,"spd":31,"spe":31}},{"name":"Hoopa-Unbound","species":"Hoopa-Unbound","item":"choicescarf","ability":"Magician","moves":["hyperspacefury","firepunch","drainpunch","hyperspacehole"],"nature":"Hasty","evs":{"hp":0,"atk":252,"def":0,"spa":4,"spd":0,"spe":252},"ivs":{"hp":31,"atk":31,"def":31,"spa":31,"spd":31,"spe":31}},{"name":"Meloetta","species":"Meloetta","item":"assaultvest","ability":"Serene Grace","moves":["psychic","focusblast","energyball","hypervoice"],"nature":"Modest","evs":{"hp":248,"atk":0,"def":0,"spa":252,"spd":8,"spe":0},"ivs":{"hp":31,"atk":31,"def":31,"spa":31,"spd":31,"spe":31}}],"p2team":[{"name":"Jirachi","species":"Jirachi","item":"choicescarf","ability":"Serene Grace","moves":["ironhead","trick","healingwish","uturn"],"nature":"Jolly","evs":{"hp":0,"atk":252,"def":0,"spa":0,"spd":4,"spe":252},"ivs":{"hp":31,"atk":31,"def":31,"spa":31,"spd":31,"spe":31}},{"name":"Victini","species":"Victini","item":"choicescarf","ability":"Victory Star","moves":["vcreate","boltstrike","zenheadbutt","blueflare"],"nature":"Adamant","evs":{"hp":0,"atk":252,"def":0,"spa":0,"spd":4,"spe":252},"ivs":{"hp":31,"atk":31,"def":31,"spa":31,"spd":31,"spe":31}},{"name":"Mew","species":"Mew","item":"leftovers","ability":"Synchronize","moves":["roost","stealthrock","defog","willowisp"],"nature":"Calm","evs":{"hp":252,"atk":0,"def":4,"spa":0,"spd":144,"spe":108},"ivs":{"hp":31,"atk":31,"def":31,"spa":31,"spd":31,"spe":31}},{"name":"Gardevoir","species":"Gardevoir","item":"gardevoirite","ability":"Trace","moves":["hypervoice","psyshock","focusblast","substitute"],"nature":"Timid","evs":{"hp":0,"atk":0,"def":0,"spa":252,"spd":4,"spe":252},"shiny":true,"ivs":{"hp":31,"atk":31,"def":31,"spa":31,"spd":31,"spe":31}},{"name":"Meloetta","species":"Meloetta","item":"assaultvest","ability":"Serene Grace","moves":["focusblast","psyshock","energyball","shadowball"],"nature":"Modest","evs":{"hp":248,"atk":0,"def":0,"spa":252,"spd":8,"spe":0},"ivs":{"hp":31,"atk":31,"def":31,"spa":31,"spd":31,"spe":31}},{"name":"Slowbro","species":"Slowbro","item":"rockyhelmet","ability":"Regenerator","moves":["slackoff","scald","fireblast","thunderwave"],"nature":"Bold","evs":{"hp":248,"atk":0,"def":252,"spa":8,"spd":0,"spe":0},"ivs":{"hp":31,"atk":31,"def":31,"spa":31,"spd":31,"spe":31}}],"log":["|player|p1|Void Who|voidwho.gif","|player|p2|iMental1st|184","|gametype|singles","|gen|6","|tier|Monotype","|rated","|rule|Baton Pass Clause: Limit one Baton Passer, can't pass Spe and other stats simultaneously","|rule|Swagger Clause: Swagger is banned","|rule|Same Type Clause: Pokémon in a team must share a type","|clearpoke","|poke|p1|Mew","|poke|p1|Medicham, F","|poke|p1|Victini","|poke|p1|Slowbro, F","|poke|p1|Hoopa-Unbound","|poke|p1|Meloetta","|poke|p2|Jirachi","|poke|p2|Victini","|poke|p2|Mew","|poke|p2|Gardevoir, F, shiny","|poke|p2|Meloetta","|poke|p2|Slowbro, F","|rule|Sleep Clause Mod: Limit one foe put to sleep","|rule|Species Clause: Limit one of each Pokémon","|rule|OHKO Clause: OHKO moves are banned","|rule|Moody Clause: Moody is banned","|rule|Evasion Moves Clause: Evasion moves are banned","|rule|Endless Battle Clause: Forcing endless battles is banned","|rule|HP Percentage Mod: HP is shown in percentages","|teampreview","|","|start","|switch|p1a: Mew|Mew|403/403","|switch|p2a: Jirachi|Jirachi|341/341","|turn|1","|","|move|p2a: Jirachi|U-turn|p1a: Mew","|-supereffective|p1a: Mew","|-damage|p1a: Mew|265/403","|-damage|p2a: Jirachi|285/341|[from] item: Rocky Helmet|[of] p1a: Mew","|","|switch|p2a: Victini|Victini|341/341","|move|p1a: Mew|Will-O-Wisp|p2a: Victini","|-immune|p2a: Victini|[msg]","|","|turn|2","|","|switch|p2a: Meloetta|Meloetta|403/403","|move|p1a: Mew|Knock Off|p2a: Meloetta","|-supereffective|p2a: Meloetta","|-damage|p2a: Meloetta|199/403","|-enditem|p2a: Meloetta|Assault Vest|[from] move: Knock Off|[of] p1a: Mew","|","|turn|3","|","|move|p1a: Mew|Roost|p1a: Mew","|-heal|p1a: Mew|403/403","|move|p2a: Meloetta|Shadow Ball|p1a: Mew","|-supereffective|p1a: Mew","|-damage|p1a: Mew|259/403","|","|turn|4","|","|switch|p2a: Gardevoir|Gardevoir, F, shiny|277/277","|-ability|p2a: Gardevoir|Synchronize|[from] ability: Trace|[of] p1a: Mew","|move|p1a: Mew|Will-O-Wisp|p2a: Gardevoir","|-status|p2a: Gardevoir|brn","|-status|p1a: Mew|brn","|","|-damage|p2a: Gardevoir|243/277 brn|[from] brn","|-damage|p1a: Mew|209/403 brn|[from] brn","|turn|5","|","|detailschange|p2a: Gardevoir|Gardevoir-Mega, F, shiny","|-mega|p2a: Gardevoir|Gardevoir|Gardevoirite","|move|p2a: Gardevoir|Hyper Voice|p1a: Mew","|-damage|p1a: Mew|40/403 brn","|move|p1a: Mew|Roost|p1a: Mew","|-heal|p1a: Mew|242/403 brn","|","|-damage|p2a: Gardevoir|209/277 brn|[from] brn","|-damage|p1a: Mew|192/403 brn|[from] brn","|turn|6","|","|move|p2a: Gardevoir|Hyper Voice|p1a: Mew","|-damage|p1a: Mew|21/403 brn","|move|p1a: Mew|Roost|p1a: Mew","|-heal|p1a: Mew|223/403 brn","|","|-damage|p2a: Gardevoir|175/277 brn|[from] brn","|-damage|p1a: Mew|173/403 brn|[from] brn","|turn|7","|","|switch|p1a: Meloetta|Meloetta|403/403","|move|p2a: Gardevoir|Hyper Voice|p1a: Meloetta","|-damage|p1a: Meloetta|279/403","|","|-damage|p2a: Gardevoir|141/277 brn|[from] brn","|turn|8","|","|switch|p2a: Victini|Victini|341/341","|move|p1a: Meloetta|Hyper Voice|p2a: Victini","|-damage|p2a: Victini|152/341","|","|turn|9","|","|switch|p1a: Mew|Mew|173/403 brn","|move|p2a: Victini|V-create|p1a: Mew","|-damage|p1a: Mew|0 fnt","|-damage|p2a: Victini|96/341|[from] item: Rocky Helmet|[of] p1a: Mew","|-unboost|p2a: Victini|spe|1","|-unboost|p2a: Victini|def|1","|-unboost|p2a: Victini|spd|1","|faint|p1a: Mew","|","|","|switch|p1a: Hoopa-Unbound|Hoopa-Unbound|301/301","|turn|10","|","|move|p1a: Hoopa-Unbound|Hyperspace Fury|p2a: Victini","|-supereffective|p2a: Victini","|-damage|p2a: Victini|0 fnt","|-unboost|p1a: Hoopa-Unbound|def|1","|faint|p2a: Victini","|","|","|switch|p2a: Jirachi|Jirachi|285/341","|turn|11","|","|switch|p1a: Slowbro|Slowbro, F|394/394","|move|p2a: Jirachi|U-turn|p1a: Slowbro","|-supereffective|p1a: Slowbro","|-damage|p1a: Slowbro|306/394","|","|switch|p2a: Gardevoir|Gardevoir-Mega, F, shiny|141/277 brn","|","|-heal|p1a: Slowbro|330/394|[from] item: Leftovers","|-damage|p2a: Gardevoir|107/277 brn|[from] brn","|turn|12","|","|switch|p2a: Meloetta|Meloetta|199/403","|switch|p1a: Meloetta|Meloetta|279/403","|","|turn|13","|","|move|p2a: Meloetta|Psyshock|p1a: Meloetta","|-resisted|p1a: Meloetta","|-damage|p1a: Meloetta|191/403","|move|p1a: Meloetta|Hyper Voice|p2a: Meloetta","|-damage|p2a: Meloetta|63/403","|","|turn|14","|","|move|p1a: Meloetta|Hyper Voice|p2a: Meloetta","|-damage|p2a: Meloetta|0 fnt","|faint|p2a: Meloetta","|","|","|switch|p2a: Jirachi|Jirachi|285/341","|turn|15","|","|move|p2a: Jirachi|Healing Wish|p2a: Jirachi","|faint|p2a: Jirachi","|move|p1a: Meloetta|Hyper Voice|p2: Jirachi|[notarget]","|-notarget","|","|","|switch|p2a: Gardevoir|Gardevoir-Mega, F, shiny|107/277 brn","|-heal|p2a: Gardevoir|277/277|[from] move: Healing Wish","|turn|16","|","|switch|p2a: Mew|Mew|404/404","|move|p1a: Meloetta|Hyper Voice|p2a: Mew","|-damage|p2a: Mew|272/404","|","|-heal|p2a: Mew|297/404|[from] item: Leftovers","|turn|17","|","|move|p2a: Mew|Stealth Rock|p1a: Meloetta","|-sidestart|p1: Void Who|move: Stealth Rock","|move|p1a: Meloetta|Hyper Voice|p2a: Mew","|-damage|p2a: Mew|165/404","|","|-heal|p2a: Mew|190/404|[from] item: Leftovers","|turn|18","|","|move|p2a: Mew|Roost|p2a: Mew","|-heal|p2a: Mew|392/404","|move|p1a: Meloetta|Hyper Voice|p2a: Mew","|-crit|p2a: Mew","|-damage|p2a: Mew|179/404","|","|-heal|p2a: Mew|204/404|[from] item: Leftovers","|turn|19","|","|move|p2a: Mew|Will-O-Wisp|p1a: Meloetta|[miss]","|-miss|p2a: Mew|p1a: Meloetta","|move|p1a: Meloetta|Hyper Voice|p2a: Mew","|-damage|p2a: Mew|65/404","|","|-heal|p2a: Mew|90/404|[from] item: Leftovers","|turn|20","|","|move|p2a: Mew|Roost|p2a: Mew","|-heal|p2a: Mew|292/404","|move|p1a: Meloetta|Hyper Voice|p2a: Mew","|-damage|p2a: Mew|153/404","|","|-heal|p2a: Mew|178/404|[from] item: Leftovers","|turn|21","|","|move|p2a: Mew|Roost|p2a: Mew","|-heal|p2a: Mew|380/404","|move|p1a: Meloetta|Hyper Voice|p2a: Mew","|-damage|p2a: Mew|236/404","|","|-heal|p2a: Mew|261/404|[from] item: Leftovers","|turn|22","|","|move|p2a: Mew|Will-O-Wisp|p1a: Meloetta","|-status|p1a: Meloetta|brn","|move|p1a: Meloetta|Hyper Voice|p2a: Mew","|-damage|p2a: Mew|116/404","|","|-heal|p2a: Mew|141/404|[from] item: Leftovers","|-damage|p1a: Meloetta|141/403 brn|[from] brn","|turn|23","|","|switch|p1a: Hoopa-Unbound|Hoopa-Unbound|301/301","|-damage|p1a: Hoopa-Unbound|264/301|[from] Stealth Rock","|move|p2a: Mew|Roost|p2a: Mew","|-heal|p2a: Mew|343/404","|","|-heal|p2a: Mew|368/404|[from] item: Leftovers","|turn|24","|","|move|p1a: Hoopa-Unbound|Hyperspace Fury|p2a: Mew","|-supereffective|p2a: Mew","|-damage|p2a: Mew|0 fnt","|-unboost|p1a: Hoopa-Unbound|def|1","|faint|p2a: Mew","|","|","|switch|p2a: Slowbro|Slowbro, F|393/393","|turn|25","|","|switch|p1a: Slowbro|Slowbro, F|394/394","|-damage|p1a: Slowbro|345/394|[from] Stealth Rock","|move|p2a: Slowbro|Thunder Wave|p1a: Slowbro","|-status|p1a: Slowbro|par","|","|-heal|p1a: Slowbro|369/394 par|[from] item: Leftovers","|turn|26","|","|move|p2a: Slowbro|Scald|p1a: Slowbro","|-resisted|p1a: Slowbro","|-damage|p1a: Slowbro|311/394 par","|move|p1a: Slowbro|Scald|p2a: Slowbro","|-resisted|p2a: Slowbro","|-damage|p2a: Slowbro|335/393","|","|-heal|p1a: Slowbro|335/394 par|[from] item: Leftovers","|turn|27","|","|switch|p2a: Gardevoir|Gardevoir-Mega, F, shiny|277/277","|move|p1a: Slowbro|Scald|p2a: Gardevoir","|-damage|p2a: Gardevoir|207/277","|","|-heal|p1a: Slowbro|359/394 par|[from] item: Leftovers","|turn|28","|","|move|p2a: Gardevoir|Substitute|p2a: Gardevoir","|-start|p2a: Gardevoir|Substitute","|-damage|p2a: Gardevoir|138/277","|cant|p1a: Slowbro|par","|","|-heal|p1a: Slowbro|383/394 par|[from] item: Leftovers","|turn|29","|","|move|p2a: Gardevoir|Hyper Voice|p1a: Slowbro","|-damage|p1a: Slowbro|88/394 par","|cant|p1a: Slowbro|par","|","|-heal|p1a: Slowbro|112/394 par|[from] item: Leftovers","|turn|30","|","|move|p2a: Gardevoir|Hyper Voice|p1a: Slowbro","|-damage|p1a: Slowbro|0 fnt","|faint|p1a: Slowbro","|","|","|switch|p1a: Meloetta|Meloetta|141/403 brn","|-damage|p1a: Meloetta|91/403 brn|[from] Stealth Rock","|turn|31","|","|move|p2a: Gardevoir|Hyper Voice|p1a: Meloetta","|-damage|p1a: Meloetta|0 fnt","|faint|p1a: Meloetta","|","|","|switch|p1a: Victini|Victini|341/341","|-damage|p1a: Victini|256/341|[from] Stealth Rock","|turn|32","|","|move|p1a: Victini|U-turn|p2a: Gardevoir","|-end|p2a: Gardevoir|Substitute","|","|switch|p1a: Medicham|Medicham, F|323/323","|-damage|p1a: Medicham|303/323|[from] Stealth Rock","|move|p2a: Gardevoir|Hyper Voice|p1a: Medicham","|-supereffective|p1a: Medicham","|-damage|p1a: Medicham|0 fnt","|faint|p1a: Medicham","|","|","|switch|p1a: Hoopa-Unbound|Hoopa-Unbound|264/301","|-damage|p1a: Hoopa-Unbound|227/301|[from] Stealth Rock","|turn|33","|","|move|p1a: Hoopa-Unbound|Hyperspace Fury|p2a: Gardevoir","|-damage|p2a: Gardevoir|0 fnt","|-unboost|p1a: Hoopa-Unbound|def|1","|faint|p2a: Gardevoir","|","|","|win|Void Who"],"p1rating":{"entryid":"114352","serverid":"eos","formatid":"monotype","userid":"voidwho","username":"Void Who","w":2,"l":"3","t":"0","gxe":47.2,"r":"1500","rd":"130","sigma":"0","rptime":"1439974800","rpr":1478.2803318188,"rprd":102.25394480634,"rpsigma":"0","acre":1051.6872438507,"lacre":1051.6872438507,"oldacre":"1015.7563639617"},"p2rating":{"entryid":117038,"formatid":"monotype","userid":"imental1st","username":"iMental1st","r":1500,"rd":130,"sigma":0,"rpr":1459.8393856612,"rprd":122.8583080769,"rpsigma":0,"rptime":1439974800,"w":0,"l":1,"t":0,"gxe":45,"acre":1000,"lacre":1000,"oldacre":1000},"endType":"forfeit"}