{"seed":[47692,45561,45642,17833],"turns":22,"p1":"Knight♕Altair","p2":"OrsoLeyend","p1team":[{"name":"Take a Chance xd","species":"chansey","item":"eviolite","ability":"Natural Cure","moves":["thunderwave","softboiled","seismictoss","healbell"],"nature":"Bold","evs":{"hp":0,"atk":252,"def":4,"spa":0,"spd":0,"spe":252},"ivs":{"hp":31,"atk":31,"def":31,"spa":31,"spd":31,"spe":31}},{"name":"Im very Punny xd","species":"lopunny","item":"lopunnite","ability":"Limber","moves":["highjumpkick","return","fakeout","icepunch"],"nature":"Jolly","evs":{"hp":0,"atk":252,"def":4,"spa":0,"spd":0,"spe":252},"ivs":{"hp":31,"atk":31,"def":31,"spa":31,"spd":31,"spe":31}},{"name":"Pory is gone 2 far","species":"porygon2","item":"eviolite","ability":"Trace","moves":["toxic","icebeam","discharge","recover"],"nature":"Bold","evs":{"hp":252,"atk":0,"def":252,"spa":4,"spd":0,"spe":0},"ivs":{"hp":31,"atk":31,"def":31,"spa":31,"spd":31,"spe":31}},{"name":"Mellow Out D00d","species":"meloetta","item":"lifeorb","ability":"Serene Grace","moves":["relicsong","psychic","closecombat","knockoff"],"nature":"Naive","evs":{"hp":0,"atk":128,"def":0,"spa":128,"spd":0,"spe":252},"ivs":{"hp":31,"atk":31,"def":31,"spa":31,"spd":31,"spe":31}},{"name":"The Raptorz Star","species":"staraptor","item":"choicescarf","ability":"Intimidate","moves":["bravebird","doubleedge","closecombat","uturn"],"nature":"Jolly","evs":{"hp":0,"atk":252,"def":4,"spa":0,"spd":0,"spe":252},"ivs":{"hp":31,"atk":31,"def":31,"spa":31,"spd":31,"spe":31}},{"name":"TheFunniestBunny","species":"diggersby","item":"focussash","ability":"Huge Power","moves":["return","earthquake","quickattack","firepunch"],"nature":"Adamant","evs":{"hp":0,"atk":252,"def":4,"spa":0,"spd":0,"spe":252},"ivs":{"hp":31,"atk":31,"def":31,"spa":31,"spd":31,"spe":31}}],"p2team":[{"name":"Hippowdon","species":"Hippowdon","item":"leftovers","ability":"Sand Stream","moves":["earthquake","firefang","thunderfang","bodyslam"],"nature":"","evs":{"hp":0,"atk":252,"def":252,"spa":0,"spd":0,"spe":0},"ivs":{"hp":31,"atk":31,"def":31,"spa":31,"spd":31,"spe":31}},{"name":"Excadrill","species":"Excadrill","item":"choiceband","ability":"Sand Rush","moves":["ironhead","swordsdance","rockslide","earthquake"],"nature":"Adamant","evs":{"hp":248,"atk":252,"def":0,"spa":0,"spd":0,"spe":8},"ivs":{"hp":31,"atk":31,"def":31,"spa":31,"spd":31,"spe":31}},{"name":"Garchomp","species":"Garchomp","item":"rockyhelmet","ability":"Rough Skin","moves":["firefang","dragonclaw","irontail","earthquake"],"nature":"Adamant","evs":{"hp":0,"atk":252,"def":252,"spa":0,"spd":0,"spe":0},"ivs":{"hp":31,"atk":31,"def":31,"spa":31,"spd":31,"spe":31}},{"name":"Diggersby","species":"Diggersby","item":"leftovers","ability":"Huge Power","moves":["bulkup","poweruppunch","thunderpunch","swordsdance"],"nature":"","evs":{"hp":0,"atk":0,"def":252,"spa":0,"spd":0,"spe":0},"ivs":{"hp":31,"atk":31,"def":31,"spa":31,"spd":31,"spe":31}},{"name":"Donphan","species":"Donphan","item":"rockyhelmet","ability":"Sturdy","moves":["earthquake","heavyslam","stealthrock","irondefense"],"nature":"Impish","evs":{"hp":252,"atk":6,"def":252,"spa":0,"spd":0,"spe":0},"ivs":{"hp":31,"atk":31,"def":31,"spa":31,"spd":31,"spe":31}},{"name":"Nidoking","species":"Nidoking","item":"choicespecs","ability":"Sheer Force","moves":["sludgewave","icebeam","earthpower","fireblast"],"nature":"Modest","evs":{"hp":0,"atk":0,"def":0,"spa":252,"spd":0,"spe":252},"ivs":{"hp":31,"atk":31,"def":31,"spa":31,"spd":31,"spe":31}}],"log":["|player|p1|Knight♕Altair|274","|player|p2|OrsoLeyend|94","|gametype|singles","|gen|6","|tier|Monotype","|rated","|rule|Baton Pass Clause: Limit one Baton Passer, can't pass Spe and other stats simultaneously","|rule|Swagger Clause: Swagger is banned","|rule|Same Type Clause: Pokémon in a team must share a type","|clearpoke","|poke|p1|Chansey, F","|poke|p1|Lopunny, M","|poke|p1|Porygon2","|poke|p1|Meloetta","|poke|p1|Staraptor, F","|poke|p1|Diggersby, F","|poke|p2|Hippowdon, M","|poke|p2|Excadrill, M","|poke|p2|Garchomp, F","|poke|p2|Diggersby, M","|poke|p2|Donphan, F","|poke|p2|Nidoking, M","|rule|Sleep Clause Mod: Limit one foe put to sleep","|rule|Species Clause: Limit one of each Pokémon","|rule|OHKO Clause: OHKO moves are banned","|rule|Moody Clause: Moody is banned","|rule|Evasion Moves Clause: Evasion moves are banned","|rule|Endless Battle Clause: Forcing endless battles is banned","|rule|HP Percentage Mod: HP is shown in percentages","|teampreview","|","|start","|switch|p1a: Im very Punny xd|Lopunny, M|271/271","|switch|p2a: Diggersby|Diggersby, M|311/311","|turn|1","|","|detailschange|p1a: Im very Punny xd|Lopunny-Mega, M","|-mega|p1a: Im very Punny xd|Lopunny|Lopunnite","|move|p1a: Im very Punny xd|Fake Out|p2a: Diggersby","|-damage|p2a: Diggersby|244/311","|cant|p2a: Diggersby|flinch","|","|-heal|p2a: Diggersby|263/311|[from] item: Leftovers","|turn|2","|","|move|p1a: Im very Punny xd|Ice Punch|p2a: Diggersby","|-supereffective|p2a: Diggersby","|-damage|p2a: Diggersby|99/311","|move|p2a: Diggersby|Bulk Up|p2a: Diggersby","|-boost|p2a: Diggersby|atk|1","|-boost|p2a: Diggersby|def|1","|","|-heal|p2a: Diggersby|118/311|[from] item: Leftovers","|turn|3","|","|move|p1a: Im very Punny xd|Ice Punch|p2a: Diggersby","|-supereffective|p2a: Diggersby","|-damage|p2a: Diggersby|8/311","|move|p2a: Diggersby|Power-Up Punch|p1a: Im very Punny xd","|-supereffective|p1a: Im very Punny xd","|-damage|p1a: Im very Punny xd|147/271","|-boost|p2a: Diggersby|atk|1","|","|-heal|p2a: Diggersby|27/311|[from] item: Leftovers","|turn|4","|","|move|p1a: Im very Punny xd|Ice Punch|p2a: Diggersby","|-supereffective|p2a: Diggersby","|-damage|p2a: Diggersby|0 fnt","|faint|p2a: Diggersby","|","|","|switch|p2a: Hippowdon|Hippowdon, M|357/357","|-weather|Sandstorm","|turn|5","|","|switch|p1a: Pory is gone 2 far|Porygon2|374/374","|-ability|p1a: Pory is gone 2 far|Sand Stream|[from] ability: Trace|[of] p2a: Hippowdon","|switch|p2a: Excadrill|Excadrill, M|423/423","|","|-weather|Sandstorm|[upkeep]","|-damage|p1a: Pory is gone 2 far|351/374|[from] sandstorm","|turn|6","|","|switch|p1a: The Raptorz Star|Staraptor, F|311/311","|-ability|p1a: The Raptorz Star|Intimidate","|-unboost|p2a: Excadrill|atk|1","|move|p2a: Excadrill|Rock Slide|p1a: The Raptorz Star","|-supereffective|p1a: The Raptorz Star","|-damage|p1a: The Raptorz Star|47/311","|","|-weather|Sandstorm|[upkeep]","|-damage|p1a: The Raptorz Star|28/311|[from] sandstorm","|turn|7","|","|move|p1a: The Raptorz Star|Close Combat|p2a: Excadrill","|-supereffective|p2a: Excadrill","|-damage|p2a: Excadrill|0 fnt","|-unboost|p1a: The Raptorz Star|def|1","|-unboost|p1a: The Raptorz Star|spd|1","|faint|p2a: Excadrill","|","|-weather|Sandstorm|[upkeep]","|-damage|p1a: The Raptorz Star|9/311|[from] sandstorm","|","|switch|p2a: Garchomp|Garchomp, F|357/357","|turn|8","|","|move|p1a: The Raptorz Star|Close Combat|p2a: Garchomp","|-damage|p2a: Garchomp|255/357","|-damage|p1a: The Raptorz Star|0 fnt|[from] ability: Rough Skin|[of] p2a: Garchomp","|faint|p1a: The Raptorz Star","|move|p2a: Garchomp|Dragon Claw|p1: The Raptorz Star|[notarget]","|-notarget","|","|-weather|Sandstorm|[upkeep]","|","|switch|p1a: Pory is gone 2 far|Porygon2|351/374","|-ability|p1a: Pory is gone 2 far|Rough Skin|[from] ability: Trace|[of] p2a: Garchomp","|turn|9","|","|move|p2a: Garchomp|Earthquake|p1a: Pory is gone 2 far","|-damage|p1a: Pory is gone 2 far|251/374","|move|p1a: Pory is gone 2 far|Ice Beam|p2a: Garchomp","|-supereffective|p2a: Garchomp","|-damage|p2a: Garchomp|0 fnt","|faint|p2a: Garchomp","|","|-weather|none","|","|switch|p2a: Nidoking|Nidoking, M|303/303","|turn|10","|","|move|p2a: Nidoking|Sludge Wave|p1a: Pory is gone 2 far","|-damage|p1a: Pory is gone 2 far|71/374","|move|p1a: Pory is gone 2 far|Ice Beam|p2a: Nidoking","|-supereffective|p2a: Nidoking","|-damage|p2a: Nidoking|115/303","|","|turn|11","|","|switch|p1a: Take a Chance xd|Chansey, F|641/641","|move|p2a: Nidoking|Sludge Wave|p1a: Take a Chance xd","|-damage|p1a: Take a Chance xd|458/641","|","|turn|12","|","|move|p2a: Nidoking|Sludge Wave|p1a: Take a Chance xd","|-damage|p1a: Take a Chance xd|283/641","|move|p1a: Take a Chance xd|Seismic Toss|p2a: Nidoking","|-damage|p2a: Nidoking|15/303","|","|turn|13","|","|move|p2a: Nidoking|Sludge Wave|p1a: Take a Chance xd","|-damage|p1a: Take a Chance xd|94/641","|move|p1a: Take a Chance xd|Soft-Boiled|p1a: Take a Chance xd","|-heal|p1a: Take a Chance xd|415/641","|","|turn|14","|","|move|p2a: Nidoking|Sludge Wave|p1a: Take a Chance xd","|-damage|p1a: Take a Chance xd|237/641","|move|p1a: Take a Chance xd|Seismic Toss|p2a: Nidoking","|-damage|p2a: Nidoking|0 fnt","|faint|p2a: Nidoking","|","|","|switch|p2a: Hippowdon|Hippowdon, M|357/357","|-weather|Sandstorm","|turn|15","|","|switch|p1a: Pory is gone 2 far|Porygon2|71/374","|-ability|p1a: Pory is gone 2 far|Sand Stream|[from] ability: Trace|[of] p2a: Hippowdon","|move|p2a: Hippowdon|Earthquake|p1a: Pory is gone 2 far","|-damage|p1a: Pory is gone 2 far|0 fnt","|faint|p1a: Pory is gone 2 far","|","|-weather|Sandstorm|[upkeep]","|","|switch|p1a: TheFunniestBunny|Diggersby, F|311/311","|turn|16","|","|move|p1a: TheFunniestBunny|Earthquake|p2a: Hippowdon","|-damage|p2a: Hippowdon|200/357","|move|p2a: Hippowdon|Body Slam|p1a: TheFunniestBunny","|-damage|p1a: TheFunniestBunny|199/311","|","|-weather|Sandstorm|[upkeep]","|-heal|p2a: Hippowdon|222/357|[from] item: Leftovers","|turn|17","|","|move|p1a: TheFunniestBunny|Earthquake|p2a: Hippowdon","|-damage|p2a: Hippowdon|65/357","|move|p2a: Hippowdon|Body Slam|p1a: TheFunniestBunny","|-damage|p1a: TheFunniestBunny|93/311","|","|-weather|Sandstorm|[upkeep]","|-heal|p2a: Hippowdon|87/357|[from] item: Leftovers","|turn|18","|","|move|p1a: TheFunniestBunny|Earthquake|p2a: Hippowdon","|-damage|p2a: Hippowdon|0 fnt","|faint|p2a: Hippowdon","|","|-weather|Sandstorm|[upkeep]","|","|switch|p2a: Donphan|Donphan, F|384/384","|turn|19","|","|move|p1a: TheFunniestBunny|Earthquake|p2a: Donphan","|-damage|p2a: Donphan|230/384","|move|p2a: Donphan|Stealth Rock|p1a: TheFunniestBunny","|-sidestart|p1: Knight♕Altair|move: Stealth Rock","|","|-weather|none","|turn|20","|","|move|p1a: TheFunniestBunny|Earthquake|p2a: Donphan","|-damage|p2a: Donphan|92/384","|move|p2a: Donphan|Earthquake|p1a: TheFunniestBunny","|-damage|p1a: TheFunniestBunny|0 fnt","|faint|p1a: TheFunniestBunny","|","|","|switch|p1a: Im very Punny xd|Lopunny-Mega, M|147/271","|-damage|p1a: Im very Punny xd|131/271|[from] Stealth Rock","|turn|21","|","|move|p1a: Im very Punny xd|Fake Out|p2a: Donphan","|-crit|p2a: Donphan","|-damage|p2a: Donphan|17/384","|-damage|p1a: Im very Punny xd|86/271|[from] item: Rocky Helmet|[of] p2a: Donphan","|cant|p2a: Donphan|flinch","|","|turn|22","|","|move|p1a: Im very Punny xd|Return|p2a: Donphan","|-damage|p2a: Donphan|0 fnt","|-damage|p1a: Im very Punny xd|41/271|[from] item: Rocky Helmet|[of] p2a: Donphan","|faint|p2a: Donphan","|","|win|Knight♕Altair"],"p1rating":{"entryid":"39559","serverid":"eos","formatid":"monotype","userid":"knightaltair","username":"Knight♕Altair","w":3,"l":"2","t":"0","gxe":52.8,"r":"1493.3971971464","rd":"116.83157573171","sigma":"0","rptime":"1439974800","rpr":1522.2687905378,"rprd":102.68291610606,"rpsigma":"0","acre":1079.5032614317,"lacre":1079.5032614317,"oldacre":"1048.5461214373"},"p2rating":{"entryid":"142556","serverid":"eos","formatid":"monotype","userid":"orsoleyend","username":"OrsoLeyend","w":"1","l":4,"t":"0","gxe":42,"r":"1500","rd":"130","sigma":"0","rptime":"1439974800","rpr":1436.2824349616,"rprd":102.98615093167,"rpsigma":"0","acre":1016.1332293775,"lacre":1016.1332293775,"oldacre":"1029.82847055"},"endType":"normal"}