{"seed":[7370,64039,41421,28524],"turns":29,"p1":"Inferno Sableye","p2":"LTIL-maz","p1team":[{"name":"Not op","species":"sableye","item":"sablenite","ability":"Prankster","moves":["shadowball","recover","calmmind","willowisp"],"nature":"Bold","evs":{"hp":248,"atk":0,"def":252,"spa":0,"spd":8,"spe":0},"ivs":{"hp":31,"atk":0,"def":31,"spa":31,"spd":31,"spe":31}},{"name":"Rawwrrrr","species":"tyranitar","item":"leftovers","ability":"Sand Stream","moves":["stealthrock","thunderwave","rockslide","earthquake"],"nature":"Impish","evs":{"hp":252,"atk":0,"def":80,"spa":0,"spd":176,"spe":0},"ivs":{"hp":31,"atk":31,"def":31,"spa":31,"spd":31,"spe":31}},{"name":"Bish Plz","species":"bisharp","item":"lumberry","ability":"Defiant","moves":["knockoff","suckerpunch","ironhead","swordsdance"],"nature":"Adamant","evs":{"hp":0,"atk":252,"def":4,"spa":0,"spd":0,"spe":252},"gender":"M","shiny":true,"ivs":{"hp":31,"atk":31,"def":31,"spa":31,"spd":31,"spe":31}},{"name":"Oit of this world","species":"hoopaunbound","item":"choicescarf","ability":"Magician","moves":["gunkshot","hyperspacehole","hyperspacefury","drainpunch"],"nature":"Hasty","evs":{"hp":0,"atk":252,"def":0,"spa":4,"spd":0,"spe":252},"ivs":{"hp":31,"atk":31,"def":31,"spa":31,"spd":31,"spe":31}},{"name":"No pressure","species":"weavile","item":"lifeorb","ability":"Pressure","moves":["iciclecrash","iceshard","knockoff","lowkick"],"nature":"Jolly","evs":{"hp":0,"atk":252,"def":0,"spa":0,"spd":4,"spe":252},"ivs":{"hp":31,"atk":31,"def":31,"spa":31,"spd":31,"spe":31}},{"name":"Buzz off bitch","species":"mandibuzz","item":"rockyhelmet","ability":"Overcoat","moves":["roost","defog","whirlwind","foulplay"],"nature":"Bold","evs":{"hp":176,"atk":0,"def":252,"spa":0,"spd":80,"spe":0},"ivs":{"hp":31,"atk":31,"def":31,"spa":31,"spd":31,"spe":31}}],"p2team":[{"name":"Gaia","species":"golurk","item":"assaultvest","ability":"Iron Fist","moves":["drainpunch","earthquake","icepunch","shadowpunch"],"nature":"Adamant","evs":{"hp":248,"atk":252,"def":0,"spa":0,"spd":8,"spe":0},"ivs":{"hp":31,"atk":31,"def":31,"spa":31,"spd":31,"spe":31}},{"name":"Geist","species":"gengar","item":"choicescarf","ability":"Levitate","moves":["shadowball","sludgebomb","thunderbolt","dazzlinggleam"],"nature":"Timid","evs":{"hp":0,"atk":0,"def":0,"spa":252,"spd":4,"spe":252},"gender":"M","ivs":{"hp":31,"atk":31,"def":31,"spa":31,"spd":31,"spe":31}},{"name":"Yandere","species":"sableye","item":"sablenite","ability":"Prankster","moves":["calmmind","willowisp","shadowball","recover"],"nature":"Bold","evs":{"hp":252,"atk":0,"def":252,"spa":0,"spd":4,"spe":0},"gender":"F","ivs":{"hp":31,"atk":31,"def":31,"spa":31,"spd":31,"spe":31}},{"name":"Lumiere","species":"chandelure","item":"choicespecs","ability":"Flame Body","moves":["flamethrower","shadowball","psychic","energyball"],"nature":"Modest","evs":{"hp":248,"atk":0,"def":0,"spa":252,"spd":8,"spe":0},"gender":"M","ivs":{"hp":31,"atk":31,"def":31,"spa":31,"spd":31,"spe":31}},{"name":"Hoopa","species":"Hoopa","item":"lifeorb","ability":"Magician","moves":["darkpulse","hyperspacehole","shadowball","focusblast"],"nature":"Naive","evs":{"hp":4,"atk":0,"def":0,"spa":252,"spd":0,"spe":252},"ivs":{"hp":31,"atk":31,"def":31,"spa":31,"spd":31,"spe":0}},{"name":"Masamune","species":"aegislash","item":"weaknesspolicy","ability":"Stance Change","moves":["kingsshield","shadowsneak","ironhead","sacredsword"],"nature":"Adamant","evs":{"hp":248,"atk":252,"def":0,"spa":0,"spd":8,"spe":0},"gender":"M","ivs":{"hp":31,"atk":31,"def":31,"spa":31,"spd":31,"spe":31}}],"log":["|player|p1|Inferno Sableye|infernosableye.png","|player|p2|LTIL-maz|144","|gametype|singles","|gen|6","|tier|Monotype","|rated","|rule|Baton Pass Clause: Limit one Baton Passer, can't pass Spe and other stats simultaneously","|rule|Swagger Clause: Swagger is banned","|rule|Same Type Clause: Pokémon in a team must share a type","|clearpoke","|poke|p1|Sableye, M","|poke|p1|Tyranitar, M","|poke|p1|Bisharp, M, shiny","|poke|p1|Hoopa-Unbound","|poke|p1|Weavile, M","|poke|p1|Mandibuzz, F","|poke|p2|Golurk","|poke|p2|Gengar, M","|poke|p2|Sableye, F","|poke|p2|Chandelure, M","|poke|p2|Hoopa","|poke|p2|Aegislash, M","|rule|Sleep Clause Mod: Limit one foe put to sleep","|rule|Species Clause: Limit one of each Pokémon","|rule|OHKO Clause: OHKO moves are banned","|rule|Moody Clause: Moody is banned","|rule|Evasion Moves Clause: Evasion moves are banned","|rule|Endless Battle Clause: Forcing endless battles is banned","|rule|HP Percentage Mod: HP is shown in percentages","|teampreview","|","|start","|switch|p1a: Bish Plz|Bisharp, M, shiny|271/271","|switch|p2a: Masamune|Aegislash, M|323/323","|turn|1","|","|move|p1a: Bish Plz|Swords Dance|p1a: Bish Plz","|-boost|p1a: Bish Plz|atk|2","|-formechange|p2a: Masamune|Aegislash-Blade","|move|p2a: Masamune|Sacred Sword|p1a: Bish Plz","|-supereffective|p1a: Bish Plz","|-damage|p1a: Bish Plz|0 fnt","|faint|p1a: Bish Plz","|","|","|switch|p1a: Oit of this world|Hoopa-Unbound|301/301","|turn|2","|","|-formechange|p2a: Masamune|Aegislash","|move|p2a: Masamune|King's Shield|p2a: Masamune","|-singleturn|p2a: Masamune|Protect","|move|p1a: Oit of this world|Hyperspace Fury|p2a: Masamune","|-activate|p2a: Masamune|move: Hyperspace Fury|[broken]","|-supereffective|p2a: Masamune","|-damage|p2a: Masamune|47/323","|-enditem|p2a: Masamune|Weakness Policy","|-boost|p2a: Masamune|atk|2|[from] item: Weakness Policy","|-boost|p2a: Masamune|spa|2|[from] item: Weakness Policy","|-unboost|p1a: Oit of this world|def|1","|","|turn|3","|","|-formechange|p2a: Masamune|Aegislash-Blade","|move|p2a: Masamune|Shadow Sneak|p1a: Oit of this world","|-crit|p1a: Oit of this world","|-damage|p1a: Oit of this world|0 fnt","|faint|p1a: Oit of this world","|","|","|switch|p1a: No pressure|Weavile, M|281/281","|-ability|p1a: No pressure|Pressure","|turn|4","|","|move|p1a: No pressure|Ice Shard|p2a: Masamune","|-resisted|p2a: Masamune","|-damage|p2a: Masamune|0 fnt","|-damage|p1a: No pressure|253/281|[from] item: Life Orb","|faint|p2a: Masamune","|","|","|switch|p2a: Hoopa|Hoopa|302/302","|turn|5","|","|move|p1a: No pressure|Knock Off|p2a: Hoopa","|-supereffective|p2a: Hoopa","|-damage|p2a: Hoopa|0 fnt","|-enditem|p2a: Hoopa|Life Orb|[from] move: Knock Off|[of] p1a: No pressure","|-damage|p1a: No pressure|225/281|[from] item: Life Orb","|faint|p2a: Hoopa","|","|","|switch|p2a: Geist|Gengar, M|261/261","|turn|6","|","|move|p2a: Geist|Dazzling Gleam|p1a: No pressure","|-supereffective|p1a: No pressure","|-damage|p1a: No pressure|23/281","|move|p1a: No pressure|Knock Off|p2a: Geist","|-supereffective|p2a: Geist","|-damage|p2a: Geist|0 fnt","|-enditem|p2a: Geist|Choice Scarf|[from] move: Knock Off|[of] p1a: No pressure","|-damage|p1a: No pressure|0 fnt|[from] item: Life Orb","|faint|p2a: Geist","|faint|p1a: No pressure","|","|","|switch|p2a: Gaia|Golurk|381/381","|switch|p1a: Not op|Sableye, M|303/303","|turn|7","|","|detailschange|p1a: Not op|Sableye-Mega, M","|-mega|p1a: Not op|Sableye|Sablenite","|move|p1a: Not op|Will-O-Wisp|p2a: Gaia","|-status|p2a: Gaia|brn","|move|p2a: Gaia|Earthquake|p1a: Not op","|-damage|p1a: Not op|240/303","|","|-damage|p2a: Gaia|334/381 brn|[from] brn","|turn|8","|","|switch|p2a: Lumiere|Chandelure, M|323/323","|move|p1a: Not op|Calm Mind|p1a: Not op","|-boost|p1a: Not op|spa|1","|-boost|p1a: Not op|spd|1","|","|turn|9","|","|move|p2a: Lumiere|Flamethrower|p1a: Not op","|-damage|p1a: Not op|72/303","|move|p1a: Not op|Recover|p1a: Not op","|-heal|p1a: Not op|224/303","|","|turn|10","|","|switch|p1a: Rawwrrrr|Tyranitar, M|404/404","|-weather|Sandstorm","|move|p2a: Lumiere|Flamethrower|p1a: Rawwrrrr","|-resisted|p1a: Rawwrrrr","|-damage|p1a: Rawwrrrr|330/404","|","|-weather|Sandstorm|[upkeep]","|-damage|p2a: Lumiere|303/323|[from] sandstorm","|-heal|p1a: Rawwrrrr|355/404|[from] item: Leftovers","|turn|11","|","|switch|p2a: Yandere|Sableye, F|304/304","|move|p1a: Rawwrrrr|Thunder Wave|p2a: Yandere","|-status|p2a: Yandere|par","|","|-weather|Sandstorm|[upkeep]","|-damage|p2a: Yandere|285/304 par|[from] sandstorm","|-heal|p1a: Rawwrrrr|380/404|[from] item: Leftovers","|turn|12","|","|switch|p1a: Not op|Sableye-Mega, M|224/303","|move|p2a: Yandere|Will-O-Wisp|p1a: Not op","|move|p1a: Not op|Will-O-Wisp|p2a: Yandere|[from]Magic Bounce","|-fail|p2a: Yandere","|","|-weather|Sandstorm|[upkeep]","|-damage|p1a: Not op|206/303|[from] sandstorm","|-damage|p2a: Yandere|266/304 par|[from] sandstorm","|turn|13","|","|move|p2a: Yandere|Calm Mind|p2a: Yandere","|-boost|p2a: Yandere|spa|1","|-boost|p2a: Yandere|spd|1","|move|p1a: Not op|Recover|p1a: Not op","|-heal|p1a: Not op|303/303","|","|-weather|Sandstorm|[upkeep]","|-damage|p1a: Not op|285/303|[from] sandstorm","|-damage|p2a: Yandere|247/304 par|[from] sandstorm","|turn|14","|","|move|p2a: Yandere|Calm Mind|p2a: Yandere","|-boost|p2a: Yandere|spa|1","|-boost|p2a: Yandere|spd|1","|move|p1a: Not op|Calm Mind|p1a: Not op","|-boost|p1a: Not op|spa|1","|-boost|p1a: Not op|spd|1","|","|-weather|none","|turn|15","|","|detailschange|p2a: Yandere|Sableye-Mega, F","|-mega|p2a: Yandere|Sableye|Sablenite","|move|p1a: Not op|Calm Mind|p1a: Not op","|-boost|p1a: Not op|spa|1","|-boost|p1a: Not op|spd|1","|move|p2a: Yandere|Shadow Ball|p1a: Not op","|-damage|p1a: Not op|218/303","|","|turn|16","|","|move|p1a: Not op|Calm Mind|p1a: Not op","|-boost|p1a: Not op|spa|1","|-boost|p1a: Not op|spd|1","|move|p2a: Yandere|Calm Mind|p2a: Yandere","|-boost|p2a: Yandere|spa|1","|-boost|p2a: Yandere|spd|1","|","|turn|17","|","|move|p1a: Not op|Calm Mind|p1a: Not op","|-boost|p1a: Not op|spa|1","|-boost|p1a: Not op|spd|1","|move|p2a: Yandere|Calm Mind|p2a: Yandere","|-boost|p2a: Yandere|spa|1","|-boost|p2a: Yandere|spd|1","|","|turn|18","|","|move|p1a: Not op|Calm Mind|p1a: Not op","|-boost|p1a: Not op|spa|1","|-boost|p1a: Not op|spd|1","|cant|p2a: Yandere|par","|","|turn|19","|","|move|p1a: Not op|Calm Mind|p1a: Not op","|-boost|p1a: Not op|spa|1","|-boost|p1a: Not op|spd|1","|move|p2a: Yandere|Calm Mind|p2a: Yandere","|-boost|p2a: Yandere|spa|1","|-boost|p2a: Yandere|spd|1","|","|turn|20","|","|move|p1a: Not op|Recover|p1a: Not op","|-heal|p1a: Not op|303/303","|move|p2a: Yandere|Calm Mind|p2a: Yandere","|-boost|p2a: Yandere|spa|1","|-boost|p2a: Yandere|spd|1","|","|turn|21","|","|move|p1a: Not op|Shadow Ball|p2a: Yandere","|-damage|p2a: Yandere|177/304 par","|move|p2a: Yandere|Shadow Ball|p1a: Not op","|-damage|p1a: Not op|233/303","|","|turn|22","|","|move|p1a: Not op|Shadow Ball|p2a: Yandere","|-damage|p2a: Yandere|102/304 par","|move|p2a: Yandere|Shadow Ball|p1a: Not op","|-crit|p1a: Not op","|-damage|p1a: Not op|0 fnt","|faint|p1a: Not op","|","|","|switch|p1a: Rawwrrrr|Tyranitar, M|380/404","|-weather|Sandstorm","|turn|23","|","|move|p1a: Rawwrrrr|Rock Slide|p2a: Yandere","|-miss|p1a: Rawwrrrr|p2a: Yandere","|cant|p2a: Yandere|par","|","|-weather|Sandstorm|[upkeep]","|-damage|p2a: Yandere|83/304 par|[from] sandstorm","|-heal|p1a: Rawwrrrr|404/404|[from] item: Leftovers","|turn|24","|","|move|p1a: Rawwrrrr|Rock Slide|p2a: Yandere","|-damage|p2a: Yandere|14/304 par","|cant|p2a: Yandere|flinch","|","|-weather|Sandstorm|[upkeep]","|-damage|p2a: Yandere|0 fnt|[from] sandstorm","|faint|p2a: Yandere","|","|switch|p2a: Lumiere|Chandelure, M|303/323","|turn|25","|","|move|p2a: Lumiere|Energy Ball|p1a: Rawwrrrr","|-supereffective|p1a: Rawwrrrr","|-damage|p1a: Rawwrrrr|186/404","|-unboost|p1a: Rawwrrrr|spd|1","|move|p1a: Rawwrrrr|Thunder Wave|p2a: Lumiere","|-status|p2a: Lumiere|par","|","|-weather|Sandstorm|[upkeep]","|-damage|p2a: Lumiere|283/323 par|[from] sandstorm","|-heal|p1a: Rawwrrrr|211/404|[from] item: Leftovers","|turn|26","|","|switch|p1a: Buzz off bitch|Mandibuzz, F|405/405","|move|p2a: Lumiere|Energy Ball|p1a: Buzz off bitch","|-resisted|p1a: Buzz off bitch","|-damage|p1a: Buzz off bitch|310/405","|","|-weather|Sandstorm|[upkeep]","|-damage|p2a: Lumiere|263/323 par|[from] sandstorm","|turn|27","|","|switch|p2a: Gaia|Golurk|334/381 brn","|move|p1a: Buzz off bitch|Foul Play|p2a: Gaia","|-supereffective|p2a: Gaia","|-damage|p2a: Gaia|0 fnt","|faint|p2a: Gaia","|","|-weather|none","|","|switch|p2a: Lumiere|Chandelure, M|263/323 par","|turn|28","|","|move|p1a: Buzz off bitch|Foul Play|p2a: Lumiere","|-supereffective|p2a: Lumiere","|-damage|p2a: Lumiere|123/323 par","|cant|p2a: Lumiere|par","|","|turn|29","|","|move|p1a: Buzz off bitch|Foul Play|p2a: Lumiere","|-supereffective|p2a: Lumiere","|-damage|p2a: Lumiere|0 fnt","|faint|p2a: Lumiere","|","|win|Inferno Sableye"],"p1rating":{"entryid":"83803","serverid":"eos","formatid":"monotype","userid":"infernosableye","username":"Inferno Sableye","w":11,"l":"4","t":"0","gxe":65.6,"r":"1459.8393856612","rd":"122.8583080769","sigma":"0","rptime":"1439974800","rpr":1624.2886483536,"rprd":78.274349371043,"rpsigma":"0","acre":1213.4395723948,"lacre":1213.4395723948,"oldacre":"1201.5058532121"},"p2rating":{"entryid":165531,"formatid":"monotype","userid":"ltilmaz","username":"LTIL-maz","r":1500,"rd":130,"sigma":0,"rpr":1455.2008920346,"rprd":122.83141802352,"rpsigma":0,"rptime":1439974800,"w":0,"l":1,"t":0,"gxe":44.4,"acre":1000,"lacre":1000,"oldacre":1000},"endType":"normal"}