{"seed":[33080,48295,61518,58407],"turns":26,"p1":"SWL Nocturne","p2":"Void KGBeast","p1team":[{"name":"Klefki","species":"Klefki","item":"lightclay","ability":"Prankster","moves":["lightscreen","reflect","thunderwave","foulplay"],"nature":"Bold","evs":{"hp":248,"atk":0,"def":252,"spa":0,"spd":8,"spe":0},"ivs":{"hp":31,"atk":31,"def":31,"spa":31,"spd":31,"spe":31}},{"name":"Doublade","species":"Doublade","item":"eviolite","ability":"No Guard","moves":["swordsdance","shadowsneak","ironhead","sacredsword"],"nature":"Adamant","evs":{"hp":248,"atk":252,"def":0,"spa":0,"spd":8,"spe":0},"ivs":{"hp":31,"atk":31,"def":31,"spa":31,"spd":31,"spe":31}},{"name":"Scizor","species":"Scizor","item":"leftovers","ability":"Technician","moves":["bulletpunch","swordsdance","bugbite","superpower"],"nature":"Adamant","evs":{"hp":252,"atk":252,"def":0,"spa":0,"spd":4,"spe":0},"ivs":{"hp":31,"atk":31,"def":31,"spa":31,"spd":31,"spe":31}},{"name":"Heatran","species":"Heatran","item":"leftovers","ability":"Flash Fire","moves":["toxic","earthpower","flashcannon","lavaplume"],"nature":"Modest","evs":{"hp":252,"atk":0,"def":0,"spa":252,"spd":4,"spe":0},"ivs":{"hp":31,"atk":31,"def":31,"spa":31,"spd":31,"spe":31}},{"name":"Aggron","species":"Aggron","item":"aggronite","ability":"Sturdy","moves":["rest","sleeptalk","curse","heavyslam"],"nature":"Impish","evs":{"hp":248,"atk":8,"def":252,"spa":0,"spd":0,"spe":0},"ivs":{"hp":31,"atk":31,"def":31,"spa":31,"spd":31,"spe":31}},{"name":"Magnezone","species":"Magnezone","item":"choicespecs","ability":"Sturdy","moves":["voltswitch","thunderbolt","flashcannon","hiddenpowerfire"],"nature":"Modest","evs":{"hp":248,"atk":0,"def":0,"spa":252,"spd":8,"spe":0},"ivs":{"hp":31,"atk":30,"def":31,"spa":30,"spd":31,"spe":30}}],"p2team":[{"name":"Charizard","species":"Charizard","item":"charizarditey","ability":"Blaze","moves":["roost","focusblast","fireblast","solarbeam"],"nature":"Timid","evs":{"hp":0,"atk":0,"def":0,"spa":252,"spd":4,"spe":252},"ivs":{"hp":31,"atk":0,"def":31,"spa":31,"spd":31,"spe":31}},{"name":"Darmanitan","species":"Darmanitan","item":"choicescarf","ability":"Sheer Force","moves":["flareblitz","rockslide","uturn","superpower"],"nature":"Jolly","evs":{"hp":0,"atk":252,"def":4,"spa":0,"spd":0,"spe":252},"ivs":{"hp":31,"atk":31,"def":31,"spa":31,"spd":31,"spe":31}},{"name":"Torkoal","species":"Torkoal","item":"leftovers","ability":"White Smoke","moves":["stealthrock","willowisp","lavaplume","rapidspin"],"nature":"Bold","evs":{"hp":248,"atk":0,"def":252,"spa":8,"spd":0,"spe":0},"ivs":{"hp":31,"atk":0,"def":31,"spa":31,"spd":31,"spe":31}},{"name":"Rotom-Heat","species":"Rotom-Heat","item":"choicescarf","ability":"Levitate","moves":["voltswitch","thunderbolt","overheat","hiddenpowerice"],"nature":"Timid","evs":{"hp":0,"atk":0,"def":0,"spa":252,"spd":4,"spe":252},"ivs":{"hp":31,"atk":0,"def":30,"spa":31,"spd":31,"spe":31}},{"name":"Heatran","species":"Heatran","item":"leftovers","ability":"Flash Fire","moves":["solarbeam","earthpower","toxic","flashcannon"],"nature":"Calm","evs":{"hp":248,"atk":0,"def":0,"spa":0,"spd":252,"spe":8},"ivs":{"hp":31,"atk":0,"def":31,"spa":31,"spd":31,"spe":31}},{"name":"Emboar","species":"Emboar","item":"choicescarf","ability":"Reckless","moves":["suckerpunch","superpower","headsmash","wildcharge"],"nature":"Jolly","evs":{"hp":0,"atk":252,"def":0,"spa":0,"spd":4,"spe":252},"ivs":{"hp":31,"atk":31,"def":31,"spa":31,"spd":31,"spe":31}}],"log":["|player|p1|SWL Nocturne|45","|player|p2|Void KGBeast|25","|gametype|singles","|gen|6","|tier|Monotype","|rated","|rule|Baton Pass Clause: Limit one Baton Passer, can't pass Spe and other stats simultaneously","|rule|Swagger Clause: Swagger is banned","|rule|Same Type Clause: Pokémon in a team must share a type","|clearpoke","|poke|p1|Klefki, F","|poke|p1|Doublade, F","|poke|p1|Scizor, F","|poke|p1|Heatran, M","|poke|p1|Aggron, F","|poke|p1|Magnezone","|poke|p2|Charizard, M","|poke|p2|Darmanitan, F","|poke|p2|Torkoal, F","|poke|p2|Rotom-Heat","|poke|p2|Heatran, M","|poke|p2|Emboar, M","|rule|Sleep Clause Mod: Limit one foe put to sleep","|rule|Species Clause: Limit one of each Pokémon","|rule|OHKO Clause: OHKO moves are banned","|rule|Moody Clause: Moody is banned","|rule|Evasion Moves Clause: Evasion moves are banned","|rule|Endless Battle Clause: Forcing endless battles is banned","|rule|HP Percentage Mod: HP is shown in percentages","|teampreview","|","|start","|switch|p1a: Klefki|Klefki, F|317/317","|switch|p2a: Emboar|Emboar, M|361/361","|turn|1","|","|move|p1a: Klefki|Reflect|p1a: Klefki","|-sidestart|p1: SWL Nocturne|Reflect","|move|p2a: Emboar|Superpower|p1a: Klefki","|-damage|p1a: Klefki|234/317","|-unboost|p2a: Emboar|atk|1","|-unboost|p2a: Emboar|def|1","|","|turn|2","|","|switch|p2a: Rotom-Heat|Rotom-Heat|241/241","|move|p1a: Klefki|Thunder Wave|p2a: Rotom-Heat","|-immune|p2a: Rotom-Heat|[msg]","|","|turn|3","|","|move|p1a: Klefki|Light Screen|p1a: Klefki","|-sidestart|p1: SWL Nocturne|move: Light Screen","|move|p2a: Rotom-Heat|Overheat|p1a: Klefki","|-supereffective|p1a: Klefki","|-damage|p1a: Klefki|3/317","|-unboost|p2a: Rotom-Heat|spa|2","|","|turn|4","|","|switch|p2a: Emboar|Emboar, M|361/361","|switch|p1a: Aggron|Aggron, F|343/343","|","|turn|5","|","|switch|p2a: Torkoal|Torkoal, F|343/343","|switch|p1a: Doublade|Doublade, F|321/321","|","|turn|6","|","|move|p1a: Doublade|Swords Dance|p1a: Doublade","|-boost|p1a: Doublade|atk|2","|move|p2a: Torkoal|Stealth Rock|p1a: Doublade","|-sidestart|p1: SWL Nocturne|move: Stealth Rock","|","|turn|7","|","|move|p1a: Doublade|Swords Dance|p1a: Doublade","|-boost|p1a: Doublade|atk|2","|move|p2a: Torkoal|Will-O-Wisp|p1a: Doublade","|-status|p1a: Doublade|brn","|","|-damage|p1a: Doublade|281/321 brn|[from] brn","|turn|8","|","|move|p1a: Doublade|Sacred Sword|p2a: Torkoal","|-damage|p2a: Torkoal|251/343","|move|p2a: Torkoal|Lava Plume|p1a: Doublade","|-supereffective|p1a: Doublade","|-damage|p1a: Doublade|191/321 brn","|","|-heal|p2a: Torkoal|272/343|[from] item: Leftovers","|-damage|p1a: Doublade|151/321 brn|[from] brn","|-sideend|p1: SWL Nocturne|Reflect","|turn|9","|","|switch|p2a: Charizard|Charizard, M|297/297","|move|p1a: Doublade|Shadow Sneak|p2a: Charizard","|-damage|p2a: Charizard|168/297","|","|-damage|p1a: Doublade|111/321 brn|[from] brn","|turn|10","|","|detailschange|p2a: Charizard|Charizard-Mega-Y, M","|-mega|p2a: Charizard|Charizard|Charizardite Y","|-weather|SunnyDay","|move|p2a: Charizard|Roost|p2a: Charizard","|-heal|p2a: Charizard|297/297","|move|p1a: Doublade|Swords Dance|p1a: Doublade","|-boost|p1a: Doublade|atk|2","|","|-weather|SunnyDay|[upkeep]","|-damage|p1a: Doublade|71/321 brn|[from] brn","|-sideend|p1: SWL Nocturne|move: Light Screen","|turn|11","|","|switch|p2a: Torkoal|Torkoal, F|272/343","|move|p1a: Doublade|Shadow Sneak|p2a: Torkoal","|-damage|p2a: Torkoal|200/343","|","|-weather|SunnyDay|[upkeep]","|-heal|p2a: Torkoal|221/343|[from] item: Leftovers","|-damage|p1a: Doublade|31/321 brn|[from] brn","|turn|12","|","|move|p1a: Doublade|Sacred Sword|p2a: Torkoal","|-damage|p2a: Torkoal|95/343","|move|p2a: Torkoal|Lava Plume|p1a: Doublade","|-supereffective|p1a: Doublade","|-damage|p1a: Doublade|0 fnt","|faint|p1a: Doublade","|","|-weather|SunnyDay|[upkeep]","|-heal|p2a: Torkoal|116/343|[from] item: Leftovers","|","|switch|p1a: Heatran|Heatran, M|386/386","|-damage|p1a: Heatran|338/386|[from] Stealth Rock","|turn|13","|","|switch|p2a: Rotom-Heat|Rotom-Heat|241/241","|move|p1a: Heatran|Toxic|p2a: Rotom-Heat","|-status|p2a: Rotom-Heat|tox","|","|-weather|SunnyDay|[upkeep]","|-heal|p1a: Heatran|362/386|[from] item: Leftovers","|-damage|p2a: Rotom-Heat|226/241 tox|[from] psn","|turn|14","|","|move|p2a: Rotom-Heat|Volt Switch|p1a: Heatran","|-damage|p1a: Heatran|266/386","|","|switch|p2a: Emboar|Emboar, M|361/361","|move|p1a: Heatran|Lava Plume|p2a: Emboar","|-resisted|p2a: Emboar","|-damage|p2a: Emboar|197/361","|","|-weather|none","|-heal|p1a: Heatran|290/386|[from] item: Leftovers","|turn|15","|","|switch|p1a: Klefki|Klefki, F|3/317","|-damage|p1a: Klefki|0 fnt|[from] Stealth Rock","|faint|p1a: Klefki","|move|p2a: Emboar|Superpower|p1: Klefki|[notarget]","|-notarget","|","|","|switch|p1a: Aggron|Aggron, F|343/343","|-damage|p1a: Aggron|322/343|[from] Stealth Rock","|turn|16","|","|switch|p2a: Torkoal|Torkoal, F|116/343","|detailschange|p1a: Aggron|Aggron-Mega, F","|-mega|p1a: Aggron|Aggron|Aggronite","|move|p1a: Aggron|Rest|p1a: Aggron","|-status|p1a: Aggron|slp","|-heal|p1a: Aggron|343/343 slp|[silent]","|-status|p1a: Aggron|slp|[from] move: Rest","|","|-heal|p2a: Torkoal|137/343|[from] item: Leftovers","|turn|17","|","|switch|p2a: Charizard|Charizard-Mega-Y, M|297/297","|-weather|SunnyDay","|cant|p1a: Aggron|slp","|move|p1a: Aggron|Sleep Talk|p1a: Aggron","|move|p1a: Aggron|Curse|p1a: Aggron|[from]Sleep Talk","|-unboost|p1a: Aggron|spe|1","|-boost|p1a: Aggron|atk|1","|-boost|p1a: Aggron|def|1","|","|-weather|SunnyDay|[upkeep]","|turn|18","|","|move|p2a: Charizard|Focus Blast|p1a: Aggron","|-supereffective|p1a: Aggron","|-damage|p1a: Aggron|69/343 slp","|cant|p1a: Aggron|slp","|move|p1a: Aggron|Sleep Talk|p1a: Aggron","|move|p1a: Aggron|Curse|p1a: Aggron|[from]Sleep Talk","|-unboost|p1a: Aggron|spe|1","|-boost|p1a: Aggron|atk|1","|-boost|p1a: Aggron|def|1","|","|-weather|SunnyDay|[upkeep]","|turn|19","|","|switch|p1a: Heatran|Heatran, M|290/386","|-damage|p1a: Heatran|242/386|[from] Stealth Rock","|move|p2a: Charizard|Fire Blast|p1a: Heatran","|-start|p1a: Heatran|ability: Flash Fire","|","|-weather|SunnyDay|[upkeep]","|-heal|p1a: Heatran|266/386|[from] item: Leftovers","|turn|20","|","|move|p2a: Charizard|Focus Blast|p1a: Heatran|[miss]","|-miss|p2a: Charizard|p1a: Heatran","|move|p1a: Heatran|Lava Plume|p2a: Charizard","|-resisted|p2a: Charizard","|-damage|p2a: Charizard|151/297","|","|-weather|SunnyDay|[upkeep]","|-heal|p1a: Heatran|290/386|[from] item: Leftovers","|turn|21","|","|move|p2a: Charizard|Focus Blast|p1a: Heatran","|-supereffective|p1a: Heatran","|-damage|p1a: Heatran|0 fnt","|faint|p1a: Heatran","|","|-weather|none","|","|switch|p1a: Magnezone|Magnezone|343/343","|-damage|p1a: Magnezone|322/343|[from] Stealth Rock","|turn|22","|","|switch|p2a: Heatran|Heatran, M|385/385","|move|p1a: Magnezone|Volt Switch|p2a: Heatran","|-damage|p2a: Heatran|235/385","|","|switch|p1a: Aggron|Aggron-Mega, F|69/343 slp","|-damage|p1a: Aggron|48/343 slp|[from] Stealth Rock","|","|-heal|p2a: Heatran|259/385|[from] item: Leftovers","|turn|23","|","|move|p2a: Heatran|Earth Power|p1a: Aggron","|-crit|p1a: Aggron","|-supereffective|p1a: Aggron","|-damage|p1a: Aggron|0 fnt","|faint|p1a: Aggron","|","|-heal|p2a: Heatran|283/385|[from] item: Leftovers","|","|switch|p1a: Magnezone|Magnezone|322/343","|-damage|p1a: Magnezone|301/343|[from] Stealth Rock","|turn|24","|","|switch|p2a: Rotom-Heat|Rotom-Heat|226/241 tox","|move|p1a: Magnezone|Thunderbolt|p2a: Rotom-Heat","|-resisted|p2a: Rotom-Heat","|-damage|p2a: Rotom-Heat|110/241 tox","|","|-damage|p2a: Rotom-Heat|95/241 tox|[from] psn","|turn|25","|","|move|p2a: Rotom-Heat|Overheat|p1a: Magnezone","|-supereffective|p1a: Magnezone","|-damage|p1a: Magnezone|0 fnt","|-unboost|p2a: Rotom-Heat|spa|2","|faint|p1a: Magnezone","|","|-damage|p2a: Rotom-Heat|65/241 tox|[from] psn","|","|switch|p1a: Scizor|Scizor, F|344/344","|-damage|p1a: Scizor|301/344|[from] Stealth Rock","|turn|26","|","|move|p1a: Scizor|Bullet Punch|p2a: Rotom-Heat","|-resisted|p2a: Rotom-Heat","|-damage|p2a: Rotom-Heat|38/241 tox","|move|p2a: Rotom-Heat|Overheat|p1a: Scizor","|-crit|p1a: Scizor","|-supereffective|p1a: Scizor","|-damage|p1a: Scizor|0 fnt","|-unboost|p2a: Rotom-Heat|spa|2","|faint|p1a: Scizor","|","|win|Void KGBeast"],"p1rating":{"entryid":"101951","serverid":"eos","formatid":"monotype","userid":"swlnocturne","username":"SWL Nocturne","w":"11","l":5,"t":"0","gxe":60.2,"r":"1460.0429451423","rd":"111.3436997254","sigma":"0","rptime":"1439974800","rpr":1579.8397691924,"rprd":75.843784571069,"rpsigma":"0","acre":1140.7569552572,"lacre":1140.7569552572,"oldacre":"1170.3236863396"},"p2rating":{"entryid":"129714","serverid":"eos","formatid":"monotype","userid":"voidkgbeast","username":"Void KGBeast","w":5,"l":"4","t":"0","gxe":53.3,"r":"1500","rd":"130","sigma":"0","rptime":"1439974800","rpr":1526.0336973923,"rprd":90.515407596284,"rpsigma":"0","acre":1135.7042331822,"lacre":1135.7042331822,"oldacre":"1106.1375020998"},"endType":"normal"}