{"seed":[27702,16222,13002,22069],"turns":23,"p1":"Seven Swell","p2":"inferno sasuke","p1team":[{"name":"Mew","species":"Mew","item":"leftovers","ability":"Synchronize","moves":["roost","toxic","healbell","aurasphere"],"nature":"Calm","evs":{"hp":252,"atk":0,"def":0,"spa":4,"spd":252,"spe":0},"ivs":{"hp":31,"atk":31,"def":31,"spa":31,"spd":31,"spe":31}},{"name":"Slowbro","species":"Slowbro","item":"rockyhelmet","ability":"Regenerator","moves":["scald","yawn","flamethrower","slackoff"],"nature":"Bold","evs":{"hp":252,"atk":0,"def":252,"spa":4,"spd":0,"spe":0},"ivs":{"hp":31,"atk":31,"def":31,"spa":31,"spd":31,"spe":31}},{"name":"Deoxys-Speed","species":"Deoxys-Speed","item":"focussash","ability":"Pressure","moves":["stealthrock","thunderbolt","thunderwave","icebeam"],"nature":"Timid","evs":{"hp":252,"atk":0,"def":0,"spa":44,"spd":0,"spe":212},"ivs":{"hp":31,"atk":31,"def":31,"spa":31,"spd":31,"spe":31}},{"name":"Latias","species":"Latias","item":"leftovers","ability":"Levitate","moves":["dracometeor","psyshock","roost","defog"],"nature":"Timid","evs":{"hp":252,"atk":0,"def":0,"spa":4,"spd":0,"spe":252},"ivs":{"hp":31,"atk":31,"def":31,"spa":31,"spd":31,"spe":31}},{"name":"Hoopa-Unbound","species":"Hoopa-Unbound","item":"focussash","ability":"Magician","moves":["hyperspacefury","drainpunch","firepunch","gunkshot"],"nature":"Adamant","evs":{"hp":0,"atk":252,"def":0,"spa":0,"spd":4,"spe":252},"ivs":{"hp":31,"atk":31,"def":31,"spa":31,"spd":31,"spe":31}},{"name":"Gardevoir","species":"Gardevoir","item":"gardevoirite","ability":"Trace","moves":["hypervoice","psyshock","shadowball","taunt"],"nature":"Timid","evs":{"hp":0,"atk":0,"def":0,"spa":252,"spd":4,"spe":252},"ivs":{"hp":31,"atk":31,"def":31,"spa":31,"spd":31,"spe":31}}],"p2team":[{"name":"lazy ass bubba","species":"hippowdon","item":"leftovers","ability":"Sand Stream","moves":["stealthrock","earthquake","whirlwind","slackoff"],"nature":"Careful","evs":{"hp":248,"atk":8,"def":0,"spa":0,"spd":252,"spe":0},"gender":"F","shiny":true,"ivs":{"hp":31,"atk":31,"def":31,"spa":31,"spd":31,"spe":31}},{"name":"wet and wild","species":"seismitoad","item":"assaultvest","ability":"Water Absorb","moves":["scald","earthpower","grassknot","sludgewave"],"nature":"Modest","evs":{"hp":100,"atk":0,"def":0,"spa":252,"spd":0,"spe":156},"gender":"M","shiny":true,"ivs":{"hp":31,"atk":31,"def":31,"spa":31,"spd":31,"spe":31}},{"name":"tuskonoir","species":"mamoswine","item":"lifeorb","ability":"Thick Fat","moves":["earthquake","iciclespear","iceshard","freezedry"],"nature":"Lonely","evs":{"hp":0,"atk":216,"def":0,"spa":40,"spd":0,"spe":252},"gender":"F","shiny":true,"ivs":{"hp":31,"atk":31,"def":31,"spa":31,"spd":31,"spe":31}},{"name":"implosion","species":"camerupt","item":"cameruptite","ability":"Magma Armor","moves":["fireblast","earthpower","rockslide","willowisp"],"nature":"Rash","evs":{"hp":168,"atk":0,"def":0,"spa":252,"spd":0,"spe":88},"gender":"M","shiny":true,"ivs":{"hp":31,"atk":31,"def":31,"spa":31,"spd":31,"spe":31}},{"name":"jaws of life","species":"excadrill","item":"choiceband","ability":"Sand Rush","moves":["earthquake","ironhead","rockslide","rapidspin"],"nature":"Jolly","evs":{"hp":0,"atk":252,"def":0,"spa":0,"spd":4,"spe":252},"gender":"M","shiny":true,"ivs":{"hp":31,"atk":31,"def":31,"spa":31,"spd":31,"spe":31}},{"name":"Landorus-Therian","species":"Landorus-Therian","item":"leftovers","ability":"Intimidate","moves":["swordsdance","rockpolish","earthquake","knockoff"],"nature":"Adamant","evs":{"hp":192,"atk":252,"def":4,"spa":0,"spd":0,"spe":60},"shiny":true,"ivs":{"hp":31,"atk":31,"def":31,"spa":31,"spd":31,"spe":31}}],"log":["|player|p1|Seven Swell|sevenswell.png","|player|p2|inferno sasuke|infernosasuke.png","|gametype|singles","|gen|6","|tier|Monotype","|rated","|rule|Baton Pass Clause: Limit one Baton Passer, can't pass Spe and other stats simultaneously","|rule|Swagger Clause: Swagger is banned","|rule|Same Type Clause: Pokémon in a team must share a type","|clearpoke","|poke|p1|Mew","|poke|p1|Slowbro, M","|poke|p1|Deoxys-Speed","|poke|p1|Latias, F","|poke|p1|Hoopa-Unbound","|poke|p1|Gardevoir, F","|poke|p2|Hippowdon, F, shiny","|poke|p2|Seismitoad, M, shiny","|poke|p2|Mamoswine, F, shiny","|poke|p2|Camerupt, M, shiny","|poke|p2|Excadrill, M, shiny","|poke|p2|Landorus-Therian, M, shiny","|rule|Sleep Clause Mod: Limit one foe put to sleep","|rule|Species Clause: Limit one of each Pokémon","|rule|OHKO Clause: OHKO moves are banned","|rule|Moody Clause: Moody is banned","|rule|Evasion Moves Clause: Evasion moves are banned","|rule|Endless Battle Clause: Forcing endless battles is banned","|rule|HP Percentage Mod: HP is shown in percentages","|teampreview","|","|start","|switch|p1a: Mew|Mew|404/404","|switch|p2a: Landorus-Therian|Landorus-Therian, M, shiny|367/367","|-ability|p2a: Landorus-Therian|Intimidate","|-unboost|p1a: Mew|atk|1","|turn|1","|","|switch|p1a: Slowbro|Slowbro, M|394/394","|move|p2a: Landorus-Therian|Swords Dance|p2a: Landorus-Therian","|-boost|p2a: Landorus-Therian|atk|2","|","|turn|2","|","|move|p2a: Landorus-Therian|Knock Off|p1a: Slowbro","|-supereffective|p1a: Slowbro","|-damage|p1a: Slowbro|50/394","|-damage|p2a: Landorus-Therian|306/367|[from] item: Rocky Helmet|[of] p1a: Slowbro","|-enditem|p1a: Slowbro|Rocky Helmet|[from] move: Knock Off|[of] p2a: Landorus-Therian","|move|p1a: Slowbro|Scald|p2a: Landorus-Therian","|-supereffective|p2a: Landorus-Therian","|-damage|p2a: Landorus-Therian|70/367","|","|-heal|p2a: Landorus-Therian|92/367|[from] item: Leftovers","|turn|3","|","|switch|p1a: Deoxys-Speed|Deoxys-Speed|304/304","|-ability|p1a: Deoxys-Speed|Pressure","|move|p2a: Landorus-Therian|Knock Off|p1a: Deoxys-Speed","|-crit|p1a: Deoxys-Speed","|-supereffective|p1a: Deoxys-Speed","|-enditem|p1a: Deoxys-Speed|Focus Sash","|-damage|p1a: Deoxys-Speed|1/304","|","|-heal|p2a: Landorus-Therian|114/367|[from] item: Leftovers","|turn|4","|","|move|p1a: Deoxys-Speed|Ice Beam|p2a: Landorus-Therian","|-supereffective|p2a: Landorus-Therian","|-damage|p2a: Landorus-Therian|0 fnt","|faint|p2a: Landorus-Therian","|","|","|switch|p2a: jaws of life|Excadrill, M, shiny|361/361","|turn|5","|","|move|p1a: Deoxys-Speed|Stealth Rock|p2a: jaws of life","|-sidestart|p2: inferno sasuke|move: Stealth Rock","|move|p2a: jaws of life|Iron Head|p1a: Deoxys-Speed","|-damage|p1a: Deoxys-Speed|0 fnt","|faint|p1a: Deoxys-Speed","|","|","|switch|p1a: Slowbro|Slowbro, M|181/394","|turn|6","|","|switch|p2a: wet and wild|Seismitoad, M, shiny|376/376","|-damage|p2a: wet and wild|353/376|[from] Stealth Rock","|move|p1a: Slowbro|Slack Off|p1a: Slowbro","|-heal|p1a: Slowbro|378/394","|","|turn|7","|","|switch|p1a: Mew|Mew|404/404","|move|p2a: wet and wild|Grass Knot|p1a: Mew","|-damage|p1a: Mew|388/404","|","|-heal|p1a: Mew|404/404|[from] item: Leftovers","|turn|8","|","|move|p1a: Mew|Toxic|p2a: wet and wild","|-status|p2a: wet and wild|tox","|move|p2a: wet and wild|Scald|p1a: Mew","|-damage|p1a: Mew|311/404","|-status|p1a: Mew|brn","|","|-heal|p1a: Mew|336/404 brn|[from] item: Leftovers","|-damage|p1a: Mew|286/404 brn|[from] brn","|-damage|p2a: wet and wild|330/376 tox|[from] psn","|turn|9","|","|move|p1a: Mew|Heal Bell|p1a: Mew","|-cureteam|p1a: Mew|[from] move: HealBell","|move|p2a: wet and wild|Scald|p1a: Mew","|-damage|p1a: Mew|193/404","|-status|p1a: Mew|brn","|","|-heal|p1a: Mew|218/404 brn|[from] item: Leftovers","|-damage|p1a: Mew|168/404 brn|[from] brn","|-damage|p2a: wet and wild|284/376 tox|[from] psn","|turn|10","|","|move|p1a: Mew|Roost|p1a: Mew","|-heal|p1a: Mew|370/404 brn","|move|p2a: wet and wild|Scald|p1a: Mew","|-damage|p1a: Mew|291/404 brn","|","|-heal|p1a: Mew|316/404 brn|[from] item: Leftovers","|-damage|p1a: Mew|266/404 brn|[from] brn","|-damage|p2a: wet and wild|215/376 tox|[from] psn","|turn|11","|","|switch|p2a: tuskonoir|Mamoswine, F, shiny|361/361","|-damage|p2a: tuskonoir|316/361|[from] Stealth Rock","|move|p1a: Mew|Heal Bell|p1a: Mew","|-cureteam|p1a: Mew|[from] move: HealBell","|","|-heal|p1a: Mew|291/404|[from] item: Leftovers","|turn|12","|","|switch|p1a: Latias|Latias, F|364/364","|move|p2a: tuskonoir|Icicle Spear|p1a: Latias","|-supereffective|p1a: Latias","|-damage|p1a: Latias|224/364","|-supereffective|p1a: Latias","|-damage|p1a: Latias|89/364","|-crit|p1a: Latias","|-supereffective|p1a: Latias","|-damage|p1a: Latias|0 fnt","|-hitcount|p1a: Latias|3","|-damage|p2a: tuskonoir|280/361|[from] item: Life Orb","|faint|p1a: Latias","|","|","|switch|p1a: Gardevoir|Gardevoir, F|277/277","|-ability|p1a: Gardevoir|Thick Fat|[from] ability: Trace|[of] p2a: tuskonoir","|turn|13","|","|detailschange|p1a: Gardevoir|Gardevoir-Mega, F","|-mega|p1a: Gardevoir|Gardevoir|Gardevoirite","|move|p1a: Gardevoir|Hyper Voice|p2a: tuskonoir","|-damage|p2a: tuskonoir|0 fnt","|faint|p2a: tuskonoir","|","|","|switch|p2a: jaws of life|Excadrill, M, shiny|361/361","|-damage|p2a: jaws of life|350/361|[from] Stealth Rock","|turn|14","|","|move|p1a: Gardevoir|Shadow Ball|p2a: jaws of life","|-damage|p2a: jaws of life|183/361","|move|p2a: jaws of life|Iron Head|p1a: Gardevoir","|-supereffective|p1a: Gardevoir","|-damage|p1a: Gardevoir|0 fnt","|faint|p1a: Gardevoir","|","|","|switch|p1a: Slowbro|Slowbro, M|394/394","|turn|15","|","|switch|p2a: wet and wild|Seismitoad, M, shiny|215/376 tox","|-damage|p2a: wet and wild|192/376 tox|[from] Stealth Rock","|move|p1a: Slowbro|Yawn|p2a: wet and wild","|-fail|p2a: wet and wild","|","|-damage|p2a: wet and wild|169/376 tox|[from] psn","|turn|16","|","|switch|p1a: Mew|Mew|291/404","|move|p2a: wet and wild|Earth Power|p1a: Mew","|-damage|p1a: Mew|197/404","|","|-heal|p1a: Mew|222/404|[from] item: Leftovers","|-damage|p2a: wet and wild|123/376 tox|[from] psn","|turn|17","|","|move|p1a: Mew|Roost|p1a: Mew","|-heal|p1a: Mew|404/404","|move|p2a: wet and wild|Earth Power|p1a: Mew","|-damage|p1a: Mew|316/404","|","|-heal|p1a: Mew|341/404|[from] item: Leftovers","|-damage|p2a: wet and wild|54/376 tox|[from] psn","|turn|18","|","|switch|p2a: jaws of life|Excadrill, M, shiny|183/361","|-damage|p2a: jaws of life|172/361|[from] Stealth Rock","|move|p1a: Mew|Aura Sphere|p2a: jaws of life","|-supereffective|p2a: jaws of life","|-damage|p2a: jaws of life|0 fnt","|faint|p2a: jaws of life","|","|-heal|p1a: Mew|366/404|[from] item: Leftovers","|","|switch|p2a: implosion|Camerupt, M, shiny|323/323","|-damage|p2a: implosion|283/323|[from] Stealth Rock","|turn|19","|","|detailschange|p2a: implosion|Camerupt-Mega, M, shiny","|-mega|p2a: implosion|Camerupt|Cameruptite","|move|p1a: Mew|Toxic|p2a: implosion","|-status|p2a: implosion|tox","|move|p2a: implosion|Rock Slide|p1a: Mew","|-damage|p1a: Mew|277/404","|","|-heal|p1a: Mew|302/404|[from] item: Leftovers","|-damage|p2a: implosion|263/323 tox|[from] psn","|turn|20","|","|move|p1a: Mew|Aura Sphere|p2a: implosion","|-damage|p2a: implosion|196/323 tox","|move|p2a: implosion|Earth Power|p1a: Mew","|-damage|p1a: Mew|119/404","|","|-heal|p1a: Mew|144/404|[from] item: Leftovers","|-damage|p2a: implosion|156/323 tox|[from] psn","|turn|21","|","|move|p1a: Mew|Roost|p1a: Mew","|-heal|p1a: Mew|346/404","|move|p2a: implosion|Earth Power|p1a: Mew","|-damage|p1a: Mew|183/404","|","|-heal|p1a: Mew|208/404|[from] item: Leftovers","|-damage|p2a: implosion|96/323 tox|[from] psn","|turn|22","|","|move|p1a: Mew|Roost|p1a: Mew","|-heal|p1a: Mew|404/404","|move|p2a: implosion|Earth Power|p1a: Mew","|-damage|p1a: Mew|221/404","|","|-heal|p1a: Mew|246/404|[from] item: Leftovers","|-damage|p2a: implosion|16/323 tox|[from] psn","|turn|23","|","|win|Seven Swell"],"p1rating":{"entryid":"86214","serverid":"eos","formatid":"monotype","userid":"sevenswell","username":"Seven Swell","w":8,"l":"2","t":"0","gxe":63.6,"r":"1569.9288341314","rd":"103.18022619217","sigma":"0","rptime":"1439974800","rpr":1608.1210031664,"rprd":88.483361417671,"rpsigma":"0","acre":1145.6888904853,"lacre":1145.6888904853,"oldacre":"1128.3639336103"},"p2rating":{"entryid":"45674","serverid":"eos","formatid":"monotype","userid":"infernosasuke","username":"Inferno Sasuke","w":"2","l":7,"t":"0","gxe":36.5,"r":"1447.2670446786","rd":"99.158414089219","sigma":"0","rptime":"1439974800","rpr":1392.1734802138,"rprd":90.27672523953,"rpsigma":"0","acre":1009.3300415981,"lacre":1009.3300415981,"oldacre":"1018.1463307324"},"endType":"forfeit"}