{"seed":[40599,12162,14970,2937],"turns":28,"p1":"Vodoom","p2":"Union L0rdMudkip","p1team":[{"name":"TNT","species":"tyranitar","item":"assaultvest","ability":"Sand Stream","moves":["thunderbolt","darkpulse","ancientpower","flamethrower"],"nature":"Modest","evs":{"hp":248,"atk":0,"def":0,"spa":252,"spd":8,"spe":0},"ivs":{"hp":31,"atk":31,"def":31,"spa":31,"spd":31,"spe":31}},{"name":"Bull","species":"terrakion","item":"choicescarf","ability":"Justified","moves":["closecombat","earthquake","rockslide","quickattack"],"nature":"Jolly","evs":{"hp":0,"atk":252,"def":0,"spa":0,"spd":4,"spe":252},"ivs":{"hp":31,"atk":31,"def":31,"spa":31,"spd":31,"spe":31}},{"name":"Steel Rex","species":"aggron","item":"aggronite","ability":"Sturdy","moves":["counter","earthquake","rest","heavyslam"],"nature":"Impish","evs":{"hp":248,"atk":0,"def":252,"spa":0,"spd":8,"spe":0},"ivs":{"hp":31,"atk":31,"def":31,"spa":31,"spd":31,"spe":31}},{"name":"The real deal","species":"lileep","item":"eviolite","ability":"Storm Drain","moves":["recover","toxic","infestation","gigadrain"],"nature":"Calm","evs":{"hp":252,"atk":0,"def":0,"spa":4,"spd":252,"spe":0},"ivs":{"hp":31,"atk":31,"def":31,"spa":31,"spd":31,"spe":31}},{"name":"Diancie","species":"Diancie","item":"diancite","ability":"Clear Body","moves":["protect","earthpower","diamondstorm","moonblast"],"nature":"Hasty","evs":{"hp":0,"atk":4,"def":0,"spa":252,"spd":0,"spe":252},"ivs":{"hp":31,"atk":31,"def":31,"spa":31,"spd":31,"spe":31}},{"name":"Aurorus","species":"Aurorus","item":"choicescarf","ability":"Refrigerate","moves":["freezedry","hypervoice","discharge","ancientpower"],"nature":"Timid","evs":{"hp":0,"atk":0,"def":0,"spa":252,"spd":4,"spe":252},"ivs":{"hp":31,"atk":31,"def":31,"spa":31,"spd":31,"spe":31}}],"p2team":[{"name":"Armaldo","species":"Armaldo","item":"leftovers","ability":"Battle Armor","moves":["stealthrock","rapidspin","stoneedge","earthquake"],"nature":"Adamant","evs":{"hp":252,"atk":252,"def":0,"spa":0,"spd":4,"spe":0},"ivs":{"hp":31,"atk":31,"def":31,"spa":31,"spd":31,"spe":31}},{"name":"Galvantula","species":"Galvantula","item":"focussash","ability":"Compound Eyes","moves":["voltswitch","thunder","stickyweb","bugbuzz"],"nature":"Timid","evs":{"hp":0,"atk":0,"def":0,"spa":252,"spd":4,"spe":252},"ivs":{"hp":31,"atk":31,"def":31,"spa":31,"spd":31,"spe":31}},{"name":"Volcarona","species":"Volcarona","item":"weaknesspolicy","ability":"Flame Body","moves":["quiverdance","fierydance","bugbuzz","gigadrain"],"nature":"Modest","evs":{"hp":0,"atk":0,"def":0,"spa":252,"spd":4,"spe":252},"ivs":{"hp":31,"atk":31,"def":31,"spa":31,"spd":31,"spe":31}},{"name":"Scolipede","species":"Scolipede","item":"choiceband","ability":"Speed Boost","moves":["megahorn","earthquake","poisonjab","rockslide"],"nature":"Adamant","evs":{"hp":0,"atk":252,"def":0,"spa":0,"spd":4,"spe":252},"ivs":{"hp":31,"atk":31,"def":31,"spa":31,"spd":31,"spe":31}},{"name":"Scizor","species":"Scizor","item":"scizorite","ability":"Technician","moves":["bulletpunch","swordsdance","roost","bugbite"],"nature":"Adamant","evs":{"hp":248,"atk":252,"def":0,"spa":0,"spd":8,"spe":0},"ivs":{"hp":31,"atk":31,"def":31,"spa":31,"spd":31,"spe":31}},{"name":"Genesect","species":"Genesect","item":"choicescarf","ability":"Download","moves":["bugbuzz","uturn","flamethrower","icebeam"],"nature":"Timid","evs":{"hp":0,"atk":0,"def":0,"spa":252,"spd":4,"spe":252},"ivs":{"hp":31,"atk":31,"def":31,"spa":31,"spd":31,"spe":31}}],"log":["|player|p1|Vodoom|2","|player|p2|Union L0rdMudkip|unionl0rdmudkip.png","|gametype|singles","|gen|6","|tier|Monotype","|rated","|rule|Baton Pass Clause: Limit one Baton Passer, can't pass Spe and other stats simultaneously","|rule|Swagger Clause: Swagger is banned","|rule|Same Type Clause: Pokémon in a team must share a type","|clearpoke","|poke|p1|Tyranitar, F","|poke|p1|Terrakion","|poke|p1|Aggron, F","|poke|p1|Lileep, M","|poke|p1|Diancie","|poke|p1|Aurorus, M","|poke|p2|Armaldo, M","|poke|p2|Galvantula, F","|poke|p2|Volcarona, F","|poke|p2|Scolipede, M","|poke|p2|Scizor, M","|poke|p2|Genesect-*","|rule|Sleep Clause Mod: Limit one foe put to sleep","|rule|Species Clause: Limit one of each Pokémon","|rule|OHKO Clause: OHKO moves are banned","|rule|Moody Clause: Moody is banned","|rule|Evasion Moves Clause: Evasion moves are banned","|rule|Endless Battle Clause: Forcing endless battles is banned","|rule|HP Percentage Mod: HP is shown in percentages","|teampreview","|","|start","|switch|p1a: Diancie|Diancie|241/241","|switch|p2a: Galvantula|Galvantula, F|281/281","|turn|1","|","|detailschange|p1a: Diancie|Diancie-Mega","|-mega|p1a: Diancie|Diancie|Diancite","|move|p2a: Galvantula|Thunder|p1a: Diancie|[miss]","|-miss|p2a: Galvantula|p1a: Diancie","|move|p1a: Diancie|Diamond Storm|p2a: Galvantula","|-supereffective|p2a: Galvantula","|-enditem|p2a: Galvantula|Focus Sash","|-damage|p2a: Galvantula|1/281","|","|turn|2","|","|move|p1a: Diancie|Earth Power|p2a: Galvantula","|-damage|p2a: Galvantula|0 fnt","|faint|p2a: Galvantula","|","|","|switch|p2a: Scizor|Scizor, M|343/343","|turn|3","|","|switch|p1a: Steel Rex|Aggron, F|343/343","|switch|p2a: Volcarona|Volcarona, F|311/311","|","|turn|4","|","|switch|p1a: Diancie|Diancie-Mega|241/241","|move|p2a: Volcarona|Quiver Dance|p2a: Volcarona","|-boost|p2a: Volcarona|spa|1","|-boost|p2a: Volcarona|spd|1","|-boost|p2a: Volcarona|spe|1","|","|turn|5","|","|switch|p2a: Scizor|Scizor, M|343/343","|move|p1a: Diancie|Diamond Storm|p2a: Scizor","|-damage|p2a: Scizor|169/343","|-boost|p1a: Diancie|def|1","|","|turn|6","|","|detailschange|p2a: Scizor|Scizor-Mega, M","|-mega|p2a: Scizor|Scizor|Scizorite","|move|p1a: Diancie|Protect|p1a: Diancie","|-singleturn|p1a: Diancie|Protect","|move|p2a: Scizor|Bullet Punch|p1a: Diancie","|-activate|p1a: Diancie|Protect","|","|turn|7","|","|switch|p1a: TNT|Tyranitar, F|403/403","|-weather|Sandstorm","|move|p2a: Scizor|Bullet Punch|p1a: TNT","|-supereffective|p1a: TNT","|-damage|p1a: TNT|175/403","|","|-weather|Sandstorm|[upkeep]","|turn|8","|","|switch|p1a: Steel Rex|Aggron, F|343/343","|move|p2a: Scizor|Bullet Punch|p1a: Steel Rex","|-damage|p1a: Steel Rex|283/343","|","|-weather|Sandstorm|[upkeep]","|turn|9","|","|move|p2a: Scizor|Roost|p2a: Scizor","|-heal|p2a: Scizor|341/343","|move|p1a: Steel Rex|Earthquake|p2a: Scizor","|-damage|p2a: Scizor|281/343","|","|-weather|Sandstorm|[upkeep]","|turn|10","|","|move|p2a: Scizor|Swords Dance|p2a: Scizor","|-boost|p2a: Scizor|atk|2","|move|p1a: Steel Rex|Earthquake|p2a: Scizor","|-damage|p2a: Scizor|221/343","|","|-weather|Sandstorm|[upkeep]","|turn|11","|","|move|p2a: Scizor|Roost|p2a: Scizor","|-heal|p2a: Scizor|343/343","|move|p1a: Steel Rex|Counter|p2a: Scizor","|-fail|p2a: Scizor","|","|-weather|none","|turn|12","|","|move|p2a: Scizor|Swords Dance|p2a: Scizor","|-boost|p2a: Scizor|atk|2","|move|p1a: Steel Rex|Earthquake|p2a: Scizor","|-damage|p2a: Scizor|278/343","|","|turn|13","|","|move|p2a: Scizor|Swords Dance|p2a: Scizor","|-boost|p2a: Scizor|atk|2","|move|p1a: Steel Rex|Counter|p2a: Scizor","|-fail|p2a: Scizor","|","|turn|14","|","|move|p2a: Scizor|Roost|p2a: Scizor","|-heal|p2a: Scizor|343/343","|move|p1a: Steel Rex|Counter|p2a: Scizor","|-fail|p2a: Scizor","|","|turn|15","|","|move|p2a: Scizor|Bug Bite|p1a: Steel Rex","|-resisted|p1a: Steel Rex","|-damage|p1a: Steel Rex|103/343","|move|p1a: Steel Rex|Counter|p2a: Scizor","|-damage|p2a: Scizor|0 fnt","|faint|p2a: Scizor","|","|","|switch|p2a: Scolipede|Scolipede, M|261/261","|turn|16","|","|move|p2a: Scolipede|Earthquake|p1a: Steel Rex","|-supereffective|p1a: Steel Rex","|-damage|p1a: Steel Rex|0 fnt","|faint|p1a: Steel Rex","|","|-boost|p2a: Scolipede|spe|1|[from] ability: Speed Boost","|","|switch|p1a: Aurorus|Aurorus, M|387/387","|turn|17","|","|move|p2a: Scolipede|Earthquake|p1a: Aurorus","|-supereffective|p1a: Aurorus","|-damage|p1a: Aurorus|0 fnt","|faint|p1a: Aurorus","|","|-boost|p2a: Scolipede|spe|1|[from] ability: Speed Boost","|","|switch|p1a: The real deal|Lileep, M|336/336","|turn|18","|","|move|p2a: Scolipede|Earthquake|p1a: The real deal","|-damage|p1a: The real deal|192/336","|move|p1a: The real deal|Giga Drain|p2a: Scolipede","|-resisted|p2a: Scolipede","|-damage|p2a: Scolipede|240/261","|-heal|p1a: The real deal|203/336|[from] drain|[of] p2a: Scolipede","|","|-boost|p2a: Scolipede|spe|1|[from] ability: Speed Boost","|turn|19","|","|move|p2a: Scolipede|Earthquake|p1a: The real deal","|-damage|p1a: The real deal|59/336","|move|p1a: The real deal|Recover|p1a: The real deal","|-heal|p1a: The real deal|227/336","|","|-boost|p2a: Scolipede|spe|1|[from] ability: Speed Boost","|turn|20","|","|move|p2a: Scolipede|Earthquake|p1a: The real deal","|-damage|p1a: The real deal|97/336","|move|p1a: The real deal|Recover|p1a: The real deal","|-heal|p1a: The real deal|265/336","|","|-boost|p2a: Scolipede|spe|1|[from] ability: Speed Boost","|turn|21","|","|switch|p2a: Genesect|Genesect|283/283","|-boost|p2a: Genesect|atk|1|[from] ability: Download","|move|p1a: The real deal|Recover|p1a: The real deal","|-heal|p1a: The real deal|336/336","|","|turn|22","|","|move|p2a: Genesect|U-turn|p1a: The real deal","|-supereffective|p1a: The real deal","|-damage|p1a: The real deal|114/336","|","|switch|p2a: Volcarona|Volcarona, F|311/311","|move|p1a: The real deal|Infestation|p2a: Volcarona","|-resisted|p2a: Volcarona","|-damage|p2a: Volcarona|306/311","|-status|p1a: The real deal|brn","|-activate|p2a: Volcarona|move: Infestation|[of] p1a: The real deal","|","|-damage|p1a: The real deal|72/336 brn|[from] brn","|-damage|p2a: Volcarona|268/311|[from] move: Infestation|[partiallytrapped]","|turn|23","|","|move|p2a: Volcarona|Quiver Dance|p2a: Volcarona","|-boost|p2a: Volcarona|spa|1","|-boost|p2a: Volcarona|spd|1","|-boost|p2a: Volcarona|spe|1","|move|p1a: The real deal|Toxic|p2a: Volcarona","|-status|p2a: Volcarona|tox","|","|-damage|p2a: Volcarona|249/311 tox|[from] psn","|-damage|p1a: The real deal|30/336 brn|[from] brn","|-damage|p2a: Volcarona|211/311 tox|[from] move: Infestation|[partiallytrapped]","|turn|24","|","|move|p2a: Volcarona|Fiery Dance|p1a: The real deal","|-damage|p1a: The real deal|0 fnt","|faint|p1a: The real deal","|","|-damage|p2a: Volcarona|173/311 tox|[from] psn","|","|switch|p1a: Bull|Terrakion|323/323","|turn|25","|","|move|p1a: Bull|Rock Slide|p2a: Volcarona","|-supereffective|p2a: Volcarona","|-damage|p2a: Volcarona|0 fnt","|faint|p2a: Volcarona","|","|","|switch|p2a: Genesect|Genesect|283/283","|-boost|p2a: Genesect|atk|1|[from] ability: Download","|turn|26","|","|switch|p1a: TNT|Tyranitar, F|175/403","|-weather|Sandstorm","|move|p2a: Genesect|U-turn|p1a: TNT","|-supereffective|p1a: TNT","|-damage|p1a: TNT|0 fnt","|faint|p1a: TNT","|","|switch|p2a: Armaldo|Armaldo, M|354/354","|","|-weather|Sandstorm|[upkeep]","|","|switch|p1a: Diancie|Diancie-Mega|241/241","|turn|27","|","|move|p1a: Diancie|Diamond Storm|p2a: Armaldo","|-miss|p1a: Diancie|p2a: Armaldo","|move|p2a: Armaldo|Earthquake|p1a: Diancie","|-supereffective|p1a: Diancie","|-damage|p1a: Diancie|0 fnt","|faint|p1a: Diancie","|","|-weather|Sandstorm|[upkeep]","|","|switch|p1a: Bull|Terrakion|323/323","|turn|28","|","|move|p1a: Bull|Rock Slide|p2a: Armaldo","|-supereffective|p2a: Armaldo","|-damage|p2a: Armaldo|76/354","|move|p2a: Armaldo|Earthquake|p1a: Bull","|-crit|p1a: Bull","|-supereffective|p1a: Bull","|-damage|p1a: Bull|0 fnt","|faint|p1a: Bull","|","|win|Union L0rdMudkip"],"p1rating":{"entryid":"114353","serverid":"eos","formatid":"monotype","userid":"vodoom","username":"Vodoom","w":"2","l":1,"t":"0","gxe":54.6,"r":"1500","rd":"130","sigma":"0","rptime":"1439974800","rpr":1536.3935754117,"rprd":111.49849857824,"rpsigma":"0","acre":1047.814307628,"lacre":1047.814307628,"oldacre":"1070.1028089042"},"p2rating":{"entryid":"64393","serverid":"eos","formatid":"monotype","userid":"unionl0rdmudkip","username":"Union L0rdMudkip","w":2,"l":"0","t":"0","gxe":59,"r":"1540.1606143388","rd":"122.8583080769","sigma":"0","rptime":"1439974800","rpr":1572.6173197679,"rprd":116.84146468108,"rpsigma":"0","acre":1076.9385074279,"lacre":1076.9385074279,"oldacre":"1040"},"endType":"normal"}