{"seed":[30485,10917,3257,11517],"turns":22,"p1":"Apex Salamence","p2":"Rain ☆ S.Herbs","p1team":[{"name":"BIRD JESUS","species":"pidgeot","item":"pidgeotite","ability":"Big Pecks","moves":["heatwave","hurricane","hiddenpowerground","protect"],"nature":"Timid","evs":{"hp":0,"atk":0,"def":0,"spa":252,"spd":4,"spe":252},"gender":"M","ivs":{"hp":31,"atk":31,"def":31,"spa":30,"spd":30,"spe":31},"shiny":true},{"name":"Gaea","species":"landorus","item":"lifeorb","ability":"Sheer Force","moves":["earthpower","stealthrock","psychic","rockpolish"],"nature":"Modest","evs":{"hp":0,"atk":0,"def":0,"spa":252,"spd":4,"spe":252},"shiny":true,"ivs":{"hp":31,"atk":31,"def":31,"spa":31,"spd":31,"spe":31}},{"name":"BoneZ","species":"mandibuzz","item":"leftovers","ability":"Overcoat","moves":["foulplay","roost","taunt","defog"],"nature":"Bold","evs":{"hp":248,"atk":0,"def":136,"spa":0,"spd":108,"spe":16},"shiny":true,"ivs":{"hp":31,"atk":31,"def":31,"spa":31,"spd":31,"spe":31}},{"name":"Porunga","species":"dragonite","item":"weaknesspolicy","ability":"Multiscale","moves":["dragondance","dragonclaw","extremespeed","firepunch"],"nature":"Adamant","evs":{"hp":0,"atk":252,"def":0,"spa":0,"spd":4,"spe":252},"gender":"M","shiny":true,"ivs":{"hp":31,"atk":31,"def":31,"spa":31,"spd":31,"spe":31}},{"name":"Jupiter","species":"thundurus","item":"sitrusberry","ability":"Prankster","moves":["taunt","thunderwave","thunderbolt","hiddenpowerice"],"nature":"Timid","evs":{"hp":0,"atk":0,"def":0,"spa":252,"spd":4,"spe":252},"ivs":{"hp":31,"atk":30,"def":30,"spa":31,"spd":31,"spe":31},"shiny":true},{"name":"Raptor","species":"staraptor","item":"choicescarf","ability":"Reckless","moves":["bravebird","doubleedge","uturn","closecombat"],"nature":"Jolly","evs":{"hp":0,"atk":252,"def":0,"spa":0,"spd":4,"spe":252},"gender":"M","shiny":true,"ivs":{"hp":31,"atk":31,"def":31,"spa":31,"spd":31,"spe":31}}],"p2team":[{"name":"Hippowdon","species":"Hippowdon","item":"leftovers","ability":"Sand Stream","moves":["earthquake","stealthrock","slackoff","toxic"],"nature":"Careful","evs":{"hp":252,"atk":4,"def":252,"spa":0,"spd":0,"spe":0},"shiny":true,"ivs":{"hp":31,"atk":31,"def":31,"spa":31,"spd":31,"spe":31}},{"name":"Landorus","species":"Landorus","item":"assaultvest","ability":"Sheer Force","moves":["sludgewave","earthpower","stoneedge","grassknot"],"nature":"Naive","evs":{"hp":0,"atk":4,"def":0,"spa":252,"spd":0,"spe":252},"shiny":true,"ivs":{"hp":31,"atk":31,"def":31,"spa":31,"spd":31,"spe":31}},{"name":"Gliscor","species":"Gliscor","item":"toxicorb","ability":"Poison Heal","moves":["swordsdance","earthquake","knockoff","poisonjab"],"nature":"Careful","evs":{"hp":244,"atk":0,"def":8,"spa":0,"spd":200,"spe":56},"shiny":true,"ivs":{"hp":31,"atk":31,"def":31,"spa":31,"spd":31,"spe":31}},{"name":"Garchomp","species":"Garchomp","item":"garchompite","ability":"Rough Skin","moves":["dracometeor","earthquake","flamethrower","ironhead"],"nature":"Naive","evs":{"hp":0,"atk":4,"def":0,"spa":252,"spd":0,"spe":252},"shiny":true,"ivs":{"hp":31,"atk":31,"def":31,"spa":31,"spd":31,"spe":31}},{"name":"Excadrill","species":"Excadrill","item":"airballoon","ability":"Sand Rush","moves":["earthquake","ironhead","rockslide","swordsdance"],"nature":"Adamant","evs":{"hp":248,"atk":0,"def":0,"spa":8,"spd":8,"spe":0},"shiny":true,"ivs":{"hp":31,"atk":31,"def":31,"spa":31,"spd":31,"spe":31}},{"name":"Mamoswine","species":"Mamoswine","item":"assaultvest","ability":"Thick Fat","moves":["iceshard","earthquake","iciclecrash","freezedry"],"nature":"Naive","evs":{"hp":0,"atk":244,"def":0,"spa":12,"spd":0,"spe":252},"ivs":{"hp":31,"atk":31,"def":31,"spa":31,"spd":31,"spe":31}}],"log":["|player|p1|Apex Salamence|101","|player|p2|Rain ☆ S.Herbs|154","|gametype|singles","|gen|6","|tier|Monotype","|rated","|rule|Baton Pass Clause: Limit one Baton Passer, can't pass Spe and other stats simultaneously","|rule|Swagger Clause: Swagger is banned","|rule|Same Type Clause: Pokémon in a team must share a type","|clearpoke","|poke|p1|Pidgeot, M, shiny","|poke|p1|Landorus, M, shiny","|poke|p1|Mandibuzz, F, shiny","|poke|p1|Dragonite, M, shiny","|poke|p1|Thundurus, M, shiny","|poke|p1|Staraptor, M, shiny","|poke|p2|Hippowdon, M, shiny","|poke|p2|Landorus, M, shiny","|poke|p2|Gliscor, M, shiny","|poke|p2|Garchomp, F, shiny","|poke|p2|Excadrill, M, shiny","|poke|p2|Mamoswine, F","|rule|Sleep Clause Mod: Limit one foe put to sleep","|rule|Species Clause: Limit one of each Pokémon","|rule|OHKO Clause: OHKO moves are banned","|rule|Moody Clause: Moody is banned","|rule|Evasion Moves Clause: Evasion moves are banned","|rule|Endless Battle Clause: Forcing endless battles is banned","|rule|HP Percentage Mod: HP is shown in percentages","|teampreview","|","|start","|switch|p1a: Jupiter|Thundurus, M, shiny|299/299","|switch|p2a: Hippowdon|Hippowdon, M, shiny|420/420","|-weather|Sandstorm","|turn|1","|","|switch|p2a: Gliscor|Gliscor, M, shiny|352/352","|move|p1a: Jupiter|Taunt|p2a: Gliscor","|-start|p2a: Gliscor|move: Taunt","|","|-weather|Sandstorm|[upkeep]","|-damage|p1a: Jupiter|281/299|[from] sandstorm","|-status|p2a: Gliscor|tox|[from] item: Toxic Orb","|turn|2","|","|move|p1a: Jupiter|Hidden Power|p2a: Gliscor","|-supereffective|p2a: Gliscor","|-damage|p2a: Gliscor|116/352 tox","|move|p2a: Gliscor|Knock Off|p1a: Jupiter","|-damage|p1a: Jupiter|185/299","|-enditem|p1a: Jupiter|Sitrus Berry|[from] move: Knock Off|[of] p2a: Gliscor","|","|-weather|Sandstorm|[upkeep]","|-damage|p1a: Jupiter|167/299|[from] sandstorm","|-heal|p2a: Gliscor|160/352 tox|[from] ability: Poison Heal","|turn|3","|","|switch|p2a: Hippowdon|Hippowdon, M, shiny|420/420","|move|p1a: Jupiter|Hidden Power|p2a: Hippowdon","|-supereffective|p2a: Hippowdon","|-damage|p2a: Hippowdon|266/420","|","|-weather|Sandstorm|[upkeep]","|-damage|p1a: Jupiter|149/299|[from] sandstorm","|-heal|p2a: Hippowdon|292/420|[from] item: Leftovers","|turn|4","|","|move|p1a: Jupiter|Taunt|p2a: Hippowdon","|-start|p2a: Hippowdon|move: Taunt","|cant|p2a: Hippowdon|move: Taunt|Stealth Rock","|","|-weather|Sandstorm|[upkeep]","|-damage|p1a: Jupiter|131/299|[from] sandstorm","|-heal|p2a: Hippowdon|318/420|[from] item: Leftovers","|turn|5","|","|switch|p2a: Mamoswine|Mamoswine, F|361/361","|move|p1a: Jupiter|Hidden Power|p2a: Mamoswine","|-crit|p2a: Mamoswine","|-damage|p2a: Mamoswine|304/361","|","|-weather|none","|turn|6","|","|move|p2a: Mamoswine|Ice Shard|p1a: Jupiter","|-supereffective|p1a: Jupiter","|-damage|p1a: Jupiter|0 fnt","|faint|p1a: Jupiter","|","|","|switch|p1a: Porunga|Dragonite, M, shiny|323/323","|turn|7","|","|switch|p2a: Hippowdon|Hippowdon, M, shiny|318/420","|-weather|Sandstorm","|move|p1a: Porunga|Dragon Dance|p1a: Porunga","|-boost|p1a: Porunga|atk|1","|-boost|p1a: Porunga|spe|1","|","|-weather|Sandstorm|[upkeep]","|-damage|p1a: Porunga|303/323|[from] sandstorm","|-heal|p2a: Hippowdon|344/420|[from] item: Leftovers","|turn|8","|","|move|p1a: Porunga|Dragon Claw|p2a: Hippowdon","|-damage|p2a: Hippowdon|187/420","|move|p2a: Hippowdon|Toxic|p1a: Porunga","|-status|p1a: Porunga|tox","|","|-weather|Sandstorm|[upkeep]","|-damage|p1a: Porunga|283/323 tox|[from] sandstorm","|-heal|p2a: Hippowdon|213/420|[from] item: Leftovers","|-damage|p1a: Porunga|263/323 tox|[from] psn","|turn|9","|","|move|p1a: Porunga|Dragon Claw|p2a: Hippowdon","|-damage|p2a: Hippowdon|39/420","|move|p2a: Hippowdon|Stealth Rock|p1a: Porunga","|-sidestart|p1: Apex Salamence|move: Stealth Rock","|","|-weather|Sandstorm|[upkeep]","|-damage|p1a: Porunga|243/323 tox|[from] sandstorm","|-heal|p2a: Hippowdon|65/420|[from] item: Leftovers","|-damage|p1a: Porunga|203/323 tox|[from] psn","|turn|10","|","|move|p1a: Porunga|Dragon Claw|p2a: Hippowdon","|-damage|p2a: Hippowdon|0 fnt","|faint|p2a: Hippowdon","|","|-weather|Sandstorm|[upkeep]","|-damage|p1a: Porunga|183/323 tox|[from] sandstorm","|-damage|p1a: Porunga|123/323 tox|[from] psn","|","|switch|p2a: Excadrill|Excadrill, M, shiny|423/423","|-item|p2a: Excadrill|Air Balloon","|turn|11","|","|move|p1a: Porunga|Extreme Speed|p2a: Excadrill","|-resisted|p2a: Excadrill","|-damage|p2a: Excadrill|295/423","|-enditem|p2a: Excadrill|Air Balloon","|move|p2a: Excadrill|Rock Slide|p1a: Porunga","|-supereffective|p1a: Porunga","|-damage|p1a: Porunga|0 fnt","|faint|p1a: Porunga","|","|-weather|none","|","|switch|p1a: Gaea|Landorus, M, shiny|319/319","|-damage|p1a: Gaea|280/319|[from] Stealth Rock","|turn|12","|","|move|p1a: Gaea|Earth Power|p2a: Excadrill","|-supereffective|p2a: Excadrill","|-damage|p2a: Excadrill|0 fnt","|faint|p2a: Excadrill","|","|","|switch|p2a: Mamoswine|Mamoswine, F|304/361","|turn|13","|","|move|p2a: Mamoswine|Ice Shard|p1a: Gaea","|-supereffective|p1a: Gaea","|-damage|p1a: Gaea|0 fnt","|faint|p1a: Gaea","|","|","|switch|p1a: BoneZ|Mandibuzz, F, shiny|423/423","|-damage|p1a: BoneZ|318/423|[from] Stealth Rock","|turn|14","|","|move|p2a: Mamoswine|Icicle Crash|p1a: BoneZ","|-supereffective|p1a: BoneZ","|-damage|p1a: BoneZ|94/423","|cant|p1a: BoneZ|flinch","|","|-heal|p1a: BoneZ|120/423|[from] item: Leftovers","|turn|15","|","|move|p2a: Mamoswine|Ice Shard|p1a: BoneZ","|-supereffective|p1a: BoneZ","|-damage|p1a: BoneZ|6/423","|move|p1a: BoneZ|Defog|p2a: Mamoswine","|-unboost|p2a: Mamoswine|evasion|1","|-sideend|p1: Apex Salamence|Stealth Rock|[from] move: Defog|[of] p1a: BoneZ","|","|-heal|p1a: BoneZ|32/423|[from] item: Leftovers","|turn|16","|","|move|p2a: Mamoswine|Ice Shard|p1a: BoneZ","|-supereffective|p1a: BoneZ","|-damage|p1a: BoneZ|0 fnt","|faint|p1a: BoneZ","|","|","|switch|p1a: BIRD JESUS|Pidgeot, M, shiny|307/307","|turn|17","|","|detailschange|p1a: BIRD JESUS|Pidgeot-Mega, M, shiny","|-mega|p1a: BIRD JESUS|Pidgeot|Pidgeotite","|move|p1a: BIRD JESUS|Protect|p1a: BIRD JESUS","|-singleturn|p1a: BIRD JESUS|Protect","|move|p2a: Mamoswine|Ice Shard|p1a: BIRD JESUS","|-activate|p1a: BIRD JESUS|Protect","|","|turn|18","|","|move|p1a: BIRD JESUS|Hidden Power|p2a: Mamoswine","|-damage|p2a: Mamoswine|222/361","|move|p2a: Mamoswine|Icicle Crash|p1a: BIRD JESUS","|-supereffective|p1a: BIRD JESUS","|-damage|p1a: BIRD JESUS|0 fnt","|faint|p1a: BIRD JESUS","|","|","|switch|p1a: Raptor|Staraptor, M, shiny|311/311","|turn|19","|","|move|p1a: Raptor|Close Combat|p2a: Mamoswine","|-supereffective|p2a: Mamoswine","|-damage|p2a: Mamoswine|0 fnt","|-unboost|p1a: Raptor|def|1","|-unboost|p1a: Raptor|spd|1","|faint|p2a: Mamoswine","|","|","|switch|p2a: Gliscor|Gliscor, M, shiny|160/352 tox","|turn|20","|","|move|p1a: Raptor|Close Combat|p2a: Gliscor","|-resisted|p2a: Gliscor","|-damage|p2a: Gliscor|106/352 tox","|-unboost|p1a: Raptor|def|1","|-unboost|p1a: Raptor|spd|1","|move|p2a: Gliscor|Knock Off|p1a: Raptor","|-damage|p1a: Raptor|111/311","|-enditem|p1a: Raptor|Choice Scarf|[from] move: Knock Off|[of] p2a: Gliscor","|","|-heal|p2a: Gliscor|150/352 tox|[from] ability: Poison Heal","|turn|21","|","|move|p1a: Raptor|Double-Edge|p2a: Gliscor","|-damage|p2a: Gliscor|0 fnt","|-damage|p1a: Raptor|61/311|[from] recoil|[of] p2a: Gliscor","|faint|p2a: Gliscor","|","|","|switch|p2a: Garchomp|Garchomp, F, shiny|357/357","|turn|22","|","|detailschange|p2a: Garchomp|Garchomp-Mega, F, shiny","|-mega|p2a: Garchomp|Garchomp|Garchompite","|move|p2a: Garchomp|Draco Meteor|p1a: Raptor","|-damage|p1a: Raptor|0 fnt","|-unboost|p2a: Garchomp|spa|2","|faint|p1a: Raptor","|","|win|Rain ☆ S.Herbs"],"p1rating":{"entryid":"1755","serverid":"eos","formatid":"monotype","userid":"apexsalamence","username":"Apex Salamence","w":"3","l":4,"t":"0","gxe":46.9,"r":"1466.9108216389","rd":"111.51861011339","sigma":"0","rptime":"1439888400","rpr":1475.5237117003,"rprd":95.999770935124,"rpsigma":"0","acre":1053.6302079892,"lacre":1053.6302079892,"oldacre":"1073.8410220901"},"p2rating":{"entryid":"61538","serverid":"eos","formatid":"monotype","userid":"rainsherbs","username":"Rain ☆ S.Herbs","w":4,"l":"1","t":"0","gxe":59.9,"r":"1500","rd":"130","sigma":"0","rptime":"1439888400","rpr":1578.9186851803,"rprd":102.69501162823,"rpsigma":"0","acre":1113.7972252281,"lacre":1113.7972252281,"oldacre":"1088.1139656134"},"endType":"normal"}