{"seed":[15628,43519,13220,15498],"turns":34,"p1":"Inferno Sableye","p2":"Emg GL Svu","p1team":[{"name":"Not op","species":"sableye","item":"sablenite","ability":"Prankster","moves":["shadowball","recover","calmmind","willowisp"],"nature":"Bold","evs":{"hp":248,"atk":0,"def":252,"spa":0,"spd":8,"spe":0},"ivs":{"hp":31,"atk":0,"def":31,"spa":31,"spd":31,"spe":31}},{"name":"Rawwrrrr","species":"tyranitar","item":"leftovers","ability":"Sand Stream","moves":["stealthrock","thunderwave","rockslide","earthquake"],"nature":"Impish","evs":{"hp":252,"atk":0,"def":80,"spa":0,"spd":176,"spe":0},"ivs":{"hp":31,"atk":31,"def":31,"spa":31,"spd":31,"spe":31}},{"name":"Bish Plz","species":"bisharp","item":"lumberry","ability":"Defiant","moves":["knockoff","suckerpunch","ironhead","swordsdance"],"nature":"Adamant","evs":{"hp":0,"atk":252,"def":4,"spa":0,"spd":0,"spe":252},"gender":"M","shiny":true,"ivs":{"hp":31,"atk":31,"def":31,"spa":31,"spd":31,"spe":31}},{"name":"Oit of this world","species":"hoopaunbound","item":"choicescarf","ability":"Magician","moves":["gunkshot","hyperspacehole","hyperspacefury","drainpunch"],"nature":"Hasty","evs":{"hp":0,"atk":252,"def":0,"spa":4,"spd":0,"spe":252},"ivs":{"hp":31,"atk":31,"def":31,"spa":31,"spd":31,"spe":31}},{"name":"No pressure","species":"weavile","item":"lifeorb","ability":"Pressure","moves":["iciclecrash","iceshard","knockoff","lowkick"],"nature":"Jolly","evs":{"hp":0,"atk":252,"def":0,"spa":0,"spd":4,"spe":252},"ivs":{"hp":31,"atk":31,"def":31,"spa":31,"spd":31,"spe":31}},{"name":"Buzz off bitch","species":"mandibuzz","item":"rockyhelmet","ability":"Overcoat","moves":["roost","defog","whirlwind","foulplay"],"nature":"Bold","evs":{"hp":176,"atk":0,"def":252,"spa":0,"spd":80,"spe":0},"ivs":{"hp":31,"atk":31,"def":31,"spa":31,"spd":31,"spe":31}}],"p2team":[{"name":"Heatran","species":"Heatran","item":"choicespecs","ability":"Flash Fire","moves":["flamethrower","earthpower","darkpulse","eruption"],"nature":"Quiet","evs":{"hp":248,"atk":0,"def":0,"spa":252,"spd":8,"spe":0},"ivs":{"hp":31,"atk":31,"def":31,"spa":31,"spd":31,"spe":31}},{"name":"Scizor","species":"Scizor","item":"scizorite","ability":"Technician","moves":["vacuumwave","hiddenpowerice","flashcannon","bugbuzz"],"nature":"Modest","evs":{"hp":248,"atk":0,"def":0,"spa":252,"spd":8,"spe":0},"ivs":{"hp":31,"atk":30,"def":30,"spa":31,"spd":31,"spe":31}},{"name":"Metagross","species":"Metagross","item":"choicescarf","ability":"Clear Body","moves":["earthquake","meteormash","thunderpunch","zenheadbutt"],"nature":"Jolly","evs":{"hp":0,"atk":252,"def":0,"spa":0,"spd":4,"spe":252},"ivs":{"hp":31,"atk":31,"def":31,"spa":31,"spd":31,"spe":31}},{"name":"Magnezone","species":"Magnezone","item":"leftovers","ability":"Sturdy","moves":["thunderbolt","flashcannon","hiddenpowerground","voltswitch"],"nature":"Timid","evs":{"hp":4,"atk":0,"def":0,"spa":252,"spd":0,"spe":252},"ivs":{"hp":31,"atk":31,"def":31,"spa":30,"spd":30,"spe":31}},{"name":"Skarmory","species":"Skarmory","item":"leftovers","ability":"Sturdy","moves":["stealthrock","spikes","bravebird","whirlwind"],"nature":"Impish","evs":{"hp":252,"atk":0,"def":232,"spa":0,"spd":0,"spe":24},"ivs":{"hp":31,"atk":31,"def":31,"spa":31,"spd":31,"spe":31}},{"name":"Ferrothorn","species":"Ferrothorn","item":"leftovers","ability":"Iron Barbs","moves":["stealthrock","spikes","leechseed","knockoff"],"nature":"Impish","evs":{"hp":4,"atk":0,"def":0,"spa":0,"spd":0,"spe":0},"ivs":{"hp":31,"atk":31,"def":31,"spa":31,"spd":31,"spe":31}}],"log":["|player|p1|Inferno Sableye|infernosableye.png","|player|p2|Emg GL Svu|67","|gametype|singles","|gen|6","|tier|Monotype","|rated","|rule|Baton Pass Clause: Limit one Baton Passer, can't pass Spe and other stats simultaneously","|rule|Swagger Clause: Swagger is banned","|rule|Same Type Clause: Pokémon in a team must share a type","|clearpoke","|poke|p1|Sableye, M","|poke|p1|Tyranitar, F","|poke|p1|Bisharp, M, shiny","|poke|p1|Hoopa-Unbound","|poke|p1|Weavile, M","|poke|p1|Mandibuzz, F","|poke|p2|Heatran, F","|poke|p2|Scizor, F","|poke|p2|Metagross","|poke|p2|Magnezone","|poke|p2|Skarmory, F","|poke|p2|Ferrothorn, F","|rule|Sleep Clause Mod: Limit one foe put to sleep","|rule|Species Clause: Limit one of each Pokémon","|rule|OHKO Clause: OHKO moves are banned","|rule|Moody Clause: Moody is banned","|rule|Evasion Moves Clause: Evasion moves are banned","|rule|Endless Battle Clause: Forcing endless battles is banned","|rule|HP Percentage Mod: HP is shown in percentages","|teampreview","|","|start","|switch|p1a: Not op|Sableye, M|303/303","|switch|p2a: Scizor|Scizor, F|343/343","|turn|1","|","|detailschange|p2a: Scizor|Scizor-Mega, F","|-mega|p2a: Scizor|Scizor|Scizorite","|move|p1a: Not op|Will-O-Wisp|p2a: Scizor","|-status|p2a: Scizor|brn","|move|p2a: Scizor|Bug Buzz|p1a: Not op","|-damage|p1a: Not op|150/303","|","|-damage|p2a: Scizor|301/343 brn|[from] brn","|turn|2","|","|move|p1a: Not op|Recover|p1a: Not op","|-heal|p1a: Not op|302/303","|move|p2a: Scizor|Bug Buzz|p1a: Not op","|-damage|p1a: Not op|151/303","|","|-damage|p2a: Scizor|259/343 brn|[from] brn","|turn|3","|","|move|p1a: Not op|Recover|p1a: Not op","|-heal|p1a: Not op|303/303","|move|p2a: Scizor|Bug Buzz|p1a: Not op","|-damage|p1a: Not op|155/303","|","|-damage|p2a: Scizor|217/343 brn|[from] brn","|turn|4","|","|move|p1a: Not op|Recover|p1a: Not op","|-heal|p1a: Not op|303/303","|move|p2a: Scizor|Bug Buzz|p1a: Not op","|-damage|p1a: Not op|141/303","|-unboost|p1a: Not op|spd|1","|","|-damage|p2a: Scizor|175/343 brn|[from] brn","|turn|5","|","|switch|p1a: Buzz off bitch|Mandibuzz, F|405/405","|move|p2a: Scizor|Bug Buzz|p1a: Buzz off bitch","|-damage|p1a: Buzz off bitch|291/405","|","|-damage|p2a: Scizor|133/343 brn|[from] brn","|turn|6","|","|move|p1a: Buzz off bitch|Roost|p1a: Buzz off bitch","|-heal|p1a: Buzz off bitch|405/405","|move|p2a: Scizor|Hidden Power|p1a: Buzz off bitch","|-damage|p1a: Buzz off bitch|329/405","|","|-damage|p2a: Scizor|91/343 brn|[from] brn","|turn|7","|","|move|p1a: Buzz off bitch|Roost|p1a: Buzz off bitch","|-heal|p1a: Buzz off bitch|405/405","|move|p2a: Scizor|Bug Buzz|p1a: Buzz off bitch","|-supereffective|p1a: Buzz off bitch","|-damage|p1a: Buzz off bitch|189/405","|","|-damage|p2a: Scizor|49/343 brn|[from] brn","|turn|8","|","|switch|p2a: Metagross|Metagross|301/301","|move|p1a: Buzz off bitch|Foul Play|p2a: Metagross","|-supereffective|p2a: Metagross","|-damage|p2a: Metagross|13/301","|","|turn|9","|","|move|p2a: Metagross|Meteor Mash|p1a: Buzz off bitch","|-damage|p1a: Buzz off bitch|72/405","|-damage|p2a: Metagross|0 fnt|[from] item: Rocky Helmet|[of] p1a: Buzz off bitch","|faint|p2a: Metagross","|move|p1a: Buzz off bitch|Roost|p1a: Buzz off bitch","|-heal|p1a: Buzz off bitch|275/405","|","|","|switch|p2a: Heatran|Heatran, F|385/385","|turn|10","|","|move|p1a: Buzz off bitch|Roost|p1a: Buzz off bitch","|-heal|p1a: Buzz off bitch|405/405","|move|p2a: Heatran|Eruption|p1a: Buzz off bitch","|-damage|p1a: Buzz off bitch|0 fnt","|faint|p1a: Buzz off bitch","|","|","|switch|p1a: Oit of this world|Hoopa-Unbound|301/301","|turn|11","|","|move|p1a: Oit of this world|Drain Punch|p2a: Heatran","|-supereffective|p2a: Heatran","|-damage|p2a: Heatran|195/385","|move|p2a: Heatran|Eruption|p1a: Oit of this world","|-damage|p1a: Oit of this world|132/301","|","|turn|12","|","|switch|p2a: Ferrothorn|Ferrothorn, F|290/290","|move|p1a: Oit of this world|Drain Punch|p2a: Ferrothorn","|-supereffective|p2a: Ferrothorn","|-damage|p2a: Ferrothorn|142/290","|-heal|p1a: Oit of this world|206/301|[from] drain|[of] p2a: Ferrothorn","|-damage|p1a: Oit of this world|169/301|[from] ability: Iron Barbs|[of] p2a: Ferrothorn","|","|-heal|p2a: Ferrothorn|160/290|[from] item: Leftovers","|turn|13","|","|move|p1a: Oit of this world|Drain Punch|p2a: Ferrothorn","|-supereffective|p2a: Ferrothorn","|-damage|p2a: Ferrothorn|20/290","|-heal|p1a: Oit of this world|239/301|[from] drain|[of] p2a: Ferrothorn","|-damage|p1a: Oit of this world|202/301|[from] ability: Iron Barbs|[of] p2a: Ferrothorn","|move|p2a: Ferrothorn|Knock Off|p1a: Oit of this world","|-damage|p1a: Oit of this world|70/301","|-enditem|p1a: Oit of this world|Choice Scarf|[from] move: Knock Off|[of] p2a: Ferrothorn","|","|-heal|p2a: Ferrothorn|38/290|[from] item: Leftovers","|turn|14","|","|move|p1a: Oit of this world|Drain Punch|p2a: Ferrothorn","|-supereffective|p2a: Ferrothorn","|-damage|p2a: Ferrothorn|0 fnt","|-heal|p1a: Oit of this world|89/301|[from] drain|[of] p2a: Ferrothorn","|-damage|p1a: Oit of this world|52/301|[from] ability: Iron Barbs|[of] p2a: Ferrothorn","|-item|p1a: Oit of this world|Leftovers|[from] ability: Magician|[of] p2a: Ferrothorn","|faint|p2a: Ferrothorn","|","|-heal|p1a: Oit of this world|70/301|[from] item: Leftovers","|","|switch|p2a: Skarmory|Skarmory, F|334/334","|turn|15","|","|switch|p1a: Not op|Sableye, M|141/303","|move|p2a: Skarmory|Brave Bird|p1a: Not op","|-damage|p1a: Not op|36/303","|-damage|p2a: Skarmory|299/334|[from] recoil|[of] p1a: Not op","|","|-heal|p2a: Skarmory|319/334|[from] item: Leftovers","|turn|16","|","|move|p1a: Not op|Recover|p1a: Not op","|-heal|p1a: Not op|188/303","|move|p2a: Skarmory|Whirlwind|p1a: Not op","|drag|p1a: Bish Plz|Bisharp, M, shiny|271/271","|","|-heal|p2a: Skarmory|334/334|[from] item: Leftovers","|turn|17","|","|move|p1a: Bish Plz|Knock Off|p2a: Skarmory","|-crit|p2a: Skarmory","|-damage|p2a: Skarmory|171/334","|-enditem|p2a: Skarmory|Leftovers|[from] move: Knock Off|[of] p1a: Bish Plz","|move|p2a: Skarmory|Brave Bird|p1a: Bish Plz","|-resisted|p1a: Bish Plz","|-damage|p1a: Bish Plz|217/271","|-damage|p2a: Skarmory|153/334|[from] recoil|[of] p1a: Bish Plz","|","|turn|18","|","|move|p1a: Bish Plz|Swords Dance|p1a: Bish Plz","|-boost|p1a: Bish Plz|atk|2","|move|p2a: Skarmory|Brave Bird|p1a: Bish Plz","|-resisted|p1a: Bish Plz","|-damage|p1a: Bish Plz|163/271","|-damage|p2a: Skarmory|135/334|[from] recoil|[of] p1a: Bish Plz","|","|turn|19","|","|move|p1a: Bish Plz|Knock Off|p2a: Skarmory","|-damage|p2a: Skarmory|0 fnt","|faint|p2a: Skarmory","|","|","|switch|p2a: Scizor|Scizor-Mega, F|49/343 brn","|turn|20","|","|move|p2a: Scizor|Vacuum Wave|p1a: Bish Plz","|-supereffective|p1a: Bish Plz","|-damage|p1a: Bish Plz|0 fnt","|faint|p1a: Bish Plz","|","|-damage|p2a: Scizor|7/343 brn|[from] brn","|","|switch|p1a: Not op|Sableye, M|188/303","|turn|21","|","|switch|p2a: Magnezone|Magnezone|282/282","|move|p1a: Not op|Recover|p1a: Not op","|-heal|p1a: Not op|303/303","|","|turn|22","|","|move|p1a: Not op|Calm Mind|p1a: Not op","|-boost|p1a: Not op|spa|1","|-boost|p1a: Not op|spd|1","|move|p2a: Magnezone|Thunderbolt|p1a: Not op","|-damage|p1a: Not op|143/303","|","|turn|23","|","|detailschange|p1a: Not op|Sableye-Mega, M","|-mega|p1a: Not op|Sableye|Sablenite","|move|p1a: Not op|Recover|p1a: Not op","|-heal|p1a: Not op|295/303","|move|p2a: Magnezone|Thunderbolt|p1a: Not op","|-damage|p1a: Not op|202/303","|","|turn|24","|","|move|p2a: Magnezone|Thunderbolt|p1a: Not op","|-damage|p1a: Not op|108/303","|move|p1a: Not op|Recover|p1a: Not op","|-heal|p1a: Not op|260/303","|","|turn|25","|","|move|p2a: Magnezone|Thunderbolt|p1a: Not op","|-damage|p1a: Not op|160/303","|move|p1a: Not op|Calm Mind|p1a: Not op","|-boost|p1a: Not op|spa|1","|-boost|p1a: Not op|spd|1","|","|turn|26","|","|move|p2a: Magnezone|Thunderbolt|p1a: Not op","|-damage|p1a: Not op|84/303","|move|p1a: Not op|Recover|p1a: Not op","|-heal|p1a: Not op|236/303","|","|turn|27","|","|move|p2a: Magnezone|Thunderbolt|p1a: Not op","|-damage|p1a: Not op|166/303","|move|p1a: Not op|Calm Mind|p1a: Not op","|-boost|p1a: Not op|spa|1","|-boost|p1a: Not op|spd|1","|","|turn|28","|","|move|p2a: Magnezone|Thunderbolt|p1a: Not op","|-damage|p1a: Not op|112/303","|move|p1a: Not op|Recover|p1a: Not op","|-heal|p1a: Not op|264/303","|","|turn|29","|","|move|p2a: Magnezone|Thunderbolt|p1a: Not op","|-damage|p1a: Not op|209/303","|-status|p1a: Not op|par","|move|p1a: Not op|Shadow Ball|p2a: Magnezone","|-damage|p2a: Magnezone|65/282","|","|-heal|p2a: Magnezone|82/282|[from] item: Leftovers","|turn|30","|","|move|p2a: Magnezone|Thunderbolt|p1a: Not op","|-damage|p1a: Not op|151/303 par","|cant|p1a: Not op|par","|","|-heal|p2a: Magnezone|99/282|[from] item: Leftovers","|turn|31","|","|move|p2a: Magnezone|Thunderbolt|p1a: Not op","|-crit|p1a: Not op","|-damage|p1a: Not op|0 fnt","|faint|p1a: Not op","|","|-heal|p2a: Magnezone|116/282|[from] item: Leftovers","|","|switch|p1a: No pressure|Weavile, M|281/281","|-ability|p1a: No pressure|Pressure","|turn|32","|","|move|p1a: No pressure|Low Kick|p2a: Magnezone","|-supereffective|p2a: Magnezone","|-damage|p2a: Magnezone|0 fnt","|-damage|p1a: No pressure|253/281|[from] item: Life Orb","|faint|p2a: Magnezone","|","|","|switch|p2a: Scizor|Scizor-Mega, F|7/343 brn","|turn|33","|","|move|p1a: No pressure|Ice Shard|p2a: Scizor","|-resisted|p2a: Scizor","|-damage|p2a: Scizor|0 fnt","|-damage|p1a: No pressure|225/281|[from] item: Life Orb","|faint|p2a: Scizor","|","|","|switch|p2a: Heatran|Heatran, F|195/385","|turn|34","|","|move|p1a: No pressure|Low Kick|p2a: Heatran","|-supereffective|p2a: Heatran","|-damage|p2a: Heatran|0 fnt","|-damage|p1a: No pressure|197/281|[from] item: Life Orb","|faint|p2a: Heatran","|","|win|Inferno Sableye"],"p1rating":{"entryid":"83803","serverid":"eos","formatid":"monotype","userid":"infernosableye","username":"Inferno Sableye","w":1,"l":"1","t":"0","gxe":50.5,"r":"1459.8393856612","rd":"122.8583080769","sigma":"0","rptime":"1439974800","rpr":1504.2935928351,"rprd":116.94653567989,"rpsigma":"0","acre":1042.5485014602,"lacre":1042.5485014602,"oldacre":"1000"},"p2rating":{"entryid":"95908","serverid":"eos","formatid":"monotype","userid":"emgglsvu","username":"Emg GL Svu","w":"1","l":2,"t":"0","gxe":45.3,"r":"1540.1606143388","rd":"122.8583080769","sigma":"0","rptime":"1439974800","rpr":1462.8449481147,"rprd":111.72164830378,"rpsigma":"0","acre":1007.9921601191,"lacre":1007.9921601191,"oldacre":"1022.1660277196"},"endType":"normal"}