{"seed":[86,64485,62684,4503],"turns":25,"p1":"GTX♅Bzumzum","p2":"Void KGBeast","p1team":[{"name":"Elec","species":"manectric","item":"manectite","ability":"Lightning Rod","moves":["thunderbolt","hiddenpowerice","flamethrower","voltswitch"],"nature":"Timid","evs":{"hp":0,"atk":0,"def":0,"spa":252,"spd":4,"spe":252},"gender":"M","ivs":{"hp":31,"atk":30,"def":30,"spa":31,"spd":31,"spe":31}},{"name":"Breezer","species":"rotomfrost","item":"leftovers","ability":"Levitate","moves":["blizzard","painsplit","protect","willowisp"],"nature":"Bold","evs":{"hp":252,"atk":0,"def":28,"spa":228,"spd":0,"spe":0},"ivs":{"hp":31,"atk":31,"def":30,"spa":30,"spd":30,"spe":30},"shiny":true},{"name":"MY ZONE!!!","species":"magnezone","item":"choicespecs","ability":"Sturdy","moves":["hiddenpowerice","flashcannon","triattack","voltswitch"],"nature":"Timid","evs":{"hp":248,"atk":0,"def":0,"spa":252,"spd":0,"spe":8},"ivs":{"hp":31,"atk":30,"def":30,"spa":31,"spd":31,"spe":31},"shiny":true},{"name":"Thundurus","species":"Thundurus","item":"lifeorb","ability":"Prankster","moves":["grassknot","psychic","embargo","raindance"],"nature":"Timid","evs":{"hp":0,"atk":0,"def":4,"spa":252,"spd":0,"spe":252},"ivs":{"hp":31,"atk":30,"def":30,"spa":31,"spd":31,"spe":31},"shiny":true},{"name":"Zapz","species":"zapdos","item":"leftovers","ability":"Pressure","moves":["heatwave","roost","extrasensory","defog"],"nature":"Modest","evs":{"hp":252,"atk":0,"def":0,"spa":252,"spd":4,"spe":0},"shiny":true,"ivs":{"hp":31,"atk":31,"def":31,"spa":31,"spd":31,"spe":31}},{"name":"Plugg-in Failure","species":"electivire","item":"choicescarf","ability":"Vital Spirit","moves":["thunderpunch","earthquake","icepunch","rockslide"],"nature":"Jolly","evs":{"hp":0,"atk":252,"def":0,"spa":0,"spd":4,"spe":252},"gender":"M","shiny":true,"ivs":{"hp":31,"atk":31,"def":31,"spa":31,"spd":31,"spe":31}}],"p2team":[{"name":"Hippowdon","species":"Hippowdon","item":"rockyhelmet","ability":"Sand Stream","moves":["stealthrock","earthquake","yawn","slackoff"],"nature":"Impish","evs":{"hp":252,"atk":4,"def":252,"spa":0,"spd":0,"spe":0},"ivs":{"hp":31,"atk":31,"def":31,"spa":31,"spd":31,"spe":31}},{"name":"Landorus","species":"Landorus","item":"lifeorb","ability":"Sheer Force","moves":["earthpower","sludgewave","substitute","gravity"],"nature":"Modest","evs":{"hp":0,"atk":0,"def":0,"spa":252,"spd":4,"spe":252},"ivs":{"hp":31,"atk":0,"def":31,"spa":31,"spd":31,"spe":31}},{"name":"Steelix","species":"Steelix","item":"steelixite","ability":"Sturdy","moves":["heavyslam","earthquake","stoneedge","icefang"],"nature":"Adamant","evs":{"hp":248,"atk":252,"def":0,"spa":0,"spd":0,"spe":8},"ivs":{"hp":31,"atk":31,"def":31,"spa":31,"spd":31,"spe":31}},{"name":"Camerupt","species":"Camerupt","item":"cameruptite","ability":"Solid Rock","moves":["willowisp","flamethrower","earthpower","ancientpower"],"nature":"Modest","evs":{"hp":168,"atk":0,"def":0,"spa":252,"spd":0,"spe":88},"ivs":{"hp":31,"atk":0,"def":31,"spa":31,"spd":31,"spe":31}},{"name":"Excadrill","species":"Excadrill","item":"choiceband","ability":"Sand Rush","moves":["ironhead","earthquake","rockslide","rapidspin"],"nature":"Adamant","evs":{"hp":4,"atk":252,"def":0,"spa":0,"spd":0,"spe":252},"ivs":{"hp":31,"atk":31,"def":31,"spa":31,"spd":31,"spe":31}},{"name":"Gastrodon","species":"Gastrodon","item":"leftovers","ability":"Storm Drain","moves":["scald","earthquake","toxic","recover"],"nature":"Sassy","evs":{"hp":252,"atk":4,"def":0,"spa":0,"spd":252,"spe":0},"ivs":{"hp":31,"atk":31,"def":31,"spa":31,"spd":31,"spe":31}}],"log":["|player|p1|GTX♅Bzumzum|225","|player|p2|Void KGBeast|kgbeast.png","|gametype|singles","|gen|6","|tier|Monotype","|rated","|rule|Baton Pass Clause: Limit one Baton Passer, can't pass Spe and other stats simultaneously","|rule|Swagger Clause: Swagger is banned","|rule|Same Type Clause: Pokémon in a team must share a type","|clearpoke","|poke|p1|Manectric, M","|poke|p1|Rotom-Frost, shiny","|poke|p1|Magnezone, shiny","|poke|p1|Thundurus, M, shiny","|poke|p1|Zapdos, shiny","|poke|p1|Electivire, M, shiny","|poke|p2|Hippowdon, F","|poke|p2|Landorus, M","|poke|p2|Steelix, M","|poke|p2|Camerupt, F","|poke|p2|Excadrill, F","|poke|p2|Gastrodon, M","|rule|Sleep Clause Mod: Limit one foe put to sleep","|rule|Species Clause: Limit one of each Pokémon","|rule|OHKO Clause: OHKO moves are banned","|rule|Moody Clause: Moody is banned","|rule|Evasion Moves Clause: Evasion moves are banned","|rule|Endless Battle Clause: Forcing endless battles is banned","|rule|HP Percentage Mod: HP is shown in percentages","|teampreview","|","|start","|switch|p1a: Thundurus|Thundurus, M, shiny|299/299","|switch|p2a: Camerupt|Camerupt, F|323/323","|turn|1","|","|detailschange|p2a: Camerupt|Camerupt-Mega, F","|-mega|p2a: Camerupt|Camerupt|Cameruptite","|move|p1a: Thundurus|Rain Dance|p1a: Thundurus","|-weather|RainDance","|move|p2a: Camerupt|Flamethrower|p1a: Thundurus","|-damage|p1a: Thundurus|139/299","|","|-weather|RainDance|[upkeep]","|turn|2","|","|switch|p2a: Gastrodon|Gastrodon, M|426/426","|move|p1a: Thundurus|Grass Knot|p2a: Gastrodon","|-supereffective|p2a: Gastrodon","|-damage|p2a: Gastrodon|109/426","|-damage|p1a: Thundurus|110/299|[from] item: Life Orb","|","|-weather|RainDance|[upkeep]","|-heal|p2a: Gastrodon|135/426|[from] item: Leftovers","|turn|3","|","|switch|p2a: Steelix|Steelix, M|353/353","|move|p1a: Thundurus|Grass Knot|p2a: Steelix","|-damage|p2a: Steelix|88/353","|-damage|p1a: Thundurus|81/299|[from] item: Life Orb","|","|-weather|RainDance|[upkeep]","|turn|4","|","|switch|p2a: Hippowdon|Hippowdon, F|420/420","|-weather|Sandstorm","|move|p1a: Thundurus|Grass Knot|p2a: Hippowdon","|-supereffective|p2a: Hippowdon","|-damage|p2a: Hippowdon|0 fnt","|-damage|p1a: Thundurus|32/299|[from] item: Rocky Helmet|[of] p2a: Hippowdon","|-damage|p1a: Thundurus|3/299|[from] item: Life Orb","|faint|p2a: Hippowdon","|","|-weather|Sandstorm|[upkeep]","|-damage|p1a: Thundurus|0 fnt|[from] sandstorm","|faint|p1a: Thundurus","|","|switch|p2a: Excadrill|Excadrill, F|362/362","|switch|p1a: Breezer|Rotom-Frost, shiny|304/304","|turn|5","|","|move|p1a: Breezer|Protect|p1a: Breezer","|-singleturn|p1a: Breezer|Protect","|move|p2a: Excadrill|Rock Slide|p1a: Breezer","|-activate|p1a: Breezer|Protect","|","|-weather|Sandstorm|[upkeep]","|-damage|p1a: Breezer|285/304|[from] sandstorm","|-heal|p1a: Breezer|304/304|[from] item: Leftovers","|turn|6","|","|switch|p2a: Steelix|Steelix, M|88/353","|move|p1a: Breezer|Pain Split|p2a: Steelix","|-sethp|p2a: Steelix|196/353|p1a: Breezer|196/304|[from] move: Pain Split","|","|-weather|Sandstorm|[upkeep]","|-damage|p1a: Breezer|177/304|[from] sandstorm","|-heal|p1a: Breezer|196/304|[from] item: Leftovers","|turn|7","|","|move|p1a: Breezer|Protect|p1a: Breezer","|-singleturn|p1a: Breezer|Protect","|move|p2a: Steelix|Stone Edge|p1a: Breezer","|-activate|p1a: Breezer|Protect","|","|-weather|Sandstorm|[upkeep]","|-damage|p1a: Breezer|177/304|[from] sandstorm","|-heal|p1a: Breezer|196/304|[from] item: Leftovers","|turn|8","|","|move|p1a: Breezer|Will-O-Wisp|p2a: Steelix","|-status|p2a: Steelix|brn","|move|p2a: Steelix|Stone Edge|p1a: Breezer","|-supereffective|p1a: Breezer","|-damage|p1a: Breezer|108/304","|","|-weather|none","|-heal|p1a: Breezer|127/304|[from] item: Leftovers","|-damage|p2a: Steelix|152/353 brn|[from] brn","|turn|9","|","|move|p1a: Breezer|Protect|p1a: Breezer","|-singleturn|p1a: Breezer|Protect","|move|p2a: Steelix|Stone Edge|p1a: Breezer","|-activate|p1a: Breezer|Protect","|","|-heal|p1a: Breezer|146/304|[from] item: Leftovers","|-damage|p2a: Steelix|108/353 brn|[from] brn","|turn|10","|","|move|p1a: Breezer|Blizzard|p2a: Steelix","|-damage|p2a: Steelix|0 fnt","|faint|p2a: Steelix","|","|-heal|p1a: Breezer|165/304|[from] item: Leftovers","|","|switch|p2a: Excadrill|Excadrill, F|362/362","|turn|11","|","|move|p2a: Excadrill|Rock Slide|p1a: Breezer","|-supereffective|p1a: Breezer","|-damage|p1a: Breezer|0 fnt","|faint|p1a: Breezer","|","|","|switch|p1a: Elec|Manectric, M|281/281","|turn|12","|","|switch|p2a: Camerupt|Camerupt-Mega, F|323/323","|detailschange|p1a: Elec|Manectric-Mega, M","|-mega|p1a: Elec|Manectric|Manectite","|-ability|p1a: Elec|Intimidate","|-unboost|p2a: Camerupt|atk|1","|move|p1a: Elec|Flamethrower|p2a: Camerupt","|-resisted|p2a: Camerupt","|-damage|p2a: Camerupt|268/323","|","|turn|13","|","|switch|p1a: Zapz|Zapdos, shiny|384/384","|-ability|p1a: Zapz|Pressure","|move|p2a: Camerupt|Flamethrower|p1a: Zapz","|-damage|p1a: Zapz|131/384","|","|-heal|p1a: Zapz|155/384|[from] item: Leftovers","|turn|14","|","|move|p1a: Zapz|Roost|p1a: Zapz","|-heal|p1a: Zapz|347/384","|move|p2a: Camerupt|Flamethrower|p1a: Zapz","|-damage|p1a: Zapz|79/384","|","|-heal|p1a: Zapz|103/384|[from] item: Leftovers","|turn|15","|","|move|p1a: Zapz|Roost|p1a: Zapz","|-heal|p1a: Zapz|295/384","|move|p2a: Camerupt|Flamethrower|p1a: Zapz","|-damage|p1a: Zapz|45/384","|","|-heal|p1a: Zapz|69/384|[from] item: Leftovers","|turn|16","|","|move|p1a: Zapz|Extrasensory|p2a: Camerupt","|-damage|p2a: Camerupt|177/323","|move|p2a: Camerupt|Flamethrower|p1a: Zapz","|-damage|p1a: Zapz|0 fnt","|faint|p1a: Zapz","|","|","|switch|p1a: MY ZONE!!!|Magnezone, shiny|343/343","|turn|17","|","|move|p1a: MY ZONE!!!|Flash Cannon|p2a: Camerupt","|-resisted|p2a: Camerupt","|-damage|p2a: Camerupt|73/323","|move|p2a: Camerupt|Flamethrower|p1a: MY ZONE!!!","|-supereffective|p1a: MY ZONE!!!","|-ability|p1a: MY ZONE!!!|Sturdy","|-damage|p1a: MY ZONE!!!|1/343","|","|turn|18","|","|move|p1a: MY ZONE!!!|Flash Cannon|p2a: Camerupt","|-resisted|p2a: Camerupt","|-damage|p2a: Camerupt|0 fnt","|faint|p2a: Camerupt","|","|","|switch|p2a: Gastrodon|Gastrodon, M|135/426","|turn|19","|","|move|p1a: MY ZONE!!!|Flash Cannon|p2a: Gastrodon","|-resisted|p2a: Gastrodon","|-damage|p2a: Gastrodon|40/426","|move|p2a: Gastrodon|Recover|p2a: Gastrodon","|-heal|p2a: Gastrodon|253/426","|","|-heal|p2a: Gastrodon|279/426|[from] item: Leftovers","|turn|20","|","|switch|p1a: Plugg-in Failure|Electivire, M, shiny|291/291","|move|p2a: Gastrodon|Earthquake|p1a: Plugg-in Failure","|-supereffective|p1a: Plugg-in Failure","|-damage|p1a: Plugg-in Failure|0 fnt","|faint|p1a: Plugg-in Failure","|","|-heal|p2a: Gastrodon|305/426|[from] item: Leftovers","|","|switch|p1a: MY ZONE!!!|Magnezone, shiny|1/343","|turn|21","|","|switch|p2a: Landorus|Landorus, M|319/319","|move|p1a: MY ZONE!!!|Flash Cannon|p2a: Landorus","|-damage|p2a: Landorus|51/319","|","|turn|22","|","|move|p2a: Landorus|Earth Power|p1a: MY ZONE!!!","|-supereffective|p1a: MY ZONE!!!","|-damage|p1a: MY ZONE!!!|0 fnt","|faint|p1a: MY ZONE!!!","|","|","|switch|p1a: Elec|Manectric-Mega, M|281/281","|-ability|p1a: Elec|Intimidate","|-unboost|p2a: Landorus|atk|1","|turn|23","|","|switch|p2a: Gastrodon|Gastrodon, M|305/426","|move|p1a: Elec|Flamethrower|p2a: Gastrodon","|-resisted|p2a: Gastrodon","|-damage|p2a: Gastrodon|261/426","|","|-heal|p2a: Gastrodon|287/426|[from] item: Leftovers","|turn|24","|","|move|p1a: Elec|Hidden Power|p2a: Gastrodon","|-damage|p2a: Gastrodon|223/426","|move|p2a: Gastrodon|Earthquake|p1a: Elec","|-supereffective|p1a: Elec","|-damage|p1a: Elec|57/281","|","|-heal|p2a: Gastrodon|249/426|[from] item: Leftovers","|turn|25","|","|move|p1a: Elec|Hidden Power|p2a: Gastrodon","|-damage|p2a: Gastrodon|188/426","|move|p2a: Gastrodon|Scald|p1a: Elec","|-damage|p1a: Elec|0 fnt","|faint|p1a: Elec","|","|win|Void KGBeast"],"p1rating":{"entryid":"1463","serverid":"eos","formatid":"monotype","userid":"gtxbzumzum","username":"GTX♅Bzumzum","w":"2","l":9,"t":"0","gxe":32,"r":"1351.2654851683","rd":"93.466926425158","sigma":"0","rptime":"1439974800","rpr":1353.8495558858,"rprd":86.80949181703,"rpsigma":"0","acre":1022.1660277196,"lacre":1022.1660277196,"oldacre":"1040"},"p2rating":{"entryid":"129714","serverid":"eos","formatid":"monotype","userid":"voidkgbeast","username":"Void KGBeast","w":1,"l":"1","t":"0","gxe":48.3,"r":"1500","rd":"130","sigma":"0","rptime":"1439974800","rpr":1486.6021928557,"rprd":117.27123385296,"rpsigma":"0","acre":1044.584930701,"lacre":1044.584930701,"oldacre":"1000"},"endType":"normal"}