{"seed":[9370,45998,24866,28155],"turns":17,"p1":"SWL Nocturne","p2":"SRITL- Skarlet","p1team":[{"name":"Scizor","species":"Scizor","item":"choiceband","ability":"Technician","moves":["uturn","bulletpunch","knockoff","superpower"],"nature":"Adamant","evs":{"hp":248,"atk":252,"def":0,"spa":0,"spd":8,"spe":0},"ivs":{"hp":31,"atk":31,"def":31,"spa":31,"spd":31,"spe":31}},{"name":"Durant","species":"Durant","item":"choiceband","ability":"Hustle","moves":["aerialace","xscissor","ironhead","frustration"],"nature":"Jolly","evs":{"hp":0,"atk":252,"def":0,"spa":0,"spd":4,"spe":252},"happiness":0,"ivs":{"hp":31,"atk":31,"def":31,"spa":31,"spd":31,"spe":31}},{"name":"Armaldo","species":"Armaldo","item":"assaultvest","ability":"Battle Armor","moves":["rapidspin","rockblast","earthquake","xscissor"],"nature":"Adamant","evs":{"hp":248,"atk":252,"def":0,"spa":0,"spd":8,"spe":0},"ivs":{"hp":31,"atk":31,"def":31,"spa":31,"spd":31,"spe":31}},{"name":"Volcarona","species":"Volcarona","item":"lumberry","ability":"Flame Body","moves":["quiverdance","fierydance","bugbuzz","roost"],"nature":"Bold","evs":{"hp":248,"atk":0,"def":208,"spa":0,"spd":0,"spe":52},"ivs":{"hp":31,"atk":31,"def":31,"spa":31,"spd":31,"spe":31}},{"name":"Heracross","species":"Heracross","item":"heracronite","ability":"Moxie","moves":["pinmissile","rockblast","bulletseed","closecombat"],"nature":"Jolly","evs":{"hp":0,"atk":252,"def":0,"spa":0,"spd":4,"spe":252},"ivs":{"hp":31,"atk":31,"def":31,"spa":31,"spd":31,"spe":31}},{"name":"Shuckle","species":"Shuckle","item":"mentalherb","ability":"Sturdy","moves":["stickyweb","stealthrock","knockoff","infestation"],"nature":"Sassy","evs":{"hp":248,"atk":8,"def":0,"spa":0,"spd":252,"spe":0},"ivs":{"hp":31,"atk":31,"def":31,"spa":31,"spd":31,"spe":31}}],"p2team":[{"name":"Swampert","species":"Swampert","item":"swampertite","ability":"Damp","moves":["waterfall","earthquake","icepunch","poweruppunch"],"nature":"Adamant","evs":{"hp":248,"atk":252,"def":0,"spa":0,"spd":8,"spe":0},"ivs":{"hp":31,"atk":31,"def":31,"spa":31,"spd":31,"spe":31}},{"name":"Manaphy","species":"Manaphy","item":"sitrusberry","ability":"Hydration","moves":["tailglow","scald","icebeam","energyball"],"nature":"Timid","evs":{"hp":0,"atk":0,"def":0,"spa":252,"spd":4,"spe":252},"shiny":true,"ivs":{"hp":31,"atk":31,"def":31,"spa":31,"spd":31,"spe":31}},{"name":"Azumarill","species":"Azumarill","item":"sitrusberry","ability":"Huge Power","moves":["aquajet","waterfall","playrough","bellydrum"],"nature":"Adamant","evs":{"hp":252,"atk":252,"def":0,"spa":0,"spd":4,"spe":0},"shiny":true,"ivs":{"hp":31,"atk":31,"def":31,"spa":31,"spd":31,"spe":31}},{"name":"Cloyster","species":"Cloyster","item":"focussash","ability":"Skill Link","moves":["iciclespear","rockblast","shellsmash","iceshard"],"nature":"Adamant","evs":{"hp":0,"atk":252,"def":0,"spa":0,"spd":4,"spe":252},"shiny":true,"ivs":{"hp":31,"atk":31,"def":31,"spa":31,"spd":31,"spe":31}},{"name":"Starmie","species":"Starmie","item":"sitrusberry","ability":"Natural Cure","moves":["dazzlinggleam","rapidspin","psychic","reflecttype"],"nature":"Timid","evs":{"hp":0,"atk":0,"def":0,"spa":252,"spd":4,"spe":252},"shiny":true,"ivs":{"hp":31,"atk":31,"def":31,"spa":31,"spd":31,"spe":31}},{"name":"Kingdra","species":"Kingdra","item":"scopelens","ability":"Sniper","moves":["icebeam","surf","focusenergy","dragonpulse"],"nature":"Modest","evs":{"hp":252,"atk":0,"def":0,"spa":252,"spd":4,"spe":0},"shiny":true,"ivs":{"hp":31,"atk":31,"def":31,"spa":31,"spd":31,"spe":31}}],"log":["|player|p1|SWL Nocturne|45","|player|p2|SRITL- Skarlet|138","|gametype|singles","|gen|6","|tier|Monotype","|rated","|rule|Baton Pass Clause: Limit one Baton Passer, can't pass Spe and other stats simultaneously","|rule|Swagger Clause: Swagger is banned","|rule|Same Type Clause: Pokémon in a team must share a type","|clearpoke","|poke|p1|Scizor, M","|poke|p1|Durant, M","|poke|p1|Armaldo, F","|poke|p1|Volcarona, M","|poke|p1|Heracross, F","|poke|p1|Shuckle, M","|poke|p2|Swampert, M","|poke|p2|Manaphy, shiny","|poke|p2|Azumarill, F, shiny","|poke|p2|Cloyster, F, shiny","|poke|p2|Starmie, shiny","|poke|p2|Kingdra, F, shiny","|rule|Sleep Clause Mod: Limit one foe put to sleep","|rule|Species Clause: Limit one of each Pokémon","|rule|OHKO Clause: OHKO moves are banned","|rule|Moody Clause: Moody is banned","|rule|Evasion Moves Clause: Evasion moves are banned","|rule|Endless Battle Clause: Forcing endless battles is banned","|rule|HP Percentage Mod: HP is shown in percentages","|teampreview","|","|start","|switch|p1a: Shuckle|Shuckle, M|243/243","|switch|p2a: Kingdra|Kingdra, F, shiny|354/354","|turn|1","|","|move|p2a: Kingdra|Focus Energy|p2a: Kingdra","|-start|p2a: Kingdra|move: Focus Energy","|move|p1a: Shuckle|Sticky Web|p2a: Kingdra","|-sidestart|p2: SRITL- Skarlet|move: Sticky Web","|","|turn|2","|","|move|p2a: Kingdra|Surf|p1a: Shuckle","|-crit|p1a: Shuckle","|-supereffective|p1a: Shuckle","|-ability|p1a: Shuckle|Sturdy","|-damage|p1a: Shuckle|1/243","|move|p1a: Shuckle|Knock Off|p2a: Kingdra","|-damage|p2a: Kingdra|334/354","|-enditem|p2a: Kingdra|Scope Lens|[from] move: Knock Off|[of] p1a: Shuckle","|","|turn|3","|","|move|p2a: Kingdra|Surf|p1a: Shuckle","|-crit|p1a: Shuckle","|-supereffective|p1a: Shuckle","|-damage|p1a: Shuckle|0 fnt","|faint|p1a: Shuckle","|","|","|switch|p1a: Scizor|Scizor, M|343/343","|turn|4","|","|move|p2a: Kingdra|Surf|p1a: Scizor","|-crit|p1a: Scizor","|-damage|p1a: Scizor|0 fnt","|faint|p1a: Scizor","|","|","|switch|p1a: Durant|Durant, M|257/257","|turn|5","|","|move|p1a: Durant|X-Scissor|p2a: Kingdra","|-damage|p2a: Kingdra|51/354","|move|p2a: Kingdra|Surf|p1a: Durant","|-damage|p1a: Durant|17/257","|","|turn|6","|","|move|p1a: Durant|X-Scissor|p2a: Kingdra","|-damage|p2a: Kingdra|0 fnt","|faint|p2a: Kingdra","|","|","|switch|p2a: Azumarill|Azumarill, F, shiny|404/404","|-activate|p2a: Azumarill|move: Sticky Web","|-unboost|p2a: Azumarill|spe|1","|turn|7","|","|move|p2a: Azumarill|Aqua Jet|p1a: Durant","|-damage|p1a: Durant|0 fnt","|faint|p1a: Durant","|","|","|switch|p1a: Volcarona|Volcarona, M|373/373","|turn|8","|","|move|p1a: Volcarona|Bug Buzz|p2a: Azumarill","|-resisted|p2a: Azumarill","|-damage|p2a: Azumarill|317/404","|move|p2a: Azumarill|Waterfall|p1a: Volcarona","|-supereffective|p1a: Volcarona","|-damage|p1a: Volcarona|47/373","|-status|p2a: Azumarill|brn","|","|-damage|p2a: Azumarill|267/404 brn|[from] brn","|turn|9","|","|move|p2a: Azumarill|Aqua Jet|p1a: Volcarona","|-supereffective|p1a: Volcarona","|-damage|p1a: Volcarona|0 fnt","|faint|p1a: Volcarona","|","|-damage|p2a: Azumarill|217/404 brn|[from] brn","|","|switch|p1a: Armaldo|Armaldo, F|353/353","|turn|10","|","|move|p1a: Armaldo|Rock Blast|p2a: Azumarill","|-damage|p2a: Azumarill|157/404 brn","|-enditem|p2a: Azumarill|Sitrus Berry|[eat]","|-heal|p2a: Azumarill|258/404 brn|[from] item: Sitrus Berry","|-damage|p2a: Azumarill|195/404 brn","|-damage|p2a: Azumarill|132/404 brn","|-crit|p2a: Azumarill","|-damage|p2a: Azumarill|36/404 brn","|-damage|p2a: Azumarill|0 fnt","|-hitcount|p2a: Azumarill|5","|faint|p2a: Azumarill","|","|","|switch|p2a: Manaphy|Manaphy, shiny|341/341","|-activate|p2a: Manaphy|move: Sticky Web","|-unboost|p2a: Manaphy|spe|1","|turn|11","|","|move|p2a: Manaphy|Scald|p1a: Armaldo","|-supereffective|p1a: Armaldo","|-damage|p1a: Armaldo|155/353","|-status|p1a: Armaldo|brn","|move|p1a: Armaldo|X-Scissor|p2a: Manaphy","|-damage|p2a: Manaphy|260/341","|","|-damage|p1a: Armaldo|111/353 brn|[from] brn","|turn|12","|","|move|p2a: Manaphy|Scald|p1a: Armaldo","|-supereffective|p1a: Armaldo","|-damage|p1a: Armaldo|0 fnt","|faint|p1a: Armaldo","|","|","|switch|p1a: Heracross|Heracross, F|301/301","|turn|13","|","|detailschange|p1a: Heracross|Heracross-Mega, F","|-mega|p1a: Heracross|Heracross|Heracronite","|move|p1a: Heracross|Bullet Seed|p2a: Manaphy","|-supereffective|p2a: Manaphy","|-damage|p2a: Manaphy|176/341","|-supereffective|p2a: Manaphy","|-damage|p2a: Manaphy|102/341","|-enditem|p2a: Manaphy|Sitrus Berry|[eat]","|-heal|p2a: Manaphy|187/341|[from] item: Sitrus Berry","|-supereffective|p2a: Manaphy","|-damage|p2a: Manaphy|107/341","|-supereffective|p2a: Manaphy","|-damage|p2a: Manaphy|27/341","|-supereffective|p2a: Manaphy","|-damage|p2a: Manaphy|0 fnt","|-hitcount|p2a: Manaphy|5","|faint|p2a: Manaphy","|","|","|switch|p2a: Starmie|Starmie, shiny|261/261","|-activate|p2a: Starmie|move: Sticky Web","|-unboost|p2a: Starmie|spe|1","|turn|14","|","|move|p1a: Heracross|Bullet Seed|p2a: Starmie","|-supereffective|p2a: Starmie","|-damage|p2a: Starmie|175/261","|-supereffective|p2a: Starmie","|-damage|p2a: Starmie|91/261","|-enditem|p2a: Starmie|Sitrus Berry|[eat]","|-heal|p2a: Starmie|156/261|[from] item: Sitrus Berry","|-supereffective|p2a: Starmie","|-damage|p2a: Starmie|64/261","|-supereffective|p2a: Starmie","|-damage|p2a: Starmie|0 fnt","|-hitcount|p2a: Starmie|4","|faint|p2a: Starmie","|","|","|switch|p2a: Cloyster|Cloyster, F, shiny|241/241","|-activate|p2a: Cloyster|move: Sticky Web","|-unboost|p2a: Cloyster|spe|1","|turn|15","|","|move|p1a: Heracross|Bullet Seed|p2a: Cloyster","|-supereffective|p2a: Cloyster","|-damage|p2a: Cloyster|193/241","|-supereffective|p2a: Cloyster","|-damage|p2a: Cloyster|145/241","|-supereffective|p2a: Cloyster","|-damage|p2a: Cloyster|99/241","|-supereffective|p2a: Cloyster","|-damage|p2a: Cloyster|47/241","|-supereffective|p2a: Cloyster","|-damage|p2a: Cloyster|3/241","|-hitcount|p2a: Cloyster|5","|move|p2a: Cloyster|Icicle Spear|p1a: Heracross","|-damage|p1a: Heracross|261/301","|-damage|p1a: Heracross|222/301","|-damage|p1a: Heracross|188/301","|-damage|p1a: Heracross|149/301","|-crit|p1a: Heracross","|-damage|p1a: Heracross|92/301","|-hitcount|p1a: Heracross|5","|","|turn|16","|","|move|p2a: Cloyster|Ice Shard|p1a: Heracross","|-damage|p1a: Heracross|35/301","|move|p1a: Heracross|Bullet Seed|p2a: Cloyster","|-supereffective|p2a: Cloyster","|-damage|p2a: Cloyster|0 fnt","|-hitcount|p2a: Cloyster|1","|faint|p2a: Cloyster","|","|","|switch|p2a: Swampert|Swampert, M|403/403","|-activate|p2a: Swampert|move: Sticky Web","|-unboost|p2a: Swampert|spe|1","|turn|17","|","|detailschange|p2a: Swampert|Swampert-Mega, M","|-mega|p2a: Swampert|Swampert|Swampertite","|move|p1a: Heracross|Bullet Seed|p2a: Swampert","|-supereffective|p2a: Swampert","|-damage|p2a: Swampert|251/403","|-supereffective|p2a: Swampert","|-damage|p2a: Swampert|95/403","|-supereffective|p2a: Swampert","|-damage|p2a: Swampert|0 fnt","|-hitcount|p2a: Swampert|3","|faint|p2a: Swampert","|","|win|SWL Nocturne"],"p1rating":{"entryid":"101951","serverid":"eos","formatid":"monotype","userid":"swlnocturne","username":"SWL Nocturne","w":7,"l":"3","t":"0","gxe":58.7,"r":"1460.0429451423","rd":"111.3436997254","sigma":"0","rptime":"1439974800","rpr":1568.5058851786,"rprd":87.441427389786,"rpsigma":"0","acre":1132.123618892,"lacre":1132.123618892,"oldacre":"1110.9039150698"},"p2rating":{"entryid":"59207","serverid":"eos","formatid":"monotype","userid":"sritlskarlet","username":"SRITL- Skarlet","w":"5","l":8,"t":"0","gxe":42.9,"r":"1500","rd":"92.92581250605","sigma":"0","rptime":"1439974800","rpr":1444.9919382139,"rprd":81.271178743413,"rpsigma":"0","acre":1042.0940970115,"lacre":1042.0940970115,"oldacre":"1057.9615386383"},"endType":"normal"}