{"seed":[60550,54304,33298,33271],"turns":19,"p1":"TwerkingDiglett","p2":"testingfndsj","p1team":[{"name":"Lanturn","species":"Lanturn","item":"leftovers","ability":"Volt Absorb","moves":["voltswitch","scald","thunderwave","healbell"],"nature":"Bold","evs":{"hp":40,"atk":0,"def":252,"spa":4,"spd":112,"spe":90},"ivs":{"hp":31,"atk":31,"def":31,"spa":31,"spd":31,"spe":31}},{"name":"Gyarados","species":"Gyarados","item":"gyaradosite","ability":"Intimidate","moves":["dragondance","waterfall","icefang","crunch"],"nature":"Jolly","evs":{"hp":88,"atk":224,"def":0,"spa":0,"spd":0,"spe":196},"ivs":{"hp":31,"atk":31,"def":31,"spa":31,"spd":31,"spe":31}},{"name":"Empoleon","species":"Empoleon","item":"leftovers","ability":"Torrent","moves":["stealthrock","scald","defog","roar"],"nature":"Calm","evs":{"hp":252,"atk":0,"def":60,"spa":0,"spd":196,"spe":0},"ivs":{"hp":31,"atk":31,"def":31,"spa":31,"spd":31,"spe":31}},{"name":"Cloyster","species":"Cloyster","item":"focussash","ability":"Skill Link","moves":["shellsmash","iciclespear","iceshard","rockblast"],"nature":"Adamant","evs":{"hp":0,"atk":252,"def":0,"spa":0,"spd":4,"spe":252},"ivs":{"hp":31,"atk":31,"def":31,"spa":31,"spd":31,"spe":31}},{"name":"Starmie","species":"Starmie","item":"lifeorb","ability":"Analytic","moves":["hydropump","recover","psyshock","hiddenpowerfire"],"nature":"Quiet","evs":{"hp":0,"atk":0,"def":4,"spa":252,"spd":252,"spe":0},"ivs":{"hp":31,"atk":30,"def":31,"spa":30,"spd":31,"spe":30}},{"name":"Keldeo","species":"Keldeo","item":"leftovers","ability":"Justified","moves":["substitute","calmmind","scald","secretsword"],"nature":"Timid","evs":{"hp":0,"atk":0,"def":0,"spa":252,"spd":4,"spe":252},"ivs":{"hp":31,"atk":31,"def":31,"spa":31,"spd":31,"spe":31}}],"p2team":[{"name":"Hbad","species":"magnezone","item":"choicespecs","ability":"Sturdy","moves":["flashcannon","thunderbolt","voltswitch","hiddenpowergrass"],"nature":"Modest","evs":{"hp":72,"atk":0,"def":4,"spa":252,"spd":0,"spe":180},"ivs":{"hp":31,"atk":0,"def":31,"spa":30,"spd":31,"spe":31},"shiny":true},{"name":"Sac Dos","species":"zapdos","item":"leftovers","ability":"Pressure","moves":["voltswitch","heatwave","roost","defog"],"nature":"Bold","evs":{"hp":232,"atk":0,"def":128,"spa":40,"spd":0,"spe":108},"ivs":{"hp":31,"atk":0,"def":31,"spa":31,"spd":31,"spe":31}},{"name":"u gun get bopped","species":"thundurus","item":"choiceband","ability":"Defiant","moves":["knockoff","superpower","uturn","wildcharge"],"nature":"Jolly","evs":{"hp":0,"atk":252,"def":0,"spa":0,"spd":4,"spe":252},"ivs":{"hp":31,"atk":31,"def":31,"spa":31,"spd":31,"spe":31}},{"name":"Choco 2 phab 4 me","species":"ampharos","item":"ampharosite","ability":"Static","moves":["dragonpulse","voltswitch","toxic","powergem"],"nature":"Modest","evs":{"hp":240,"atk":0,"def":0,"spa":176,"spd":72,"spe":20},"ivs":{"hp":31,"atk":0,"def":31,"spa":31,"spd":31,"spe":31}},{"name":"Mah Nigga Wyv","species":"jolteon","item":"choicespecs","ability":"Quick Feet","moves":["thunderbolt","voltswitch","hiddenpowerice","shadowball"],"nature":"Timid","evs":{"hp":0,"atk":0,"def":0,"spa":252,"spd":4,"spe":252},"ivs":{"hp":31,"atk":30,"def":30,"spa":31,"spd":31,"spe":31}},{"name":"Lanturn","species":"Lanturn","item":"leftovers","ability":"Water Absorb","moves":["scald","thunderwave","healbell","voltswitch"],"nature":"Calm","evs":{"hp":40,"atk":0,"def":216,"spa":0,"spd":252,"spe":0},"ivs":{"hp":31,"atk":31,"def":31,"spa":31,"spd":31,"spe":31}}],"log":["|player|p1|TwerkingDiglett|278","|player|p2|testingfndsj|80","|gametype|singles","|gen|6","|tier|Monotype","|rated","|rule|Baton Pass Clause: Limit one Baton Passer, can't pass Spe and other stats simultaneously","|rule|Swagger Clause: Swagger is banned","|rule|Same Type Clause: Pokémon in a team must share a type","|clearpoke","|poke|p1|Lanturn, F","|poke|p1|Gyarados, M","|poke|p1|Empoleon, M","|poke|p1|Cloyster, M","|poke|p1|Starmie","|poke|p1|Keldeo","|poke|p2|Magnezone, shiny","|poke|p2|Zapdos","|poke|p2|Thundurus, M","|poke|p2|Ampharos, M","|poke|p2|Jolteon, M","|poke|p2|Lanturn, M","|rule|Sleep Clause Mod: Limit one foe put to sleep","|rule|Species Clause: Limit one of each Pokémon","|rule|OHKO Clause: OHKO moves are banned","|rule|Moody Clause: Moody is banned","|rule|Evasion Moves Clause: Evasion moves are banned","|rule|Endless Battle Clause: Forcing endless battles is banned","|rule|HP Percentage Mod: HP is shown in percentages","|teampreview","|","|start","|switch|p1a: Empoleon|Empoleon, M|372/372","|switch|p2a: Choco 2 phab 4 me|Ampharos, M|381/381","|turn|1","|","|detailschange|p2a: Choco 2 phab 4 me|Ampharos-Mega, M","|-mega|p2a: Choco 2 phab 4 me|Ampharos|Ampharosite","|-ability|p2a: Choco 2 phab 4 me|Mold Breaker","|move|p1a: Empoleon|Stealth Rock|p2a: Choco 2 phab 4 me","|-sidestart|p2: testingfndsj|move: Stealth Rock","|move|p2a: Choco 2 phab 4 me|Volt Switch|p1a: Empoleon","|-supereffective|p1a: Empoleon","|-damage|p1a: Empoleon|126/372","|","|switch|p2a: Sac Dos|Zapdos|379/379","|-damage|p2a: Sac Dos|285/379|[from] Stealth Rock","|-ability|p2a: Sac Dos|Pressure","|","|-heal|p2a: Sac Dos|308/379|[from] item: Leftovers","|-heal|p1a: Empoleon|149/372|[from] item: Leftovers","|turn|2","|","|move|p2a: Sac Dos|Defog|p1a: Empoleon","|-unboost|p1a: Empoleon|evasion|1","|-sideend|p2: testingfndsj|Stealth Rock|[from] move: Defog|[of] p2a: Sac Dos","|move|p1a: Empoleon|Scald|p2a: Sac Dos","|-damage|p2a: Sac Dos|193/379","|","|-heal|p2a: Sac Dos|216/379|[from] item: Leftovers","|-heal|p1a: Empoleon|172/372|[from] item: Leftovers","|turn|3","|","|move|p2a: Sac Dos|Volt Switch|p1a: Empoleon","|-supereffective|p1a: Empoleon","|-damage|p1a: Empoleon|28/372","|","|switch|p2a: Lanturn|Lanturn, M|401/401","|move|p1a: Empoleon|Scald|p2a: Lanturn","|-immune|p2a: Lanturn|[msg]","|","|-heal|p1a: Empoleon|51/372|[from] item: Leftovers","|turn|4","|","|move|p2a: Lanturn|Volt Switch|p1a: Empoleon","|-supereffective|p1a: Empoleon","|-damage|p1a: Empoleon|0 fnt","|faint|p1a: Empoleon","|","|switch|p2a: Choco 2 phab 4 me|Ampharos-Mega, M|381/381","|-ability|p2a: Choco 2 phab 4 me|Mold Breaker","|","|","|switch|p1a: Gyarados|Gyarados, M|353/353","|-ability|p1a: Gyarados|Intimidate","|-unboost|p2a: Choco 2 phab 4 me|atk|1","|turn|5","|","|detailschange|p1a: Gyarados|Gyarados-Mega, M","|-mega|p1a: Gyarados|Gyarados|Gyaradosite","|-ability|p1a: Gyarados|Mold Breaker","|move|p1a: Gyarados|Ice Fang|p2a: Choco 2 phab 4 me","|-supereffective|p2a: Choco 2 phab 4 me","|-damage|p2a: Choco 2 phab 4 me|199/381","|move|p2a: Choco 2 phab 4 me|Volt Switch|p1a: Gyarados","|-supereffective|p1a: Gyarados","|-damage|p1a: Gyarados|111/353","|","|switch|p2a: Mah Nigga Wyv|Jolteon, M|271/271","|","|turn|6","|","|move|p2a: Mah Nigga Wyv|Volt Switch|p1a: Gyarados","|-supereffective|p1a: Gyarados","|-damage|p1a: Gyarados|0 fnt","|faint|p1a: Gyarados","|","|switch|p2a: Sac Dos|Zapdos|216/379","|-ability|p2a: Sac Dos|Pressure","|","|-heal|p2a: Sac Dos|239/379|[from] item: Leftovers","|","|switch|p1a: Starmie|Starmie|261/261","|turn|7","|","|switch|p2a: Lanturn|Lanturn, M|401/401","|move|p1a: Starmie|Hydro Pump|p2a: Lanturn","|-immune|p2a: Lanturn|[msg]","|","|turn|8","|","|move|p1a: Starmie|Psyshock|p2a: Lanturn","|-damage|p2a: Lanturn|190/401","|-damage|p1a: Starmie|235/261|[from] item: Life Orb","|move|p2a: Lanturn|Thunder Wave|p1a: Starmie","|-status|p1a: Starmie|par","|","|-heal|p2a: Lanturn|215/401|[from] item: Leftovers","|turn|9","|","|move|p2a: Lanturn|Volt Switch|p1a: Starmie","|-supereffective|p1a: Starmie","|-damage|p1a: Starmie|115/261 par","|","|switch|p2a: Sac Dos|Zapdos|239/379","|-ability|p2a: Sac Dos|Pressure","|move|p1a: Starmie|Psyshock|p2a: Sac Dos","|-damage|p2a: Sac Dos|43/379","|-damage|p1a: Starmie|89/261 par|[from] item: Life Orb","|","|-heal|p2a: Sac Dos|66/379|[from] item: Leftovers","|turn|10","|","|move|p2a: Sac Dos|Roost|p2a: Sac Dos","|-heal|p2a: Sac Dos|256/379","|move|p1a: Starmie|Psyshock|p2a: Sac Dos","|-damage|p2a: Sac Dos|49/379","|-damage|p1a: Starmie|63/261 par|[from] item: Life Orb","|","|-heal|p2a: Sac Dos|72/379|[from] item: Leftovers","|turn|11","|","|move|p2a: Sac Dos|Roost|p2a: Sac Dos","|-heal|p2a: Sac Dos|262/379","|move|p1a: Starmie|Psyshock|p2a: Sac Dos","|-crit|p2a: Sac Dos","|-damage|p2a: Sac Dos|0 fnt","|-damage|p1a: Starmie|37/261 par|[from] item: Life Orb","|faint|p2a: Sac Dos","|","|","|switch|p2a: Choco 2 phab 4 me|Ampharos-Mega, M|199/381","|-ability|p2a: Choco 2 phab 4 me|Mold Breaker","|turn|12","|","|move|p2a: Choco 2 phab 4 me|Volt Switch|p1a: Starmie","|-crit|p1a: Starmie","|-supereffective|p1a: Starmie","|-damage|p1a: Starmie|0 fnt","|faint|p1a: Starmie","|","|switch|p2a: u gun get bopped|Thundurus, M|299/299","|","|","|switch|p1a: Keldeo|Keldeo|323/323","|turn|13","|","|move|p2a: u gun get bopped|U-turn|p1a: Keldeo","|-resisted|p1a: Keldeo","|-damage|p1a: Keldeo|265/323","|","|switch|p2a: Lanturn|Lanturn, M|215/401","|move|p1a: Keldeo|Scald|p2a: Lanturn","|-heal|p2a: Lanturn|315/401|[from] ability: Water Absorb|[of] p1a: Keldeo","|","|-heal|p1a: Keldeo|285/323|[from] item: Leftovers","|-heal|p2a: Lanturn|340/401|[from] item: Leftovers","|turn|14","|","|move|p1a: Keldeo|Secret Sword|p2a: Lanturn","|-damage|p2a: Lanturn|163/401","|move|p2a: Lanturn|Volt Switch|p1a: Keldeo","|-supereffective|p1a: Keldeo","|-damage|p1a: Keldeo|153/323","|","|switch|p2a: Mah Nigga Wyv|Jolteon, M|271/271","|","|-heal|p1a: Keldeo|173/323|[from] item: Leftovers","|turn|15","|","|move|p2a: Mah Nigga Wyv|Volt Switch|p1a: Keldeo","|-supereffective|p1a: Keldeo","|-damage|p1a: Keldeo|0 fnt","|faint|p1a: Keldeo","|","|switch|p2a: Choco 2 phab 4 me|Ampharos-Mega, M|199/381","|-ability|p2a: Choco 2 phab 4 me|Mold Breaker","|","|","|switch|p1a: Cloyster|Cloyster, M|241/241","|turn|16","|","|move|p1a: Cloyster|Shell Smash|p1a: Cloyster","|-unboost|p1a: Cloyster|def|1","|-unboost|p1a: Cloyster|spd|1","|-boost|p1a: Cloyster|atk|2","|-boost|p1a: Cloyster|spa|2","|-boost|p1a: Cloyster|spe|2","|move|p2a: Choco 2 phab 4 me|Volt Switch|p1a: Cloyster","|-crit|p1a: Cloyster","|-supereffective|p1a: Cloyster","|-enditem|p1a: Cloyster|Focus Sash","|-damage|p1a: Cloyster|1/241","|","|switch|p2a: Hbad|Magnezone, shiny|299/299","|","|turn|17","|","|move|p1a: Cloyster|Rock Blast|p2a: Hbad","|-resisted|p2a: Hbad","|-damage|p2a: Hbad|278/299","|-resisted|p2a: Hbad","|-damage|p2a: Hbad|255/299","|-resisted|p2a: Hbad","|-damage|p2a: Hbad|231/299","|-resisted|p2a: Hbad","|-damage|p2a: Hbad|208/299","|-resisted|p2a: Hbad","|-damage|p2a: Hbad|185/299","|-hitcount|p2a: Hbad|5","|move|p2a: Hbad|Hidden Power|p1a: Cloyster","|-supereffective|p1a: Cloyster","|-damage|p1a: Cloyster|0 fnt","|faint|p1a: Cloyster","|","|","|switch|p1a: Lanturn|Lanturn, F|401/401","|turn|18","|","|move|p2a: Hbad|Hidden Power|p1a: Lanturn","|-supereffective|p1a: Lanturn","|-damage|p1a: Lanturn|133/401","|move|p1a: Lanturn|Scald|p2a: Hbad","|-damage|p2a: Hbad|104/299","|","|-heal|p1a: Lanturn|158/401|[from] item: Leftovers","|turn|19","|","|move|p2a: Hbad|Hidden Power|p1a: Lanturn","|-supereffective|p1a: Lanturn","|-damage|p1a: Lanturn|0 fnt","|faint|p1a: Lanturn","|","|win|testingfndsj"],"p1rating":{"entryid":"114657","serverid":"eos","formatid":"monotype","userid":"twerkingdiglett","username":"TwerkingDiglett","w":"0","l":2,"t":"0","gxe":41,"r":"1500","rd":"130","sigma":"0","rptime":"1439974800","rpr":1427.4328741711,"rprd":116.77753930647,"rpsigma":"0","acre":1000,"lacre":1000,"oldacre":"1000"},"p2rating":{"entryid":"114620","serverid":"eos","formatid":"monotype","userid":"testingfndsj","username":"testingfndsj","w":2,"l":"0","t":"0","gxe":59.1,"r":"1500","rd":"130","sigma":"0","rptime":"1439974800","rpr":1573.3882963503,"rprd":116.34822543653,"rpsigma":"0","acre":1077.1656452096,"lacre":1077.1656452096,"oldacre":"1049.1156631381"},"endType":"normal"}