{"seed":[57054,16773,62601,47405],"turns":19,"p1":"OrsoLeyend","p2":"Bossbitch","p1team":[{"name":"Hippowdon","species":"Hippowdon","item":"leftovers","ability":"Sand Stream","moves":["earthquake","firefang","thunderfang","bodyslam"],"nature":"","evs":{"hp":0,"atk":252,"def":252,"spa":0,"spd":0,"spe":0},"ivs":{"hp":31,"atk":31,"def":31,"spa":31,"spd":31,"spe":31}},{"name":"Excadrill","species":"Excadrill","item":"choiceband","ability":"Sand Rush","moves":["ironhead","swordsdance","rockslide","earthquake"],"nature":"Adamant","evs":{"hp":248,"atk":252,"def":0,"spa":0,"spd":0,"spe":8},"ivs":{"hp":31,"atk":31,"def":31,"spa":31,"spd":31,"spe":31}},{"name":"Garchomp","species":"Garchomp","item":"rockyhelmet","ability":"Rough Skin","moves":["firefang","dragonclaw","irontail","earthquake"],"nature":"Adamant","evs":{"hp":0,"atk":252,"def":252,"spa":0,"spd":0,"spe":0},"ivs":{"hp":31,"atk":31,"def":31,"spa":31,"spd":31,"spe":31}},{"name":"Diggersby","species":"Diggersby","item":"leftovers","ability":"Huge Power","moves":["bulkup","poweruppunch","thunderpunch","swordsdance"],"nature":"","evs":{"hp":0,"atk":0,"def":252,"spa":0,"spd":0,"spe":0},"ivs":{"hp":31,"atk":31,"def":31,"spa":31,"spd":31,"spe":31}},{"name":"Donphan","species":"Donphan","item":"rockyhelmet","ability":"Sturdy","moves":["earthquake","heavyslam","stealthrock","irondefense"],"nature":"Impish","evs":{"hp":252,"atk":6,"def":252,"spa":0,"spd":0,"spe":0},"ivs":{"hp":31,"atk":31,"def":31,"spa":31,"spd":31,"spe":31}},{"name":"Nidoking","species":"Nidoking","item":"choicespecs","ability":"Sheer Force","moves":["sludgewave","icebeam","earthpower","fireblast"],"nature":"Modest","evs":{"hp":0,"atk":0,"def":0,"spa":252,"spd":0,"spe":252},"ivs":{"hp":31,"atk":31,"def":31,"spa":31,"spd":31,"spe":31}}],"p2team":[{"name":"Manectric","species":"Manectric","item":"manectite","ability":"Static","moves":["flamethrower","hiddenpowerice","thunderbolt","voltswitch"],"nature":"Timid","evs":{"hp":0,"atk":0,"def":0,"spa":252,"spd":4,"spe":252},"gender":"M","ivs":{"hp":31,"atk":30,"def":30,"spa":31,"spd":31,"spe":31}},{"name":"Galvantula","species":"Galvantula","item":"focussash","ability":"Compound Eyes","moves":["energyball","thunder","bugbuzz","stickyweb"],"nature":"Timid","evs":{"hp":0,"atk":0,"def":0,"spa":252,"spd":4,"spe":252},"ivs":{"hp":31,"atk":31,"def":31,"spa":31,"spd":31,"spe":31}},{"name":"Rotom-Wash","species":"Rotom-Wash","item":"chestoberry","ability":"Levitate","moves":["discharge","willowisp","hydropump","rest"],"nature":"Calm","evs":{"hp":248,"atk":0,"def":0,"spa":8,"spd":252,"spe":0},"ivs":{"hp":31,"atk":31,"def":31,"spa":31,"spd":31,"spe":31}},{"name":"Magnezone","species":"Magnezone","item":"choicescarf","ability":"Sturdy","moves":["thunder","hiddenpowerice","flashcannon","voltswitch"],"nature":"Timid","evs":{"hp":0,"atk":0,"def":0,"spa":252,"spd":4,"spe":252},"ivs":{"hp":31,"atk":30,"def":30,"spa":31,"spd":31,"spe":31}},{"name":"Eelektross","species":"Eelektross","item":"sitrusberry","ability":"Levitate","moves":["drainpunch","firepunch","coil","thunderpunch"],"nature":"Adamant","evs":{"hp":248,"atk":252,"def":0,"spa":0,"spd":8,"spe":0},"gender":"M","ivs":{"hp":31,"atk":31,"def":31,"spa":31,"spd":31,"spe":31}},{"name":"Thundurus","species":"Thundurus","item":"lifeorb","ability":"Prankster","moves":["grassknot","thunderbolt","thunderwave","nastyplot"],"nature":"Timid","evs":{"hp":0,"atk":0,"def":0,"spa":252,"spd":4,"spe":252},"ivs":{"hp":31,"atk":31,"def":31,"spa":31,"spd":31,"spe":31}}],"log":["|player|p1|OrsoLeyend|94","|player|p2|Bossbitch|bossbitch.gif","|gametype|singles","|gen|6","|tier|Monotype","|rated","|rule|Baton Pass Clause: Limit one Baton Passer, can't pass Spe and other stats simultaneously","|rule|Swagger Clause: Swagger is banned","|rule|Same Type Clause: Pokémon in a team must share a type","|clearpoke","|poke|p1|Hippowdon, F","|poke|p1|Excadrill, F","|poke|p1|Garchomp, M","|poke|p1|Diggersby, F","|poke|p1|Donphan, F","|poke|p1|Nidoking, M","|poke|p2|Manectric, M","|poke|p2|Galvantula, M","|poke|p2|Rotom-Wash","|poke|p2|Magnezone","|poke|p2|Eelektross, M","|poke|p2|Thundurus, M","|rule|Sleep Clause Mod: Limit one foe put to sleep","|rule|Species Clause: Limit one of each Pokémon","|rule|OHKO Clause: OHKO moves are banned","|rule|Moody Clause: Moody is banned","|rule|Evasion Moves Clause: Evasion moves are banned","|rule|Endless Battle Clause: Forcing endless battles is banned","|rule|HP Percentage Mod: HP is shown in percentages","|teampreview","|","|start","|switch|p1a: Hippowdon|Hippowdon, F|357/357","|switch|p2a: Galvantula|Galvantula, M|281/281","|-weather|Sandstorm","|turn|1","|","|move|p2a: Galvantula|Sticky Web|p1a: Hippowdon","|-sidestart|p1: OrsoLeyend|move: Sticky Web","|move|p1a: Hippowdon|Earthquake|p2a: Galvantula","|-damage|p2a: Galvantula|19/281","|","|-weather|Sandstorm|[upkeep]","|-damage|p2a: Galvantula|2/281|[from] sandstorm","|turn|2","|","|move|p2a: Galvantula|Energy Ball|p1a: Hippowdon","|-supereffective|p1a: Hippowdon","|-damage|p1a: Hippowdon|107/357","|move|p1a: Hippowdon|Fire Fang|p2a: Galvantula","|-supereffective|p2a: Galvantula","|-damage|p2a: Galvantula|0 fnt","|faint|p2a: Galvantula","|","|-weather|Sandstorm|[upkeep]","|-heal|p1a: Hippowdon|129/357|[from] item: Leftovers","|","|switch|p2a: Eelektross|Eelektross, M|373/373","|turn|3","|","|switch|p1a: Diggersby|Diggersby, F|311/311","|-activate|p1a: Diggersby|move: Sticky Web","|-unboost|p1a: Diggersby|spe|1","|move|p2a: Eelektross|Coil|p2a: Eelektross","|-boost|p2a: Eelektross|atk|1","|-boost|p2a: Eelektross|def|1","|-boost|p2a: Eelektross|accuracy|1","|","|-weather|Sandstorm|[upkeep]","|-damage|p2a: Eelektross|350/373|[from] sandstorm","|turn|4","|","|move|p2a: Eelektross|Drain Punch|p1a: Diggersby","|-supereffective|p1a: Diggersby","|-damage|p1a: Diggersby|69/311","|-heal|p2a: Eelektross|373/373|[from] drain|[of] p1a: Diggersby","|move|p1a: Diggersby|Bulk Up|p1a: Diggersby","|-boost|p1a: Diggersby|atk|1","|-boost|p1a: Diggersby|def|1","|","|-weather|Sandstorm|[upkeep]","|-damage|p2a: Eelektross|350/373|[from] sandstorm","|-heal|p1a: Diggersby|88/311|[from] item: Leftovers","|turn|5","|","|move|p2a: Eelektross|Drain Punch|p1a: Diggersby","|-supereffective|p1a: Diggersby","|-damage|p1a: Diggersby|0 fnt","|-heal|p2a: Eelektross|373/373|[from] drain|[of] p1a: Diggersby","|faint|p1a: Diggersby","|","|-weather|none","|","|switch|p1a: Garchomp|Garchomp, M|357/357","|-activate|p1a: Garchomp|move: Sticky Web","|-unboost|p1a: Garchomp|spe|1","|turn|6","|","|move|p1a: Garchomp|Dragon Claw|p2a: Eelektross","|-damage|p2a: Eelektross|256/373","|move|p2a: Eelektross|Coil|p2a: Eelektross","|-boost|p2a: Eelektross|atk|1","|-boost|p2a: Eelektross|def|1","|-boost|p2a: Eelektross|accuracy|1","|","|turn|7","|","|move|p1a: Garchomp|Dragon Claw|p2a: Eelektross","|-damage|p2a: Eelektross|153/373","|-enditem|p2a: Eelektross|Sitrus Berry|[eat]","|-heal|p2a: Eelektross|246/373|[from] item: Sitrus Berry","|move|p2a: Eelektross|Drain Punch|p1a: Garchomp","|-damage|p1a: Garchomp|211/357","|-heal|p2a: Eelektross|319/373|[from] drain|[of] p1a: Garchomp","|-damage|p2a: Eelektross|273/373|[from] ability: Rough Skin|[of] p1a: Garchomp","|-damage|p2a: Eelektross|211/373|[from] item: Rocky Helmet|[of] p1a: Garchomp","|","|turn|8","|","|move|p1a: Garchomp|Dragon Claw|p2a: Eelektross","|-damage|p2a: Eelektross|112/373","|move|p2a: Eelektross|Drain Punch|p1a: Garchomp","|-damage|p1a: Garchomp|60/357","|-heal|p2a: Eelektross|188/373|[from] drain|[of] p1a: Garchomp","|-damage|p2a: Eelektross|142/373|[from] ability: Rough Skin|[of] p1a: Garchomp","|-damage|p2a: Eelektross|80/373|[from] item: Rocky Helmet|[of] p1a: Garchomp","|","|turn|9","|","|move|p1a: Garchomp|Dragon Claw|p2a: Eelektross","|-damage|p2a: Eelektross|0 fnt","|faint|p2a: Eelektross","|","|","|switch|p2a: Magnezone|Magnezone|281/281","|turn|10","|","|move|p2a: Magnezone|Hidden Power|p1a: Garchomp","|-crit|p1a: Garchomp","|-supereffective|p1a: Garchomp","|-damage|p1a: Garchomp|0 fnt","|faint|p1a: Garchomp","|","|","|switch|p1a: Nidoking|Nidoking, M|303/303","|-activate|p1a: Nidoking|move: Sticky Web","|-unboost|p1a: Nidoking|spe|1","|turn|11","|","|switch|p2a: Rotom-Wash|Rotom-Wash|303/303","|move|p1a: Nidoking|Fire Blast|p2a: Rotom-Wash","|-resisted|p2a: Rotom-Wash","|-damage|p2a: Rotom-Wash|235/303","|","|turn|12","|","|switch|p1a: Donphan|Donphan, F|384/384","|-activate|p1a: Donphan|move: Sticky Web","|-unboost|p1a: Donphan|spe|1","|move|p2a: Rotom-Wash|Hydro Pump|p1a: Donphan","|-supereffective|p1a: Donphan","|-ability|p1a: Donphan|Sturdy","|-damage|p1a: Donphan|1/384","|","|turn|13","|","|move|p2a: Rotom-Wash|Will-O-Wisp|p1a: Donphan","|-status|p1a: Donphan|brn","|move|p1a: Donphan|Stealth Rock|p2a: Rotom-Wash","|-sidestart|p2: Bossbitch|move: Stealth Rock","|","|-damage|p1a: Donphan|0 fnt|[from] brn","|faint|p1a: Donphan","|","|switch|p1a: Excadrill|Excadrill, F|423/423","|-activate|p1a: Excadrill|move: Sticky Web","|-unboost|p1a: Excadrill|spe|1","|turn|14","|","|move|p2a: Rotom-Wash|Hydro Pump|p1a: Excadrill|[miss]","|-miss|p2a: Rotom-Wash|p1a: Excadrill","|move|p1a: Excadrill|Rock Slide|p2a: Rotom-Wash","|-damage|p2a: Rotom-Wash|91/303","|","|turn|15","|","|move|p2a: Rotom-Wash|Hydro Pump|p1a: Excadrill","|-supereffective|p1a: Excadrill","|-damage|p1a: Excadrill|39/423","|move|p1a: Excadrill|Rock Slide|p2a: Rotom-Wash","|-damage|p2a: Rotom-Wash|0 fnt","|faint|p2a: Rotom-Wash","|","|","|switch|p2a: Thundurus|Thundurus, M|299/299","|-damage|p2a: Thundurus|225/299|[from] Stealth Rock","|turn|16","|","|move|p2a: Thundurus|Grass Knot|p1a: Excadrill","|-damage|p1a: Excadrill|0 fnt","|-damage|p2a: Thundurus|196/299|[from] item: Life Orb","|faint|p1a: Excadrill","|","|","|switch|p1a: Nidoking|Nidoking, M|303/303","|-activate|p1a: Nidoking|move: Sticky Web","|-unboost|p1a: Nidoking|spe|1","|turn|17","|","|move|p2a: Thundurus|Grass Knot|p1a: Nidoking","|-damage|p1a: Nidoking|142/303","|-damage|p2a: Thundurus|167/299|[from] item: Life Orb","|move|p1a: Nidoking|Ice Beam|p2a: Thundurus","|-supereffective|p2a: Thundurus","|-damage|p2a: Thundurus|0 fnt","|faint|p2a: Thundurus","|","|","|switch|p2a: Magnezone|Magnezone|281/281","|-damage|p2a: Magnezone|264/281|[from] Stealth Rock","|turn|18","|","|switch|p1a: Hippowdon|Hippowdon, F|129/357","|-activate|p1a: Hippowdon|move: Sticky Web","|-unboost|p1a: Hippowdon|spe|1","|-weather|Sandstorm","|move|p2a: Magnezone|Hidden Power|p1a: Hippowdon","|-supereffective|p1a: Hippowdon","|-damage|p1a: Hippowdon|0 fnt","|faint|p1a: Hippowdon","|","|-weather|Sandstorm|[upkeep]","|","|switch|p1a: Nidoking|Nidoking, M|142/303","|-activate|p1a: Nidoking|move: Sticky Web","|-unboost|p1a: Nidoking|spe|1","|turn|19","|","|move|p2a: Magnezone|Hidden Power|p1a: Nidoking","|-supereffective|p1a: Nidoking","|-damage|p1a: Nidoking|0 fnt","|faint|p1a: Nidoking","|","|win|Bossbitch"],"p1rating":{"entryid":"142556","serverid":"eos","formatid":"monotype","userid":"orsoleyend","username":"OrsoLeyend","w":"1","l":5,"t":"0","gxe":39.2,"r":"1500","rd":"130","sigma":"0","rptime":"1439974800","rpr":1414.4837549361,"rprd":99.324840904199,"rpsigma":"0","acre":1003.1369350812,"lacre":1003.1369350812,"oldacre":"1016.1332293775"},"p2rating":{"entryid":146640,"formatid":"monotype","userid":"bossbitch","username":"Bossbitch","r":1500,"rd":130,"sigma":0,"rpr":1540.1606143388,"rprd":122.8583080769,"rpsigma":0,"rptime":1439974800,"w":1,"l":0,"t":0,"gxe":55,"acre":1041.8560728283,"lacre":1041.8560728283,"oldacre":1000},"endType":"normal"}