{"seed":[42604,2004,61883,30473],"turns":42,"p1":"LightOfAKnowing","p2":"Union Entropy","p1team":[{"name":"Vespiquen","species":"Vespiquen","item":"laxincense","ability":"Pressure","moves":["defendorder","infestation","mudslap","roost"],"nature":"Gentle","evs":{"hp":248,"atk":8,"def":0,"spa":0,"spd":252,"spe":0},"ivs":{"hp":31,"atk":31,"def":31,"spa":31,"spd":31,"spe":31}},{"name":"Heracross","species":"Heracross","item":"choicescarf","ability":"Moxie","moves":["closecombat","megahorn","knockoff","pursuit"],"nature":"Jolly","evs":{"hp":0,"atk":252,"def":0,"spa":0,"spd":4,"spe":252},"ivs":{"hp":31,"atk":31,"def":31,"spa":31,"spd":31,"spe":31}},{"name":"Forretress","species":"Forretress","item":"custapberry","ability":"Sturdy","moves":["stealthrock","rapidspin","explosion","spikes"],"nature":"Impish","evs":{"hp":248,"atk":8,"def":252,"spa":0,"spd":0,"spe":0},"ivs":{"hp":31,"atk":31,"def":31,"spa":31,"spd":31,"spe":31}},{"name":"Galvantula","species":"Galvantula","item":"focussash","ability":"Swarm","moves":["stickyweb","bugbuzz","voltswitch","suckerpunch"],"nature":"Hasty","evs":{"hp":0,"atk":4,"def":0,"spa":252,"spd":0,"spe":252},"ivs":{"hp":31,"atk":31,"def":31,"spa":31,"spd":31,"spe":31}},{"name":"Pinsir","species":"Pinsir","item":"pinsirite","ability":"Moxie","moves":["quickattack","xscissor","frustration","closecombat"],"nature":"Adamant","evs":{"hp":248,"atk":252,"def":0,"spa":0,"spd":8,"spe":0},"happiness":0,"ivs":{"hp":31,"atk":31,"def":31,"spa":31,"spd":31,"spe":31}},{"name":"Genesect","species":"Genesect","item":"choicescarf","ability":"Download","moves":["icebeam","bugbuzz","technoblast","flashcannon"],"nature":"Timid","evs":{"hp":0,"atk":0,"def":4,"spa":252,"spd":0,"spe":252},"happiness":0,"ivs":{"hp":31,"atk":31,"def":31,"spa":31,"spd":31,"spe":31}}],"p2team":[{"name":"Cofagrigus","species":"Cofagrigus","item":"leftovers","ability":"Mummy","moves":["trickroom","shadowball","willowisp","destinybond"],"nature":"Sassy","evs":{"hp":252,"atk":0,"def":0,"spa":4,"spd":252,"spe":0},"ivs":{"hp":31,"atk":31,"def":31,"spa":31,"spd":31,"spe":0}},{"name":"Aegislash","species":"Aegislash","item":"leftovers","ability":"Stance Change","moves":["shadowball","kingsshield","shadowsneak","sacredsword"],"nature":"Quiet","evs":{"hp":252,"atk":0,"def":0,"spa":252,"spd":4,"spe":0},"ivs":{"hp":31,"atk":31,"def":31,"spa":31,"spd":31,"spe":31}},{"name":"Jellicent","species":"Jellicent","item":"leftovers","ability":"Water Absorb","moves":["trickroom","scald","toxic","recover"],"nature":"Relaxed","evs":{"hp":252,"atk":0,"def":252,"spa":0,"spd":4,"spe":0},"ivs":{"hp":31,"atk":31,"def":31,"spa":31,"spd":31,"spe":0}},{"name":"Sableye","species":"Sableye","item":"sablenite","ability":"Prankster","moves":["recover","willowisp","calmmind","darkpulse"],"nature":"Calm","evs":{"hp":248,"atk":0,"def":0,"spa":8,"spd":252,"spe":0},"ivs":{"hp":31,"atk":31,"def":31,"spa":31,"spd":31,"spe":31}},{"name":"Trevenant","species":"Trevenant","item":"sitrusberry","ability":"Harvest","moves":["hornleech","willowisp","substitute","leechseed"],"nature":"Careful","evs":{"hp":252,"atk":4,"def":0,"spa":0,"spd":252,"spe":0},"ivs":{"hp":31,"atk":31,"def":31,"spa":31,"spd":31,"spe":31}},{"name":"Golurk","species":"Golurk","item":"choiceband","ability":"No Guard","moves":["dynamicpunch","shadowpunch","icepunch","earthquake"],"nature":"Adamant","evs":{"hp":248,"atk":252,"def":0,"spa":0,"spd":8,"spe":0},"ivs":{"hp":31,"atk":31,"def":31,"spa":31,"spd":31,"spe":31}}],"log":["|player|p1|LightOfAKnowing|lightofaknowing.gif","|player|p2|Union Entropy|96","|gametype|singles","|gen|6","|tier|Monotype","|rated","|rule|Baton Pass Clause: Limit one Baton Passer, can't pass Spe and other stats simultaneously","|rule|Swagger Clause: Swagger is banned","|rule|Same Type Clause: Pokémon in a team must share a type","|clearpoke","|poke|p1|Vespiquen, F","|poke|p1|Heracross, F","|poke|p1|Forretress, M","|poke|p1|Galvantula, M","|poke|p1|Pinsir, F","|poke|p1|Genesect-*","|poke|p2|Cofagrigus, M","|poke|p2|Aegislash, F","|poke|p2|Jellicent, F","|poke|p2|Sableye, M","|poke|p2|Trevenant, M","|poke|p2|Golurk","|rule|Sleep Clause Mod: Limit one foe put to sleep","|rule|Species Clause: Limit one of each Pokémon","|rule|OHKO Clause: OHKO moves are banned","|rule|Moody Clause: Moody is banned","|rule|Evasion Moves Clause: Evasion moves are banned","|rule|Endless Battle Clause: Forcing endless battles is banned","|rule|HP Percentage Mod: HP is shown in percentages","|teampreview","|","|start","|switch|p1a: Galvantula|Galvantula, M|281/281","|switch|p2a: Cofagrigus|Cofagrigus, M|320/320","|turn|1","|","|switch|p1a: Forretress|Forretress, M|353/353","|move|p2a: Cofagrigus|Trick Room|p2a: Cofagrigus","|-fieldstart|move: Trick Room|[of] p2a: Cofagrigus","|","|turn|2","|","|move|p2a: Cofagrigus|Shadow Ball|p1a: Forretress","|-damage|p1a: Forretress|208/353","|move|p1a: Forretress|Stealth Rock|p2a: Cofagrigus","|-sidestart|p2: Union Entropy|move: Stealth Rock","|","|turn|3","|","|move|p2a: Cofagrigus|Shadow Ball|p1a: Forretress","|-damage|p1a: Forretress|63/353","|move|p1a: Forretress|Spikes|p2a: Cofagrigus","|-sidestart|p2: Union Entropy|Spikes","|","|turn|4","|-enditem|p1a: Forretress|Custap Berry|[eat]","|-activate|p1a: Forretress|Custap Berry","|","|move|p1a: Forretress|Spikes|p2a: Cofagrigus","|-sidestart|p2: Union Entropy|Spikes","|move|p2a: Cofagrigus|Shadow Ball|p1a: Forretress","|-damage|p1a: Forretress|0 fnt","|faint|p1a: Forretress","|","|","|switch|p1a: Galvantula|Galvantula, M|281/281","|turn|5","|","|move|p1a: Galvantula|Sucker Punch|p2a: Cofagrigus","|-fail|p1a: Galvantula","|move|p2a: Cofagrigus|Destiny Bond|p2a: Cofagrigus","|-singlemove|p2a: Cofagrigus|Destiny Bond","|","|-fieldend|move: Trick Room","|turn|6","|","|move|p1a: Galvantula|Volt Switch|p2a: Cofagrigus","|-damage|p2a: Cofagrigus|247/320","|","|switch|p1a: Heracross|Heracross, F|301/301","|move|p2a: Cofagrigus|Trick Room|p2a: Cofagrigus","|-fieldstart|move: Trick Room|[of] p2a: Cofagrigus","|","|-heal|p2a: Cofagrigus|267/320|[from] item: Leftovers","|turn|7","|","|move|p2a: Cofagrigus|Will-O-Wisp|p1a: Heracross","|-status|p1a: Heracross|brn","|move|p1a: Heracross|Knock Off|p2a: Cofagrigus","|-supereffective|p2a: Cofagrigus","|-damage|p2a: Cofagrigus|192/320","|-activate|p2a: Cofagrigus|ability: Mummy|moxie|[of] p1a: Heracross","|-enditem|p2a: Cofagrigus|Leftovers|[from] move: Knock Off|[of] p1a: Heracross","|","|-damage|p1a: Heracross|264/301 brn|[from] brn","|turn|8","|","|move|p2a: Cofagrigus|Shadow Ball|p1a: Heracross","|-damage|p1a: Heracross|174/301 brn","|move|p1a: Heracross|Knock Off|p2a: Cofagrigus","|-supereffective|p2a: Cofagrigus","|-damage|p2a: Cofagrigus|141/320","|","|-damage|p1a: Heracross|137/301 brn|[from] brn","|turn|9","|","|move|p2a: Cofagrigus|Shadow Ball|p1a: Heracross","|-damage|p1a: Heracross|38/301 brn","|move|p1a: Heracross|Knock Off|p2a: Cofagrigus","|-supereffective|p2a: Cofagrigus","|-damage|p2a: Cofagrigus|82/320","|","|-damage|p1a: Heracross|1/301 brn|[from] brn","|turn|10","|","|move|p2a: Cofagrigus|Shadow Ball|p1a: Heracross","|-damage|p1a: Heracross|0 fnt","|faint|p1a: Heracross","|","|-fieldend|move: Trick Room","|","|switch|p1a: Pinsir|Pinsir, F|333/333","|turn|11","|","|move|p1a: Pinsir|X-Scissor|p2a: Cofagrigus","|-resisted|p2a: Cofagrigus","|-damage|p2a: Cofagrigus|30/320","|-activate|p2a: Cofagrigus|ability: Mummy|moxie|[of] p1a: Pinsir","|move|p2a: Cofagrigus|Destiny Bond|p2a: Cofagrigus","|-singlemove|p2a: Cofagrigus|Destiny Bond","|","|turn|12","|","|switch|p1a: Galvantula|Galvantula, M|281/281","|move|p2a: Cofagrigus|Trick Room|p2a: Cofagrigus","|-fieldstart|move: Trick Room|[of] p2a: Cofagrigus","|","|turn|13","|","|move|p1a: Galvantula|Sucker Punch|p2a: Cofagrigus","|-fail|p1a: Galvantula","|move|p2a: Cofagrigus|Destiny Bond|p2a: Cofagrigus","|-singlemove|p2a: Cofagrigus|Destiny Bond","|","|turn|14","|","|move|p2a: Cofagrigus|Shadow Ball|p1a: Galvantula","|-damage|p1a: Galvantula|145/281","|move|p1a: Galvantula|Sticky Web|p2a: Cofagrigus","|-sidestart|p2: Union Entropy|move: Sticky Web","|","|turn|15","|","|move|p1a: Galvantula|Sucker Punch|p2a: Cofagrigus","|-fail|p1a: Galvantula","|move|p2a: Cofagrigus|Destiny Bond|p2a: Cofagrigus","|-singlemove|p2a: Cofagrigus|Destiny Bond","|","|turn|16","|","|move|p1a: Galvantula|Sucker Punch|p2a: Cofagrigus","|-supereffective|p2a: Cofagrigus","|-damage|p2a: Cofagrigus|0 fnt","|-activate|p2a: Cofagrigus|ability: Mummy|swarm|[of] p1a: Galvantula","|faint|p2a: Cofagrigus","|-activate|p2a: Cofagrigus|Destiny Bond","|faint|p1a: Galvantula","|","|-fieldend|move: Trick Room","|","|switch|p2a: Aegislash|Aegislash, F|324/324","|switch|p1a: Vespiquen|Vespiquen, F|343/343","|-damage|p2a: Aegislash|270/324|[from] Spikes","|-damage|p2a: Aegislash|250/324|[from] Stealth Rock","|-activate|p2a: Aegislash|move: Sticky Web","|-unboost|p2a: Aegislash|spe|1","|-ability|p1a: Vespiquen|Pressure","|turn|17","|","|move|p1a: Vespiquen|Defend Order|p1a: Vespiquen","|-boost|p1a: Vespiquen|def|1","|-boost|p1a: Vespiquen|spd|1","|-formechange|p2a: Aegislash|Aegislash-Blade","|move|p2a: Aegislash|Shadow Ball|p1a: Vespiquen","|-damage|p1a: Vespiquen|256/343","|","|-heal|p2a: Aegislash|270/324|[from] item: Leftovers","|turn|18","|","|move|p1a: Vespiquen|Mud-Slap|p2a: Aegislash","|-supereffective|p2a: Aegislash","|-damage|p2a: Aegislash|222/324","|-unboost|p2a: Aegislash|accuracy|1","|move|p2a: Aegislash|Shadow Ball|p1a: Vespiquen|[miss]","|-miss|p2a: Aegislash|p1a: Vespiquen","|","|-heal|p2a: Aegislash|242/324|[from] item: Leftovers","|turn|19","|","|switch|p2a: Jellicent|Jellicent, F|404/404","|-damage|p2a: Jellicent|337/404|[from] Spikes","|-damage|p2a: Jellicent|287/404|[from] Stealth Rock","|-activate|p2a: Jellicent|move: Sticky Web","|-unboost|p2a: Jellicent|spe|1","|move|p1a: Vespiquen|Roost|p1a: Vespiquen","|-heal|p1a: Vespiquen|343/343","|","|-heal|p2a: Jellicent|312/404|[from] item: Leftovers","|turn|20","|","|move|p1a: Vespiquen|Infestation|p2a: Jellicent","|-resisted|p2a: Jellicent","|-damage|p2a: Jellicent|302/404","|-activate|p2a: Jellicent|move: Infestation|[of] p1a: Vespiquen","|move|p2a: Jellicent|Trick Room|p2a: Jellicent","|-fieldstart|move: Trick Room|[of] p2a: Jellicent","|","|-heal|p2a: Jellicent|327/404|[from] item: Leftovers","|-damage|p2a: Jellicent|277/404|[from] move: Infestation|[partiallytrapped]","|turn|21","|","|move|p2a: Jellicent|Toxic|p1a: Vespiquen|[miss]","|-miss|p2a: Jellicent|p1a: Vespiquen","|move|p1a: Vespiquen|Mud-Slap|p2a: Jellicent","|-damage|p2a: Jellicent|263/404","|-unboost|p2a: Jellicent|accuracy|1","|","|-heal|p2a: Jellicent|288/404|[from] item: Leftovers","|-damage|p2a: Jellicent|238/404|[from] move: Infestation|[partiallytrapped]","|turn|22","|","|move|p2a: Jellicent|Toxic|p1a: Vespiquen","|-status|p1a: Vespiquen|tox","|move|p1a: Vespiquen|Mud-Slap|p2a: Jellicent","|-damage|p2a: Jellicent|224/404","|-unboost|p2a: Jellicent|accuracy|1","|","|-heal|p2a: Jellicent|249/404|[from] item: Leftovers","|-damage|p1a: Vespiquen|322/343 tox|[from] psn","|-damage|p2a: Jellicent|199/404|[from] move: Infestation|[partiallytrapped]","|turn|23","|","|move|p2a: Jellicent|Recover|p2a: Jellicent","|-heal|p2a: Jellicent|401/404","|move|p1a: Vespiquen|Defend Order|p1a: Vespiquen","|-boost|p1a: Vespiquen|def|1","|-boost|p1a: Vespiquen|spd|1","|","|-heal|p2a: Jellicent|404/404|[from] item: Leftovers","|-damage|p1a: Vespiquen|280/343 tox|[from] psn","|-damage|p2a: Jellicent|354/404|[from] move: Infestation|[partiallytrapped]","|turn|24","|","|move|p2a: Jellicent|Scald|p1a: Vespiquen","|-damage|p1a: Vespiquen|250/343 tox","|move|p1a: Vespiquen|Mud-Slap|p2a: Jellicent","|-damage|p2a: Jellicent|341/404","|-unboost|p2a: Jellicent|accuracy|1","|","|-heal|p2a: Jellicent|366/404|[from] item: Leftovers","|-damage|p1a: Vespiquen|187/343 tox|[from] psn","|-end|p2a: Jellicent|Infestation|[partiallytrapped]","|-fieldend|move: Trick Room","|turn|25","|","|move|p1a: Vespiquen|Infestation|p2a: Jellicent","|-resisted|p2a: Jellicent","|-damage|p2a: Jellicent|357/404","|-activate|p2a: Jellicent|move: Infestation|[of] p1a: Vespiquen","|move|p2a: Jellicent|Trick Room|p2a: Jellicent","|-fieldstart|move: Trick Room|[of] p2a: Jellicent","|","|-heal|p2a: Jellicent|382/404|[from] item: Leftovers","|-damage|p1a: Vespiquen|103/343 tox|[from] psn","|-damage|p2a: Jellicent|332/404|[from] move: Infestation|[partiallytrapped]","|turn|26","|","|move|p2a: Jellicent|Scald|p1a: Vespiquen","|-damage|p1a: Vespiquen|72/343 tox","|move|p1a: Vespiquen|Roost|p1a: Vespiquen","|-heal|p1a: Vespiquen|244/343 tox","|","|-heal|p2a: Jellicent|357/404|[from] item: Leftovers","|-damage|p1a: Vespiquen|139/343 tox|[from] psn","|-damage|p2a: Jellicent|307/404|[from] move: Infestation|[partiallytrapped]","|turn|27","|","|move|p2a: Jellicent|Recover|p2a: Jellicent","|-heal|p2a: Jellicent|404/404","|move|p1a: Vespiquen|Roost|p1a: Vespiquen","|-heal|p1a: Vespiquen|311/343 tox","|","|-damage|p1a: Vespiquen|185/343 tox|[from] psn","|-damage|p2a: Jellicent|354/404|[from] move: Infestation|[partiallytrapped]","|turn|28","|","|move|p2a: Jellicent|Scald|p1a: Vespiquen","|-damage|p1a: Vespiquen|155/343 tox","|move|p1a: Vespiquen|Roost|p1a: Vespiquen","|-heal|p1a: Vespiquen|327/343 tox","|","|-heal|p2a: Jellicent|379/404|[from] item: Leftovers","|-damage|p1a: Vespiquen|180/343 tox|[from] psn","|-damage|p2a: Jellicent|329/404|[from] move: Infestation|[partiallytrapped]","|turn|29","|","|move|p2a: Jellicent|Scald|p1a: Vespiquen","|-damage|p1a: Vespiquen|153/343 tox","|move|p1a: Vespiquen|Roost|p1a: Vespiquen","|-heal|p1a: Vespiquen|325/343 tox","|","|-heal|p2a: Jellicent|354/404|[from] item: Leftovers","|-damage|p1a: Vespiquen|157/343 tox|[from] psn","|-end|p2a: Jellicent|Infestation|[partiallytrapped]","|-fieldend|move: Trick Room","|turn|30","|","|move|p1a: Vespiquen|Infestation|p2a: Jellicent","|-resisted|p2a: Jellicent","|-damage|p2a: Jellicent|345/404","|-activate|p2a: Jellicent|move: Infestation|[of] p1a: Vespiquen","|move|p2a: Jellicent|Trick Room|p2a: Jellicent","|-fieldstart|move: Trick Room|[of] p2a: Jellicent","|","|-heal|p2a: Jellicent|370/404|[from] item: Leftovers","|-damage|p1a: Vespiquen|0 fnt|[from] psn","|faint|p1a: Vespiquen","|","|switch|p1a: Genesect|Genesect|283/283","|-boost|p1a: Genesect|spa|1|[from] ability: Download","|turn|31","|","|move|p2a: Jellicent|Scald|p1a: Genesect|[miss]","|-miss|p2a: Jellicent|p1a: Genesect","|move|p1a: Genesect|Ice Beam|p2a: Jellicent","|-resisted|p2a: Jellicent","|-damage|p2a: Jellicent|301/404","|-status|p2a: Jellicent|frz","|","|-heal|p2a: Jellicent|326/404 frz|[from] item: Leftovers","|turn|32","|","|switch|p2a: Golurk|Golurk|381/381","|-damage|p2a: Golurk|358/381|[from] Stealth Rock","|-damage|p2a: Golurk|295/381|[from] Spikes","|-activate|p2a: Golurk|move: Sticky Web","|-unboost|p2a: Golurk|spe|1","|switch|p1a: Pinsir|Pinsir, F|333/333","|","|turn|33","|","|detailschange|p1a: Pinsir|Pinsir-Mega, F","|-mega|p1a: Pinsir|Pinsir|Pinsirite","|move|p2a: Golurk|Dynamic Punch|p1a: Pinsir","|-resisted|p1a: Pinsir","|-damage|p1a: Pinsir|294/333","|-start|p1a: Pinsir|confusion","|-activate|p1a: Pinsir|confusion","|move|p1a: Pinsir|Frustration|p2a: Golurk","|-damage|p2a: Golurk|0 fnt","|faint|p2a: Golurk","|","|","|switch|p2a: Aegislash|Aegislash, F|242/324","|-damage|p2a: Aegislash|222/324|[from] Stealth Rock","|-activate|p2a: Aegislash|move: Sticky Web","|-unboost|p2a: Aegislash|spe|1","|-damage|p2a: Aegislash|168/324|[from] Spikes","|turn|34","|","|switch|p1a: Genesect|Genesect|283/283","|-boost|p1a: Genesect|atk|1|[from] ability: Download","|-formechange|p2a: Aegislash|Aegislash-Blade","|move|p2a: Aegislash|Shadow Ball|p1a: Genesect","|-damage|p1a: Genesect|94/283","|","|-heal|p2a: Aegislash|188/324|[from] item: Leftovers","|-fieldend|move: Trick Room","|turn|35","|","|-formechange|p2a: Aegislash|Aegislash","|move|p2a: Aegislash|King's Shield|p2a: Aegislash","|-singleturn|p2a: Aegislash|Protect","|move|p1a: Genesect|Ice Beam|p2a: Aegislash","|-activate|p2a: Aegislash|Protect","|","|-heal|p2a: Aegislash|208/324|[from] item: Leftovers","|turn|36","|","|move|p1a: Genesect|Ice Beam|p2a: Aegislash","|-resisted|p2a: Aegislash","|-damage|p2a: Aegislash|170/324","|-formechange|p2a: Aegislash|Aegislash-Blade","|move|p2a: Aegislash|Shadow Ball|p1a: Genesect","|-damage|p1a: Genesect|0 fnt","|faint|p1a: Genesect","|","|-heal|p2a: Aegislash|190/324|[from] item: Leftovers","|","|switch|p1a: Pinsir|Pinsir-Mega, F|294/333","|turn|37","|","|move|p1a: Pinsir|Quick Attack|p2a: Aegislash","|-crit|p2a: Aegislash","|-resisted|p2a: Aegislash","|-damage|p2a: Aegislash|48/324","|move|p2a: Aegislash|Shadow Ball|p1a: Pinsir","|-damage|p1a: Pinsir|99/333","|","|-heal|p2a: Aegislash|68/324|[from] item: Leftovers","|turn|38","|","|-formechange|p2a: Aegislash|Aegislash","|move|p2a: Aegislash|King's Shield|p2a: Aegislash","|-singleturn|p2a: Aegislash|Protect","|move|p1a: Pinsir|Close Combat|p2a: Aegislash","|-immune|p2a: Aegislash|[msg]","|","|-heal|p2a: Aegislash|88/324|[from] item: Leftovers","|turn|39","|","|move|p2a: Aegislash|King's Shield|p2a: Aegislash","|-fail|p2a: Aegislash","|move|p1a: Pinsir|Frustration|p2a: Aegislash","|-resisted|p2a: Aegislash","|-damage|p2a: Aegislash|0 fnt","|faint|p2a: Aegislash","|","|","|switch|p2a: Sableye|Sableye, M|303/303","|-damage|p2a: Sableye|253/303|[from] Spikes","|-activate|p2a: Sableye|move: Sticky Web","|-unboost|p2a: Sableye|spe|1","|-damage|p2a: Sableye|216/303|[from] Stealth Rock","|turn|40","|","|detailschange|p2a: Sableye|Sableye-Mega, M","|-mega|p2a: Sableye|Sableye|Sablenite","|move|p1a: Pinsir|Quick Attack|p2a: Sableye","|-damage|p2a: Sableye|126/303","|move|p2a: Sableye|Will-O-Wisp|p1a: Pinsir","|-status|p1a: Pinsir|brn","|","|-damage|p1a: Pinsir|58/333 brn|[from] brn","|turn|41","|","|move|p1a: Pinsir|Frustration|p2a: Sableye","|-crit|p2a: Sableye","|-damage|p2a: Sableye|0 fnt","|faint|p2a: Sableye","|","|-damage|p1a: Pinsir|17/333 brn|[from] brn","|","|switch|p2a: Trevenant|Trevenant, M|374/374","|-damage|p2a: Trevenant|312/374|[from] Spikes","|-damage|p2a: Trevenant|266/374|[from] Stealth Rock","|-activate|p2a: Trevenant|move: Sticky Web","|-unboost|p2a: Trevenant|spe|1","|turn|42","|","|move|p1a: Pinsir|Quick Attack|p2a: Trevenant","|-supereffective|p2a: Trevenant","|-damage|p2a: Trevenant|127/374","|-enditem|p2a: Trevenant|Sitrus Berry|[eat]","|-heal|p2a: Trevenant|220/374|[from] item: Sitrus Berry","|move|p2a: Trevenant|Horn Leech|p1a: Pinsir","|-resisted|p1a: Pinsir","|-damage|p1a: Pinsir|0 fnt","|-heal|p2a: Trevenant|229/374|[from] drain|[of] p1a: Pinsir","|faint|p1a: Pinsir","|","|win|Union Entropy"],"p1rating":{"entryid":"386","serverid":"eos","formatid":"monotype","userid":"lightofaknowing","username":"LightOfAKnowing","w":"4","l":10,"t":"0","gxe":37.1,"r":"1402.3929578154","rd":"85.822828093539","sigma":"0","rptime":"1439974800","rpr":1398.3249670481,"rprd":80.158102042108,"rpsigma":"0","acre":1036.2697173335,"lacre":1036.2697173335,"oldacre":"1058.0812205845"},"p2rating":{"entryid":154436,"formatid":"monotype","userid":"unionentropy","username":"Union Entropy","r":1500,"rd":130,"sigma":0,"rpr":1530.7824158755,"rprd":122.77226007828,"rpsigma":0,"rptime":1439974800,"w":1,"l":0,"t":0,"gxe":53.8,"acre":1046.6252454859,"lacre":1046.6252454859,"oldacre":1000},"endType":"normal"}