{"seed":[11618,37398,33021,13208],"turns":21,"p1":"TwerkingDiglett","p2":"Vodoom","p1team":[{"name":"Lopunny","species":"Lopunny","item":"lopunnite","ability":"Limber","moves":["highjumpkick","fakeout","return","icepunch"],"nature":"Jolly","evs":{"hp":4,"atk":252,"def":0,"spa":0,"spd":0,"spe":252},"gender":"F","ivs":{"hp":31,"atk":31,"def":31,"spa":31,"spd":31,"spe":31}},{"name":"Porygon2","species":"Porygon2","item":"eviolite","ability":"Trace","moves":["icebeam","toxic","discharge","recover"],"nature":"Bold","evs":{"hp":252,"atk":0,"def":252,"spa":4,"spd":0,"spe":0},"ivs":{"hp":31,"atk":0,"def":31,"spa":31,"spd":31,"spe":31}},{"name":"Staraptor","species":"Staraptor","item":"leftovers","ability":"Intimidate","moves":["bravebird","roost","defog","featherdance"],"nature":"Impish","evs":{"hp":252,"atk":4,"def":252,"spa":0,"spd":0,"spe":0},"ivs":{"hp":31,"atk":31,"def":31,"spa":31,"spd":31,"spe":31}},{"name":"Chansey","species":"Chansey","item":"eviolite","ability":"Natural Cure","moves":["softboiled","seismictoss","thunderwave","healbell"],"nature":"Calm","evs":{"hp":4,"atk":0,"def":252,"spa":0,"spd":252,"spe":0},"ivs":{"hp":31,"atk":0,"def":31,"spa":31,"spd":31,"spe":31}},{"name":"Exploud","species":"Exploud","item":"choicespecs","ability":"Scrappy","moves":["boomburst","overheat","focusblast","surf"],"nature":"Modest","evs":{"hp":4,"atk":0,"def":0,"spa":252,"spd":0,"spe":252},"gender":"M","ivs":{"hp":31,"atk":0,"def":31,"spa":31,"spd":31,"spe":31}},{"name":"Smeargle","species":"Smeargle","item":"focussash","ability":"Technician","moves":["darkvoid","stickyweb","magiccoat","stealthrock"],"nature":"Timid","evs":{"hp":252,"atk":0,"def":0,"spa":0,"spd":4,"spe":252},"gender":"F","ivs":{"hp":31,"atk":0,"def":31,"spa":31,"spd":31,"spe":31}}],"p2team":[{"name":"TNT","species":"tyranitar","item":"assaultvest","ability":"Sand Stream","moves":["thunderbolt","darkpulse","ancientpower","flamethrower"],"nature":"Modest","evs":{"hp":248,"atk":0,"def":0,"spa":252,"spd":8,"spe":0},"ivs":{"hp":31,"atk":31,"def":31,"spa":31,"spd":31,"spe":31}},{"name":"Bull","species":"terrakion","item":"choicescarf","ability":"Justified","moves":["closecombat","earthquake","rockslide","quickattack"],"nature":"Jolly","evs":{"hp":0,"atk":252,"def":0,"spa":0,"spd":4,"spe":252},"ivs":{"hp":31,"atk":31,"def":31,"spa":31,"spd":31,"spe":31}},{"name":"Steel Rex","species":"aggron","item":"aggronite","ability":"Sturdy","moves":["counter","earthquake","rest","heavyslam"],"nature":"Impish","evs":{"hp":248,"atk":0,"def":252,"spa":0,"spd":8,"spe":0},"ivs":{"hp":31,"atk":31,"def":31,"spa":31,"spd":31,"spe":31}},{"name":"The real deal","species":"lileep","item":"eviolite","ability":"Storm Drain","moves":["recover","toxic","infestation","gigadrain"],"nature":"Calm","evs":{"hp":252,"atk":0,"def":0,"spa":4,"spd":252,"spe":0},"ivs":{"hp":31,"atk":31,"def":31,"spa":31,"spd":31,"spe":31}},{"name":"Diancie","species":"Diancie","item":"diancite","ability":"Clear Body","moves":["protect","earthpower","diamondstorm","moonblast"],"nature":"Hasty","evs":{"hp":0,"atk":4,"def":0,"spa":252,"spd":0,"spe":252},"ivs":{"hp":31,"atk":31,"def":31,"spa":31,"spd":31,"spe":31}},{"name":"Aurorus","species":"Aurorus","item":"choicescarf","ability":"Refrigerate","moves":["freezedry","hypervoice","discharge","ancientpower"],"nature":"Timid","evs":{"hp":0,"atk":0,"def":0,"spa":252,"spd":4,"spe":252},"ivs":{"hp":31,"atk":31,"def":31,"spa":31,"spd":31,"spe":31}}],"log":["|player|p1|TwerkingDiglett|278","|player|p2|Vodoom|2","|gametype|singles","|gen|6","|tier|Monotype","|rated","|rule|Baton Pass Clause: Limit one Baton Passer, can't pass Spe and other stats simultaneously","|rule|Swagger Clause: Swagger is banned","|rule|Same Type Clause: Pokémon in a team must share a type","|clearpoke","|poke|p1|Lopunny, F","|poke|p1|Porygon2","|poke|p1|Staraptor, F","|poke|p1|Chansey, F","|poke|p1|Exploud, M","|poke|p1|Smeargle, F","|poke|p2|Tyranitar, F","|poke|p2|Terrakion","|poke|p2|Aggron, M","|poke|p2|Lileep, M","|poke|p2|Diancie","|poke|p2|Aurorus, M","|rule|Sleep Clause Mod: Limit one foe put to sleep","|rule|Species Clause: Limit one of each Pokémon","|rule|OHKO Clause: OHKO moves are banned","|rule|Moody Clause: Moody is banned","|rule|Evasion Moves Clause: Evasion moves are banned","|rule|Endless Battle Clause: Forcing endless battles is banned","|rule|HP Percentage Mod: HP is shown in percentages","|teampreview","|","|start","|switch|p1a: Smeargle|Smeargle, F|314/314","|switch|p2a: Diancie|Diancie|241/241","|turn|1","|","|detailschange|p2a: Diancie|Diancie-Mega","|-mega|p2a: Diancie|Diancie|Diancite","|move|p1a: Smeargle|Dark Void|p2a: Diancie","|move|p2a: Diancie|Dark Void|p1a: Smeargle|[from]Magic Bounce","|-status|p1a: Smeargle|slp","|move|p2a: Diancie|Moonblast|p1a: Smeargle","|-enditem|p1a: Smeargle|Focus Sash","|-damage|p1a: Smeargle|1/314 slp","|-unboost|p1a: Smeargle|spa|1","|","|turn|2","|","|move|p2a: Diancie|Diamond Storm|p1a: Smeargle","|-damage|p1a: Smeargle|0 fnt","|-boost|p2a: Diancie|def|1","|faint|p1a: Smeargle","|","|","|switch|p1a: Exploud|Exploud, M|350/350","|turn|3","|","|move|p2a: Diancie|Protect|p2a: Diancie","|-singleturn|p2a: Diancie|Protect","|move|p1a: Exploud|Surf|p2a: Diancie","|-activate|p2a: Diancie|Protect","|","|turn|4","|","|switch|p2a: The real deal|Lileep, M|336/336","|move|p1a: Exploud|Surf|p2a: The real deal","|-boost|p2a: The real deal|spa|1|[from] ability: Storm Drain","|","|turn|5","|","|switch|p1a: Chansey|Chansey, F|642/642","|move|p2a: The real deal|Toxic|p1a: Chansey","|-status|p1a: Chansey|tox","|","|-damage|p1a: Chansey|602/642 tox|[from] psn","|turn|6","|","|move|p1a: Chansey|Thunder Wave|p2a: The real deal","|-status|p2a: The real deal|par","|move|p2a: The real deal|Infestation|p1a: Chansey","|-damage|p1a: Chansey|595/642 tox","|-activate|p1a: Chansey|move: Infestation|[of] p2a: The real deal","|","|-damage|p1a: Chansey|515/642 tox|[from] psn","|-damage|p1a: Chansey|435/642 tox|[from] move: Infestation|[partiallytrapped]","|turn|7","|","|move|p1a: Chansey|Seismic Toss|p2a: The real deal","|-damage|p2a: The real deal|236/336 par","|cant|p2a: The real deal|par","|","|-damage|p1a: Chansey|315/642 tox|[from] psn","|-damage|p1a: Chansey|235/642 tox|[from] move: Infestation|[partiallytrapped]","|turn|8","|","|move|p1a: Chansey|Seismic Toss|p2a: The real deal","|-damage|p2a: The real deal|136/336 par","|cant|p2a: The real deal|par","|","|-damage|p1a: Chansey|75/642 tox|[from] psn","|-damage|p1a: Chansey|0 fnt|[from] move: Infestation|[partiallytrapped]","|faint|p1a: Chansey","|","|switch|p1a: Porygon2|Porygon2|374/374","|-ability|p1a: Porygon2|Storm Drain|[from] ability: Trace|[of] p2a: The real deal","|turn|9","|","|move|p1a: Porygon2|Ice Beam|p2a: The real deal","|-supereffective|p2a: The real deal","|-damage|p2a: The real deal|64/336 par","|move|p2a: The real deal|Toxic|p1a: Porygon2","|-status|p1a: Porygon2|tox","|","|-damage|p1a: Porygon2|351/374 tox|[from] psn","|turn|10","|","|move|p1a: Porygon2|Ice Beam|p2a: The real deal","|-supereffective|p2a: The real deal","|-damage|p2a: The real deal|0 fnt","|faint|p2a: The real deal","|","|-damage|p1a: Porygon2|305/374 tox|[from] psn","|","|switch|p2a: Aurorus|Aurorus, M|387/387","|turn|11","|","|move|p2a: Aurorus|Hyper Voice|p1a: Porygon2","|-damage|p1a: Porygon2|191/374 tox","|move|p1a: Porygon2|Toxic|p2a: Aurorus","|-status|p2a: Aurorus|tox","|","|-damage|p2a: Aurorus|363/387 tox|[from] psn","|-damage|p1a: Porygon2|122/374 tox|[from] psn","|turn|12","|","|move|p2a: Aurorus|Hyper Voice|p1a: Porygon2","|-damage|p1a: Porygon2|1/374 tox","|move|p1a: Porygon2|Recover|p1a: Porygon2","|-heal|p1a: Porygon2|188/374 tox","|","|-damage|p2a: Aurorus|315/387 tox|[from] psn","|-damage|p1a: Porygon2|96/374 tox|[from] psn","|turn|13","|","|move|p2a: Aurorus|Hyper Voice|p1a: Porygon2","|-damage|p1a: Porygon2|0 fnt","|faint|p1a: Porygon2","|","|-damage|p2a: Aurorus|243/387 tox|[from] psn","|","|switch|p1a: Exploud|Exploud, M|350/350","|turn|14","|","|move|p2a: Aurorus|Hyper Voice|p1a: Exploud","|-damage|p1a: Exploud|107/350","|move|p1a: Exploud|Surf|p2a: Aurorus","|-supereffective|p2a: Aurorus","|-damage|p2a: Aurorus|0 fnt","|faint|p2a: Aurorus","|","|","|switch|p2a: Bull|Terrakion|323/323","|turn|15","|","|move|p2a: Bull|Close Combat|p1a: Exploud","|-supereffective|p1a: Exploud","|-damage|p1a: Exploud|0 fnt","|-unboost|p2a: Bull|def|1","|-unboost|p2a: Bull|spd|1","|faint|p1a: Exploud","|","|","|switch|p1a: Staraptor|Staraptor, F|374/374","|-ability|p1a: Staraptor|Intimidate","|-unboost|p2a: Bull|atk|1","|turn|16","|","|switch|p2a: TNT|Tyranitar, F|403/403","|-weather|Sandstorm","|move|p1a: Staraptor|Brave Bird|p2a: TNT","|-resisted|p2a: TNT","|-damage|p2a: TNT|331/403","|-damage|p1a: Staraptor|350/374|[from] recoil|[of] p2a: TNT","|","|-weather|Sandstorm|[upkeep]","|-damage|p1a: Staraptor|327/374|[from] sandstorm","|-heal|p1a: Staraptor|350/374|[from] item: Leftovers","|turn|17","|","|move|p1a: Staraptor|Brave Bird|p2a: TNT","|-resisted|p2a: TNT","|-damage|p2a: TNT|255/403","|-damage|p1a: Staraptor|325/374|[from] recoil|[of] p2a: TNT","|move|p2a: TNT|Ancient Power|p1a: Staraptor","|-supereffective|p1a: Staraptor","|-damage|p1a: Staraptor|55/374","|","|-weather|Sandstorm|[upkeep]","|-damage|p1a: Staraptor|32/374|[from] sandstorm","|-heal|p1a: Staraptor|55/374|[from] item: Leftovers","|turn|18","|","|move|p1a: Staraptor|Brave Bird|p2a: TNT","|-resisted|p2a: TNT","|-damage|p2a: TNT|183/403","|-damage|p1a: Staraptor|31/374|[from] recoil|[of] p2a: TNT","|move|p2a: TNT|Ancient Power|p1a: Staraptor","|-supereffective|p1a: Staraptor","|-damage|p1a: Staraptor|0 fnt","|faint|p1a: Staraptor","|","|-weather|Sandstorm|[upkeep]","|","|switch|p1a: Lopunny|Lopunny, F|272/272","|turn|19","|","|detailschange|p1a: Lopunny|Lopunny-Mega, F","|-mega|p1a: Lopunny|Lopunny|Lopunnite","|move|p1a: Lopunny|Fake Out|p2a: TNT","|-crit|p2a: TNT","|-resisted|p2a: TNT","|-damage|p2a: TNT|129/403","|cant|p2a: TNT|flinch","|","|-weather|Sandstorm|[upkeep]","|-damage|p1a: Lopunny|255/272|[from] sandstorm","|turn|20","|","|move|p1a: Lopunny|High Jump Kick|p2a: TNT","|-supereffective|p2a: TNT","|-damage|p2a: TNT|0 fnt","|faint|p2a: TNT","|","|-weather|none","|","|switch|p2a: Steel Rex|Aggron, M|343/343","|turn|21","|","|move|p1a: Lopunny|High Jump Kick|p2a: Steel Rex","|-supereffective|p2a: Steel Rex","|-ability|p2a: Steel Rex|Sturdy","|-damage|p2a: Steel Rex|1/343","|move|p2a: Steel Rex|Counter|p1a: Lopunny","|-damage|p1a: Lopunny|0 fnt","|faint|p1a: Lopunny","|","|win|Vodoom"],"p1rating":{"entryid":114657,"formatid":"monotype","userid":"twerkingdiglett","username":"TwerkingDiglett","r":1500,"rd":130,"sigma":0,"rpr":1459.8393856612,"rprd":122.8583080769,"rpsigma":0,"rptime":1439974800,"w":0,"l":1,"t":0,"gxe":45,"acre":1000,"lacre":1000,"oldacre":1000},"p2rating":{"entryid":"114353","serverid":"eos","formatid":"monotype","userid":"vodoom","username":"Vodoom","w":2,"l":"0","t":"0","gxe":59,"r":"1500","rd":"130","sigma":"0","rptime":"1439974800","rpr":1572.5671258289,"rprd":116.77753930647,"rpsigma":"0","acre":1070.1028089042,"lacre":1070.1028089042,"oldacre":"1040"},"endType":"normal"}