{"seed":[64126,65119,214,61955],"turns":25,"p1":"xNailz","p2":"GTX♅Bzumzum","p1team":[{"name":"Charizard","species":"Charizard","item":"charizarditey","ability":"Blaze","moves":["solarbeam","flamethrower","dragonpulse","defog"],"nature":"Timid","evs":{"hp":0,"atk":0,"def":0,"spa":252,"spd":4,"spe":252},"ivs":{"hp":31,"atk":0,"def":31,"spa":31,"spd":31,"spe":31}},{"name":"Infernape","species":"Infernape","item":"focussash","ability":"Iron Fist","moves":["closecombat","overheat","machpunch","stealthrock"],"nature":"Naive","evs":{"hp":0,"atk":252,"def":4,"spa":0,"spd":0,"spe":252},"ivs":{"hp":31,"atk":30,"def":30,"spa":31,"spd":31,"spe":31}},{"name":"Victini","species":"Victini","item":"choicescarf","ability":"Victory Star","moves":["vcreate","boltstrike","uturn","zenheadbutt"],"nature":"Naive","evs":{"hp":0,"atk":252,"def":0,"spa":4,"spd":0,"spe":252},"ivs":{"hp":31,"atk":31,"def":31,"spa":31,"spd":31,"spe":31}},{"name":"Arcanine","species":"Arcanine","item":"leftovers","ability":"Intimidate","moves":["willowisp","extremespeed","morningsun","ironhead"],"nature":"Impish","evs":{"hp":240,"atk":0,"def":252,"spa":0,"spd":0,"spe":16},"ivs":{"hp":31,"atk":30,"def":30,"spa":31,"spd":31,"spe":31}},{"name":"Rotom-Heat","species":"Rotom-Heat","item":"leftovers","ability":"Levitate","moves":["thunderwave","overheat","hiddenpowerice","voltswitch"],"nature":"Modest","evs":{"hp":248,"atk":0,"def":0,"spa":8,"spd":252,"spe":0},"ivs":{"hp":31,"atk":30,"def":30,"spa":31,"spd":31,"spe":31}},{"name":"Chandelure","species":"Chandelure","item":"lifeorb","ability":"Infiltrator","moves":["flamethrower","energyball","trickroom","shadowball"],"nature":"Quiet","evs":{"hp":248,"atk":0,"def":8,"spa":252,"spd":0,"spe":0},"ivs":{"hp":31,"atk":30,"def":30,"spa":31,"spd":31,"spe":31}}],"p2team":[{"name":"Elec","species":"manectric","item":"manectite","ability":"Lightning Rod","moves":["thunderbolt","hiddenpowerice","flamethrower","voltswitch"],"nature":"Timid","evs":{"hp":0,"atk":0,"def":0,"spa":252,"spd":4,"spe":252},"gender":"M","ivs":{"hp":31,"atk":30,"def":30,"spa":31,"spd":31,"spe":31}},{"name":"Breezer","species":"rotomfrost","item":"leftovers","ability":"Levitate","moves":["blizzard","painsplit","protect","willowisp"],"nature":"Bold","evs":{"hp":252,"atk":0,"def":28,"spa":228,"spd":0,"spe":0},"ivs":{"hp":31,"atk":31,"def":30,"spa":30,"spd":30,"spe":30},"shiny":true},{"name":"MY ZONE!!!","species":"magnezone","item":"choicespecs","ability":"Sturdy","moves":["hiddenpowerice","flashcannon","triattack","voltswitch"],"nature":"Timid","evs":{"hp":248,"atk":0,"def":0,"spa":252,"spd":0,"spe":8},"ivs":{"hp":31,"atk":30,"def":30,"spa":31,"spd":31,"spe":31},"shiny":true},{"name":"Thundurus","species":"Thundurus","item":"lifeorb","ability":"Prankster","moves":["grassknot","psychic","embargo","raindance"],"nature":"Timid","evs":{"hp":0,"atk":0,"def":4,"spa":252,"spd":0,"spe":252},"ivs":{"hp":31,"atk":30,"def":30,"spa":31,"spd":31,"spe":31},"shiny":true},{"name":"Zapz","species":"zapdos","item":"leftovers","ability":"Pressure","moves":["heatwave","roost","extrasensory","defog"],"nature":"Modest","evs":{"hp":252,"atk":0,"def":0,"spa":252,"spd":4,"spe":0},"shiny":true,"ivs":{"hp":31,"atk":31,"def":31,"spa":31,"spd":31,"spe":31}},{"name":"Plugg-in Failure","species":"electivire","item":"choicescarf","ability":"Vital Spirit","moves":["thunderpunch","earthquake","icepunch","rockslide"],"nature":"Jolly","evs":{"hp":0,"atk":252,"def":0,"spa":0,"spd":4,"spe":252},"gender":"M","shiny":true,"ivs":{"hp":31,"atk":31,"def":31,"spa":31,"spd":31,"spe":31}}],"log":["|player|p1|xNailz|160","|player|p2|GTX♅Bzumzum|225","|gametype|singles","|gen|6","|tier|Monotype","|rated","|rule|Baton Pass Clause: Limit one Baton Passer, can't pass Spe and other stats simultaneously","|rule|Swagger Clause: Swagger is banned","|rule|Same Type Clause: Pokémon in a team must share a type","|clearpoke","|poke|p1|Charizard, F","|poke|p1|Infernape, M","|poke|p1|Victini","|poke|p1|Arcanine, M","|poke|p1|Rotom-Heat","|poke|p1|Chandelure, F","|poke|p2|Manectric, M","|poke|p2|Rotom-Frost, shiny","|poke|p2|Magnezone, shiny","|poke|p2|Thundurus, M, shiny","|poke|p2|Zapdos, shiny","|poke|p2|Electivire, M, shiny","|rule|Sleep Clause Mod: Limit one foe put to sleep","|rule|Species Clause: Limit one of each Pokémon","|rule|OHKO Clause: OHKO moves are banned","|rule|Moody Clause: Moody is banned","|rule|Evasion Moves Clause: Evasion moves are banned","|rule|Endless Battle Clause: Forcing endless battles is banned","|rule|HP Percentage Mod: HP is shown in percentages","|teampreview","|","|start","|switch|p1a: Infernape|Infernape, M|293/293","|switch|p2a: Thundurus|Thundurus, M, shiny|299/299","|turn|1","|","|switch|p1a: Rotom-Heat|Rotom-Heat|303/303","|move|p2a: Thundurus|Psychic|p1a: Rotom-Heat","|-damage|p1a: Rotom-Heat|204/303","|-damage|p2a: Thundurus|270/299|[from] item: Life Orb","|","|-heal|p1a: Rotom-Heat|222/303|[from] item: Leftovers","|turn|2","|","|move|p2a: Thundurus|Rain Dance|p2a: Thundurus","|-weather|RainDance","|move|p1a: Rotom-Heat|Hidden Power|p2a: Thundurus","|-supereffective|p2a: Thundurus","|-damage|p2a: Thundurus|142/299","|","|-weather|RainDance|[upkeep]","|-heal|p1a: Rotom-Heat|240/303|[from] item: Leftovers","|turn|3","|","|switch|p2a: Zapz|Zapdos, shiny|384/384","|-ability|p2a: Zapz|Pressure","|move|p1a: Rotom-Heat|Hidden Power|p2a: Zapz","|-supereffective|p2a: Zapz","|-damage|p2a: Zapz|274/384","|","|-weather|RainDance|[upkeep]","|-heal|p2a: Zapz|298/384|[from] item: Leftovers","|-heal|p1a: Rotom-Heat|258/303|[from] item: Leftovers","|turn|4","|","|move|p2a: Zapz|Extrasensory|p1a: Rotom-Heat","|-damage|p1a: Rotom-Heat|185/303","|move|p1a: Rotom-Heat|Hidden Power|p2a: Zapz","|-supereffective|p2a: Zapz","|-damage|p2a: Zapz|180/384","|","|-weather|RainDance|[upkeep]","|-heal|p2a: Zapz|204/384|[from] item: Leftovers","|-heal|p1a: Rotom-Heat|203/303|[from] item: Leftovers","|turn|5","|","|move|p2a: Zapz|Extrasensory|p1a: Rotom-Heat","|-damage|p1a: Rotom-Heat|130/303","|move|p1a: Rotom-Heat|Volt Switch|p2a: Zapz","|-damage|p2a: Zapz|99/384","|","|switch|p1a: Charizard|Charizard, F|297/297","|","|-weather|RainDance|[upkeep]","|-heal|p2a: Zapz|123/384|[from] item: Leftovers","|turn|6","|","|detailschange|p1a: Charizard|Charizard-Mega-Y, F","|-mega|p1a: Charizard|Charizard|Charizardite Y","|-weather|SunnyDay","|move|p1a: Charizard|Flamethrower|p2a: Zapz","|-damage|p2a: Zapz|0 fnt","|faint|p2a: Zapz","|","|-weather|SunnyDay|[upkeep]","|","|switch|p2a: Thundurus|Thundurus, M, shiny|142/299","|turn|7","|","|move|p2a: Thundurus|Rain Dance|p2a: Thundurus","|-weather|RainDance","|move|p1a: Charizard|Flamethrower|p2a: Thundurus","|-damage|p2a: Thundurus|33/299","|","|-weather|RainDance|[upkeep]","|turn|8","|","|switch|p1a: Rotom-Heat|Rotom-Heat|130/303","|move|p2a: Thundurus|Psychic|p1a: Rotom-Heat","|-damage|p1a: Rotom-Heat|20/303","|-damage|p2a: Thundurus|4/299|[from] item: Life Orb","|","|-weather|RainDance|[upkeep]","|-heal|p1a: Rotom-Heat|38/303|[from] item: Leftovers","|turn|9","|","|switch|p2a: Elec|Manectric, M|281/281","|move|p1a: Rotom-Heat|Hidden Power|p2a: Elec","|-damage|p2a: Elec|199/281","|","|-weather|RainDance|[upkeep]","|-heal|p1a: Rotom-Heat|56/303|[from] item: Leftovers","|turn|10","|","|move|p2a: Elec|Volt Switch|p1a: Rotom-Heat","|-resisted|p1a: Rotom-Heat","|-damage|p1a: Rotom-Heat|15/303","|","|switch|p2a: Plugg-in Failure|Electivire, M, shiny|291/291","|move|p1a: Rotom-Heat|Hidden Power|p2a: Plugg-in Failure","|-damage|p2a: Plugg-in Failure|225/291","|","|-weather|RainDance|[upkeep]","|-heal|p1a: Rotom-Heat|33/303|[from] item: Leftovers","|turn|11","|","|move|p2a: Plugg-in Failure|Thunder Punch|p1a: Rotom-Heat","|-crit|p1a: Rotom-Heat","|-resisted|p1a: Rotom-Heat","|-damage|p1a: Rotom-Heat|0 fnt","|faint|p1a: Rotom-Heat","|","|-weather|none","|","|switch|p1a: Infernape|Infernape, M|293/293","|turn|12","|","|move|p2a: Plugg-in Failure|Thunder Punch|p1a: Infernape","|-damage|p1a: Infernape|112/293","|move|p1a: Infernape|Stealth Rock|p2a: Plugg-in Failure","|-sidestart|p2: GTX♅Bzumzum|move: Stealth Rock","|","|turn|13","|","|switch|p1a: Arcanine|Arcanine, M|381/381","|-ability|p1a: Arcanine|Intimidate","|-unboost|p2a: Plugg-in Failure|atk|1","|move|p2a: Plugg-in Failure|Thunder Punch|p1a: Arcanine","|-damage|p1a: Arcanine|308/381","|","|-heal|p1a: Arcanine|331/381|[from] item: Leftovers","|turn|14","|","|move|p2a: Plugg-in Failure|Thunder Punch|p1a: Arcanine","|-damage|p1a: Arcanine|261/381","|move|p1a: Arcanine|Will-O-Wisp|p2a: Plugg-in Failure","|-status|p2a: Plugg-in Failure|brn","|","|-heal|p1a: Arcanine|284/381|[from] item: Leftovers","|-damage|p2a: Plugg-in Failure|189/291 brn|[from] brn","|turn|15","|","|move|p2a: Plugg-in Failure|Thunder Punch|p1a: Arcanine","|-damage|p1a: Arcanine|251/381","|move|p1a: Arcanine|Morning Sun|p1a: Arcanine","|-heal|p1a: Arcanine|381/381","|","|-damage|p2a: Plugg-in Failure|153/291 brn|[from] brn","|turn|16","|","|switch|p2a: Breezer|Rotom-Frost, shiny|304/304","|-damage|p2a: Breezer|228/304|[from] Stealth Rock","|move|p1a: Arcanine|Extreme Speed|p2a: Breezer","|-damage|p2a: Breezer|169/304","|","|-heal|p2a: Breezer|188/304|[from] item: Leftovers","|turn|17","|","|move|p1a: Arcanine|Iron Head|p2a: Breezer","|-damage|p2a: Breezer|134/304","|move|p2a: Breezer|Pain Split|p1a: Arcanine","|-sethp|p1a: Arcanine|257/381|p2a: Breezer|257/304|[from] move: Pain Split","|","|-heal|p1a: Arcanine|280/381|[from] item: Leftovers","|-heal|p2a: Breezer|276/304|[from] item: Leftovers","|turn|18","|","|move|p2a: Breezer|Protect|p2a: Breezer","|-singleturn|p2a: Breezer|Protect","|move|p1a: Arcanine|Will-O-Wisp|p2a: Breezer","|-activate|p2a: Breezer|Protect","|","|-heal|p1a: Arcanine|303/381|[from] item: Leftovers","|-heal|p2a: Breezer|295/304|[from] item: Leftovers","|turn|19","|","|switch|p2a: Thundurus|Thundurus, M, shiny|4/299","|-damage|p2a: Thundurus|0 fnt|[from] Stealth Rock","|faint|p2a: Thundurus","|move|p1a: Arcanine|Will-O-Wisp|p2: Thundurus|[notarget]","|-notarget","|","|-heal|p1a: Arcanine|326/381|[from] item: Leftovers","|","|switch|p2a: Elec|Manectric, M|199/281","|-damage|p2a: Elec|164/281|[from] Stealth Rock","|turn|20","|","|detailschange|p2a: Elec|Manectric-Mega, M","|-mega|p2a: Elec|Manectric|Manectite","|-ability|p2a: Elec|Intimidate","|-unboost|p1a: Arcanine|atk|1","|move|p1a: Arcanine|Extreme Speed|p2a: Elec","|-damage|p2a: Elec|113/281","|move|p2a: Elec|Thunderbolt|p1a: Arcanine","|-damage|p1a: Arcanine|142/381","|","|-heal|p1a: Arcanine|165/381|[from] item: Leftovers","|turn|21","|","|move|p1a: Arcanine|Extreme Speed|p2a: Elec","|-damage|p2a: Elec|56/281","|move|p2a: Elec|Thunderbolt|p1a: Arcanine","|-damage|p1a: Arcanine|0 fnt","|faint|p1a: Arcanine","|","|","|switch|p1a: Infernape|Infernape, M|112/293","|turn|22","|","|switch|p2a: Breezer|Rotom-Frost, shiny|295/304","|-damage|p2a: Breezer|219/304|[from] Stealth Rock","|move|p1a: Infernape|Mach Punch|p2a: Breezer","|-supereffective|p2a: Breezer","|-damage|p2a: Breezer|91/304","|","|-heal|p2a: Breezer|110/304|[from] item: Leftovers","|turn|23","|","|move|p2a: Breezer|Protect|p2a: Breezer","|-singleturn|p2a: Breezer|Protect","|move|p1a: Infernape|Mach Punch|p2a: Breezer","|-activate|p2a: Breezer|Protect","|","|-heal|p2a: Breezer|129/304|[from] item: Leftovers","|turn|24","|","|move|p1a: Infernape|Close Combat|p2a: Breezer","|-supereffective|p2a: Breezer","|-damage|p2a: Breezer|0 fnt","|-unboost|p1a: Infernape|def|1","|-unboost|p1a: Infernape|spd|1","|faint|p2a: Breezer","|","|","|switch|p2a: Plugg-in Failure|Electivire, M, shiny|153/291 brn","|-damage|p2a: Plugg-in Failure|117/291 brn|[from] Stealth Rock","|turn|25","|","|win|xNailz"],"p1rating":{"entryid":114228,"formatid":"monotype","userid":"xnailz","username":"xNailz","r":1500,"rd":130,"sigma":0,"rpr":1532.8927033034,"rprd":122.92123760266,"rpsigma":0,"rptime":1439974800,"w":1,"l":0,"t":0,"gxe":54.1,"acre":1040,"lacre":1040,"oldacre":1000},"p2rating":{"entryid":"1463","serverid":"eos","formatid":"monotype","userid":"gtxbzumzum","username":"GTX♅Bzumzum","w":"1","l":8,"t":"0","gxe":30.3,"r":1351.2654851683,"rd":93.466926425158,"sigma":"0","rptime":1439974800,"rpr":1337.4989795136,"rprd":91.080579730217,"rpsigma":"0","acre":1000,"lacre":1000,"oldacre":"1000"},"endType":"forfeit"}