{"seed":[64152,18599,7718,2728],"turns":19,"p1":"Alliance ♋ akaFila","p2":"Alliance - Mxy","p1team":[{"name":"LukAtMahDicks","species":"anorith","item":"choicescarf","ability":"Swift Swim","moves":["xscissor","rockslide","brickbreak","aquajet"],"nature":"Adamant","evs":{"hp":0,"atk":252,"def":0,"spa":0,"spd":4,"spe":252},"shiny":true,"ivs":{"hp":31,"atk":31,"def":31,"spa":31,"spd":31,"spe":31}},{"name":"CatchThisTackle","species":"dwebble","item":"liechiberry","ability":"Sturdy","moves":["shellsmash","xscissor","stoneedge","earthquake"],"nature":"Adamant","evs":{"hp":0,"atk":252,"def":0,"spa":0,"spd":4,"spe":252},"shiny":true,"ivs":{"hp":31,"atk":31,"def":31,"spa":31,"spd":31,"spe":31}},{"name":"BootyCrackOfTerror","species":"golem","item":"custapberry","ability":"Sturdy","moves":["stealthrock","earthquake","endure","explosion"],"nature":"Adamant","evs":{"hp":248,"atk":252,"def":0,"spa":0,"spd":8,"spe":0},"shiny":true,"ivs":{"hp":31,"atk":31,"def":31,"spa":31,"spd":31,"spe":31}},{"name":"GoldenShowers4Life","species":"lileep","item":"eviolite","ability":"Storm Drain","moves":["toxic","stockpile","recover","protect"],"nature":"Calm","evs":{"hp":248,"atk":0,"def":8,"spa":0,"spd":252,"spe":0},"shiny":true,"ivs":{"hp":31,"atk":31,"def":31,"spa":31,"spd":31,"spe":31}},{"name":"MahNigga","species":"aron","item":"shellbell","ability":"Sturdy","moves":["endeavor","ironhead","roar","sandstorm"],"nature":"Impish","evs":{"hp":248,"atk":8,"def":252,"spa":0,"spd":0,"spe":0},"shiny":true,"level":1,"ivs":{"hp":31,"atk":31,"def":31,"spa":31,"spd":31,"spe":31}},{"name":"TotesFab","species":"amaura","item":"choicespecs","ability":"Refrigerate","moves":["hypervoice","ancientpower","earthpower","discharge"],"nature":"Modest","evs":{"hp":248,"atk":0,"def":0,"spa":252,"spd":8,"spe":0},"shiny":true,"ivs":{"hp":31,"atk":31,"def":31,"spa":31,"spd":31,"spe":31}}],"p2team":[{"name":"Lapras","species":"Lapras","item":"expertbelt","ability":"Water Absorb","moves":["freezedry","hydropump","hiddenpowerfire","healbell"],"nature":"Modest","evs":{"hp":104,"atk":0,"def":0,"spa":252,"spd":0,"spe":152},"ivs":{"hp":31,"atk":30,"def":31,"spa":30,"spd":31,"spe":30}},{"name":"Weavile","species":"Weavile","item":"lifeorb","ability":"Pressure","moves":["knockoff","iceshard","taunt","lowkick"],"nature":"Jolly","evs":{"hp":0,"atk":252,"def":0,"spa":0,"spd":4,"spe":252},"ivs":{"hp":31,"atk":31,"def":31,"spa":31,"spd":31,"spe":31}},{"name":"Froslass","species":"Froslass","item":"leftovers","ability":"Cursed Body","moves":["hex","destinybond","substitute","thunderwave"],"nature":"Timid","evs":{"hp":80,"atk":0,"def":0,"spa":176,"spd":0,"spe":252},"ivs":{"hp":31,"atk":31,"def":31,"spa":31,"spd":31,"spe":31}},{"name":"Articuno","species":"Articuno","item":"custapberry","ability":"Pressure","moves":["hurricane","defog","tailwind","endure"],"nature":"Calm","evs":{"hp":240,"atk":0,"def":0,"spa":16,"spd":252,"spe":0},"ivs":{"hp":31,"atk":31,"def":31,"spa":31,"spd":31,"spe":31}},{"name":"Homage to Broc","species":"aurorus","item":"focussash","ability":"Snow Warning","moves":["freezedry","stealthrock","thunderwave","blizzard"],"nature":"Modest","evs":{"hp":0,"atk":0,"def":0,"spa":252,"spd":4,"spe":252},"ivs":{"hp":31,"atk":31,"def":31,"spa":31,"spd":31,"spe":31}},{"name":"Mamoswine","species":"Mamoswine","item":"assaultvest","ability":"Thick Fat","moves":["earthquake","iceshard","iciclespear","stoneedge"],"nature":"Jolly","evs":{"hp":0,"atk":252,"def":0,"spa":0,"spd":4,"spe":252},"ivs":{"hp":31,"atk":31,"def":31,"spa":31,"spd":31,"spe":31}}],"log":["|player|p1|Alliance ♋ akaFila|allianceakafila.gif","|player|p2|Alliance - Mxy|270","|gametype|singles","|gen|6","|tier|Monotype","|rated","|rule|Baton Pass Clause: Limit one Baton Passer, can't pass Spe and other stats simultaneously","|rule|Swagger Clause: Swagger is banned","|rule|Same Type Clause: Pokémon in a team must share a type","|clearpoke","|poke|p1|Anorith, F, shiny","|poke|p1|Dwebble, F, shiny","|poke|p1|Golem, M, shiny","|poke|p1|Lileep, M, shiny","|poke|p1|Aron, L1, F, shiny","|poke|p1|Amaura, F, shiny","|poke|p2|Lapras, F","|poke|p2|Weavile, F","|poke|p2|Froslass, F","|poke|p2|Articuno","|poke|p2|Aurorus, M","|poke|p2|Mamoswine, F","|rule|Sleep Clause Mod: Limit one foe put to sleep","|rule|Species Clause: Limit one of each Pokémon","|rule|OHKO Clause: OHKO moves are banned","|rule|Moody Clause: Moody is banned","|rule|Evasion Moves Clause: Evasion moves are banned","|rule|Endless Battle Clause: Forcing endless battles is banned","|rule|HP Percentage Mod: HP is shown in percentages","|teampreview","|","|start","|switch|p1a: MahNigga|Aron, L1, F, shiny|12/12","|switch|p2a: Homage to Broc|Aurorus, M|387/387","|-weather|Hail","|turn|1","|","|move|p2a: Homage to Broc|Stealth Rock|p1a: MahNigga","|-sidestart|p1: Alliance ♋ akaFila|move: Stealth Rock","|move|p1a: MahNigga|Iron Head|p2a: Homage to Broc","|-supereffective|p2a: Homage to Broc","|-damage|p2a: Homage to Broc|383/387","|","|-weather|Hail|[upkeep]","|-damage|p1a: MahNigga|11/12|[from] hail","|turn|2","|","|move|p2a: Homage to Broc|Blizzard|p1a: MahNigga","|-resisted|p1a: MahNigga","|-damage|p1a: MahNigga|0 fnt","|faint|p1a: MahNigga","|","|-weather|Hail|[upkeep]","|","|switch|p1a: LukAtMahDicks|Anorith, F, shiny|231/231","|-damage|p1a: LukAtMahDicks|174/231|[from] Stealth Rock","|turn|3","|","|move|p1a: LukAtMahDicks|Brick Break|p2a: Homage to Broc","|-supereffective|p2a: Homage to Broc","|-damage|p2a: Homage to Broc|0 fnt","|faint|p2a: Homage to Broc","|","|-weather|Hail|[upkeep]","|-damage|p1a: LukAtMahDicks|160/231|[from] hail","|","|switch|p2a: Weavile|Weavile, F|281/281","|-ability|p2a: Weavile|Pressure","|turn|4","|","|switch|p2a: Froslass|Froslass, F|301/301","|move|p1a: LukAtMahDicks|Brick Break|p2a: Froslass","|-immune|p2a: Froslass|[msg]","|","|-weather|Hail|[upkeep]","|-damage|p1a: LukAtMahDicks|146/231|[from] hail","|turn|5","|","|switch|p1a: GoldenShowers4Life|Lileep, M, shiny|335/335","|-damage|p1a: GoldenShowers4Life|294/335|[from] Stealth Rock","|move|p2a: Froslass|Substitute|p2a: Froslass","|-start|p2a: Froslass|Substitute","|-damage|p2a: Froslass|226/301","|","|-weather|none","|-heal|p2a: Froslass|244/301|[from] item: Leftovers","|turn|6","|","|move|p2a: Froslass|Thunder Wave|p1a: GoldenShowers4Life","|-status|p1a: GoldenShowers4Life|par","|move|p1a: GoldenShowers4Life|Recover|p1a: GoldenShowers4Life","|-heal|p1a: GoldenShowers4Life|335/335 par","|","|-heal|p2a: Froslass|262/301|[from] item: Leftovers","|turn|7","|","|move|p1a: GoldenShowers4Life|Protect|p1a: GoldenShowers4Life","|-singleturn|p1a: GoldenShowers4Life|Protect","|move|p2a: Froslass|Hex|p1a: GoldenShowers4Life","|-activate|p1a: GoldenShowers4Life|Protect","|","|-heal|p2a: Froslass|280/301|[from] item: Leftovers","|turn|8","|","|switch|p1a: CatchThisTackle|Dwebble, F, shiny|241/241","|-damage|p1a: CatchThisTackle|181/241|[from] Stealth Rock","|move|p2a: Froslass|Hex|p1a: CatchThisTackle","|-damage|p1a: CatchThisTackle|15/241","|-enditem|p1a: CatchThisTackle|Liechi Berry|[eat]","|-boost|p1a: CatchThisTackle|atk|1|[from] item: Liechi Berry","|","|-heal|p2a: Froslass|298/301|[from] item: Leftovers","|turn|9","|","|move|p2a: Froslass|Hex|p1a: CatchThisTackle","|-damage|p1a: CatchThisTackle|0 fnt","|faint|p1a: CatchThisTackle","|","|-heal|p2a: Froslass|301/301|[from] item: Leftovers","|","|switch|p1a: TotesFab|Amaura, F, shiny|357/357","|-damage|p1a: TotesFab|268/357|[from] Stealth Rock","|turn|10","|","|move|p2a: Froslass|Thunder Wave|p1a: TotesFab","|-status|p1a: TotesFab|par","|move|p1a: TotesFab|Ancient Power|p2a: Froslass","|-supereffective|p2a: Froslass","|-end|p2a: Froslass|Substitute","|","|turn|11","|","|move|p2a: Froslass|Hex|p1a: TotesFab","|-damage|p1a: TotesFab|49/357 par","|cant|p1a: TotesFab|par","|","|turn|12","|","|move|p2a: Froslass|Substitute|p2a: Froslass","|-start|p2a: Froslass|Substitute","|-damage|p2a: Froslass|226/301","|move|p1a: TotesFab|Ancient Power|p2a: Froslass","|-supereffective|p2a: Froslass","|-end|p2a: Froslass|Substitute","|","|-heal|p2a: Froslass|244/301|[from] item: Leftovers","|turn|13","|","|move|p2a: Froslass|Substitute|p2a: Froslass","|-start|p2a: Froslass|Substitute","|-damage|p2a: Froslass|169/301","|cant|p1a: TotesFab|par","|","|-heal|p2a: Froslass|187/301|[from] item: Leftovers","|turn|14","|","|move|p2a: Froslass|Hex|p1a: TotesFab","|-damage|p1a: TotesFab|0 fnt","|faint|p1a: TotesFab","|","|-heal|p2a: Froslass|205/301|[from] item: Leftovers","|","|switch|p1a: LukAtMahDicks|Anorith, F, shiny|146/231","|-damage|p1a: LukAtMahDicks|89/231|[from] Stealth Rock","|turn|15","|","|move|p1a: LukAtMahDicks|Rock Slide|p2a: Froslass","|-crit|p2a: Froslass","|-supereffective|p2a: Froslass","|-end|p2a: Froslass|Substitute","|move|p2a: Froslass|Hex|p1a: LukAtMahDicks","|-damage|p1a: LukAtMahDicks|0 fnt","|faint|p1a: LukAtMahDicks","|","|-heal|p2a: Froslass|223/301|[from] item: Leftovers","|","|switch|p1a: BootyCrackOfTerror|Golem, M, shiny|363/363","|-damage|p1a: BootyCrackOfTerror|341/363|[from] Stealth Rock","|turn|16","|","|move|p2a: Froslass|Destiny Bond|p2a: Froslass","|-singlemove|p2a: Froslass|Destiny Bond","|move|p1a: BootyCrackOfTerror|Earthquake|p2a: Froslass","|-damage|p2a: Froslass|0 fnt","|faint|p2a: Froslass","|-activate|p2a: Froslass|Destiny Bond","|faint|p1a: BootyCrackOfTerror","|","|","|switch|p2a: Mamoswine|Mamoswine, F|361/361","|switch|p1a: GoldenShowers4Life|Lileep, M, shiny|335/335 par","|-damage|p1a: GoldenShowers4Life|294/335 par|[from] Stealth Rock","|turn|17","|","|move|p2a: Mamoswine|Icicle Spear|p1a: GoldenShowers4Life","|-supereffective|p1a: GoldenShowers4Life","|-damage|p1a: GoldenShowers4Life|214/335 par","|-supereffective|p1a: GoldenShowers4Life","|-damage|p1a: GoldenShowers4Life|136/335 par","|-supereffective|p1a: GoldenShowers4Life","|-damage|p1a: GoldenShowers4Life|58/335 par","|-hitcount|p1a: GoldenShowers4Life|3","|move|p1a: GoldenShowers4Life|Toxic|p2a: Mamoswine","|-status|p2a: Mamoswine|tox","|","|-damage|p2a: Mamoswine|339/361 tox|[from] psn","|turn|18","|","|move|p1a: GoldenShowers4Life|Protect|p1a: GoldenShowers4Life","|-singleturn|p1a: GoldenShowers4Life|Protect","|move|p2a: Mamoswine|Ice Shard|p1a: GoldenShowers4Life","|-activate|p1a: GoldenShowers4Life|Protect","|","|-damage|p2a: Mamoswine|295/361 tox|[from] psn","|turn|19","|","|move|p1a: GoldenShowers4Life|Protect|p1a: GoldenShowers4Life","|-fail|p1a: GoldenShowers4Life","|move|p2a: Mamoswine|Icicle Spear|p1a: GoldenShowers4Life","|-supereffective|p1a: GoldenShowers4Life","|-damage|p1a: GoldenShowers4Life|0 fnt","|-hitcount|p1a: GoldenShowers4Life|1","|faint|p1a: GoldenShowers4Life","|","|win|Alliance - Mxy"],"p1rating":{"entryid":"126995","serverid":"eos","formatid":"monotype","userid":"allianceakafila","username":"Alliance ♋ akaFila","w":"2","l":1,"t":"0","gxe":54.6,"r":"1500","rd":"130","sigma":"0","rptime":"1439974800","rpr":1536.3933509759,"rprd":111.21593356524,"rpsigma":"0","acre":1058.0405758751,"lacre":1058.0405758751,"oldacre":"1086.6601091773"},"p2rating":{"entryid":127788,"formatid":"monotype","userid":"alliancemxy","username":"Alliance - Mxy","r":1500,"rd":130,"sigma":0,"rpr":1540.1606143388,"rprd":122.8583080769,"rpsigma":0,"rptime":1439974800,"w":1,"l":0,"t":0,"gxe":55,"acre":1049.7752300943,"lacre":1049.7752300943,"oldacre":1000},"endType":"normal"}