{"seed":[48169,57737,43103,25569],"turns":20,"p1":"GTX♅Cool","p2":"SL~Kingdra","p1team":[{"name":"Starmie","species":"Starmie","item":"leftovers","ability":"Natural Cure","moves":["thunderbolt","psyshock","rapidspin","recover"],"nature":"","evs":{"hp":4,"atk":0,"def":252,"spa":252,"spd":0,"spe":0},"ivs":{"hp":31,"atk":31,"def":31,"spa":31,"spd":31,"spe":31}},{"name":"Politoed","species":"Politoed","item":"leftovers","ability":"Drizzle","moves":["scald","icebeam","perishsong","protect"],"nature":"","evs":{"hp":252,"atk":0,"def":76,"spa":76,"spd":100,"spe":4},"ivs":{"hp":31,"atk":31,"def":31,"spa":31,"spd":31,"spe":31}},{"name":"Keldeo-Resolute","species":"Keldeo-Resolute","item":"choicescarf","ability":"Justified","moves":["scald","secretsword","hydropump","icywind"],"nature":"","evs":{"hp":0,"atk":0,"def":0,"spa":0,"spd":0,"spe":0},"ivs":{"hp":31,"atk":31,"def":31,"spa":31,"spd":31,"spe":31}},{"name":"Gyarados","species":"Gyarados","item":"choicescarf","ability":"Moxie","moves":["waterfall","earthquake","dragondance","protect"],"nature":"Adamant","evs":{"hp":12,"atk":252,"def":0,"spa":0,"spd":0,"spe":244},"ivs":{"hp":31,"atk":30,"def":31,"spa":30,"spd":31,"spe":30}},{"name":"Swampert","species":"Swampert","item":"swampertite","ability":"Damp","moves":["waterfall","earthquake","icepunch","poweruppunch"],"nature":"Adamant","evs":{"hp":0,"atk":252,"def":4,"spa":0,"spd":0,"spe":252},"ivs":{"hp":31,"atk":31,"def":31,"spa":31,"spd":31,"spe":31}},{"name":"Azumarill","species":"Azumarill","item":"sitrusberry","ability":"Sap Sipper","moves":["bellydrum","waterfall","playrough","aquajet"],"nature":"Adamant","evs":{"hp":92,"atk":252,"def":0,"spa":0,"spd":0,"spe":164},"ivs":{"hp":31,"atk":31,"def":31,"spa":31,"spd":31,"spe":31}}],"p2team":[{"name":"Chesnaught","species":"Chesnaught","item":"leftovers","ability":"Bulletproof","moves":["spikes","leechseed","spikyshield","drainpunch"],"nature":"Impish","evs":{"hp":252,"atk":0,"def":252,"spa":0,"spd":4,"spe":0},"ivs":{"hp":31,"atk":31,"def":31,"spa":31,"spd":31,"spe":31}},{"name":"Infernape","species":"Infernape","item":"focussash","ability":"Iron Fist","moves":["stealthrock","closecombat","firepunch","machpunch"],"nature":"Jolly","evs":{"hp":4,"atk":252,"def":0,"spa":0,"spd":0,"spe":252},"ivs":{"hp":31,"atk":31,"def":31,"spa":31,"spd":31,"spe":31}},{"name":"Medicham","species":"Medicham","item":"medichamite","ability":"Pure Power","moves":["fakeout","bulletpunch","zenheadbutt","highjumpkick"],"nature":"Jolly","evs":{"hp":4,"atk":252,"def":0,"spa":0,"spd":0,"spe":252},"ivs":{"hp":31,"atk":31,"def":31,"spa":31,"spd":31,"spe":31}},{"name":"Terrakion","species":"Terrakion","item":"choicescarf","ability":"Justified","moves":["ironhead","stoneedge","closecombat","earthquake"],"nature":"Adamant","evs":{"hp":4,"atk":252,"def":0,"spa":0,"spd":0,"spe":252},"ivs":{"hp":31,"atk":31,"def":31,"spa":31,"spd":31,"spe":31}},{"name":"Keldeo-Resolute","species":"Keldeo-Resolute","item":"choicespecs","ability":"Justified","moves":["secretsword","scald","icywind","hydropump"],"nature":"Timid","evs":{"hp":4,"atk":0,"def":0,"spa":252,"spd":0,"spe":252},"ivs":{"hp":31,"atk":31,"def":31,"spa":31,"spd":31,"spe":31}},{"name":"Hawlucha","species":"Hawlucha","item":"powerherb","ability":"Unburden","moves":["acrobatics","skyattack","drainpunch","swordsdance"],"nature":"Adamant","evs":{"hp":0,"atk":252,"def":0,"spa":0,"spd":0,"spe":252},"ivs":{"hp":31,"atk":31,"def":31,"spa":31,"spd":31,"spe":31}}],"log":["|player|p1|GTX♅Cool|163","|player|p2|SL~Kingdra|99","|gametype|singles","|gen|6","|tier|Monotype","|rated","|rule|Baton Pass Clause: Limit one Baton Passer, can't pass Spe and other stats simultaneously","|rule|Swagger Clause: Swagger is banned","|rule|Same Type Clause: Pokémon in a team must share a type","|clearpoke","|poke|p1|Starmie","|poke|p1|Politoed, M","|poke|p1|Keldeo-Resolute","|poke|p1|Gyarados, M","|poke|p1|Swampert, M","|poke|p1|Azumarill, M","|poke|p2|Chesnaught, F","|poke|p2|Infernape, F","|poke|p2|Medicham, F","|poke|p2|Terrakion","|poke|p2|Keldeo-Resolute","|poke|p2|Hawlucha, M","|rule|Sleep Clause Mod: Limit one foe put to sleep","|rule|Species Clause: Limit one of each Pokémon","|rule|OHKO Clause: OHKO moves are banned","|rule|Moody Clause: Moody is banned","|rule|Evasion Moves Clause: Evasion moves are banned","|rule|Endless Battle Clause: Forcing endless battles is banned","|rule|HP Percentage Mod: HP is shown in percentages","|teampreview","|","|start","|switch|p1a: Swampert|Swampert, M|341/341","|switch|p2a: Infernape|Infernape, F|294/294","|turn|1","|","|detailschange|p1a: Swampert|Swampert-Mega, M","|-mega|p1a: Swampert|Swampert|Swampertite","|move|p2a: Infernape|Stealth Rock|p1a: Swampert","|-sidestart|p1: GTX♅Cool|move: Stealth Rock","|move|p1a: Swampert|Waterfall|p2a: Infernape","|-supereffective|p2a: Infernape","|-enditem|p2a: Infernape|Focus Sash","|-damage|p2a: Infernape|1/294","|","|turn|2","|","|move|p2a: Infernape|Close Combat|p1a: Swampert","|-damage|p1a: Swampert|164/341","|-unboost|p2a: Infernape|def|1","|-unboost|p2a: Infernape|spd|1","|move|p1a: Swampert|Waterfall|p2a: Infernape","|-supereffective|p2a: Infernape","|-damage|p2a: Infernape|0 fnt","|faint|p2a: Infernape","|","|","|switch|p2a: Hawlucha|Hawlucha, M|297/297","|turn|3","|","|switch|p1a: Politoed|Politoed, M|384/384","|-damage|p1a: Politoed|336/384|[from] Stealth Rock","|-weather|RainDance","|move|p2a: Hawlucha|Sky Attack|p1a: Politoed|[still]","|-prepare|p2a: Hawlucha|Sky Attack|p1a: Politoed","|-enditem|p2a: Hawlucha|Power Herb","|-anim|p2a: Hawlucha|Sky Attack|p1a: Politoed","|-damage|p1a: Politoed|92/384","|","|-weather|RainDance|[upkeep]","|-heal|p1a: Politoed|116/384|[from] item: Leftovers","|turn|4","|","|move|p2a: Hawlucha|Acrobatics|p1a: Politoed","|-damage|p1a: Politoed|0 fnt","|faint|p1a: Politoed","|","|-weather|RainDance|[upkeep]","|","|switch|p1a: Starmie|Starmie|262/262","|-damage|p1a: Starmie|230/262|[from] Stealth Rock","|turn|5","|","|move|p2a: Hawlucha|Acrobatics|p1a: Starmie","|-damage|p1a: Starmie|71/262","|move|p1a: Starmie|Psyshock|p2a: Hawlucha","|-crit|p2a: Hawlucha","|-supereffective|p2a: Hawlucha","|-damage|p2a: Hawlucha|0 fnt","|faint|p2a: Hawlucha","|","|-weather|RainDance|[upkeep]","|-heal|p1a: Starmie|87/262|[from] item: Leftovers","|","|switch|p2a: Medicham|Medicham, F|262/262","|turn|6","|","|detailschange|p2a: Medicham|Medicham-Mega, F","|-mega|p2a: Medicham|Medicham|Medichamite","|move|p2a: Medicham|Fake Out|p1a: Starmie","|-damage|p1a: Starmie|14/262","|cant|p1a: Starmie|flinch","|","|-weather|RainDance|[upkeep]","|-heal|p1a: Starmie|30/262|[from] item: Leftovers","|turn|7","|","|move|p2a: Medicham|Bullet Punch|p1a: Starmie","|-resisted|p1a: Starmie","|-damage|p1a: Starmie|0 fnt","|faint|p1a: Starmie","|","|-weather|none","|","|switch|p1a: Gyarados|Gyarados, M|334/334","|-damage|p1a: Gyarados|251/334|[from] Stealth Rock","|turn|8","|","|move|p1a: Gyarados|Waterfall|p2a: Medicham","|-damage|p2a: Medicham|93/262","|move|p2a: Medicham|Zen Headbutt|p1a: Gyarados","|-damage|p1a: Gyarados|0 fnt","|faint|p1a: Gyarados","|","|","|switch|p1a: Keldeo-Resolute|Keldeo-Resolute|323/323","|-damage|p1a: Keldeo-Resolute|303/323|[from] Stealth Rock","|turn|9","|","|move|p1a: Keldeo-Resolute|Scald|p2a: Medicham","|-damage|p2a: Medicham|0 fnt","|faint|p2a: Medicham","|","|","|switch|p2a: Keldeo-Resolute|Keldeo-Resolute|324/324","|turn|10","|","|move|p1a: Keldeo-Resolute|Scald|p2a: Keldeo-Resolute","|-crit|p2a: Keldeo-Resolute","|-resisted|p2a: Keldeo-Resolute","|-damage|p2a: Keldeo-Resolute|234/324","|move|p2a: Keldeo-Resolute|Secret Sword|p1a: Keldeo-Resolute","|-damage|p1a: Keldeo-Resolute|42/323","|","|turn|11","|","|move|p1a: Keldeo-Resolute|Scald|p2a: Keldeo-Resolute","|-resisted|p2a: Keldeo-Resolute","|-damage|p2a: Keldeo-Resolute|175/324","|move|p2a: Keldeo-Resolute|Secret Sword|p1a: Keldeo-Resolute","|-crit|p1a: Keldeo-Resolute","|-damage|p1a: Keldeo-Resolute|0 fnt","|faint|p1a: Keldeo-Resolute","|","|","|switch|p1a: Swampert|Swampert-Mega, M|164/341","|-damage|p1a: Swampert|143/341|[from] Stealth Rock","|turn|12","|","|move|p2a: Keldeo-Resolute|Secret Sword|p1a: Swampert","|-crit|p1a: Swampert","|-damage|p1a: Swampert|0 fnt","|faint|p1a: Swampert","|","|","|switch|p1a: Azumarill|Azumarill, M|364/364","|-damage|p1a: Azumarill|319/364|[from] Stealth Rock","|turn|13","|","|move|p2a: Keldeo-Resolute|Secret Sword|p1a: Azumarill","|-resisted|p1a: Azumarill","|-damage|p1a: Azumarill|180/364","|-enditem|p1a: Azumarill|Sitrus Berry|[eat]","|-heal|p1a: Azumarill|271/364|[from] item: Sitrus Berry","|move|p1a: Azumarill|Play Rough|p2a: Keldeo-Resolute","|-supereffective|p2a: Keldeo-Resolute","|-damage|p2a: Keldeo-Resolute|0 fnt","|faint|p2a: Keldeo-Resolute","|","|","|switch|p2a: Chesnaught|Chesnaught, F|380/380","|turn|14","|","|move|p1a: Azumarill|Play Rough|p2a: Chesnaught","|-supereffective|p2a: Chesnaught","|-damage|p2a: Chesnaught|260/380","|move|p2a: Chesnaught|Leech Seed|p1a: Azumarill","|-boost|p1a: Azumarill|atk|1|[from] ability: Sap Sipper","|","|-heal|p2a: Chesnaught|283/380|[from] item: Leftovers","|turn|15","|","|move|p2a: Chesnaught|Spiky Shield|p2a: Chesnaught","|-singleturn|p2a: Chesnaught|move: Protect","|move|p1a: Azumarill|Play Rough|p2a: Chesnaught","|-activate|p2a: Chesnaught|Protect","|-damage|p1a: Azumarill|226/364|[from] Spiky Shield|[of] p2a: Chesnaught","|","|-heal|p2a: Chesnaught|306/380|[from] item: Leftovers","|turn|16","|","|move|p1a: Azumarill|Play Rough|p2a: Chesnaught","|-supereffective|p2a: Chesnaught","|-damage|p2a: Chesnaught|114/380","|move|p2a: Chesnaught|Drain Punch|p1a: Azumarill","|-resisted|p1a: Azumarill","|-damage|p1a: Azumarill|169/364","|-heal|p2a: Chesnaught|143/380|[from] drain|[of] p1a: Azumarill","|","|-heal|p2a: Chesnaught|166/380|[from] item: Leftovers","|turn|17","|","|move|p2a: Chesnaught|Spiky Shield|p2a: Chesnaught","|-singleturn|p2a: Chesnaught|move: Protect","|move|p1a: Azumarill|Waterfall|p2a: Chesnaught","|-activate|p2a: Chesnaught|Protect","|-damage|p1a: Azumarill|124/364|[from] Spiky Shield|[of] p2a: Chesnaught","|","|-heal|p2a: Chesnaught|189/380|[from] item: Leftovers","|turn|18","|","|move|p1a: Azumarill|Play Rough|p2a: Chesnaught","|-supereffective|p2a: Chesnaught","|-damage|p2a: Chesnaught|1/380","|move|p2a: Chesnaught|Drain Punch|p1a: Azumarill","|-resisted|p1a: Azumarill","|-damage|p1a: Azumarill|70/364","|-heal|p2a: Chesnaught|28/380|[from] drain|[of] p1a: Azumarill","|","|-heal|p2a: Chesnaught|51/380|[from] item: Leftovers","|turn|19","|","|move|p2a: Chesnaught|Spiky Shield|p2a: Chesnaught","|-singleturn|p2a: Chesnaught|move: Protect","|move|p1a: Azumarill|Aqua Jet|p2a: Chesnaught","|-activate|p2a: Chesnaught|Protect","|-damage|p1a: Azumarill|25/364|[from] Spiky Shield|[of] p2a: Chesnaught","|","|-heal|p2a: Chesnaught|74/380|[from] item: Leftovers","|turn|20","|","|move|p2a: Chesnaught|Spiky Shield|p2a: Chesnaught","|-singleturn|p2a: Chesnaught|move: Protect","|move|p1a: Azumarill|Play Rough|p2a: Chesnaught","|-activate|p2a: Chesnaught|Protect","|-damage|p1a: Azumarill|0 fnt|[from] Spiky Shield|[of] p2a: Chesnaught","|faint|p1a: Azumarill","|","|win|SL~Kingdra"],"p1rating":{"entryid":"10847","serverid":"eos","formatid":"monotype","userid":"gtxcool","username":"GTX♅Cool","w":"11","l":26,"t":"0","gxe":33.8,"r":"1386.4220657439","rd":"60.314160728921","sigma":"0","rptime":"1439974800","rpr":1372.116351552,"rprd":58.868218340858,"rpsigma":"0","acre":1061.9726189916,"lacre":1061.9726189916,"oldacre":"1090.8202057849"},"p2rating":{"entryid":"101024","serverid":"eos","formatid":"monotype","userid":"slkingdra","username":"SL~Kingdra","w":2,"l":"2","t":"0","gxe":47.4,"r":"1489.395004497","rd":"116.653521276","sigma":"0","rptime":"1439974800","rpr":1479.1516852249,"rprd":106.50676019161,"rpsigma":"0","acre":1059.2113592999,"lacre":1059.2113592999,"oldacre":"1012.6891405674"},"endType":"normal"}