{"seed":[62521,28757,26445,40575],"turns":22,"p1":"Jejed","p2":"Jake1079","p1team":[{"name":"Manaphy","species":"Manaphy","item":"quickclaw","ability":"Hydration","moves":["tailglow","energyball","icebeam","shadowball"],"nature":"","evs":{"hp":156,"atk":0,"def":0,"spa":0,"spd":100,"spe":252},"ivs":{"hp":31,"atk":31,"def":31,"spa":31,"spd":31,"spe":31}},{"name":"Swampert","species":"Swampert","item":"swampertite","ability":"Torrent","moves":["stealthrock","scald","earthquake","focuspunch"],"nature":"Hasty","evs":{"hp":4,"atk":252,"def":0,"spa":0,"spd":0,"spe":252},"ivs":{"hp":31,"atk":31,"def":31,"spa":31,"spd":31,"spe":31}},{"name":"Jellicent","species":"Jellicent","item":"leftovers","ability":"Cursed Body","moves":["hex","willowisp","dive","recover"],"nature":"Bold","evs":{"hp":4,"atk":0,"def":252,"spa":0,"spd":252,"spe":0},"ivs":{"hp":31,"atk":31,"def":31,"spa":31,"spd":31,"spe":31}},{"name":"Seismitoad","species":"Seismitoad","item":"leftovers","ability":"Water Absorb","moves":["toxic","payback","venoshock","mudsport"],"nature":"","evs":{"hp":196,"atk":0,"def":148,"spa":0,"spd":164,"spe":0},"ivs":{"hp":31,"atk":31,"def":31,"spa":31,"spd":31,"spe":31}},{"name":"Wailord","species":"Wailord","item":"quickclaw","ability":"Water Veil","moves":["waterspout","earthquake","heavyslam","aquaring"],"nature":"Hasty","evs":{"hp":4,"atk":0,"def":0,"spa":252,"spd":0,"spe":252},"ivs":{"hp":31,"atk":31,"def":31,"spa":31,"spd":31,"spe":31}},{"name":"Blastoise","species":"Blastoise","item":"blastoisinite","ability":"Torrent","moves":["hydropump","waterspout","earthquake","dive"],"nature":"Modest","evs":{"hp":152,"atk":0,"def":0,"spa":220,"spd":136,"spe":0},"ivs":{"hp":31,"atk":31,"def":31,"spa":31,"spd":31,"spe":31}}],"p2team":[{"name":"Slurpuff","species":"Slurpuff","item":"sitrusberry","ability":"Unburden","moves":["bellydrum","playrough","drainpunch","return"],"nature":"Adamant","evs":{"hp":4,"atk":252,"def":0,"spa":0,"spd":0,"spe":252},"gender":"M","shiny":true,"ivs":{"hp":31,"atk":31,"def":31,"spa":31,"spd":31,"spe":31}},{"name":"Azumarill","species":"Azumarill","item":"choiceband","ability":"Huge Power","moves":["waterfall","aquajet","icepunch","playrough"],"nature":"Adamant","evs":{"hp":248,"atk":252,"def":0,"spa":0,"spd":8,"spe":0},"gender":"F","ivs":{"hp":31,"atk":31,"def":31,"spa":31,"spd":31,"spe":31}},{"name":"Gardevoir","species":"Gardevoir","item":"choicescarf","ability":"Trace","moves":["moonblast","psyshock","focusblast","thunderbolt"],"nature":"Timid","evs":{"hp":0,"atk":0,"def":0,"spa":252,"spd":4,"spe":252},"gender":"F","ivs":{"hp":31,"atk":31,"def":31,"spa":31,"spd":31,"spe":31}},{"name":"Diancie","species":"Diancie","item":"diancite","ability":"Clear Body","moves":["ancientpower","hiddenpowerfire","moonblast","psyshock"],"nature":"Timid","evs":{"hp":4,"atk":0,"def":0,"spa":252,"spd":0,"spe":252},"ivs":{"hp":31,"atk":30,"def":31,"spa":30,"spd":31,"spe":30}},{"name":"Togekiss","species":"Togekiss","item":"leftovers","ability":"Serene Grace","moves":["flamethrower","thunderwave","defog","airslash"],"nature":"Modest","evs":{"hp":252,"atk":0,"def":0,"spa":96,"spd":160,"spe":0},"gender":"F","ivs":{"hp":31,"atk":31,"def":31,"spa":31,"spd":31,"spe":31}},{"name":"Florges","species":"Florges","item":"leftovers","ability":"Flower Veil","moves":["wish","protect","toxic","moonblast"],"nature":"Calm","evs":{"hp":252,"atk":0,"def":0,"spa":4,"spd":252,"spe":0},"ivs":{"hp":31,"atk":31,"def":31,"spa":31,"spd":31,"spe":31}}],"log":["|player|p1|Jejed|293","|player|p2|Jake1079|281","|gametype|singles","|gen|6","|tier|Monotype","|rated","|rule|Baton Pass Clause: Limit one Baton Passer, can't pass Spe and other stats simultaneously","|rule|Swagger Clause: Swagger is banned","|rule|Same Type Clause: Pokémon in a team must share a type","|clearpoke","|poke|p1|Manaphy","|poke|p1|Swampert, M","|poke|p1|Jellicent, M","|poke|p1|Seismitoad, F","|poke|p1|Wailord, M","|poke|p1|Blastoise, F","|poke|p2|Slurpuff, M, shiny","|poke|p2|Azumarill, F","|poke|p2|Gardevoir, F","|poke|p2|Diancie","|poke|p2|Togekiss, F","|poke|p2|Florges, F","|rule|Sleep Clause Mod: Limit one foe put to sleep","|rule|Species Clause: Limit one of each Pokémon","|rule|OHKO Clause: OHKO moves are banned","|rule|Moody Clause: Moody is banned","|rule|Evasion Moves Clause: Evasion moves are banned","|rule|Endless Battle Clause: Forcing endless battles is banned","|rule|HP Percentage Mod: HP is shown in percentages","|teampreview","|","|start","|switch|p1a: Swampert|Swampert, M|342/342","|switch|p2a: Slurpuff|Slurpuff, M, shiny|306/306","|turn|1","|","|detailschange|p1a: Swampert|Swampert-Mega, M","|-mega|p1a: Swampert|Swampert|Swampertite","|move|p2a: Slurpuff|Belly Drum|p2a: Slurpuff","|-damage|p2a: Slurpuff|153/306","|-setboost|p2a: Slurpuff|atk|6|[from] move: Belly Drum","|-enditem|p2a: Slurpuff|Sitrus Berry|[eat]","|-heal|p2a: Slurpuff|229/306|[from] item: Sitrus Berry","|move|p1a: Swampert|Earthquake|p2a: Slurpuff","|-damage|p2a: Slurpuff|22/306","|","|turn|2","|","|move|p2a: Slurpuff|Play Rough|p1a: Swampert","|-damage|p1a: Swampert|0 fnt","|faint|p1a: Swampert","|","|","|switch|p1a: Manaphy|Manaphy|380/380","|turn|3","|-activate|p1a: Manaphy|item: Quick Claw","|","|move|p1a: Manaphy|Shadow Ball|p2a: Slurpuff","|-damage|p2a: Slurpuff|0 fnt","|faint|p2a: Slurpuff","|","|","|switch|p2a: Azumarill|Azumarill, F|403/403","|turn|4","|","|move|p1a: Manaphy|Tail Glow|p1a: Manaphy","|-boost|p1a: Manaphy|spa|3","|move|p2a: Azumarill|Play Rough|p1a: Manaphy","|-damage|p1a: Manaphy|106/380","|","|turn|5","|","|move|p1a: Manaphy|Energy Ball|p2a: Azumarill","|-supereffective|p2a: Azumarill","|-damage|p2a: Azumarill|0 fnt","|faint|p2a: Azumarill","|","|","|switch|p2a: Florges|Florges, F|360/360","|turn|6","|","|move|p1a: Manaphy|Shadow Ball|p2a: Florges","|-damage|p2a: Florges|271/360","|-unboost|p2a: Florges|spd|1","|move|p2a: Florges|Moonblast|p1a: Manaphy","|-damage|p1a: Manaphy|4/380","|-unboost|p1a: Manaphy|spa|1","|","|-heal|p2a: Florges|293/360|[from] item: Leftovers","|turn|7","|","|switch|p1a: Seismitoad|Seismitoad, F|400/400","|move|p2a: Florges|Moonblast|p1a: Seismitoad","|-damage|p1a: Seismitoad|280/400","|","|-heal|p2a: Florges|315/360|[from] item: Leftovers","|-heal|p1a: Seismitoad|305/400|[from] item: Leftovers","|turn|8","|","|move|p2a: Florges|Toxic|p1a: Seismitoad","|-status|p1a: Seismitoad|tox","|move|p1a: Seismitoad|Payback|p2a: Florges","|-resisted|p2a: Florges","|-damage|p2a: Florges|262/360","|","|-heal|p2a: Florges|284/360|[from] item: Leftovers","|-heal|p1a: Seismitoad|330/400 tox|[from] item: Leftovers","|-damage|p1a: Seismitoad|305/400 tox|[from] psn","|turn|9","|","|move|p2a: Florges|Wish|p2a: Florges","|move|p1a: Seismitoad|Toxic|p2a: Florges","|-status|p2a: Florges|tox","|","|-heal|p2a: Florges|306/360 tox|[from] item: Leftovers","|-heal|p1a: Seismitoad|330/400 tox|[from] item: Leftovers","|-damage|p2a: Florges|284/360 tox|[from] psn","|-damage|p1a: Seismitoad|280/400 tox|[from] psn","|turn|10","|","|move|p2a: Florges|Moonblast|p1a: Seismitoad","|-damage|p1a: Seismitoad|145/400 tox","|move|p1a: Seismitoad|Venoshock|p2a: Florges","|-supereffective|p2a: Florges","|-damage|p2a: Florges|136/360 tox","|","|-heal|p2a: Florges|316/360 tox|[from] move: Wish|[wisher] Florges","|-heal|p2a: Florges|338/360 tox|[from] item: Leftovers","|-heal|p1a: Seismitoad|170/400 tox|[from] item: Leftovers","|-damage|p2a: Florges|294/360 tox|[from] psn","|-damage|p1a: Seismitoad|95/400 tox|[from] psn","|turn|11","|","|move|p2a: Florges|Moonblast|p1a: Seismitoad","|-damage|p1a: Seismitoad|0 fnt","|faint|p1a: Seismitoad","|","|-heal|p2a: Florges|316/360 tox|[from] item: Leftovers","|-damage|p2a: Florges|250/360 tox|[from] psn","|","|switch|p1a: Jellicent|Jellicent, M|342/342","|turn|12","|","|move|p2a: Florges|Toxic|p1a: Jellicent","|-status|p1a: Jellicent|tox","|move|p1a: Jellicent|Hex|p2a: Florges","|-damage|p2a: Florges|139/360 tox","|","|-heal|p2a: Florges|161/360 tox|[from] item: Leftovers","|-damage|p2a: Florges|73/360 tox|[from] psn","|-damage|p1a: Jellicent|321/342 tox|[from] psn","|turn|13","|","|move|p2a: Florges|Wish|p2a: Florges","|move|p1a: Jellicent|Hex|p2a: Florges","|-damage|p2a: Florges|0 fnt","|faint|p2a: Florges","|","|-heal|p1a: Jellicent|342/342 tox|[from] item: Leftovers","|-damage|p1a: Jellicent|300/342 tox|[from] psn","|","|switch|p2a: Gardevoir|Gardevoir, F|277/277","|-ability|p2a: Gardevoir|Cursed Body|[from] ability: Trace|[of] p1a: Jellicent","|turn|14","|","|switch|p1a: Blastoise|Blastoise, F|337/337","|move|p2a: Gardevoir|Thunderbolt|p1a: Blastoise","|-supereffective|p1a: Blastoise","|-damage|p1a: Blastoise|157/337","|","|turn|15","|","|move|p2a: Gardevoir|Thunderbolt|p1a: Blastoise","|-supereffective|p1a: Blastoise","|-damage|p1a: Blastoise|0 fnt","|faint|p1a: Blastoise","|","|","|switch|p1a: Wailord|Wailord, M|482/482","|turn|16","|","|move|p2a: Gardevoir|Thunderbolt|p1a: Wailord","|-supereffective|p1a: Wailord","|-damage|p1a: Wailord|90/482","|move|p1a: Wailord|Heavy Slam|p2a: Gardevoir","|-supereffective|p2a: Gardevoir","|-damage|p2a: Gardevoir|31/277","|","|turn|17","|","|move|p2a: Gardevoir|Thunderbolt|p1a: Wailord","|-supereffective|p1a: Wailord","|-damage|p1a: Wailord|0 fnt","|faint|p1a: Wailord","|","|","|switch|p1a: Manaphy|Manaphy|4/380","|turn|18","|","|move|p2a: Gardevoir|Thunderbolt|p1a: Manaphy","|-supereffective|p1a: Manaphy","|-damage|p1a: Manaphy|0 fnt","|faint|p1a: Manaphy","|","|","|switch|p1a: Jellicent|Jellicent, M|300/342 tox","|turn|19","|","|move|p2a: Gardevoir|Thunderbolt|p1a: Jellicent","|-supereffective|p1a: Jellicent","|-damage|p1a: Jellicent|150/342 tox","|-start|p2a: Gardevoir|Disable|Thunderbolt","|move|p1a: Jellicent|Hex|p2a: Gardevoir","|-supereffective|p2a: Gardevoir","|-damage|p2a: Gardevoir|0 fnt","|-start|p1a: Jellicent|Disable|Hex","|faint|p2a: Gardevoir","|","|-heal|p1a: Jellicent|171/342 tox|[from] item: Leftovers","|-damage|p1a: Jellicent|150/342 tox|[from] psn","|","|switch|p2a: Diancie|Diancie|242/242","|turn|20","|","|detailschange|p2a: Diancie|Diancie-Mega","|-mega|p2a: Diancie|Diancie|Diancite","|move|p2a: Diancie|Moonblast|p1a: Jellicent","|-damage|p1a: Jellicent|8/342 tox","|move|p1a: Jellicent|Recover|p1a: Jellicent","|-heal|p1a: Jellicent|179/342 tox","|","|-heal|p1a: Jellicent|200/342 tox|[from] item: Leftovers","|-damage|p1a: Jellicent|158/342 tox|[from] psn","|turn|21","|","|move|p2a: Diancie|Moonblast|p1a: Jellicent","|-damage|p1a: Jellicent|16/342 tox","|move|p1a: Jellicent|Recover|p1a: Jellicent","|-heal|p1a: Jellicent|187/342 tox","|","|-heal|p1a: Jellicent|208/342 tox|[from] item: Leftovers","|-damage|p1a: Jellicent|145/342 tox|[from] psn","|turn|22","|","|move|p2a: Diancie|Moonblast|p1a: Jellicent","|-damage|p1a: Jellicent|0 fnt","|-start|p2a: Diancie|Disable|Moonblast","|faint|p1a: Jellicent","|","|win|Jake1079"],"p1rating":{"entryid":"121596","serverid":"eos","formatid":"monotype","userid":"jejed","username":"Jejed","w":"1","l":3,"t":"0","gxe":40.4,"r":"1500","rd":"130","sigma":"0","rptime":"1439974800","rpr":1423.6685495211,"rprd":106.65530349466,"rpsigma":"0","acre":1015.1389047798,"lacre":1015.1389047798,"oldacre":"1029.0357685094"},"p2rating":{"entryid":"56288","serverid":"eos","formatid":"monotype","userid":"jake1079","username":"Jake1079","w":3,"l":"4","t":"0","gxe":46.9,"r":"1415.5944921693","rd":"102.83219891053","sigma":"0","rptime":"1439974800","rpr":1475.7295159888,"rprd":96.209416082953,"rpsigma":"0","acre":1073.0306743319,"lacre":1073.0306743319,"oldacre":"1040.1364233532"},"endType":"normal"}