{"seed":[63610,16752,8376,32759],"turns":29,"p1":"Apex Salamence","p2":"DJ Gible","p1team":[{"name":"BIRD JESUS","species":"pidgeot","item":"pidgeotite","ability":"Big Pecks","moves":["heatwave","hurricane","hiddenpowerground","protect"],"nature":"Timid","evs":{"hp":0,"atk":0,"def":0,"spa":252,"spd":4,"spe":252},"gender":"M","ivs":{"hp":31,"atk":31,"def":31,"spa":30,"spd":30,"spe":31},"shiny":true},{"name":"Gaea","species":"landorus","item":"lifeorb","ability":"Sheer Force","moves":["earthpower","stealthrock","psychic","rockpolish"],"nature":"Modest","evs":{"hp":0,"atk":0,"def":0,"spa":252,"spd":4,"spe":252},"shiny":true,"ivs":{"hp":31,"atk":31,"def":31,"spa":31,"spd":31,"spe":31}},{"name":"BoneZ","species":"mandibuzz","item":"leftovers","ability":"Overcoat","moves":["foulplay","roost","taunt","defog"],"nature":"Bold","evs":{"hp":248,"atk":0,"def":136,"spa":0,"spd":108,"spe":16},"shiny":true,"ivs":{"hp":31,"atk":31,"def":31,"spa":31,"spd":31,"spe":31}},{"name":"Porunga","species":"dragonite","item":"weaknesspolicy","ability":"Multiscale","moves":["dragondance","dragonclaw","extremespeed","firepunch"],"nature":"Adamant","evs":{"hp":0,"atk":252,"def":0,"spa":0,"spd":4,"spe":252},"gender":"M","shiny":true,"ivs":{"hp":31,"atk":31,"def":31,"spa":31,"spd":31,"spe":31}},{"name":"Jupiter","species":"thundurus","item":"sitrusberry","ability":"Prankster","moves":["taunt","thunderwave","thunderbolt","hiddenpowerice"],"nature":"Timid","evs":{"hp":0,"atk":0,"def":0,"spa":252,"spd":4,"spe":252},"ivs":{"hp":31,"atk":30,"def":30,"spa":31,"spd":31,"spe":31},"shiny":true},{"name":"Raptor","species":"staraptor","item":"choicescarf","ability":"Reckless","moves":["bravebird","doubleedge","uturn","closecombat"],"nature":"Jolly","evs":{"hp":0,"atk":252,"def":0,"spa":0,"spd":4,"spe":252},"gender":"M","shiny":true,"ivs":{"hp":31,"atk":31,"def":31,"spa":31,"spd":31,"spe":31}}],"p2team":[{"name":"Calamari","species":"malamar","item":"choicescarf","ability":"Contrary","moves":["rockslide","psychocut","superpower","nightslash"],"nature":"Jolly","evs":{"hp":4,"atk":252,"def":0,"spa":0,"spd":0,"spe":252},"ivs":{"hp":31,"atk":31,"def":31,"spa":31,"spd":31,"spe":31}},{"name":"Hoodlum","species":"scrafty","item":"focussash","ability":"Moxie","moves":["dragondance","crunch","drainpunch","icepunch"],"nature":"Adamant","evs":{"hp":4,"atk":252,"def":0,"spa":0,"spd":0,"spe":252},"ivs":{"hp":31,"atk":31,"def":31,"spa":31,"spd":31,"spe":31}},{"name":"Tyrant","species":"tyranitar","item":"tyranitarite","ability":"Sand Stream","moves":["dragondance","stoneedge","earthquake","crunch"],"nature":"Adamant","evs":{"hp":0,"atk":252,"def":0,"spa":0,"spd":4,"spe":252},"ivs":{"hp":31,"atk":31,"def":31,"spa":31,"spd":31,"spe":31}},{"name":"Check Mate","species":"bisharp","item":"scopelens","ability":"Defiant","moves":["suckerpunch","ironhead","thunderwave","xscissor"],"nature":"Adamant","evs":{"hp":248,"atk":252,"def":0,"spa":0,"spd":8,"spe":0},"ivs":{"hp":31,"atk":31,"def":31,"spa":31,"spd":31,"spe":31}},{"name":"Cpt. Buzz","species":"mandibuzz","item":"leftovers","ability":"Big Pecks","moves":["foulplay","roost","defog","whirlwind"],"nature":"Bold","evs":{"hp":252,"atk":0,"def":252,"spa":0,"spd":4,"spe":0},"ivs":{"hp":31,"atk":31,"def":31,"spa":31,"spd":31,"spe":31}},{"name":"Hoopa-Unbound","species":"Hoopa-Unbound","item":"lifeorb","ability":"Magician","moves":["zenheadbutt","hyperspacefury","gunkshot","substitute"],"nature":"Jolly","evs":{"hp":0,"atk":252,"def":0,"spa":0,"spd":4,"spe":252},"ivs":{"hp":31,"atk":31,"def":31,"spa":31,"spd":31,"spe":31}}],"log":["|player|p1|Apex Salamence|265","|player|p2|DJ Gible|198","|gametype|singles","|gen|6","|tier|Monotype","|rated","|rule|Baton Pass Clause: Limit one Baton Passer, can't pass Spe and other stats simultaneously","|rule|Swagger Clause: Swagger is banned","|rule|Same Type Clause: Pokémon in a team must share a type","|clearpoke","|poke|p1|Pidgeot, M, shiny","|poke|p1|Landorus, M, shiny","|poke|p1|Mandibuzz, F, shiny","|poke|p1|Dragonite, M, shiny","|poke|p1|Thundurus, M, shiny","|poke|p1|Staraptor, M, shiny","|poke|p2|Malamar, M","|poke|p2|Scrafty, M","|poke|p2|Tyranitar, F","|poke|p2|Bisharp, M","|poke|p2|Mandibuzz, F","|poke|p2|Hoopa-Unbound","|rule|Sleep Clause Mod: Limit one foe put to sleep","|rule|Species Clause: Limit one of each Pokémon","|rule|OHKO Clause: OHKO moves are banned","|rule|Moody Clause: Moody is banned","|rule|Evasion Moves Clause: Evasion moves are banned","|rule|Endless Battle Clause: Forcing endless battles is banned","|rule|HP Percentage Mod: HP is shown in percentages","|teampreview","|","|start","|switch|p1a: Jupiter|Thundurus, M, shiny|299/299","|switch|p2a: Hoodlum|Scrafty, M|272/272","|turn|1","|","|move|p1a: Jupiter|Taunt|p2a: Hoodlum","|-start|p2a: Hoodlum|move: Taunt","|cant|p2a: Hoodlum|move: Taunt|Dragon Dance","|","|turn|2","|","|switch|p2a: Calamari|Malamar, M|314/314","|move|p1a: Jupiter|Thunderbolt|p2a: Calamari","|-damage|p2a: Calamari|116/314","|","|turn|3","|","|move|p2a: Calamari|Rock Slide|p1a: Jupiter","|-miss|p2a: Calamari|p1a: Jupiter","|move|p1a: Jupiter|Thunderbolt|p2a: Calamari","|-damage|p2a: Calamari|0 fnt","|faint|p2a: Calamari","|","|","|switch|p2a: Tyrant|Tyranitar, F|341/341","|-weather|Sandstorm","|turn|4","|","|move|p1a: Jupiter|Taunt|p2a: Tyrant","|-start|p2a: Tyrant|move: Taunt","|move|p2a: Tyrant|Stone Edge|p1a: Jupiter","|-crit|p1a: Jupiter","|-supereffective|p1a: Jupiter","|-damage|p1a: Jupiter|0 fnt","|faint|p1a: Jupiter","|","|-weather|Sandstorm|[upkeep]","|","|switch|p1a: Gaea|Landorus, M, shiny|319/319","|turn|5","|","|switch|p2a: Cpt. Buzz|Mandibuzz, F|424/424","|move|p1a: Gaea|Earth Power|p2a: Cpt. Buzz","|-immune|p2a: Cpt. Buzz|[msg]","|","|-weather|Sandstorm|[upkeep]","|-damage|p2a: Cpt. Buzz|398/424|[from] sandstorm","|-heal|p2a: Cpt. Buzz|424/424|[from] item: Leftovers","|turn|6","|","|move|p1a: Gaea|Stealth Rock|p2a: Cpt. Buzz","|-sidestart|p2: DJ Gible|move: Stealth Rock","|move|p2a: Cpt. Buzz|Foul Play|p1a: Gaea","|-crit|p1a: Gaea","|-damage|p1a: Gaea|106/319","|","|-weather|Sandstorm|[upkeep]","|-damage|p2a: Cpt. Buzz|398/424|[from] sandstorm","|-heal|p2a: Cpt. Buzz|424/424|[from] item: Leftovers","|turn|7","|","|switch|p1a: BoneZ|Mandibuzz, F, shiny|423/423","|move|p2a: Cpt. Buzz|Foul Play|p1a: BoneZ","|-resisted|p1a: BoneZ","|-damage|p1a: BoneZ|394/423","|","|-weather|Sandstorm|[upkeep]","|-damage|p2a: Cpt. Buzz|398/424|[from] sandstorm","|-heal|p1a: BoneZ|420/423|[from] item: Leftovers","|-heal|p2a: Cpt. Buzz|424/424|[from] item: Leftovers","|turn|8","|","|move|p1a: BoneZ|Taunt|p2a: Cpt. Buzz","|-start|p2a: Cpt. Buzz|move: Taunt","|cant|p2a: Cpt. Buzz|move: Taunt|Defog","|","|-weather|none","|-heal|p1a: BoneZ|423/423|[from] item: Leftovers","|turn|9","|","|switch|p1a: Raptor|Staraptor, M, shiny|311/311","|move|p2a: Cpt. Buzz|Foul Play|p1a: Raptor","|-damage|p1a: Raptor|95/311","|","|turn|10","|","|move|p1a: Raptor|Double-Edge|p2a: Cpt. Buzz","|-damage|p2a: Cpt. Buzz|241/424","|-damage|p1a: Raptor|35/311|[from] recoil|[of] p2a: Cpt. Buzz","|move|p2a: Cpt. Buzz|Foul Play|p1a: Raptor","|-damage|p1a: Raptor|0 fnt","|faint|p1a: Raptor","|","|-heal|p2a: Cpt. Buzz|267/424|[from] item: Leftovers","|-end|p2a: Cpt. Buzz|move: Taunt","|","|switch|p1a: BIRD JESUS|Pidgeot, M, shiny|307/307","|turn|11","|","|detailschange|p1a: BIRD JESUS|Pidgeot-Mega, M, shiny","|-mega|p1a: BIRD JESUS|Pidgeot|Pidgeotite","|move|p1a: BIRD JESUS|Protect|p1a: BIRD JESUS","|-singleturn|p1a: BIRD JESUS|Protect","|move|p2a: Cpt. Buzz|Whirlwind|p1a: BIRD JESUS","|drag|p1a: BoneZ|Mandibuzz, F, shiny|423/423","|","|-heal|p2a: Cpt. Buzz|293/424|[from] item: Leftovers","|turn|12","|","|move|p1a: BoneZ|Taunt|p2a: Cpt. Buzz","|-start|p2a: Cpt. Buzz|move: Taunt","|cant|p2a: Cpt. Buzz|move: Taunt|Defog","|","|-heal|p2a: Cpt. Buzz|319/424|[from] item: Leftovers","|turn|13","|","|move|p1a: BoneZ|Foul Play|p2a: Cpt. Buzz","|-resisted|p2a: Cpt. Buzz","|-damage|p2a: Cpt. Buzz|295/424","|move|p2a: Cpt. Buzz|Foul Play|p1a: BoneZ","|-resisted|p1a: BoneZ","|-damage|p1a: BoneZ|397/423","|","|-heal|p1a: BoneZ|423/423|[from] item: Leftovers","|-heal|p2a: Cpt. Buzz|321/424|[from] item: Leftovers","|turn|14","|","|switch|p1a: Porunga|Dragonite, M, shiny|323/323","|move|p2a: Cpt. Buzz|Foul Play|p1a: Porunga","|-damage|p1a: Porunga|217/323","|","|-heal|p2a: Cpt. Buzz|347/424|[from] item: Leftovers","|-end|p2a: Cpt. Buzz|move: Taunt","|turn|15","|","|move|p1a: Porunga|Dragon Claw|p2a: Cpt. Buzz","|-damage|p2a: Cpt. Buzz|232/424","|move|p2a: Cpt. Buzz|Whirlwind|p1a: Porunga","|drag|p1a: BIRD JESUS|Pidgeot-Mega, M, shiny|307/307","|","|-heal|p2a: Cpt. Buzz|258/424|[from] item: Leftovers","|turn|16","|","|move|p1a: BIRD JESUS|Hurricane|p2a: Cpt. Buzz","|-damage|p2a: Cpt. Buzz|62/424","|move|p2a: Cpt. Buzz|Roost|p2a: Cpt. Buzz","|-heal|p2a: Cpt. Buzz|274/424","|","|-heal|p2a: Cpt. Buzz|300/424|[from] item: Leftovers","|turn|17","|","|move|p1a: BIRD JESUS|Heat Wave|p2a: Cpt. Buzz","|-damage|p2a: Cpt. Buzz|175/424","|move|p2a: Cpt. Buzz|Roost|p2a: Cpt. Buzz","|-heal|p2a: Cpt. Buzz|387/424","|","|-heal|p2a: Cpt. Buzz|413/424|[from] item: Leftovers","|turn|18","|","|move|p1a: BIRD JESUS|Hurricane|p2a: Cpt. Buzz","|-damage|p2a: Cpt. Buzz|221/424","|move|p2a: Cpt. Buzz|Defog|p1a: BIRD JESUS","|-unboost|p1a: BIRD JESUS|evasion|1","|-sideend|p2: DJ Gible|Stealth Rock|[from] move: Defog|[of] p2a: Cpt. Buzz","|","|-heal|p2a: Cpt. Buzz|247/424|[from] item: Leftovers","|turn|19","|","|move|p1a: BIRD JESUS|Hurricane|p2a: Cpt. Buzz","|-damage|p2a: Cpt. Buzz|49/424","|move|p2a: Cpt. Buzz|Roost|p2a: Cpt. Buzz","|-heal|p2a: Cpt. Buzz|261/424","|","|-heal|p2a: Cpt. Buzz|287/424|[from] item: Leftovers","|turn|20","|","|move|p1a: BIRD JESUS|Hurricane|p2a: Cpt. Buzz","|-damage|p2a: Cpt. Buzz|94/424","|move|p2a: Cpt. Buzz|Roost|p2a: Cpt. Buzz","|-heal|p2a: Cpt. Buzz|306/424","|","|-heal|p2a: Cpt. Buzz|332/424|[from] item: Leftovers","|turn|21","|","|move|p1a: BIRD JESUS|Hurricane|p2a: Cpt. Buzz","|-damage|p2a: Cpt. Buzz|130/424","|-start|p2a: Cpt. Buzz|confusion","|-activate|p2a: Cpt. Buzz|confusion","|move|p2a: Cpt. Buzz|Foul Play|p1a: BIRD JESUS","|-damage|p1a: BIRD JESUS|198/307","|","|-heal|p2a: Cpt. Buzz|156/424|[from] item: Leftovers","|turn|22","|","|move|p1a: BIRD JESUS|Hurricane|p2a: Cpt. Buzz","|-damage|p2a: Cpt. Buzz|0 fnt","|faint|p2a: Cpt. Buzz","|","|","|switch|p2a: Hoopa-Unbound|Hoopa-Unbound|301/301","|turn|23","|","|move|p1a: BIRD JESUS|Hurricane|p2a: Hoopa-Unbound","|-damage|p2a: Hoopa-Unbound|130/301","|move|p2a: Hoopa-Unbound|Substitute|p2a: Hoopa-Unbound","|-start|p2a: Hoopa-Unbound|Substitute","|-damage|p2a: Hoopa-Unbound|55/301","|","|turn|24","|","|move|p1a: BIRD JESUS|Hurricane|p2a: Hoopa-Unbound","|-end|p2a: Hoopa-Unbound|Substitute","|move|p2a: Hoopa-Unbound|Hyperspace Fury|p1a: BIRD JESUS","|-damage|p1a: BIRD JESUS|0 fnt","|-unboost|p2a: Hoopa-Unbound|def|1","|-damage|p2a: Hoopa-Unbound|25/301|[from] item: Life Orb","|faint|p1a: BIRD JESUS","|","|","|switch|p1a: Porunga|Dragonite, M, shiny|217/323","|turn|25","|","|move|p1a: Porunga|Extreme Speed|p2a: Hoopa-Unbound","|-damage|p2a: Hoopa-Unbound|0 fnt","|faint|p2a: Hoopa-Unbound","|","|","|switch|p2a: Tyrant|Tyranitar, F|341/341","|-weather|Sandstorm","|turn|26","|","|detailschange|p2a: Tyrant|Tyranitar-Mega, F","|-mega|p2a: Tyrant|Tyranitar|Tyranitarite","|move|p1a: Porunga|Dragon Claw|p2a: Tyrant","|-damage|p2a: Tyrant|236/341","|move|p2a: Tyrant|Dragon Dance|p2a: Tyrant","|-boost|p2a: Tyrant|atk|1","|-boost|p2a: Tyrant|spe|1","|","|-weather|Sandstorm|[upkeep]","|-damage|p1a: Porunga|197/323|[from] sandstorm","|turn|27","|","|move|p1a: Porunga|Extreme Speed|p2a: Tyrant","|-resisted|p2a: Tyrant","|-damage|p2a: Tyrant|196/341","|move|p2a: Tyrant|Stone Edge|p1a: Porunga","|-supereffective|p1a: Porunga","|-damage|p1a: Porunga|0 fnt","|faint|p1a: Porunga","|","|-weather|Sandstorm|[upkeep]","|","|switch|p1a: BoneZ|Mandibuzz, F, shiny|423/423","|turn|28","|","|move|p2a: Tyrant|Stone Edge|p1a: BoneZ","|-crit|p1a: BoneZ","|-supereffective|p1a: BoneZ","|-damage|p1a: BoneZ|0 fnt","|faint|p1a: BoneZ","|","|-weather|Sandstorm|[upkeep]","|","|switch|p1a: Gaea|Landorus, M, shiny|106/319","|turn|29","|","|move|p2a: Tyrant|Crunch|p1a: Gaea","|-damage|p1a: Gaea|0 fnt","|faint|p1a: Gaea","|","|win|DJ Gible"],"p1rating":{"entryid":"1755","serverid":"eos","formatid":"monotype","userid":"apexsalamence","username":"Apex Salamence","w":"5","l":6,"t":"0","gxe":47.4,"r":"1521.7686242208","rd":"90.329912156882","sigma":"0","rptime":"1439974800","rpr":1480.0921975672,"rprd":85.338967534871,"rpsigma":"0","acre":1056.0356348546,"lacre":1056.0356348546,"oldacre":"1083.9942063633"},"p2rating":{"entryid":166635,"formatid":"monotype","userid":"djgible","username":"DJ Gible","r":1500,"rd":130,"sigma":0,"rpr":1543.9111610629,"rprd":122.35313597726,"rpsigma":0,"rptime":1439974800,"w":1,"l":0,"t":0,"gxe":55.5,"acre":1049.4861002665,"lacre":1049.4861002665,"oldacre":1000},"endType":"normal"}