{"seed":[7096,40713,51491,6042],"turns":37,"p1":"Rain Dank Tank","p2":"Void Who","p1team":[{"name":"Massacrebringer","species":"bisharp","item":"choicescarf","ability":"Defiant","moves":["brickbreak","suckerpunch","knockoff","ironhead"],"nature":"Jolly","evs":{"hp":0,"atk":252,"def":0,"spa":0,"spd":4,"spe":252},"gender":"M","shiny":true,"ivs":{"hp":31,"atk":31,"def":31,"spa":31,"spd":31,"spe":31}},{"name":"Icebringer","species":"weavile","item":"choicescarf","ability":"Pressure","moves":["iceshard","iciclecrash","knockoff","brickbreak"],"nature":"Adamant","evs":{"hp":0,"atk":252,"def":0,"spa":0,"spd":4,"spe":252},"gender":"F","ivs":{"hp":31,"atk":31,"def":31,"spa":31,"spd":31,"spe":31}},{"name":"Hellbringer","species":"mandibuzz","item":"leftovers","ability":"Overcoat","moves":["toxic","roost","foulplay","whirlwind"],"nature":"Bold","evs":{"hp":252,"atk":0,"def":252,"spa":0,"spd":4,"spe":0},"shiny":true,"ivs":{"hp":31,"atk":31,"def":31,"spa":31,"spd":31,"spe":31}},{"name":"Nightbringer","species":"zoroark","item":"choicespecs","ability":"Illusion","moves":["darkpulse","flamethrower","trick","extrasensory"],"nature":"Timid","evs":{"hp":0,"atk":0,"def":0,"spa":252,"spd":4,"spe":252},"gender":"F","shiny":true,"ivs":{"hp":31,"atk":31,"def":31,"spa":31,"spd":31,"spe":31}},{"name":"Deathbringer","species":"absol","item":"absolite","ability":"Super Luck","moves":["darkpulse","thunderbolt","flamethrower","playrough"],"nature":"Timid","evs":{"hp":0,"atk":0,"def":0,"spa":252,"spd":4,"spe":252},"gender":"F","shiny":true,"ivs":{"hp":31,"atk":31,"def":31,"spa":31,"spd":31,"spe":31}},{"name":"Chaosbringer","species":"hydreigon","item":"choicescarf","ability":"Levitate","moves":["dracometeor","flamethrower","flashcannon","darkpulse"],"nature":"Timid","evs":{"hp":0,"atk":0,"def":0,"spa":252,"spd":4,"spe":252},"gender":"M","shiny":true,"ivs":{"hp":31,"atk":31,"def":31,"spa":31,"spd":31,"spe":31}}],"p2team":[{"name":"Mew","species":"Mew","item":"rockyhelmet","ability":"Synchronize","moves":["defog","knockoff","roost","willowisp"],"nature":"Careful","evs":{"hp":248,"atk":8,"def":0,"spa":0,"spd":252,"spe":0},"ivs":{"hp":31,"atk":31,"def":31,"spa":31,"spd":31,"spe":31}},{"name":"Medicham","species":"Medicham","item":"medichamite","ability":"Pure Power","moves":["fakeout","drainpunch","bulletpunch","psychocut"],"nature":"Adamant","evs":{"hp":248,"atk":252,"def":0,"spa":0,"spd":8,"spe":0},"ivs":{"hp":31,"atk":31,"def":31,"spa":31,"spd":31,"spe":31}},{"name":"Victini","species":"Victini","item":"choicescarf","ability":"Victory Star","moves":["boltstrike","vcreate","uturn","zenheadbutt"],"nature":"Jolly","evs":{"hp":0,"atk":252,"def":0,"spa":0,"spd":4,"spe":252},"ivs":{"hp":31,"atk":31,"def":31,"spa":31,"spd":31,"spe":31}},{"name":"Slowbro","species":"Slowbro","item":"leftovers","ability":"Regenerator","moves":["flamethrower","scald","thunderwave","slackoff"],"nature":"Bold","evs":{"hp":252,"atk":0,"def":252,"spa":4,"spd":0,"spe":0},"ivs":{"hp":31,"atk":31,"def":31,"spa":31,"spd":31,"spe":31}},{"name":"Hoopa-Unbound","species":"Hoopa-Unbound","item":"choicescarf","ability":"Magician","moves":["hyperspacefury","firepunch","drainpunch","hyperspacehole"],"nature":"Hasty","evs":{"hp":0,"atk":252,"def":0,"spa":4,"spd":0,"spe":252},"ivs":{"hp":31,"atk":31,"def":31,"spa":31,"spd":31,"spe":31}},{"name":"Meloetta","species":"Meloetta","item":"assaultvest","ability":"Serene Grace","moves":["psychic","focusblast","energyball","hypervoice"],"nature":"Modest","evs":{"hp":248,"atk":0,"def":0,"spa":252,"spd":8,"spe":0},"ivs":{"hp":31,"atk":31,"def":31,"spa":31,"spd":31,"spe":31}}],"log":["|player|p1|Rain Dank Tank|233","|player|p2|Void Who|voidwho.gif","|gametype|singles","|gen|6","|tier|Monotype","|rated","|rule|Baton Pass Clause: Limit one Baton Passer, can't pass Spe and other stats simultaneously","|rule|Swagger Clause: Swagger is banned","|rule|Same Type Clause: Pokémon in a team must share a type","|clearpoke","|poke|p1|Bisharp, M, shiny","|poke|p1|Weavile, F","|poke|p1|Mandibuzz, F, shiny","|poke|p1|Zoroark, F, shiny","|poke|p1|Absol, F, shiny","|poke|p1|Hydreigon, M, shiny","|poke|p2|Mew","|poke|p2|Medicham, F","|poke|p2|Victini","|poke|p2|Slowbro, M","|poke|p2|Hoopa-Unbound","|poke|p2|Meloetta","|rule|Sleep Clause Mod: Limit one foe put to sleep","|rule|Species Clause: Limit one of each Pokémon","|rule|OHKO Clause: OHKO moves are banned","|rule|Moody Clause: Moody is banned","|rule|Evasion Moves Clause: Evasion moves are banned","|rule|Endless Battle Clause: Forcing endless battles is banned","|rule|HP Percentage Mod: HP is shown in percentages","|teampreview","|","|start","|switch|p1a: Chaosbringer|Hydreigon, M, shiny|325/325","|switch|p2a: Medicham|Medicham, F|323/323","|turn|1","|","|detailschange|p2a: Medicham|Medicham-Mega, F","|-mega|p2a: Medicham|Medicham|Medichamite","|move|p2a: Medicham|Fake Out|p1a: Chaosbringer","|-damage|p1a: Chaosbringer|236/325","|cant|p1a: Chaosbringer|flinch","|","|turn|2","|","|switch|p2a: Meloetta|Meloetta|403/403","|move|p1a: Chaosbringer|Draco Meteor|p2a: Meloetta","|-damage|p2a: Meloetta|277/403","|-unboost|p1a: Chaosbringer|spa|2","|","|turn|3","|","|switch|p1a: Hellbringer|Mandibuzz, F, shiny|424/424","|move|p2a: Meloetta|Focus Blast|p1a: Hellbringer","|-damage|p1a: Hellbringer|272/424","|","|-heal|p1a: Hellbringer|298/424|[from] item: Leftovers","|turn|4","|","|move|p2a: Meloetta|Hyper Voice|p1a: Hellbringer","|-damage|p1a: Hellbringer|111/424","|move|p1a: Hellbringer|Foul Play|p2a: Meloetta","|-supereffective|p2a: Meloetta","|-damage|p2a: Meloetta|73/403","|","|-heal|p1a: Hellbringer|137/424|[from] item: Leftovers","|turn|5","|","|switch|p1a: Massacrebringer|Bisharp, M, shiny|271/271","|move|p2a: Meloetta|Hyper Voice|p1a: Massacrebringer","|-resisted|p1a: Massacrebringer","|-damage|p1a: Massacrebringer|147/271","|","|turn|6","|","|switch|p2a: Slowbro|Slowbro, M|394/394","|move|p1a: Massacrebringer|Knock Off|p2a: Slowbro","|-supereffective|p2a: Slowbro","|-damage|p2a: Slowbro|178/394","|-enditem|p2a: Slowbro|Leftovers|[from] move: Knock Off|[of] p1a: Massacrebringer","|","|turn|7","|","|switch|p1a: Hellbringer|Mandibuzz, F, shiny|137/424","|move|p2a: Slowbro|Slack Off|p2a: Slowbro","|-heal|p2a: Slowbro|375/394","|","|-heal|p1a: Hellbringer|163/424|[from] item: Leftovers","|turn|8","|","|move|p1a: Hellbringer|Toxic|p2a: Slowbro|[miss]","|-miss|p1a: Hellbringer|p2a: Slowbro","|move|p2a: Slowbro|Scald|p1a: Hellbringer","|-damage|p1a: Hellbringer|60/424","|","|-heal|p1a: Hellbringer|86/424|[from] item: Leftovers","|turn|9","|","|switch|p2a: Meloetta|Meloetta|73/403","|move|p1a: Hellbringer|Roost|p1a: Hellbringer","|-heal|p1a: Hellbringer|298/424","|","|-heal|p1a: Hellbringer|324/424|[from] item: Leftovers","|turn|10","|","|move|p2a: Meloetta|Hyper Voice|p1a: Hellbringer","|-damage|p1a: Hellbringer|158/424","|move|p1a: Hellbringer|Foul Play|p2a: Meloetta","|-supereffective|p2a: Meloetta","|-damage|p2a: Meloetta|0 fnt","|faint|p2a: Meloetta","|","|-heal|p1a: Hellbringer|184/424|[from] item: Leftovers","|","|switch|p2a: Slowbro|Slowbro, M|394/394","|turn|11","|","|switch|p2a: Mew|Mew|403/403","|move|p1a: Hellbringer|Roost|p1a: Hellbringer","|-heal|p1a: Hellbringer|396/424","|","|-heal|p1a: Hellbringer|422/424|[from] item: Leftovers","|turn|12","|","|move|p2a: Mew|Knock Off|p1a: Hellbringer","|-resisted|p1a: Hellbringer","|-damage|p1a: Hellbringer|397/424","|-enditem|p1a: Hellbringer|Leftovers|[from] move: Knock Off|[of] p2a: Mew","|move|p1a: Hellbringer|Foul Play|p2a: Mew","|-supereffective|p2a: Mew","|-damage|p2a: Mew|179/403","|-damage|p1a: Hellbringer|327/424|[from] item: Rocky Helmet|[of] p2a: Mew","|","|turn|13","|","|move|p2a: Mew|Roost|p2a: Mew","|-heal|p2a: Mew|381/403","|move|p1a: Hellbringer|Foul Play|p2a: Mew","|-supereffective|p2a: Mew","|-damage|p2a: Mew|145/403","|-damage|p1a: Hellbringer|257/424|[from] item: Rocky Helmet|[of] p2a: Mew","|","|turn|14","|","|move|p2a: Mew|Will-O-Wisp|p1a: Hellbringer","|-status|p1a: Hellbringer|brn","|move|p1a: Hellbringer|Foul Play|p2a: Mew","|-supereffective|p2a: Mew","|-damage|p2a: Mew|30/403","|-damage|p1a: Hellbringer|187/424 brn|[from] item: Rocky Helmet|[of] p2a: Mew","|","|-damage|p1a: Hellbringer|134/424 brn|[from] brn","|turn|15","|","|move|p2a: Mew|Roost|p2a: Mew","|-heal|p2a: Mew|232/403","|move|p1a: Hellbringer|Toxic|p2a: Mew","|-status|p2a: Mew|tox","|","|-damage|p2a: Mew|207/403 tox|[from] psn","|-damage|p1a: Hellbringer|81/424 brn|[from] brn","|turn|16","|","|move|p2a: Mew|Roost|p2a: Mew","|-heal|p2a: Mew|403/403 tox","|move|p1a: Hellbringer|Roost|p1a: Hellbringer","|-heal|p1a: Hellbringer|293/424 brn","|","|-damage|p2a: Mew|353/403 tox|[from] psn","|-damage|p1a: Hellbringer|240/424 brn|[from] brn","|turn|17","|","|move|p2a: Mew|Knock Off|p1a: Hellbringer","|-resisted|p1a: Hellbringer","|-damage|p1a: Hellbringer|223/424 brn","|move|p1a: Hellbringer|Roost|p1a: Hellbringer","|-heal|p1a: Hellbringer|424/424 brn","|","|-damage|p2a: Mew|278/403 tox|[from] psn","|-damage|p1a: Hellbringer|371/424 brn|[from] brn","|turn|18","|","|switch|p2a: Medicham|Medicham-Mega, F|323/323","|move|p1a: Hellbringer|Foul Play|p2a: Medicham","|-damage|p2a: Medicham|242/323","|","|-damage|p1a: Hellbringer|318/424 brn|[from] brn","|turn|19","|","|move|p2a: Medicham|Fake Out|p1a: Hellbringer","|-damage|p1a: Hellbringer|260/424 brn","|cant|p1a: Hellbringer|flinch","|","|-damage|p1a: Hellbringer|207/424 brn|[from] brn","|turn|20","|","|switch|p2a: Mew|Mew|278/403 tox","|move|p1a: Hellbringer|Roost|p1a: Hellbringer","|-heal|p1a: Hellbringer|419/424 brn","|","|-damage|p2a: Mew|253/403 tox|[from] psn","|-damage|p1a: Hellbringer|366/424 brn|[from] brn","|turn|21","|","|switch|p2a: Medicham|Medicham-Mega, F|242/323","|move|p1a: Hellbringer|Foul Play|p2a: Medicham","|-crit|p2a: Medicham","|-damage|p2a: Medicham|104/323","|","|-damage|p1a: Hellbringer|313/424 brn|[from] brn","|turn|22","|","|move|p2a: Medicham|Drain Punch|p1a: Hellbringer","|-damage|p1a: Hellbringer|136/424 brn","|-heal|p2a: Medicham|193/323|[from] drain|[of] p1a: Hellbringer","|move|p1a: Hellbringer|Roost|p1a: Hellbringer","|-heal|p1a: Hellbringer|348/424 brn","|","|-damage|p1a: Hellbringer|295/424 brn|[from] brn","|turn|23","|","|move|p2a: Medicham|Drain Punch|p1a: Hellbringer","|-damage|p1a: Hellbringer|124/424 brn","|-heal|p2a: Medicham|279/323|[from] drain|[of] p1a: Hellbringer","|move|p1a: Hellbringer|Toxic|p2a: Medicham|[miss]","|-miss|p1a: Hellbringer|p2a: Medicham","|","|-damage|p1a: Hellbringer|71/424 brn|[from] brn","|turn|24","|","|move|p2a: Medicham|Drain Punch|p1a: Hellbringer","|-damage|p1a: Hellbringer|0 fnt","|-heal|p2a: Medicham|315/323|[from] drain|[of] p1a: Hellbringer","|faint|p1a: Hellbringer","|","|","|switch|p1a: Chaosbringer|Hydreigon, M, shiny|236/325","|turn|25","|","|switch|p2a: Mew|Mew|253/403 tox","|move|p1a: Chaosbringer|Draco Meteor|p2a: Mew","|-damage|p2a: Mew|100/403 tox","|-unboost|p1a: Chaosbringer|spa|2","|","|-damage|p2a: Mew|75/403 tox|[from] psn","|turn|26","|","|move|p1a: Chaosbringer|Draco Meteor|p2a: Mew","|-damage|p2a: Mew|0 fnt","|-unboost|p1a: Chaosbringer|spa|2","|faint|p2a: Mew","|","|","|switch|p2a: Medicham|Medicham-Mega, F|315/323","|turn|27","|","|switch|p1a: Massacrebringer|Bisharp, M, shiny|147/271","|move|p2a: Medicham|Drain Punch|p1a: Massacrebringer","|-supereffective|p1a: Massacrebringer","|-damage|p1a: Massacrebringer|0 fnt","|-heal|p2a: Medicham|323/323|[from] drain|[of] p1a: Massacrebringer","|faint|p1a: Massacrebringer","|","|","|switch|p1a: Chaosbringer|Hydreigon, M, shiny|261/261","|turn|28","|","|move|p1a: Chaosbringer|Dark Pulse|p2a: Medicham","|-damage|p2a: Medicham|103/323","|move|p2a: Medicham|Drain Punch|p1a: Chaosbringer","|-supereffective|p1a: Chaosbringer","|replace|p1a: Nightbringer|Zoroark, F, shiny|261/261","|-damage|p1a: Nightbringer|0 fnt","|-heal|p2a: Medicham|234/323|[from] drain|[of] p1a: Nightbringer","|faint|p1a: Nightbringer","|","|","|switch|p1a: Chaosbringer|Hydreigon, M, shiny|236/325","|turn|29","|","|move|p1a: Chaosbringer|Draco Meteor|p2a: Medicham","|-damage|p2a: Medicham|0 fnt","|-unboost|p1a: Chaosbringer|spa|2","|faint|p2a: Medicham","|","|","|switch|p2a: Hoopa-Unbound|Hoopa-Unbound|301/301","|turn|30","|","|move|p1a: Chaosbringer|Draco Meteor|p2a: Hoopa-Unbound","|-damage|p2a: Hoopa-Unbound|214/301","|-unboost|p1a: Chaosbringer|spa|2","|move|p2a: Hoopa-Unbound|Drain Punch|p1a: Chaosbringer","|-supereffective|p1a: Chaosbringer","|-damage|p1a: Chaosbringer|16/325","|-heal|p2a: Hoopa-Unbound|301/301|[from] drain|[of] p1a: Chaosbringer","|","|turn|31","|","|move|p1a: Chaosbringer|Draco Meteor|p2a: Hoopa-Unbound","|-crit|p2a: Hoopa-Unbound","|-damage|p2a: Hoopa-Unbound|45/301","|-unboost|p1a: Chaosbringer|spa|2","|move|p2a: Hoopa-Unbound|Drain Punch|p1a: Chaosbringer","|-supereffective|p1a: Chaosbringer","|-damage|p1a: Chaosbringer|0 fnt","|-heal|p2a: Hoopa-Unbound|53/301|[from] drain|[of] p1a: Chaosbringer","|faint|p1a: Chaosbringer","|","|","|switch|p1a: Icebringer|Weavile, F|281/281","|-ability|p1a: Icebringer|Pressure","|turn|32","|","|switch|p2a: Slowbro|Slowbro, M|394/394","|move|p1a: Icebringer|Knock Off|p2a: Slowbro","|-supereffective|p2a: Slowbro","|-damage|p2a: Slowbro|224/394","|","|turn|33","|","|switch|p1a: Deathbringer|Absol, F, shiny|271/271","|move|p2a: Slowbro|Flamethrower|p1a: Deathbringer","|-damage|p1a: Deathbringer|168/271","|","|turn|34","|","|detailschange|p1a: Deathbringer|Absol-Mega, F, shiny","|-mega|p1a: Deathbringer|Absol|Absolite","|move|p1a: Deathbringer|Dark Pulse|p2a: Slowbro","|-supereffective|p2a: Slowbro","|-damage|p2a: Slowbro|0 fnt","|faint|p2a: Slowbro","|","|","|switch|p2a: Hoopa-Unbound|Hoopa-Unbound|53/301","|turn|35","|","|move|p2a: Hoopa-Unbound|Drain Punch|p1a: Deathbringer","|-supereffective|p1a: Deathbringer","|-damage|p1a: Deathbringer|0 fnt","|-heal|p2a: Hoopa-Unbound|137/301|[from] drain|[of] p1a: Deathbringer","|faint|p1a: Deathbringer","|","|","|switch|p1a: Icebringer|Weavile, F|281/281","|-ability|p1a: Icebringer|Pressure","|turn|36","|","|move|p1a: Icebringer|Knock Off|p2a: Hoopa-Unbound","|-damage|p2a: Hoopa-Unbound|0 fnt","|-enditem|p2a: Hoopa-Unbound|Choice Scarf|[from] move: Knock Off|[of] p1a: Icebringer","|faint|p2a: Hoopa-Unbound","|","|","|switch|p2a: Victini|Victini|341/341","|turn|37","|","|move|p1a: Icebringer|Knock Off|p2a: Victini","|-supereffective|p2a: Victini","|-damage|p2a: Victini|0 fnt","|-enditem|p2a: Victini|Choice Scarf|[from] move: Knock Off|[of] p1a: Icebringer","|faint|p2a: Victini","|","|win|Rain Dank Tank"],"p1rating":{"entryid":"44200","serverid":"eos","formatid":"monotype","userid":"raindanktank","username":"Rain Dank Tank","w":7,"l":"4","t":"0","gxe":57.7,"r":"1542.9687587","rd":"87.688816849325","sigma":"0","rptime":"1439974800","rpr":1560.1742780668,"rprd":85.423977832627,"rpsigma":"0","acre":1088.6098613156,"lacre":1088.6098613156,"oldacre":"1060.501950725"},"p2rating":{"entryid":"114352","serverid":"eos","formatid":"monotype","userid":"voidwho","username":"Void Who","w":"1","l":3,"t":"0","gxe":43.2,"r":"1500","rd":"130","sigma":"0","rptime":"1439974800","rpr":1446.5007394187,"rprd":106.26225156247,"rpsigma":"0","acre":1015.7563639617,"lacre":1015.7563639617,"oldacre":"1028.7676002969"},"endType":"normal"}