{"seed":[51767,5718,35064,46130],"turns":28,"p1":"Seven Swell","p2":"Bossbitch","p1team":[{"name":"Mew","species":"Mew","item":"leftovers","ability":"Synchronize","moves":["roost","toxic","healbell","aurasphere"],"nature":"Calm","evs":{"hp":252,"atk":0,"def":0,"spa":4,"spd":252,"spe":0},"ivs":{"hp":31,"atk":31,"def":31,"spa":31,"spd":31,"spe":31}},{"name":"Slowbro","species":"Slowbro","item":"rockyhelmet","ability":"Regenerator","moves":["scald","yawn","flamethrower","slackoff"],"nature":"Bold","evs":{"hp":252,"atk":0,"def":252,"spa":4,"spd":0,"spe":0},"ivs":{"hp":31,"atk":31,"def":31,"spa":31,"spd":31,"spe":31}},{"name":"Deoxys-Speed","species":"Deoxys-Speed","item":"focussash","ability":"Pressure","moves":["stealthrock","thunderbolt","thunderwave","icebeam"],"nature":"Timid","evs":{"hp":252,"atk":0,"def":0,"spa":44,"spd":0,"spe":212},"ivs":{"hp":31,"atk":31,"def":31,"spa":31,"spd":31,"spe":31}},{"name":"Latias","species":"Latias","item":"leftovers","ability":"Levitate","moves":["dracometeor","psyshock","roost","defog"],"nature":"Timid","evs":{"hp":252,"atk":0,"def":0,"spa":4,"spd":0,"spe":252},"ivs":{"hp":31,"atk":31,"def":31,"spa":31,"spd":31,"spe":31}},{"name":"Hoopa-Unbound","species":"Hoopa-Unbound","item":"focussash","ability":"Magician","moves":["hyperspacefury","drainpunch","firepunch","gunkshot"],"nature":"Adamant","evs":{"hp":0,"atk":252,"def":0,"spa":0,"spd":4,"spe":252},"ivs":{"hp":31,"atk":31,"def":31,"spa":31,"spd":31,"spe":31}},{"name":"Gardevoir","species":"Gardevoir","item":"gardevoirite","ability":"Trace","moves":["hypervoice","psyshock","shadowball","taunt"],"nature":"Timid","evs":{"hp":0,"atk":0,"def":0,"spa":252,"spd":4,"spe":252},"ivs":{"hp":31,"atk":31,"def":31,"spa":31,"spd":31,"spe":31}}],"p2team":[{"name":"Manectric","species":"Manectric","item":"manectite","ability":"Static","moves":["flamethrower","hiddenpowerice","thunderbolt","voltswitch"],"nature":"Timid","evs":{"hp":0,"atk":0,"def":0,"spa":252,"spd":4,"spe":252},"gender":"M","ivs":{"hp":31,"atk":30,"def":30,"spa":31,"spd":31,"spe":31}},{"name":"Galvantula","species":"Galvantula","item":"focussash","ability":"Compound Eyes","moves":["energyball","thunder","bugbuzz","stickyweb"],"nature":"Timid","evs":{"hp":0,"atk":0,"def":0,"spa":252,"spd":4,"spe":252},"ivs":{"hp":31,"atk":31,"def":31,"spa":31,"spd":31,"spe":31}},{"name":"Rotom-Wash","species":"Rotom-Wash","item":"chestoberry","ability":"Levitate","moves":["discharge","willowisp","hydropump","rest"],"nature":"Calm","evs":{"hp":248,"atk":0,"def":0,"spa":128,"spd":132,"spe":0},"ivs":{"hp":31,"atk":31,"def":31,"spa":31,"spd":31,"spe":31}},{"name":"Magnezone","species":"Magnezone","item":"choicescarf","ability":"Sturdy","moves":["thunder","hiddenpowerice","flashcannon","voltswitch"],"nature":"Timid","evs":{"hp":0,"atk":0,"def":0,"spa":252,"spd":4,"spe":252},"ivs":{"hp":31,"atk":30,"def":30,"spa":31,"spd":31,"spe":31}},{"name":"Eelektross","species":"Eelektross","item":"sitrusberry","ability":"Levitate","moves":["drainpunch","knockoff","coil","thunderpunch"],"nature":"Adamant","evs":{"hp":248,"atk":252,"def":0,"spa":0,"spd":8,"spe":0},"gender":"M","ivs":{"hp":31,"atk":31,"def":31,"spa":31,"spd":31,"spe":31}},{"name":"Thundurus","species":"Thundurus","item":"lifeorb","ability":"Prankster","moves":["grassknot","thunderbolt","thunderwave","nastyplot"],"nature":"Timid","evs":{"hp":0,"atk":0,"def":0,"spa":252,"spd":4,"spe":252},"ivs":{"hp":31,"atk":31,"def":31,"spa":31,"spd":31,"spe":31}}],"log":["|player|p1|Seven Swell|sevenswell.png","|player|p2|Bossbitch|bossbitch.gif","|gametype|singles","|gen|6","|tier|Monotype","|rated","|rule|Baton Pass Clause: Limit one Baton Passer, can't pass Spe and other stats simultaneously","|rule|Swagger Clause: Swagger is banned","|rule|Same Type Clause: Pokémon in a team must share a type","|clearpoke","|poke|p1|Mew","|poke|p1|Slowbro, M","|poke|p1|Deoxys-Speed","|poke|p1|Latias, F","|poke|p1|Hoopa-Unbound","|poke|p1|Gardevoir, M","|poke|p2|Manectric, M","|poke|p2|Galvantula, M","|poke|p2|Rotom-Wash","|poke|p2|Magnezone","|poke|p2|Eelektross, M","|poke|p2|Thundurus, M","|rule|Sleep Clause Mod: Limit one foe put to sleep","|rule|Species Clause: Limit one of each Pokémon","|rule|OHKO Clause: OHKO moves are banned","|rule|Moody Clause: Moody is banned","|rule|Evasion Moves Clause: Evasion moves are banned","|rule|Endless Battle Clause: Forcing endless battles is banned","|rule|HP Percentage Mod: HP is shown in percentages","|teampreview","|","|start","|switch|p1a: Gardevoir|Gardevoir, M|277/277","|switch|p2a: Galvantula|Galvantula, M|281/281","|-ability|p1a: Gardevoir|Compound Eyes|[from] ability: Trace|[of] p2a: Galvantula","|turn|1","|","|detailschange|p1a: Gardevoir|Gardevoir-Mega, M","|-mega|p1a: Gardevoir|Gardevoir|Gardevoirite","|move|p2a: Galvantula|Sticky Web|p1a: Gardevoir","|-sidestart|p1: Seven Swell|move: Sticky Web","|move|p1a: Gardevoir|Hyper Voice|p2a: Galvantula","|-enditem|p2a: Galvantula|Focus Sash","|-damage|p2a: Galvantula|1/281","|","|turn|2","|","|move|p2a: Galvantula|Bug Buzz|p1a: Gardevoir","|-damage|p1a: Gardevoir|166/277","|move|p1a: Gardevoir|Hyper Voice|p2a: Galvantula","|-damage|p2a: Galvantula|0 fnt","|faint|p2a: Galvantula","|","|","|switch|p2a: Magnezone|Magnezone|281/281","|turn|3","|","|switch|p1a: Latias|Latias, F|364/364","|move|p2a: Magnezone|Flash Cannon|p1a: Latias","|-damage|p1a: Latias|253/364","|","|-heal|p1a: Latias|275/364|[from] item: Leftovers","|turn|4","|","|switch|p2a: Eelektross|Eelektross, M|373/373","|move|p1a: Latias|Defog|p2a: Eelektross","|-unboost|p2a: Eelektross|evasion|1","|-sideend|p1: Seven Swell|Sticky Web|[from] move: Defog|[of] p1a: Latias","|","|-heal|p1a: Latias|297/364|[from] item: Leftovers","|turn|5","|","|move|p1a: Latias|Psyshock|p2a: Eelektross","|-damage|p2a: Eelektross|252/373","|move|p2a: Eelektross|Knock Off|p1a: Latias","|-supereffective|p1a: Latias","|-damage|p1a: Latias|27/364","|-enditem|p1a: Latias|Leftovers|[from] move: Knock Off|[of] p2a: Eelektross","|","|turn|6","|","|switch|p2a: Magnezone|Magnezone|281/281","|move|p1a: Latias|Draco Meteor|p2a: Magnezone","|-resisted|p2a: Magnezone","|-damage|p2a: Magnezone|195/281","|-unboost|p1a: Latias|spa|2","|","|turn|7","|","|switch|p1a: Mew|Mew|404/404","|move|p2a: Magnezone|Volt Switch|p1a: Mew","|-damage|p1a: Mew|316/404","|","|switch|p2a: Eelektross|Eelektross, M|252/373","|","|-heal|p1a: Mew|341/404|[from] item: Leftovers","|turn|8","|","|switch|p1a: Slowbro|Slowbro, M|394/394","|move|p2a: Eelektross|Knock Off|p1a: Slowbro","|-supereffective|p1a: Slowbro","|-damage|p1a: Slowbro|240/394","|-damage|p2a: Eelektross|190/373|[from] item: Rocky Helmet|[of] p1a: Slowbro","|-enditem|p1a: Slowbro|Rocky Helmet|[from] move: Knock Off|[of] p2a: Eelektross","|","|turn|9","|","|move|p2a: Eelektross|Thunder Punch|p1a: Slowbro","|-crit|p1a: Slowbro","|-supereffective|p1a: Slowbro","|-damage|p1a: Slowbro|0 fnt","|faint|p1a: Slowbro","|","|","|switch|p1a: Gardevoir|Gardevoir-Mega, M|166/277","|turn|10","|","|switch|p2a: Magnezone|Magnezone|195/281","|move|p1a: Gardevoir|Hyper Voice|p2a: Magnezone","|-resisted|p2a: Magnezone","|-damage|p2a: Magnezone|54/281","|","|turn|11","|","|switch|p1a: Mew|Mew|341/404","|move|p2a: Magnezone|Flash Cannon|p1a: Mew","|-damage|p1a: Mew|233/404","|","|-heal|p1a: Mew|258/404|[from] item: Leftovers","|turn|12","|","|switch|p2a: Manectric|Manectric, M|281/281","|move|p1a: Mew|Toxic|p2a: Manectric","|-status|p2a: Manectric|tox","|","|-heal|p1a: Mew|283/404|[from] item: Leftovers","|-damage|p2a: Manectric|264/281 tox|[from] psn","|turn|13","|","|detailschange|p2a: Manectric|Manectric-Mega, M","|-mega|p2a: Manectric|Manectric|Manectite","|-ability|p2a: Manectric|Intimidate","|-unboost|p1a: Mew|atk|1","|move|p2a: Manectric|Thunderbolt|p1a: Mew","|-damage|p1a: Mew|172/404","|move|p1a: Mew|Roost|p1a: Mew","|-heal|p1a: Mew|374/404","|","|-heal|p1a: Mew|399/404|[from] item: Leftovers","|-damage|p2a: Manectric|230/281 tox|[from] psn","|turn|14","|","|switch|p2a: Thundurus|Thundurus, M|299/299","|move|p1a: Mew|Aura Sphere|p2a: Thundurus","|-resisted|p2a: Thundurus","|-damage|p2a: Thundurus|262/299","|","|-heal|p1a: Mew|404/404|[from] item: Leftovers","|turn|15","|","|move|p2a: Thundurus|Nasty Plot|p2a: Thundurus","|-boost|p2a: Thundurus|spa|2","|move|p1a: Mew|Toxic|p2a: Thundurus","|-status|p2a: Thundurus|tox","|","|-damage|p2a: Thundurus|244/299 tox|[from] psn","|turn|16","|","|move|p2a: Thundurus|Thunderbolt|p1a: Mew","|-damage|p1a: Mew|118/404","|-damage|p2a: Thundurus|215/299 tox|[from] item: Life Orb","|move|p1a: Mew|Aura Sphere|p2a: Thundurus","|-resisted|p2a: Thundurus","|-damage|p2a: Thundurus|176/299 tox","|","|-heal|p1a: Mew|143/404|[from] item: Leftovers","|-damage|p2a: Thundurus|140/299 tox|[from] psn","|turn|17","|","|switch|p1a: Latias|Latias, F|27/364","|move|p2a: Thundurus|Thunderbolt|p1a: Latias","|-resisted|p1a: Latias","|-damage|p1a: Latias|0 fnt","|-damage|p2a: Thundurus|111/299 tox|[from] item: Life Orb","|faint|p1a: Latias","|","|-damage|p2a: Thundurus|57/299 tox|[from] psn","|","|switch|p1a: Deoxys-Speed|Deoxys-Speed|304/304","|-ability|p1a: Deoxys-Speed|Pressure","|turn|18","|","|move|p2a: Thundurus|Thunder Wave|p1a: Deoxys-Speed","|-status|p1a: Deoxys-Speed|par","|move|p1a: Deoxys-Speed|Stealth Rock|p2a: Thundurus","|-sidestart|p2: Bossbitch|move: Stealth Rock","|","|-damage|p2a: Thundurus|0 fnt|[from] psn","|faint|p2a: Thundurus","|","|switch|p2a: Eelektross|Eelektross, M|190/373","|-damage|p2a: Eelektross|144/373|[from] Stealth Rock","|-enditem|p2a: Eelektross|Sitrus Berry|[eat]","|-heal|p2a: Eelektross|237/373|[from] item: Sitrus Berry","|turn|19","|","|move|p2a: Eelektross|Knock Off|p1a: Deoxys-Speed","|-supereffective|p1a: Deoxys-Speed","|-damage|p1a: Deoxys-Speed|42/304 par","|-enditem|p1a: Deoxys-Speed|Focus Sash|[from] move: Knock Off|[of] p2a: Eelektross","|cant|p1a: Deoxys-Speed|par","|","|turn|20","|","|move|p2a: Eelektross|Knock Off|p1a: Deoxys-Speed","|-supereffective|p1a: Deoxys-Speed","|-damage|p1a: Deoxys-Speed|0 fnt","|faint|p1a: Deoxys-Speed","|","|","|switch|p1a: Gardevoir|Gardevoir-Mega, M|166/277","|turn|21","|","|move|p1a: Gardevoir|Hyper Voice|p2a: Eelektross","|-damage|p2a: Eelektross|0 fnt","|faint|p2a: Eelektross","|","|","|switch|p2a: Magnezone|Magnezone|54/281","|-damage|p2a: Magnezone|37/281|[from] Stealth Rock","|turn|22","|","|switch|p1a: Hoopa-Unbound|Hoopa-Unbound|301/301","|move|p2a: Magnezone|Flash Cannon|p1a: Hoopa-Unbound","|-damage|p1a: Hoopa-Unbound|181/301","|","|turn|23","|","|switch|p2a: Rotom-Wash|Rotom-Wash|303/303","|-damage|p2a: Rotom-Wash|266/303|[from] Stealth Rock","|move|p1a: Hoopa-Unbound|Drain Punch|p2a: Rotom-Wash","|-damage|p2a: Rotom-Wash|157/303","|-heal|p1a: Hoopa-Unbound|236/301|[from] drain|[of] p2a: Rotom-Wash","|","|turn|24","|","|move|p1a: Hoopa-Unbound|Hyperspace Fury|p2a: Rotom-Wash","|-damage|p2a: Rotom-Wash|0 fnt","|-unboost|p1a: Hoopa-Unbound|def|1","|faint|p2a: Rotom-Wash","|","|","|switch|p2a: Manectric|Manectric-Mega, M|230/281 tox","|-damage|p2a: Manectric|195/281 tox|[from] Stealth Rock","|-ability|p2a: Manectric|Intimidate","|-unboost|p1a: Hoopa-Unbound|atk|1","|turn|25","|","|move|p2a: Manectric|Thunderbolt|p1a: Hoopa-Unbound","|-damage|p1a: Hoopa-Unbound|94/301","|move|p1a: Hoopa-Unbound|Hyperspace Fury|p2a: Manectric","|-crit|p2a: Manectric","|-damage|p2a: Manectric|0 fnt","|-unboost|p1a: Hoopa-Unbound|def|1","|faint|p2a: Manectric","|","|","|switch|p2a: Magnezone|Magnezone|37/281","|-damage|p2a: Magnezone|20/281|[from] Stealth Rock","|turn|26","|","|move|p2a: Magnezone|Flash Cannon|p1a: Hoopa-Unbound","|-damage|p1a: Hoopa-Unbound|0 fnt","|faint|p1a: Hoopa-Unbound","|","|","|switch|p1a: Mew|Mew|143/404","|turn|27","|","|move|p2a: Magnezone|Flash Cannon|p1a: Mew","|-damage|p1a: Mew|47/404","|move|p1a: Mew|Roost|p1a: Mew","|-heal|p1a: Mew|249/404","|","|-heal|p1a: Mew|274/404|[from] item: Leftovers","|turn|28","|","|move|p2a: Magnezone|Flash Cannon|p1a: Mew","|-damage|p1a: Mew|165/404","|move|p1a: Mew|Aura Sphere|p2a: Magnezone","|-supereffective|p2a: Magnezone","|-damage|p2a: Magnezone|0 fnt","|faint|p2a: Magnezone","|","|win|Seven Swell"],"p1rating":{"entryid":"86214","serverid":"eos","formatid":"monotype","userid":"sevenswell","username":"Seven Swell","w":11,"l":"2","t":"0","gxe":68.1,"r":"1569.9288341314","rd":"103.18022619217","sigma":"0","rptime":"1439974800","rpr":1646.7472289333,"rprd":82.047899748318,"rpsigma":"0","acre":1195.5020994579,"lacre":1195.5020994579,"oldacre":"1179.9463471894"},"p2rating":{"entryid":"146640","serverid":"eos","formatid":"monotype","userid":"bossbitch","username":"Bossbitch","w":"1","l":1,"t":"0","gxe":50.8,"r":"1500","rd":"130","sigma":"0","rptime":"1439974800","rpr":1506.0201854979,"rprd":116.66976521688,"rpsigma":"0","acre":1031.7271557218,"lacre":1031.7271557218,"oldacre":"1041.8560728283"},"endType":"normal"}