{"seed":[46394,62988,49427,45517],"turns":26,"p1":"Inferno Sableye","p2":"SL~Kingdra","p1team":[{"name":"Not op","species":"sableye","item":"sablenite","ability":"Prankster","moves":["shadowball","recover","calmmind","willowisp"],"nature":"Bold","evs":{"hp":248,"atk":0,"def":252,"spa":0,"spd":8,"spe":0},"ivs":{"hp":31,"atk":0,"def":31,"spa":31,"spd":31,"spe":31}},{"name":"Rawwrrrr","species":"tyranitar","item":"leftovers","ability":"Sand Stream","moves":["stealthrock","thunderwave","rockslide","earthquake"],"nature":"Impish","evs":{"hp":252,"atk":0,"def":80,"spa":0,"spd":176,"spe":0},"ivs":{"hp":31,"atk":31,"def":31,"spa":31,"spd":31,"spe":31}},{"name":"Bish Plz","species":"bisharp","item":"lumberry","ability":"Defiant","moves":["knockoff","suckerpunch","ironhead","swordsdance"],"nature":"Adamant","evs":{"hp":0,"atk":252,"def":4,"spa":0,"spd":0,"spe":252},"gender":"M","shiny":true,"ivs":{"hp":31,"atk":31,"def":31,"spa":31,"spd":31,"spe":31}},{"name":"Oit of this world","species":"hoopaunbound","item":"choicescarf","ability":"Magician","moves":["gunkshot","hyperspacehole","hyperspacefury","drainpunch"],"nature":"Hasty","evs":{"hp":0,"atk":252,"def":0,"spa":4,"spd":0,"spe":252},"ivs":{"hp":31,"atk":31,"def":31,"spa":31,"spd":31,"spe":31}},{"name":"No pressure","species":"weavile","item":"lifeorb","ability":"Pressure","moves":["iciclecrash","iceshard","knockoff","lowkick"],"nature":"Jolly","evs":{"hp":0,"atk":252,"def":0,"spa":0,"spd":4,"spe":252},"ivs":{"hp":31,"atk":31,"def":31,"spa":31,"spd":31,"spe":31}},{"name":"Buzz off bitch","species":"mandibuzz","item":"rockyhelmet","ability":"Overcoat","moves":["roost","defog","whirlwind","foulplay"],"nature":"Bold","evs":{"hp":176,"atk":0,"def":252,"spa":0,"spd":80,"spe":0},"ivs":{"hp":31,"atk":31,"def":31,"spa":31,"spd":31,"spe":31}}],"p2team":[{"name":"Chesnaught","species":"Chesnaught","item":"leftovers","ability":"Bulletproof","moves":["spikes","leechseed","spikyshield","drainpunch"],"nature":"Impish","evs":{"hp":252,"atk":0,"def":252,"spa":0,"spd":4,"spe":0},"ivs":{"hp":31,"atk":31,"def":31,"spa":31,"spd":31,"spe":31}},{"name":"Infernape","species":"Infernape","item":"focussash","ability":"Iron Fist","moves":["stealthrock","closecombat","firepunch","machpunch"],"nature":"Jolly","evs":{"hp":4,"atk":252,"def":0,"spa":0,"spd":0,"spe":252},"ivs":{"hp":31,"atk":31,"def":31,"spa":31,"spd":31,"spe":31}},{"name":"Medicham","species":"Medicham","item":"medichamite","ability":"Pure Power","moves":["fakeout","bulletpunch","zenheadbutt","highjumpkick"],"nature":"Jolly","evs":{"hp":4,"atk":252,"def":0,"spa":0,"spd":0,"spe":252},"ivs":{"hp":31,"atk":31,"def":31,"spa":31,"spd":31,"spe":31}},{"name":"Terrakion","species":"Terrakion","item":"choicescarf","ability":"Justified","moves":["ironhead","stoneedge","closecombat","earthquake"],"nature":"Adamant","evs":{"hp":4,"atk":252,"def":0,"spa":0,"spd":0,"spe":252},"ivs":{"hp":31,"atk":31,"def":31,"spa":31,"spd":31,"spe":31}},{"name":"Keldeo-Resolute","species":"Keldeo-Resolute","item":"choicespecs","ability":"Justified","moves":["secretsword","scald","icywind","hydropump"],"nature":"Timid","evs":{"hp":4,"atk":0,"def":0,"spa":252,"spd":0,"spe":252},"ivs":{"hp":31,"atk":31,"def":31,"spa":31,"spd":31,"spe":31}},{"name":"Hawlucha","species":"Hawlucha","item":"powerherb","ability":"Unburden","moves":["acrobatics","skyattack","drainpunch","swordsdance"],"nature":"Adamant","evs":{"hp":0,"atk":252,"def":0,"spa":0,"spd":0,"spe":252},"ivs":{"hp":31,"atk":31,"def":31,"spa":31,"spd":31,"spe":31}}],"log":["|player|p1|Inferno Sableye|infernosableye.png","|player|p2|SL~Kingdra|99","|gametype|singles","|gen|6","|tier|Monotype","|rated","|rule|Baton Pass Clause: Limit one Baton Passer, can't pass Spe and other stats simultaneously","|rule|Swagger Clause: Swagger is banned","|rule|Same Type Clause: Pokémon in a team must share a type","|clearpoke","|poke|p1|Sableye, M","|poke|p1|Tyranitar, M","|poke|p1|Bisharp, M, shiny","|poke|p1|Hoopa-Unbound","|poke|p1|Weavile, F","|poke|p1|Mandibuzz, F","|poke|p2|Chesnaught, M","|poke|p2|Infernape, F","|poke|p2|Medicham, M","|poke|p2|Terrakion","|poke|p2|Keldeo-Resolute","|poke|p2|Hawlucha, M","|rule|Sleep Clause Mod: Limit one foe put to sleep","|rule|Species Clause: Limit one of each Pokémon","|rule|OHKO Clause: OHKO moves are banned","|rule|Moody Clause: Moody is banned","|rule|Evasion Moves Clause: Evasion moves are banned","|rule|Endless Battle Clause: Forcing endless battles is banned","|rule|HP Percentage Mod: HP is shown in percentages","|teampreview","|","|start","|switch|p1a: Buzz off bitch|Mandibuzz, F|405/405","|switch|p2a: Infernape|Infernape, F|294/294","|turn|1","|","|move|p2a: Infernape|Stealth Rock|p1a: Buzz off bitch","|-sidestart|p1: Inferno Sableye|move: Stealth Rock","|move|p1a: Buzz off bitch|Foul Play|p2a: Infernape","|-resisted|p2a: Infernape","|-damage|p2a: Infernape|202/294","|","|turn|2","|","|move|p2a: Infernape|Close Combat|p1a: Buzz off bitch","|-damage|p1a: Buzz off bitch|266/405","|-damage|p2a: Infernape|153/294|[from] item: Rocky Helmet|[of] p1a: Buzz off bitch","|-unboost|p2a: Infernape|def|1","|-unboost|p2a: Infernape|spd|1","|move|p1a: Buzz off bitch|Defog|p2a: Infernape","|-unboost|p2a: Infernape|evasion|1","|-sideend|p1: Inferno Sableye|Stealth Rock|[from] move: Defog|[of] p1a: Buzz off bitch","|","|turn|3","|","|move|p2a: Infernape|Fire Punch|p1a: Buzz off bitch","|-damage|p1a: Buzz off bitch|167/405","|-damage|p2a: Infernape|104/294|[from] item: Rocky Helmet|[of] p1a: Buzz off bitch","|move|p1a: Buzz off bitch|Roost|p1a: Buzz off bitch","|-heal|p1a: Buzz off bitch|370/405","|","|turn|4","|","|move|p2a: Infernape|Stealth Rock|p1a: Buzz off bitch","|-sidestart|p1: Inferno Sableye|move: Stealth Rock","|move|p1a: Buzz off bitch|Foul Play|p2a: Infernape","|-resisted|p2a: Infernape","|-damage|p2a: Infernape|0 fnt","|faint|p2a: Infernape","|","|","|switch|p2a: Keldeo-Resolute|Keldeo-Resolute|324/324","|turn|5","|","|move|p2a: Keldeo-Resolute|Hydro Pump|p1a: Buzz off bitch|[miss]","|-miss|p2a: Keldeo-Resolute|p1a: Buzz off bitch","|move|p1a: Buzz off bitch|Defog|p2a: Keldeo-Resolute","|-unboost|p2a: Keldeo-Resolute|evasion|1","|-sideend|p1: Inferno Sableye|Stealth Rock|[from] move: Defog|[of] p1a: Buzz off bitch","|","|turn|6","|","|switch|p1a: Oit of this world|Hoopa-Unbound|301/301","|move|p2a: Keldeo-Resolute|Hydro Pump|p1a: Oit of this world","|-damage|p1a: Oit of this world|64/301","|","|turn|7","|","|move|p1a: Oit of this world|Hyperspace Hole|p2a: Keldeo-Resolute","|-supereffective|p2a: Keldeo-Resolute","|-damage|p2a: Keldeo-Resolute|10/324","|move|p2a: Keldeo-Resolute|Hydro Pump|p1a: Oit of this world","|-damage|p1a: Oit of this world|0 fnt","|faint|p1a: Oit of this world","|","|","|switch|p1a: No pressure|Weavile, F|281/281","|-ability|p1a: No pressure|Pressure","|turn|8","|","|move|p1a: No pressure|Ice Shard|p2a: Keldeo-Resolute","|-resisted|p2a: Keldeo-Resolute","|-damage|p2a: Keldeo-Resolute|0 fnt","|-damage|p1a: No pressure|253/281|[from] item: Life Orb","|faint|p2a: Keldeo-Resolute","|","|","|switch|p2a: Medicham|Medicham, M|262/262","|turn|9","|","|switch|p1a: Buzz off bitch|Mandibuzz, F|370/405","|detailschange|p2a: Medicham|Medicham-Mega, M","|-mega|p2a: Medicham|Medicham|Medichamite","|move|p2a: Medicham|Fake Out|p1a: Buzz off bitch","|-damage|p1a: Buzz off bitch|309/405","|-damage|p2a: Medicham|219/262|[from] item: Rocky Helmet|[of] p1a: Buzz off bitch","|","|turn|10","|","|move|p2a: Medicham|High Jump Kick|p1a: Buzz off bitch","|-damage|p1a: Buzz off bitch|24/405","|-damage|p2a: Medicham|176/262|[from] item: Rocky Helmet|[of] p1a: Buzz off bitch","|move|p1a: Buzz off bitch|Roost|p1a: Buzz off bitch","|-heal|p1a: Buzz off bitch|227/405","|","|turn|11","|","|move|p2a: Medicham|High Jump Kick|p1a: Buzz off bitch","|-damage|p1a: Buzz off bitch|0 fnt","|-damage|p2a: Medicham|133/262|[from] item: Rocky Helmet|[of] p1a: Buzz off bitch","|faint|p1a: Buzz off bitch","|","|","|switch|p1a: Not op|Sableye, M|303/303","|turn|12","|","|switch|p2a: Hawlucha|Hawlucha, M|297/297","|move|p1a: Not op|Will-O-Wisp|p2a: Hawlucha","|-status|p2a: Hawlucha|brn","|","|-damage|p2a: Hawlucha|260/297 brn|[from] brn","|turn|13","|","|move|p1a: Not op|Calm Mind|p1a: Not op","|-boost|p1a: Not op|spa|1","|-boost|p1a: Not op|spd|1","|move|p2a: Hawlucha|Sky Attack|p1a: Not op|[still]","|-prepare|p2a: Hawlucha|Sky Attack|p1a: Not op","|-enditem|p2a: Hawlucha|Power Herb","|-anim|p2a: Hawlucha|Sky Attack|p1a: Not op","|-damage|p1a: Not op|210/303","|","|-damage|p2a: Hawlucha|223/297 brn|[from] brn","|turn|14","|","|move|p1a: Not op|Calm Mind|p1a: Not op","|-boost|p1a: Not op|spa|1","|-boost|p1a: Not op|spd|1","|move|p2a: Hawlucha|Swords Dance|p2a: Hawlucha","|-boost|p2a: Hawlucha|atk|2","|","|-damage|p2a: Hawlucha|186/297 brn|[from] brn","|turn|15","|","|move|p1a: Not op|Recover|p1a: Not op","|-heal|p1a: Not op|303/303","|move|p2a: Hawlucha|Acrobatics|p1a: Not op","|-damage|p1a: Not op|153/303","|","|-damage|p2a: Hawlucha|149/297 brn|[from] brn","|turn|16","|","|move|p1a: Not op|Recover|p1a: Not op","|-heal|p1a: Not op|303/303","|move|p2a: Hawlucha|Acrobatics|p1a: Not op","|-damage|p1a: Not op|144/303","|","|-damage|p2a: Hawlucha|112/297 brn|[from] brn","|turn|17","|","|move|p1a: Not op|Recover|p1a: Not op","|-heal|p1a: Not op|296/303","|move|p2a: Hawlucha|Acrobatics|p1a: Not op","|-damage|p1a: Not op|160/303","|","|-damage|p2a: Hawlucha|75/297 brn|[from] brn","|turn|18","|","|move|p1a: Not op|Recover|p1a: Not op","|-heal|p1a: Not op|303/303","|move|p2a: Hawlucha|Swords Dance|p2a: Hawlucha","|-boost|p2a: Hawlucha|atk|2","|","|-damage|p2a: Hawlucha|38/297 brn|[from] brn","|turn|19","|","|switch|p1a: Rawwrrrr|Tyranitar, M|404/404","|-weather|Sandstorm","|move|p2a: Hawlucha|Acrobatics|p1a: Rawwrrrr","|-resisted|p1a: Rawwrrrr","|-damage|p1a: Rawwrrrr|304/404","|","|-weather|Sandstorm|[upkeep]","|-damage|p2a: Hawlucha|20/297 brn|[from] sandstorm","|-heal|p1a: Rawwrrrr|329/404|[from] item: Leftovers","|-damage|p2a: Hawlucha|0 fnt|[from] brn","|faint|p2a: Hawlucha","|","|switch|p2a: Terrakion|Terrakion|324/324","|turn|20","|","|move|p2a: Terrakion|Earthquake|p1a: Rawwrrrr","|-supereffective|p1a: Rawwrrrr","|-damage|p1a: Rawwrrrr|123/404","|move|p1a: Rawwrrrr|Thunder Wave|p2a: Terrakion","|-status|p2a: Terrakion|par","|","|-weather|Sandstorm|[upkeep]","|-heal|p1a: Rawwrrrr|148/404|[from] item: Leftovers","|turn|21","|","|move|p1a: Rawwrrrr|Earthquake|p2a: Terrakion","|-supereffective|p2a: Terrakion","|-damage|p2a: Terrakion|116/324 par","|move|p2a: Terrakion|Earthquake|p1a: Rawwrrrr","|-supereffective|p1a: Rawwrrrr","|-damage|p1a: Rawwrrrr|0 fnt","|faint|p1a: Rawwrrrr","|","|-weather|Sandstorm|[upkeep]","|","|switch|p1a: No pressure|Weavile, F|253/281","|-ability|p1a: No pressure|Pressure","|turn|22","|","|move|p1a: No pressure|Low Kick|p2a: Terrakion","|-supereffective|p2a: Terrakion","|-damage|p2a: Terrakion|0 fnt","|-damage|p1a: No pressure|225/281|[from] item: Life Orb","|faint|p2a: Terrakion","|","|-weather|Sandstorm|[upkeep]","|-damage|p1a: No pressure|208/281|[from] sandstorm","|","|switch|p2a: Medicham|Medicham-Mega, M|133/262","|turn|23","|","|switch|p1a: Not op|Sableye, M|303/303","|move|p2a: Medicham|Bullet Punch|p1a: Not op","|-damage|p1a: Not op|240/303","|","|-weather|none","|turn|24","|","|switch|p2a: Chesnaught|Chesnaught, M|380/380","|detailschange|p1a: Not op|Sableye-Mega, M","|-mega|p1a: Not op|Sableye|Sablenite","|move|p1a: Not op|Will-O-Wisp|p2a: Chesnaught","|-status|p2a: Chesnaught|brn","|","|-damage|p2a: Chesnaught|333/380 brn|[from] brn","|turn|25","|","|move|p2a: Chesnaught|Leech Seed|p1a: Not op","|move|p1a: Not op|Leech Seed|p2a: Chesnaught|[from]Magic Bounce","|-immune|p2a: Chesnaught|[msg]","|move|p1a: Not op|Recover|p1a: Not op","|-heal|p1a: Not op|303/303","|","|-heal|p2a: Chesnaught|356/380 brn|[from] item: Leftovers","|-damage|p2a: Chesnaught|309/380 brn|[from] brn","|turn|26","|","|win|Inferno Sableye"],"p1rating":{"entryid":"83803","serverid":"eos","formatid":"monotype","userid":"infernosableye","username":"Inferno Sableye","w":10,"l":"4","t":"0","gxe":64.2,"r":"1459.8393856612","rd":"122.8583080769","sigma":"0","rptime":"1439974800","rpr":1612.8114596642,"rprd":80.008598205371,"rpsigma":"0","acre":1201.5058532121,"lacre":1201.5058532121,"oldacre":"1179.7360611526"},"p2rating":{"entryid":"101024","serverid":"eos","formatid":"monotype","userid":"slkingdra","username":"SL~Kingdra","w":"5","l":3,"t":"0","gxe":52.8,"r":"1489.395004497","rd":"116.653521276","sigma":"0","rptime":"1439974800","rpr":1521.8951034318,"rprd":92.558234784534,"rpsigma":"0","acre":1112.8223505529,"lacre":1112.8223505529,"oldacre":"1134.5921426124"},"endType":"forfeit"}