{"seed":[1381,21765,39782,17242],"turns":27,"p1":"Emg GL Svu","p2":"Inferno Sableye","p1team":[{"name":"Hippowdon","species":"Hippowdon","item":"leftovers","ability":"Sand Stream","moves":["earthquake","rockslide","slackoff","stealthrock"],"nature":"Impish","evs":{"hp":216,"atk":4,"def":164,"spa":0,"spd":124,"spe":0},"gender":"F","ivs":{"hp":31,"atk":31,"def":31,"spa":31,"spd":31,"spe":31}},{"name":"Gastrodon","species":"Gastrodon","item":"leftovers","ability":"Storm Drain","moves":["scald","toxic","recover","earthpower"],"nature":"Bold","evs":{"hp":252,"atk":0,"def":0,"spa":4,"spd":252,"spe":0},"gender":"M","ivs":{"hp":31,"atk":31,"def":31,"spa":31,"spd":31,"spe":31}},{"name":"Landorus","species":"Landorus","item":"lifeorb","ability":"Sheer Force","moves":["sludgewave","earthpower","psychic","focusblast"],"nature":"Timid","evs":{"hp":0,"atk":0,"def":0,"spa":252,"spd":4,"spe":252},"ivs":{"hp":31,"atk":31,"def":31,"spa":31,"spd":31,"spe":31}},{"name":"Garchomp","species":"Garchomp","item":"garchompite","ability":"Rough Skin","moves":["earthquake","dragonclaw","fireblast","swordsdance"],"nature":"Naive","evs":{"hp":0,"atk":212,"def":0,"spa":44,"spd":0,"spe":252},"ivs":{"hp":31,"atk":31,"def":31,"spa":31,"spd":31,"spe":31}},{"name":"Mamoswine","species":"Mamoswine","item":"assaultvest","ability":"Thick Fat","moves":["earthquake","iciclespear","iceshard","knockoff"],"nature":"Adamant","evs":{"hp":180,"atk":252,"def":0,"spa":0,"spd":76,"spe":0},"ivs":{"hp":31,"atk":31,"def":31,"spa":31,"spd":31,"spe":31}},{"name":"Nidoking","species":"Nidoking","item":"choicescarf","ability":"Sheer Force","moves":["sludgewave","earthpower","flamethrower","icebeam"],"nature":"Timid","evs":{"hp":0,"atk":0,"def":0,"spa":252,"spd":4,"spe":252},"ivs":{"hp":31,"atk":31,"def":31,"spa":31,"spd":31,"spe":31}}],"p2team":[{"name":"Not op","species":"sableye","item":"sablenite","ability":"Prankster","moves":["shadowball","recover","calmmind","willowisp"],"nature":"Bold","evs":{"hp":248,"atk":0,"def":252,"spa":0,"spd":8,"spe":0},"ivs":{"hp":31,"atk":0,"def":31,"spa":31,"spd":31,"spe":31}},{"name":"Rawwrrrr","species":"tyranitar","item":"leftovers","ability":"Sand Stream","moves":["stealthrock","thunderwave","rockslide","earthquake"],"nature":"Impish","evs":{"hp":252,"atk":0,"def":80,"spa":0,"spd":176,"spe":0},"ivs":{"hp":31,"atk":31,"def":31,"spa":31,"spd":31,"spe":31}},{"name":"Bish Plz","species":"bisharp","item":"lumberry","ability":"Defiant","moves":["knockoff","suckerpunch","ironhead","swordsdance"],"nature":"Adamant","evs":{"hp":0,"atk":252,"def":4,"spa":0,"spd":0,"spe":252},"gender":"M","shiny":true,"ivs":{"hp":31,"atk":31,"def":31,"spa":31,"spd":31,"spe":31}},{"name":"Oit of this world","species":"hoopaunbound","item":"choicescarf","ability":"Magician","moves":["gunkshot","hyperspacehole","hyperspacefury","drainpunch"],"nature":"Hasty","evs":{"hp":0,"atk":252,"def":0,"spa":4,"spd":0,"spe":252},"ivs":{"hp":31,"atk":31,"def":31,"spa":31,"spd":31,"spe":31}},{"name":"No pressure","species":"weavile","item":"lifeorb","ability":"Pressure","moves":["iciclecrash","iceshard","knockoff","lowkick"],"nature":"Jolly","evs":{"hp":0,"atk":252,"def":0,"spa":0,"spd":4,"spe":252},"ivs":{"hp":31,"atk":31,"def":31,"spa":31,"spd":31,"spe":31}},{"name":"Buzz off bitch","species":"mandibuzz","item":"rockyhelmet","ability":"Overcoat","moves":["roost","defog","whirlwind","foulplay"],"nature":"Bold","evs":{"hp":176,"atk":0,"def":252,"spa":0,"spd":80,"spe":0},"ivs":{"hp":31,"atk":31,"def":31,"spa":31,"spd":31,"spe":31}}],"log":["|player|p1|Emg GL Svu|67","|player|p2|Inferno Sableye|infernosableye.png","|gametype|singles","|gen|6","|tier|Monotype","|rated","|rule|Baton Pass Clause: Limit one Baton Passer, can't pass Spe and other stats simultaneously","|rule|Swagger Clause: Swagger is banned","|rule|Same Type Clause: Pokémon in a team must share a type","|clearpoke","|poke|p1|Hippowdon, F","|poke|p1|Gastrodon, M","|poke|p1|Landorus, M","|poke|p1|Garchomp, F","|poke|p1|Mamoswine, F","|poke|p1|Nidoking, M","|poke|p2|Sableye, F","|poke|p2|Tyranitar, F","|poke|p2|Bisharp, M, shiny","|poke|p2|Hoopa-Unbound","|poke|p2|Weavile, M","|poke|p2|Mandibuzz, F","|rule|Sleep Clause Mod: Limit one foe put to sleep","|rule|Species Clause: Limit one of each Pokémon","|rule|OHKO Clause: OHKO moves are banned","|rule|Moody Clause: Moody is banned","|rule|Evasion Moves Clause: Evasion moves are banned","|rule|Endless Battle Clause: Forcing endless battles is banned","|rule|HP Percentage Mod: HP is shown in percentages","|teampreview","|","|start","|switch|p1a: Garchomp|Garchomp, F|357/357","|switch|p2a: No pressure|Weavile, M|281/281","|-ability|p2a: No pressure|Pressure","|turn|1","|","|switch|p1a: Hippowdon|Hippowdon, F|411/411","|-weather|Sandstorm","|move|p2a: No pressure|Icicle Crash|p1a: Hippowdon","|-supereffective|p1a: Hippowdon","|-damage|p1a: Hippowdon|138/411","|-damage|p2a: No pressure|253/281|[from] item: Life Orb","|","|-weather|Sandstorm|[upkeep]","|-damage|p2a: No pressure|236/281|[from] sandstorm","|-heal|p1a: Hippowdon|163/411|[from] item: Leftovers","|turn|2","|","|move|p2a: No pressure|Icicle Crash|p1a: Hippowdon","|-supereffective|p1a: Hippowdon","|-damage|p1a: Hippowdon|0 fnt","|-damage|p2a: No pressure|208/281|[from] item: Life Orb","|faint|p1a: Hippowdon","|","|-weather|Sandstorm|[upkeep]","|-damage|p2a: No pressure|191/281|[from] sandstorm","|","|switch|p1a: Nidoking|Nidoking, M|303/303","|turn|3","|","|switch|p2a: Rawwrrrr|Tyranitar, F|404/404","|move|p1a: Nidoking|Sludge Wave|p2a: Rawwrrrr","|-resisted|p2a: Rawwrrrr","|-damage|p2a: Rawwrrrr|360/404","|","|-weather|Sandstorm|[upkeep]","|-heal|p2a: Rawwrrrr|385/404|[from] item: Leftovers","|turn|4","|","|switch|p1a: Landorus|Landorus, M|319/319","|switch|p2a: No pressure|Weavile, M|191/281","|-ability|p2a: No pressure|Pressure","|","|-weather|Sandstorm|[upkeep]","|-damage|p2a: No pressure|174/281|[from] sandstorm","|turn|5","|","|switch|p1a: Mamoswine|Mamoswine, F|406/406","|move|p2a: No pressure|Icicle Crash|p1a: Mamoswine","|-damage|p1a: Mamoswine|288/406","|-damage|p2a: No pressure|146/281|[from] item: Life Orb","|","|-weather|none","|turn|6","|","|move|p2a: No pressure|Low Kick|p1a: Mamoswine","|-supereffective|p1a: Mamoswine","|-damage|p1a: Mamoswine|0 fnt","|-damage|p2a: No pressure|118/281|[from] item: Life Orb","|faint|p1a: Mamoswine","|","|","|switch|p1a: Nidoking|Nidoking, M|303/303","|turn|7","|","|switch|p2a: Rawwrrrr|Tyranitar, F|385/404","|-weather|Sandstorm","|move|p1a: Nidoking|Sludge Wave|p2a: Rawwrrrr","|-resisted|p2a: Rawwrrrr","|-damage|p2a: Rawwrrrr|334/404","|","|-weather|Sandstorm|[upkeep]","|-heal|p2a: Rawwrrrr|359/404|[from] item: Leftovers","|turn|8","|","|switch|p1a: Gastrodon|Gastrodon, M|426/426","|move|p2a: Rawwrrrr|Stealth Rock|p1a: Gastrodon","|-sidestart|p1: Emg GL Svu|move: Stealth Rock","|","|-weather|Sandstorm|[upkeep]","|-heal|p2a: Rawwrrrr|384/404|[from] item: Leftovers","|turn|9","|","|move|p2a: Rawwrrrr|Earthquake|p1a: Gastrodon","|-damage|p1a: Gastrodon|310/426","|move|p1a: Gastrodon|Scald|p2a: Rawwrrrr","|-supereffective|p2a: Rawwrrrr","|-damage|p2a: Rawwrrrr|288/404","|","|-weather|Sandstorm|[upkeep]","|-heal|p2a: Rawwrrrr|313/404|[from] item: Leftovers","|-heal|p1a: Gastrodon|336/426|[from] item: Leftovers","|turn|10","|","|switch|p2a: Buzz off bitch|Mandibuzz, F|405/405","|move|p1a: Gastrodon|Scald|p2a: Buzz off bitch","|-damage|p2a: Buzz off bitch|326/405","|","|-weather|Sandstorm|[upkeep]","|-heal|p1a: Gastrodon|362/426|[from] item: Leftovers","|turn|11","|","|move|p1a: Gastrodon|Toxic|p2a: Buzz off bitch","|-status|p2a: Buzz off bitch|tox","|move|p2a: Buzz off bitch|Whirlwind|p1a: Gastrodon","|drag|p1a: Nidoking|Nidoking, M|303/303","|-damage|p1a: Nidoking|285/303|[from] Stealth Rock","|","|-weather|none","|-damage|p2a: Buzz off bitch|301/405 tox|[from] psn","|turn|12","|","|move|p1a: Nidoking|Ice Beam|p2a: Buzz off bitch","|-supereffective|p2a: Buzz off bitch","|-damage|p2a: Buzz off bitch|87/405 tox","|move|p2a: Buzz off bitch|Roost|p2a: Buzz off bitch","|-heal|p2a: Buzz off bitch|290/405 tox","|","|-damage|p2a: Buzz off bitch|240/405 tox|[from] psn","|turn|13","|","|switch|p2a: Bish Plz|Bisharp, M, shiny|271/271","|move|p1a: Nidoking|Ice Beam|p2a: Bish Plz","|-crit|p2a: Bish Plz","|-resisted|p2a: Bish Plz","|-damage|p2a: Bish Plz|172/271","|","|turn|14","|","|switch|p1a: Gastrodon|Gastrodon, M|362/426","|-damage|p1a: Gastrodon|336/426|[from] Stealth Rock","|move|p2a: Bish Plz|Knock Off|p1a: Gastrodon","|-damage|p1a: Gastrodon|107/426","|-enditem|p1a: Gastrodon|Leftovers|[from] move: Knock Off|[of] p2a: Bish Plz","|","|turn|15","|","|move|p2a: Bish Plz|Knock Off|p1a: Gastrodon","|-crit|p1a: Gastrodon","|-damage|p1a: Gastrodon|0 fnt","|faint|p1a: Gastrodon","|","|","|switch|p1a: Garchomp|Garchomp, F|357/357","|-damage|p1a: Garchomp|335/357|[from] Stealth Rock","|turn|16","|","|move|p2a: Bish Plz|Sucker Punch|p1a: Garchomp","|-fail|p2a: Bish Plz","|move|p1a: Garchomp|Swords Dance|p1a: Garchomp","|-boost|p1a: Garchomp|atk|2","|","|turn|17","|","|move|p1a: Garchomp|Swords Dance|p1a: Garchomp","|-boost|p1a: Garchomp|atk|2","|move|p2a: Bish Plz|Knock Off|p1a: Garchomp","|-damage|p1a: Garchomp|205/357","|-damage|p2a: Bish Plz|139/271|[from] ability: Rough Skin|[of] p1a: Garchomp","|","|turn|18","|","|move|p2a: Bish Plz|Sucker Punch|p1a: Garchomp","|-fail|p2a: Bish Plz","|move|p1a: Garchomp|Swords Dance|p1a: Garchomp","|-boost|p1a: Garchomp|atk|2","|","|turn|19","|","|move|p2a: Bish Plz|Sucker Punch|p1a: Garchomp","|-damage|p1a: Garchomp|48/357","|-damage|p2a: Bish Plz|106/271|[from] ability: Rough Skin|[of] p1a: Garchomp","|move|p1a: Garchomp|Earthquake|p2a: Bish Plz","|-supereffective|p2a: Bish Plz","|-damage|p2a: Bish Plz|0 fnt","|faint|p2a: Bish Plz","|","|","|switch|p2a: No pressure|Weavile, M|118/281","|-ability|p2a: No pressure|Pressure","|turn|20","|","|move|p2a: No pressure|Ice Shard|p1a: Garchomp","|-supereffective|p1a: Garchomp","|-damage|p1a: Garchomp|0 fnt","|-damage|p2a: No pressure|90/281|[from] item: Life Orb","|faint|p1a: Garchomp","|","|","|switch|p1a: Nidoking|Nidoking, M|285/303","|-damage|p1a: Nidoking|267/303|[from] Stealth Rock","|turn|21","|","|switch|p2a: Rawwrrrr|Tyranitar, F|313/404","|-weather|Sandstorm","|move|p1a: Nidoking|Earth Power|p2a: Rawwrrrr","|-supereffective|p2a: Rawwrrrr","|-damage|p2a: Rawwrrrr|125/404","|","|-weather|Sandstorm|[upkeep]","|-heal|p2a: Rawwrrrr|150/404|[from] item: Leftovers","|turn|22","|","|move|p1a: Nidoking|Earth Power|p2a: Rawwrrrr","|-supereffective|p2a: Rawwrrrr","|-damage|p2a: Rawwrrrr|0 fnt","|faint|p2a: Rawwrrrr","|","|-weather|Sandstorm|[upkeep]","|","|switch|p2a: Buzz off bitch|Mandibuzz, F|240/405 tox","|turn|23","|","|switch|p1a: Landorus|Landorus, M|319/319","|-damage|p1a: Landorus|280/319|[from] Stealth Rock","|move|p2a: Buzz off bitch|Foul Play|p1a: Landorus","|-damage|p1a: Landorus|148/319","|","|-weather|Sandstorm|[upkeep]","|-damage|p2a: Buzz off bitch|215/405 tox|[from] psn","|turn|24","|","|move|p1a: Landorus|Focus Blast|p2a: Buzz off bitch","|-damage|p2a: Buzz off bitch|0 fnt","|faint|p2a: Buzz off bitch","|","|-weather|Sandstorm|[upkeep]","|","|switch|p2a: No pressure|Weavile, M|90/281","|-ability|p2a: No pressure|Pressure","|turn|25","|","|move|p2a: No pressure|Ice Shard|p1a: Landorus","|-supereffective|p1a: Landorus","|-damage|p1a: Landorus|0 fnt","|-damage|p2a: No pressure|62/281|[from] item: Life Orb","|faint|p1a: Landorus","|","|-weather|none","|","|switch|p1a: Nidoking|Nidoking, M|267/303","|-damage|p1a: Nidoking|249/303|[from] Stealth Rock","|turn|26","|","|move|p2a: No pressure|Ice Shard|p1a: Nidoking","|-supereffective|p1a: Nidoking","|-damage|p1a: Nidoking|15/303","|-damage|p2a: No pressure|34/281|[from] item: Life Orb","|move|p1a: Nidoking|Sludge Wave|p2a: No pressure","|-damage|p2a: No pressure|0 fnt","|faint|p2a: No pressure","|","|","|switch|p2a: Oit of this world|Hoopa-Unbound|301/301","|turn|27","|","|move|p1a: Nidoking|Sludge Wave|p2a: Oit of this world","|-damage|p2a: Oit of this world|166/301","|move|p2a: Oit of this world|Hyperspace Hole|p1a: Nidoking","|-supereffective|p1a: Nidoking","|-damage|p1a: Nidoking|0 fnt","|faint|p1a: Nidoking","|","|win|Inferno Sableye"],"p1rating":{"entryid":"95908","serverid":"eos","formatid":"monotype","userid":"emgglsvu","username":"Emg GL Svu","w":"1","l":4,"t":"0","gxe":38.5,"r":"1540.1606143388","rd":"122.8583080769","sigma":"0","rptime":"1439974800","rpr":1408.3436345126,"rprd":103.15119506267,"rpsigma":"0","acre":1000,"lacre":1000,"oldacre":"1000"},"p2rating":{"entryid":"83803","serverid":"eos","formatid":"monotype","userid":"infernosableye","username":"Inferno Sableye","w":7,"l":"4","t":"0","gxe":58.7,"r":"1459.8393856612","rd":"122.8583080769","sigma":"0","rptime":"1439974800","rpr":1567.8527947707,"rprd":85.992228535116,"rpsigma":"0","acre":1144.3555623178,"lacre":1144.3555623178,"oldacre":"1128.1821189077"},"endType":"normal"}