{"seed":[59600,59928,39937,42150],"turns":20,"p1":"Jake1079","p2":"SWL Neßki","p1team":[{"name":"Hoopa-Unbound","species":"Hoopa-Unbound","item":"choicescarf","ability":"Magician","moves":["focusblast","thunderbolt","psychic","darkpulse"],"nature":"Timid","evs":{"hp":0,"atk":0,"def":0,"spa":252,"spd":4,"spe":252},"ivs":{"hp":31,"atk":31,"def":31,"spa":31,"spd":31,"spe":31}},{"name":"Mandibuzz","species":"Mandibuzz","item":"rockyhelmet","ability":"Overcoat","moves":["toxic","roost","foulplay","defog"],"nature":"Impish","evs":{"hp":252,"atk":4,"def":252,"spa":0,"spd":0,"spe":0},"ivs":{"hp":31,"atk":31,"def":31,"spa":31,"spd":31,"spe":31}},{"name":"Sableye","species":"Sableye","item":"leftovers","ability":"Prankster","moves":["recover","willowisp","knockoff","taunt"],"nature":"Careful","evs":{"hp":252,"atk":4,"def":0,"spa":0,"spd":252,"spe":0},"ivs":{"hp":31,"atk":31,"def":31,"spa":31,"spd":31,"spe":31}},{"name":"Sharpedo","species":"Sharpedo","item":"sharpedonite","ability":"Speed Boost","moves":["crunch","waterfall","earthquake","icefang"],"nature":"Adamant","evs":{"hp":0,"atk":252,"def":0,"spa":0,"spd":4,"spe":252},"ivs":{"hp":31,"atk":31,"def":31,"spa":31,"spd":31,"spe":31}},{"name":"Hydreigon","species":"Hydreigon","item":"choicescarf","ability":"Levitate","moves":["uturn","dracometeor","darkpulse","fireblast"],"nature":"Timid","evs":{"hp":0,"atk":0,"def":0,"spa":252,"spd":4,"spe":252},"ivs":{"hp":31,"atk":31,"def":31,"spa":31,"spd":31,"spe":31}},{"name":"Drapion","species":"Drapion","item":"blacksludge","ability":"Battle Armor","moves":["earthquake","crunch","poisonjab","swordsdance"],"nature":"Adamant","evs":{"hp":248,"atk":76,"def":176,"spa":0,"spd":8,"spe":0},"ivs":{"hp":31,"atk":31,"def":31,"spa":31,"spd":31,"spe":31}}],"p2team":[{"name":"Azumarill","species":"Azumarill","item":"sitrusberry","ability":"Huge Power","moves":["aquajet","playrough","knockoff","bellydrum"],"nature":"Adamant","evs":{"hp":244,"atk":252,"def":0,"spa":0,"spd":0,"spe":12},"ivs":{"hp":31,"atk":31,"def":31,"spa":31,"spd":31,"spe":31}},{"name":"Ludicolo","species":"Ludicolo","item":"assaultvest","ability":"Swift Swim","moves":["scald","icebeam","gigadrain","focusblast"],"nature":"Timid","evs":{"hp":0,"atk":0,"def":0,"spa":252,"spd":4,"spe":252},"ivs":{"hp":31,"atk":0,"def":31,"spa":31,"spd":31,"spe":31}},{"name":"Keldeo","species":"Keldeo","item":"focussash","ability":"Justified","moves":["taunt","scald","secretsword","endeavor"],"nature":"Timid","evs":{"hp":0,"atk":0,"def":0,"spa":252,"spd":4,"spe":252},"ivs":{"hp":31,"atk":0,"def":31,"spa":31,"spd":31,"spe":31}},{"name":"Seismitoad","species":"Seismitoad","item":"lifeorb","ability":"Swift Swim","moves":["stealthrock","earthquake","knockoff","scald"],"nature":"Adamant","evs":{"hp":0,"atk":252,"def":0,"spa":4,"spd":0,"spe":252},"ivs":{"hp":31,"atk":31,"def":31,"spa":31,"spd":31,"spe":31}},{"name":"Politoed","species":"Politoed","item":"choicescarf","ability":"Drizzle","moves":["hiddenpowerrock","icebeam","psychic","scald"],"nature":"Modest","evs":{"hp":0,"atk":0,"def":0,"spa":252,"spd":4,"spe":252},"ivs":{"hp":31,"atk":31,"def":30,"spa":31,"spd":30,"spe":30}},{"name":"Gyarados","species":"Gyarados","item":"gyaradosite","ability":"Intimidate","moves":["dragondance","earthquake","icefang","crunch"],"nature":"Adamant","evs":{"hp":0,"atk":252,"def":0,"spa":0,"spd":4,"spe":252},"ivs":{"hp":31,"atk":31,"def":31,"spa":31,"spd":31,"spe":31}}],"log":["|player|p1|Jake1079|281","|player|p2|SWL Neßki|swlneki.png","|gametype|singles","|gen|6","|tier|Monotype","|rated","|rule|Baton Pass Clause: Limit one Baton Passer, can't pass Spe and other stats simultaneously","|rule|Swagger Clause: Swagger is banned","|rule|Same Type Clause: Pokémon in a team must share a type","|clearpoke","|poke|p1|Hoopa-Unbound","|poke|p1|Mandibuzz, F","|poke|p1|Sableye, F","|poke|p1|Sharpedo, F","|poke|p1|Hydreigon, M","|poke|p1|Drapion, F","|poke|p2|Azumarill, M","|poke|p2|Ludicolo, F","|poke|p2|Keldeo","|poke|p2|Seismitoad, F","|poke|p2|Politoed, F","|poke|p2|Gyarados, F","|rule|Sleep Clause Mod: Limit one foe put to sleep","|rule|Species Clause: Limit one of each Pokémon","|rule|OHKO Clause: OHKO moves are banned","|rule|Moody Clause: Moody is banned","|rule|Evasion Moves Clause: Evasion moves are banned","|rule|Endless Battle Clause: Forcing endless battles is banned","|rule|HP Percentage Mod: HP is shown in percentages","|teampreview","|","|start","|switch|p1a: Hydreigon|Hydreigon, M|325/325","|switch|p2a: Keldeo|Keldeo|323/323","|turn|1","|","|move|p1a: Hydreigon|U-turn|p2a: Keldeo","|-resisted|p2a: Keldeo","|-damage|p2a: Keldeo|294/323","|","|switch|p1a: Sableye|Sableye, F|304/304","|move|p2a: Keldeo|Scald|p1a: Sableye","|-damage|p1a: Sableye|172/304","|","|-heal|p1a: Sableye|191/304|[from] item: Leftovers","|turn|2","|","|move|p1a: Sableye|Will-O-Wisp|p2a: Keldeo","|-status|p2a: Keldeo|brn","|move|p2a: Keldeo|Taunt|p1a: Sableye","|-start|p1a: Sableye|move: Taunt","|","|-heal|p1a: Sableye|210/304|[from] item: Leftovers","|-damage|p2a: Keldeo|254/323 brn|[from] brn","|turn|3","|","|move|p2a: Keldeo|Secret Sword|p1a: Sableye","|-immune|p1a: Sableye|[msg]","|move|p1a: Sableye|Knock Off|p2a: Keldeo","|-resisted|p2a: Keldeo","|-damage|p2a: Keldeo|203/323 brn","|-boost|p2a: Keldeo|atk|1|[from] ability: Justified","|-enditem|p2a: Keldeo|Focus Sash|[from] move: Knock Off|[of] p1a: Sableye","|","|-heal|p1a: Sableye|229/304|[from] item: Leftovers","|-damage|p2a: Keldeo|163/323 brn|[from] brn","|turn|4","|","|move|p2a: Keldeo|Secret Sword|p1a: Sableye","|-immune|p1a: Sableye|[msg]","|move|p1a: Sableye|Knock Off|p2a: Keldeo","|-resisted|p2a: Keldeo","|-damage|p2a: Keldeo|129/323 brn","|-boost|p2a: Keldeo|atk|1|[from] ability: Justified","|","|-heal|p1a: Sableye|248/304|[from] item: Leftovers","|-damage|p2a: Keldeo|89/323 brn|[from] brn","|turn|5","|","|move|p2a: Keldeo|Scald|p1a: Sableye","|-damage|p1a: Sableye|121/304","|-status|p1a: Sableye|brn","|move|p1a: Sableye|Knock Off|p2a: Keldeo","|-resisted|p2a: Keldeo","|-damage|p2a: Keldeo|74/323 brn","|-boost|p2a: Keldeo|atk|1|[from] ability: Justified","|","|-heal|p1a: Sableye|140/304 brn|[from] item: Leftovers","|-damage|p2a: Keldeo|34/323 brn|[from] brn","|-damage|p1a: Sableye|102/304 brn|[from] brn","|-end|p1a: Sableye|move: Taunt","|turn|6","|","|switch|p2a: Politoed|Politoed, F|321/321","|-weather|RainDance","|move|p1a: Sableye|Recover|p1a: Sableye","|-heal|p1a: Sableye|254/304 brn","|","|-weather|RainDance|[upkeep]","|-heal|p1a: Sableye|273/304 brn|[from] item: Leftovers","|-damage|p1a: Sableye|235/304 brn|[from] brn","|turn|7","|","|move|p2a: Politoed|Scald|p1a: Sableye","|-damage|p1a: Sableye|49/304 brn","|move|p1a: Sableye|Knock Off|p2a: Politoed","|-damage|p2a: Politoed|259/321","|-enditem|p2a: Politoed|Choice Scarf|[from] move: Knock Off|[of] p1a: Sableye","|","|-weather|RainDance|[upkeep]","|-heal|p1a: Sableye|68/304 brn|[from] item: Leftovers","|-damage|p1a: Sableye|30/304 brn|[from] brn","|turn|8","|","|move|p1a: Sableye|Recover|p1a: Sableye","|-heal|p1a: Sableye|182/304 brn","|move|p2a: Politoed|Scald|p1a: Sableye","|-damage|p1a: Sableye|16/304 brn","|","|-weather|RainDance|[upkeep]","|-heal|p1a: Sableye|35/304 brn|[from] item: Leftovers","|-damage|p1a: Sableye|0 fnt|[from] brn","|faint|p1a: Sableye","|","|switch|p1a: Sharpedo|Sharpedo, F|281/281","|turn|9","|","|switch|p2a: Gyarados|Gyarados, F|331/331","|-ability|p2a: Gyarados|Intimidate","|-unboost|p1a: Sharpedo|atk|1","|move|p1a: Sharpedo|Waterfall|p2a: Gyarados","|-resisted|p2a: Gyarados","|-damage|p2a: Gyarados|244/331","|","|-weather|RainDance|[upkeep]","|-boost|p1a: Sharpedo|spe|1|[from] ability: Speed Boost","|turn|10","|","|detailschange|p1a: Sharpedo|Sharpedo-Mega, F","|-mega|p1a: Sharpedo|Sharpedo|Sharpedonite","|detailschange|p2a: Gyarados|Gyarados-Mega, F","|-mega|p2a: Gyarados|Gyarados|Gyaradosite","|-ability|p2a: Gyarados|Mold Breaker","|move|p1a: Sharpedo|Crunch|p2a: Gyarados","|-resisted|p2a: Gyarados","|-damage|p2a: Gyarados|172/331","|move|p2a: Gyarados|Dragon Dance|p2a: Gyarados","|-boost|p2a: Gyarados|atk|1","|-boost|p2a: Gyarados|spe|1","|","|-weather|none","|turn|11","|","|switch|p1a: Mandibuzz|Mandibuzz, F|424/424","|move|p2a: Gyarados|Ice Fang|p1a: Mandibuzz|[miss]","|-miss|p2a: Gyarados|p1a: Mandibuzz","|","|turn|12","|","|move|p2a: Gyarados|Ice Fang|p1a: Mandibuzz","|-supereffective|p1a: Mandibuzz","|-damage|p1a: Mandibuzz|236/424","|-damage|p2a: Gyarados|117/331|[from] item: Rocky Helmet|[of] p1a: Mandibuzz","|move|p1a: Mandibuzz|Foul Play|p2a: Gyarados","|-resisted|p2a: Gyarados","|-damage|p2a: Gyarados|0 fnt","|faint|p2a: Gyarados","|","|","|switch|p2a: Keldeo|Keldeo|34/323 brn","|turn|13","|","|move|p2a: Keldeo|Endeavor|p1a: Mandibuzz","|-damage|p1a: Mandibuzz|34/424","|-damage|p2a: Keldeo|0 fnt|[from] item: Rocky Helmet|[of] p1a: Mandibuzz","|faint|p2a: Keldeo","|move|p1a: Mandibuzz|Foul Play|p2: Keldeo|[notarget]","|-notarget","|","|","|switch|p2a: Politoed|Politoed, F|259/321","|-weather|RainDance","|turn|14","|","|move|p2a: Politoed|Scald|p1a: Mandibuzz","|-damage|p1a: Mandibuzz|0 fnt","|faint|p1a: Mandibuzz","|","|-weather|RainDance|[upkeep]","|","|switch|p1a: Hydreigon|Hydreigon, M|325/325","|turn|15","|","|switch|p2a: Azumarill|Azumarill, M|402/402","|move|p1a: Hydreigon|Draco Meteor|p2a: Azumarill","|-immune|p2a: Azumarill|[msg]","|","|-weather|RainDance|[upkeep]","|turn|16","|","|switch|p1a: Sharpedo|Sharpedo-Mega, F|281/281","|move|p2a: Azumarill|Belly Drum|p2a: Azumarill","|-damage|p2a: Azumarill|201/402","|-setboost|p2a: Azumarill|atk|6|[from] move: Belly Drum","|-enditem|p2a: Azumarill|Sitrus Berry|[eat]","|-heal|p2a: Azumarill|301/402|[from] item: Sitrus Berry","|","|-weather|RainDance|[upkeep]","|turn|17","|","|move|p2a: Azumarill|Aqua Jet|p1a: Sharpedo","|-resisted|p1a: Sharpedo","|-damage|p1a: Sharpedo|0 fnt","|faint|p1a: Sharpedo","|","|-weather|RainDance|[upkeep]","|","|switch|p1a: Drapion|Drapion, F|343/343","|turn|18","|","|move|p2a: Azumarill|Aqua Jet|p1a: Drapion","|-damage|p1a: Drapion|0 fnt","|faint|p1a: Drapion","|","|-weather|none","|","|switch|p1a: Hydreigon|Hydreigon, M|325/325","|turn|19","|","|move|p1a: Hydreigon|Dark Pulse|p2a: Azumarill","|-resisted|p2a: Azumarill","|-damage|p2a: Azumarill|216/402","|move|p2a: Azumarill|Play Rough|p1a: Hydreigon","|-supereffective|p1a: Hydreigon","|-damage|p1a: Hydreigon|0 fnt","|faint|p1a: Hydreigon","|","|","|switch|p1a: Hoopa-Unbound|Hoopa-Unbound|301/301","|turn|20","|","|move|p2a: Azumarill|Aqua Jet|p1a: Hoopa-Unbound","|-damage|p1a: Hoopa-Unbound|0 fnt","|faint|p1a: Hoopa-Unbound","|","|win|SWL Neßki"],"p1rating":{"entryid":"56288","serverid":"eos","formatid":"monotype","userid":"jake1079","username":"Jake1079","w":"3","l":7,"t":"0","gxe":40.8,"r":"1415.5944921693","rd":"102.83219891053","sigma":"0","rptime":"1439974800","rpr":1427.4775985477,"rprd":88.904535735129,"rpsigma":"0","acre":1025.7790721569,"lacre":1025.7790721569,"oldacre":"1035.9341060085"},"p2rating":{"entryid":"388","serverid":"eos","formatid":"monotype","userid":"swlneki","username":"SWL Neßki","w":14,"l":"4","t":"0","gxe":67.5,"r":"1633.4747851943","rd":"86.012947461341","sigma":"0","rptime":"1439974800","rpr":1640.5013843698,"rprd":74.810456456485,"rpsigma":"0","acre":1175.5168381089,"lacre":1175.5168381089,"oldacre":"1159.0208059856"},"endType":"normal"}