{"seed":[64582,10618,54161,27777],"turns":24,"p1":"Void Who","p2":"Vodoom","p1team":[{"name":"Mew","species":"Mew","item":"rockyhelmet","ability":"Synchronize","moves":["defog","knockoff","roost","willowisp"],"nature":"Careful","evs":{"hp":248,"atk":8,"def":0,"spa":0,"spd":252,"spe":0},"ivs":{"hp":31,"atk":31,"def":31,"spa":31,"spd":31,"spe":31}},{"name":"Medicham","species":"Medicham","item":"medichamite","ability":"Pure Power","moves":["fakeout","drainpunch","bulletpunch","psychocut"],"nature":"Adamant","evs":{"hp":248,"atk":252,"def":0,"spa":0,"spd":8,"spe":0},"ivs":{"hp":31,"atk":31,"def":31,"spa":31,"spd":31,"spe":31}},{"name":"Victini","species":"Victini","item":"choicescarf","ability":"Victory Star","moves":["boltstrike","vcreate","uturn","zenheadbutt"],"nature":"Jolly","evs":{"hp":0,"atk":252,"def":0,"spa":0,"spd":4,"spe":252},"ivs":{"hp":31,"atk":31,"def":31,"spa":31,"spd":31,"spe":31}},{"name":"Slowbro","species":"Slowbro","item":"leftovers","ability":"Regenerator","moves":["flamethrower","scald","thunderwave","slackoff"],"nature":"Bold","evs":{"hp":252,"atk":0,"def":252,"spa":4,"spd":0,"spe":0},"ivs":{"hp":31,"atk":31,"def":31,"spa":31,"spd":31,"spe":31}},{"name":"Hoopa-Unbound","species":"Hoopa-Unbound","item":"choicescarf","ability":"Magician","moves":["hyperspacefury","firepunch","drainpunch","hyperspacehole"],"nature":"Hasty","evs":{"hp":0,"atk":252,"def":0,"spa":4,"spd":0,"spe":252},"ivs":{"hp":31,"atk":31,"def":31,"spa":31,"spd":31,"spe":31}},{"name":"Meloetta","species":"Meloetta","item":"assaultvest","ability":"Serene Grace","moves":["psychic","focusblast","energyball","hypervoice"],"nature":"Modest","evs":{"hp":248,"atk":0,"def":0,"spa":252,"spd":8,"spe":0},"ivs":{"hp":31,"atk":31,"def":31,"spa":31,"spd":31,"spe":31}}],"p2team":[{"name":"TNT","species":"tyranitar","item":"assaultvest","ability":"Sand Stream","moves":["thunderbolt","darkpulse","ancientpower","flamethrower"],"nature":"Modest","evs":{"hp":248,"atk":0,"def":0,"spa":252,"spd":8,"spe":0},"ivs":{"hp":31,"atk":31,"def":31,"spa":31,"spd":31,"spe":31}},{"name":"Bull","species":"terrakion","item":"choicescarf","ability":"Justified","moves":["closecombat","earthquake","rockslide","quickattack"],"nature":"Jolly","evs":{"hp":0,"atk":252,"def":0,"spa":0,"spd":4,"spe":252},"ivs":{"hp":31,"atk":31,"def":31,"spa":31,"spd":31,"spe":31}},{"name":"Steel Rex","species":"aggron","item":"aggronite","ability":"Sturdy","moves":["counter","earthquake","rest","heavyslam"],"nature":"Impish","evs":{"hp":248,"atk":0,"def":252,"spa":0,"spd":8,"spe":0},"ivs":{"hp":31,"atk":31,"def":31,"spa":31,"spd":31,"spe":31}},{"name":"The real deal","species":"lileep","item":"eviolite","ability":"Storm Drain","moves":["recover","toxic","infestation","gigadrain"],"nature":"Calm","evs":{"hp":252,"atk":0,"def":0,"spa":4,"spd":252,"spe":0},"ivs":{"hp":31,"atk":31,"def":31,"spa":31,"spd":31,"spe":31}},{"name":"Diancie","species":"Diancie","item":"diancite","ability":"Clear Body","moves":["protect","earthpower","diamondstorm","moonblast"],"nature":"Hasty","evs":{"hp":0,"atk":4,"def":0,"spa":252,"spd":0,"spe":252},"ivs":{"hp":31,"atk":31,"def":31,"spa":31,"spd":31,"spe":31}},{"name":"Aurorus","species":"Aurorus","item":"choicescarf","ability":"Refrigerate","moves":["freezedry","hypervoice","discharge","ancientpower"],"nature":"Timid","evs":{"hp":0,"atk":0,"def":0,"spa":252,"spd":4,"spe":252},"ivs":{"hp":31,"atk":31,"def":31,"spa":31,"spd":31,"spe":31}}],"log":["|player|p1|Void Who|voidwho.gif","|player|p2|Vodoom|2","|gametype|singles","|gen|6","|tier|Monotype","|rated","|rule|Baton Pass Clause: Limit one Baton Passer, can't pass Spe and other stats simultaneously","|rule|Swagger Clause: Swagger is banned","|rule|Same Type Clause: Pokémon in a team must share a type","|clearpoke","|poke|p1|Mew","|poke|p1|Medicham, M","|poke|p1|Victini","|poke|p1|Slowbro, M","|poke|p1|Hoopa-Unbound","|poke|p1|Meloetta","|poke|p2|Tyranitar, F","|poke|p2|Terrakion","|poke|p2|Aggron, M","|poke|p2|Lileep, F","|poke|p2|Diancie","|poke|p2|Aurorus, M","|rule|Sleep Clause Mod: Limit one foe put to sleep","|rule|Species Clause: Limit one of each Pokémon","|rule|OHKO Clause: OHKO moves are banned","|rule|Moody Clause: Moody is banned","|rule|Evasion Moves Clause: Evasion moves are banned","|rule|Endless Battle Clause: Forcing endless battles is banned","|rule|HP Percentage Mod: HP is shown in percentages","|teampreview","|","|start","|switch|p1a: Mew|Mew|403/403","|switch|p2a: Diancie|Diancie|241/241","|turn|1","|","|switch|p1a: Slowbro|Slowbro, M|394/394","|detailschange|p2a: Diancie|Diancie-Mega","|-mega|p2a: Diancie|Diancie|Diancite","|move|p2a: Diancie|Moonblast|p1a: Slowbro","|-damage|p1a: Slowbro|150/394","|","|-heal|p1a: Slowbro|174/394|[from] item: Leftovers","|turn|2","|","|switch|p1a: Meloetta|Meloetta|403/403","|move|p2a: Diancie|Moonblast|p1a: Meloetta","|-damage|p1a: Meloetta|288/403","|","|turn|3","|","|move|p2a: Diancie|Protect|p2a: Diancie","|-singleturn|p2a: Diancie|Protect","|move|p1a: Meloetta|Focus Blast|p2a: Diancie","|-activate|p2a: Diancie|Protect","|","|turn|4","|","|switch|p2a: The real deal|Lileep, F|336/336","|move|p1a: Meloetta|Focus Blast|p2a: The real deal|[miss]","|-miss|p1a: Meloetta|p2a: The real deal","|","|turn|5","|","|switch|p1a: Mew|Mew|403/403","|move|p2a: The real deal|Infestation|p1a: Mew","|-supereffective|p1a: Mew","|-damage|p1a: Mew|385/403","|-damage|p2a: The real deal|280/336|[from] item: Rocky Helmet|[of] p1a: Mew","|-activate|p1a: Mew|move: Infestation|[of] p2a: The real deal","|","|-damage|p1a: Mew|335/403|[from] move: Infestation|[partiallytrapped]","|turn|6","|","|move|p1a: Mew|Knock Off|p2a: The real deal","|-damage|p2a: The real deal|217/336","|-enditem|p2a: The real deal|Eviolite|[from] move: Knock Off|[of] p1a: Mew","|move|p2a: The real deal|Recover|p2a: The real deal","|-heal|p2a: The real deal|336/336","|","|-damage|p1a: Mew|285/403|[from] move: Infestation|[partiallytrapped]","|turn|7","|","|move|p1a: Mew|Will-O-Wisp|p2a: The real deal|[miss]","|-miss|p1a: Mew|p2a: The real deal","|move|p2a: The real deal|Infestation|p1a: Mew","|-supereffective|p1a: Mew","|-damage|p1a: Mew|267/403","|-damage|p2a: The real deal|280/336|[from] item: Rocky Helmet|[of] p1a: Mew","|","|-damage|p1a: Mew|217/403|[from] move: Infestation|[partiallytrapped]","|turn|8","|","|move|p1a: Mew|Roost|p1a: Mew","|-heal|p1a: Mew|403/403","|move|p2a: The real deal|Toxic|p1a: Mew","|-status|p1a: Mew|tox","|-status|p2a: The real deal|tox","|","|-damage|p1a: Mew|378/403 tox|[from] psn","|-damage|p2a: The real deal|259/336 tox|[from] psn","|-damage|p1a: Mew|328/403 tox|[from] move: Infestation|[partiallytrapped]","|turn|9","|","|move|p1a: Mew|Knock Off|p2a: The real deal","|-damage|p2a: The real deal|194/336 tox","|move|p2a: The real deal|Infestation|p1a: Mew","|-supereffective|p1a: Mew","|-damage|p1a: Mew|310/403 tox","|-damage|p2a: The real deal|138/336 tox|[from] item: Rocky Helmet|[of] p1a: Mew","|","|-damage|p1a: Mew|260/403 tox|[from] psn","|-damage|p2a: The real deal|96/336 tox|[from] psn","|-damage|p1a: Mew|210/403 tox|[from] move: Infestation|[partiallytrapped]","|turn|10","|","|move|p1a: Mew|Roost|p1a: Mew","|-heal|p1a: Mew|403/403 tox","|move|p2a: The real deal|Recover|p2a: The real deal","|-heal|p2a: The real deal|264/336 tox","|","|-damage|p1a: Mew|328/403 tox|[from] psn","|-damage|p2a: The real deal|201/336 tox|[from] psn","|-end|p1a: Mew|Infestation|[partiallytrapped]","|turn|11","|","|move|p1a: Mew|Knock Off|p2a: The real deal","|-damage|p2a: The real deal|141/336 tox","|move|p2a: The real deal|Infestation|p1a: Mew","|-supereffective|p1a: Mew","|-damage|p1a: Mew|310/403 tox","|-damage|p2a: The real deal|85/336 tox|[from] item: Rocky Helmet|[of] p1a: Mew","|-activate|p1a: Mew|move: Infestation|[of] p2a: The real deal","|","|-damage|p1a: Mew|210/403 tox|[from] psn","|-damage|p2a: The real deal|1/336 tox|[from] psn","|-damage|p1a: Mew|160/403 tox|[from] move: Infestation|[partiallytrapped]","|turn|12","|","|switch|p2a: Diancie|Diancie-Mega|241/241","|move|p1a: Mew|Roost|p1a: Mew","|-heal|p1a: Mew|362/403 tox","|","|-damage|p1a: Mew|237/403 tox|[from] psn","|turn|13","|","|switch|p1a: Meloetta|Meloetta|288/403","|move|p2a: Diancie|Moonblast|p1a: Meloetta","|-damage|p1a: Meloetta|188/403","|-unboost|p1a: Meloetta|spa|1","|","|turn|14","|","|switch|p2a: The real deal|Lileep, F|1/336 tox","|move|p1a: Meloetta|Focus Blast|p2a: The real deal|[miss]","|-miss|p1a: Meloetta|p2a: The real deal","|","|-damage|p2a: The real deal|0 fnt|[from] psn","|faint|p2a: The real deal","|","|switch|p2a: Bull|Terrakion|323/323","|turn|15","|","|switch|p2a: Diancie|Diancie-Mega|241/241","|switch|p1a: Slowbro|Slowbro, M|305/394","|","|-heal|p1a: Slowbro|329/394|[from] item: Leftovers","|turn|16","|","|move|p2a: Diancie|Moonblast|p1a: Slowbro","|-crit|p1a: Slowbro","|-damage|p1a: Slowbro|0 fnt","|faint|p1a: Slowbro","|","|","|switch|p1a: Medicham|Medicham, M|323/323","|turn|17","|","|detailschange|p1a: Medicham|Medicham-Mega, M","|-mega|p1a: Medicham|Medicham|Medichamite","|move|p2a: Diancie|Protect|p2a: Diancie","|-singleturn|p2a: Diancie|Protect","|move|p1a: Medicham|Fake Out|p2a: Diancie","|-activate|p2a: Diancie|Protect","|","|turn|18","|","|switch|p2a: Aurorus|Aurorus, M|387/387","|move|p1a: Medicham|Bullet Punch|p2a: Aurorus","|-supereffective|p2a: Aurorus","|-damage|p2a: Aurorus|0 fnt","|faint|p2a: Aurorus","|","|","|switch|p2a: Steel Rex|Aggron, M|343/343","|turn|19","|","|switch|p1a: Mew|Mew|237/403 tox","|move|p2a: Steel Rex|Counter|p1a: Mew","|-fail|p1a: Mew","|","|-damage|p1a: Mew|212/403 tox|[from] psn","|turn|20","|","|switch|p2a: Diancie|Diancie-Mega|241/241","|move|p1a: Mew|Will-O-Wisp|p2a: Diancie","|move|p2a: Diancie|Will-O-Wisp|p1a: Mew|[from]Magic Bounce","|-fail|p1a: Mew","|","|-damage|p1a: Mew|162/403 tox|[from] psn","|turn|21","|","|switch|p1a: Meloetta|Meloetta|188/403","|move|p2a: Diancie|Moonblast|p1a: Meloetta","|-damage|p1a: Meloetta|91/403","|-unboost|p1a: Meloetta|spa|1","|","|turn|22","|","|move|p2a: Diancie|Moonblast|p1a: Meloetta","|-damage|p1a: Meloetta|0 fnt","|faint|p1a: Meloetta","|","|","|switch|p1a: Medicham|Medicham-Mega, M|323/323","|turn|23","|","|move|p2a: Diancie|Protect|p2a: Diancie","|-singleturn|p2a: Diancie|Protect","|move|p1a: Medicham|Fake Out|p2a: Diancie","|-activate|p2a: Diancie|Protect","|","|turn|24","|","|win|Vodoom"],"p1rating":{"entryid":114352,"formatid":"monotype","userid":"voidwho","username":"Void Who","r":1500,"rd":130,"sigma":0,"rpr":1459.8393856612,"rprd":122.8583080769,"rpsigma":0,"rptime":1439974800,"w":0,"l":1,"t":0,"gxe":45,"acre":1000,"lacre":1000,"oldacre":1000},"p2rating":{"entryid":114353,"formatid":"monotype","userid":"vodoom","username":"Vodoom","r":1500,"rd":130,"sigma":0,"rpr":1540.1606143388,"rprd":122.8583080769,"rpsigma":0,"rptime":1439974800,"w":1,"l":0,"t":0,"gxe":55,"acre":1040,"lacre":1040,"oldacre":1000},"endType":"forfeit"}