{"seed":[37719,12735,64372,32978],"turns":20,"p1":"I need Furbes","p2":"Sovereign Anthony","p1team":[{"name":"RAINDROP","species":"politoed","item":"choicespecs","ability":"Drizzle","moves":["hydropump","icebeam","focusblast","hiddenpowergrass"],"nature":"Modest","evs":{"hp":248,"atk":0,"def":0,"spa":252,"spd":8,"spe":0},"ivs":{"hp":31,"atk":30,"def":31,"spa":30,"spd":31,"spe":31},"shiny":true},{"name":"Quagsire","species":"Quagsire","item":"leftovers","ability":"Unaware","moves":["earthquake","recover","toxic","scald"],"nature":"Impish","evs":{"hp":252,"atk":4,"def":252,"spa":0,"spd":0,"spe":0},"ivs":{"hp":31,"atk":31,"def":31,"spa":31,"spd":31,"spe":31}},{"name":"Fatty","species":"slowking","item":"leftovers","ability":"Regenerator","moves":["psychic","calmmind","thunderwave","signalbeam"],"nature":"Modest","evs":{"hp":252,"atk":0,"def":0,"spa":252,"spd":4,"spe":0},"shiny":true,"ivs":{"hp":31,"atk":31,"def":31,"spa":31,"spd":31,"spe":31}},{"name":"RageCandyBar","species":"gyarados","item":"gyaradosite","ability":"Intimidate","moves":["dragondance","bounce","waterfall","icefang"],"nature":"Adamant","evs":{"hp":0,"atk":252,"def":0,"spa":0,"spd":4,"spe":252},"shiny":true,"ivs":{"hp":31,"atk":31,"def":31,"spa":31,"spd":31,"spe":31}},{"name":"Golden Death","species":"azumarill","item":"choiceband","ability":"Sap Sipper","moves":["aquajet","playrough","bulldoze","icepunch"],"nature":"Adamant","evs":{"hp":248,"atk":252,"def":0,"spa":0,"spd":8,"spe":0},"shiny":true,"ivs":{"hp":31,"atk":31,"def":31,"spa":31,"spd":31,"spe":31}},{"name":"U know wat it is","species":"tentacruel","item":"blacksludge","ability":"Liquid Ooze","moves":["rapidspin","acidspray","sludgebomb","surf"],"nature":"Calm","evs":{"hp":248,"atk":0,"def":0,"spa":8,"spd":252,"spe":0},"shiny":true,"ivs":{"hp":31,"atk":31,"def":31,"spa":31,"spd":31,"spe":31}}],"p2team":[{"name":"Arcanine","species":"Arcanine","item":"expertbelt","ability":"Intimidate","moves":["closecombat","flareblitz","morningsun","extremespeed"],"nature":"Hasty","evs":{"hp":4,"atk":252,"def":0,"spa":0,"spd":252,"spe":0},"ivs":{"hp":31,"atk":31,"def":31,"spa":31,"spd":31,"spe":31}},{"name":"Charizard","species":"Charizard","item":"charizarditey","ability":"Blaze","moves":["dragonpulse","airslash","flamethrower","solarbeam"],"nature":"Hasty","evs":{"hp":4,"atk":0,"def":0,"spa":252,"spd":0,"spe":252},"ivs":{"hp":31,"atk":31,"def":31,"spa":31,"spd":31,"spe":31}},{"name":"Ninetales","species":"Ninetales","item":"focussash","ability":"Drought","moves":["nastyplot","solarbeam","flamethrower","psyshock"],"nature":"Modest","evs":{"hp":4,"atk":0,"def":0,"spa":252,"spd":252,"spe":0},"ivs":{"hp":31,"atk":31,"def":31,"spa":31,"spd":31,"spe":31}},{"name":"Typhlosion","species":"Typhlosion","item":"leftovers","ability":"Blaze","moves":["eruption","lavaplume","focusblast","solarbeam"],"nature":"Hasty","evs":{"hp":4,"atk":0,"def":0,"spa":252,"spd":252,"spe":0},"ivs":{"hp":31,"atk":30,"def":30,"spa":31,"spd":31,"spe":31}},{"name":"Infernape","species":"Infernape","item":"expertbelt","ability":"Iron Fist","moves":["firepunch","machpunch","thunderpunch","uturn"],"nature":"Adamant","evs":{"hp":4,"atk":252,"def":0,"spa":0,"spd":252,"spe":0},"ivs":{"hp":31,"atk":30,"def":30,"spa":31,"spd":31,"spe":31}},{"name":"Volcarona","species":"Volcarona","item":"leftovers","ability":"Flame Body","moves":["bugbuzz","fierydance","gigadrain","quiverdance"],"nature":"Modest","evs":{"hp":0,"atk":0,"def":96,"spa":252,"spd":160,"spe":0},"ivs":{"hp":31,"atk":31,"def":31,"spa":31,"spd":31,"spe":31}}],"log":["|player|p1|I need Furbes|99","|player|p2|Sovereign Anthony|264","|gametype|singles","|gen|6","|tier|Monotype","|rated","|rule|Baton Pass Clause: Limit one Baton Passer, can't pass Spe and other stats simultaneously","|rule|Swagger Clause: Swagger is banned","|rule|Same Type Clause: Pokémon in a team must share a type","|clearpoke","|poke|p1|Politoed, M, shiny","|poke|p1|Quagsire, M","|poke|p1|Slowking, M, shiny","|poke|p1|Gyarados, F, shiny","|poke|p1|Azumarill, F, shiny","|poke|p1|Tentacruel, F, shiny","|poke|p2|Arcanine, F","|poke|p2|Charizard, M","|poke|p2|Ninetales, M","|poke|p2|Typhlosion, F","|poke|p2|Infernape, M","|poke|p2|Volcarona, F","|rule|Sleep Clause Mod: Limit one foe put to sleep","|rule|Species Clause: Limit one of each Pokémon","|rule|OHKO Clause: OHKO moves are banned","|rule|Moody Clause: Moody is banned","|rule|Evasion Moves Clause: Evasion moves are banned","|rule|Endless Battle Clause: Forcing endless battles is banned","|rule|HP Percentage Mod: HP is shown in percentages","|teampreview","|","|start","|switch|p1a: RAINDROP|Politoed, M, shiny|383/383","|switch|p2a: Ninetales|Ninetales, M|288/288","|-weather|SunnyDay","|-weather|RainDance","|turn|1","|","|move|p2a: Ninetales|Solar Beam|p1a: RAINDROP|[still]","|-prepare|p2a: Ninetales|Solar Beam|p1a: RAINDROP","|move|p1a: RAINDROP|Hydro Pump|p2a: Ninetales","|-supereffective|p2a: Ninetales","|-enditem|p2a: Ninetales|Focus Sash","|-damage|p2a: Ninetales|1/288","|","|-weather|RainDance|[upkeep]","|turn|2","|","|switch|p1a: Golden Death|Azumarill, F, shiny|403/403","|move|p2a: Ninetales|Solar Beam|p1a: Golden Death|[from]lockedmove","|-boost|p1a: Golden Death|atk|1|[from] ability: Sap Sipper","|","|-weather|RainDance|[upkeep]","|turn|3","|","|move|p1a: Golden Death|Aqua Jet|p2a: Ninetales","|-supereffective|p2a: Ninetales","|-damage|p2a: Ninetales|0 fnt","|faint|p2a: Ninetales","|","|-weather|RainDance|[upkeep]","|","|switch|p2a: Volcarona|Volcarona, F|311/311","|turn|4","|","|move|p1a: Golden Death|Aqua Jet|p2a: Volcarona","|-supereffective|p2a: Volcarona","|-damage|p2a: Volcarona|0 fnt","|faint|p2a: Volcarona","|","|-weather|RainDance|[upkeep]","|","|switch|p2a: Charizard|Charizard, M|298/298","|turn|5","|","|detailschange|p2a: Charizard|Charizard-Mega-Y, M","|-mega|p2a: Charizard|Charizard|Charizardite Y","|-weather|SunnyDay","|move|p1a: Golden Death|Aqua Jet|p2a: Charizard","|-supereffective|p2a: Charizard","|-damage|p2a: Charizard|170/298","|move|p2a: Charizard|Air Slash|p1a: Golden Death","|-damage|p1a: Golden Death|207/403","|","|-weather|SunnyDay|[upkeep]","|turn|6","|","|move|p1a: Golden Death|Aqua Jet|p2a: Charizard","|-supereffective|p2a: Charizard","|-damage|p2a: Charizard|38/298","|move|p2a: Charizard|Air Slash|p1a: Golden Death","|-damage|p1a: Golden Death|15/403","|","|-weather|SunnyDay|[upkeep]","|turn|7","|","|move|p1a: Golden Death|Aqua Jet|p2a: Charizard","|-supereffective|p2a: Charizard","|-damage|p2a: Charizard|0 fnt","|faint|p2a: Charizard","|","|-weather|SunnyDay|[upkeep]","|","|switch|p2a: Infernape|Infernape, M|294/294","|turn|8","|","|move|p1a: Golden Death|Aqua Jet|p2a: Infernape","|-supereffective|p2a: Infernape","|-damage|p2a: Infernape|160/294","|move|p2a: Infernape|Thunder Punch|p1a: Golden Death","|-supereffective|p1a: Golden Death","|-damage|p1a: Golden Death|0 fnt","|faint|p1a: Golden Death","|","|-weather|SunnyDay|[upkeep]","|","|switch|p1a: RAINDROP|Politoed, M, shiny|383/383","|-weather|RainDance","|turn|9","|","|switch|p1a: Quagsire|Quagsire, M|394/394","|move|p2a: Infernape|Thunder Punch|p1a: Quagsire","|-immune|p1a: Quagsire|[msg]","|","|-weather|RainDance|[upkeep]","|turn|10","|","|move|p2a: Infernape|U-turn|p1a: Quagsire","|-damage|p1a: Quagsire|326/394","|","|switch|p2a: Arcanine|Arcanine, F|322/322","|-ability|p2a: Arcanine|Intimidate","|-unboost|p1a: Quagsire|atk|1","|move|p1a: Quagsire|Scald|p2a: Arcanine","|-crit|p2a: Arcanine","|-supereffective|p2a: Arcanine","|-damage|p2a: Arcanine|100/322","|","|-weather|RainDance|[upkeep]","|-heal|p1a: Quagsire|350/394|[from] item: Leftovers","|turn|11","|","|move|p2a: Arcanine|Close Combat|p1a: Quagsire","|-damage|p1a: Quagsire|247/394","|-unboost|p2a: Arcanine|def|1","|-unboost|p2a: Arcanine|spd|1","|move|p1a: Quagsire|Earthquake|p2a: Arcanine","|-supereffective|p2a: Arcanine","|-damage|p2a: Arcanine|0 fnt","|faint|p2a: Arcanine","|","|-weather|RainDance|[upkeep]","|-heal|p1a: Quagsire|271/394|[from] item: Leftovers","|","|switch|p2a: Infernape|Infernape, M|160/294","|turn|12","|","|move|p2a: Infernape|Mach Punch|p1a: Quagsire","|-damage|p1a: Quagsire|210/394","|move|p1a: Quagsire|Scald|p2a: Infernape","|-supereffective|p2a: Infernape","|-damage|p2a: Infernape|0 fnt","|faint|p2a: Infernape","|","|-weather|RainDance|[upkeep]","|-heal|p1a: Quagsire|234/394|[from] item: Leftovers","|","|switch|p2a: Typhlosion|Typhlosion, F|298/298","|turn|13","|","|move|p2a: Typhlosion|Solar Beam|p1a: Quagsire|[still]","|-prepare|p2a: Typhlosion|Solar Beam|p1a: Quagsire","|move|p1a: Quagsire|Scald|p2a: Typhlosion","|-supereffective|p2a: Typhlosion","|-damage|p2a: Typhlosion|130/298","|","|-weather|none","|-heal|p2a: Typhlosion|148/298|[from] item: Leftovers","|-heal|p1a: Quagsire|258/394|[from] item: Leftovers","|turn|14","|","|switch|p1a: RageCandyBar|Gyarados, F, shiny|331/331","|-ability|p1a: RageCandyBar|Intimidate","|-unboost|p2a: Typhlosion|atk|1","|move|p2a: Typhlosion|Solar Beam|p1a: RageCandyBar|[from]lockedmove","|-damage|p1a: RageCandyBar|216/331","|","|-heal|p2a: Typhlosion|166/298|[from] item: Leftovers","|turn|15","|","|detailschange|p1a: RageCandyBar|Gyarados-Mega, F, shiny","|-mega|p1a: RageCandyBar|Gyarados|Gyaradosite","|-ability|p1a: RageCandyBar|Mold Breaker","|move|p1a: RageCandyBar|Dragon Dance|p1a: RageCandyBar","|-boost|p1a: RageCandyBar|atk|1","|-boost|p1a: RageCandyBar|spe|1","|move|p2a: Typhlosion|Focus Blast|p1a: RageCandyBar|[miss]","|-miss|p2a: Typhlosion|p1a: RageCandyBar","|","|-heal|p2a: Typhlosion|184/298|[from] item: Leftovers","|turn|16","|","|move|p1a: RageCandyBar|Dragon Dance|p1a: RageCandyBar","|-boost|p1a: RageCandyBar|atk|1","|-boost|p1a: RageCandyBar|spe|1","|move|p2a: Typhlosion|Focus Blast|p1a: RageCandyBar","|-supereffective|p1a: RageCandyBar","|-damage|p1a: RageCandyBar|30/331","|","|-heal|p2a: Typhlosion|202/298|[from] item: Leftovers","|turn|17","|","|move|p1a: RageCandyBar|Bounce|p2a: Typhlosion|[still]","|-prepare|p1a: RageCandyBar|Bounce|p2a: Typhlosion","|move|p2a: Typhlosion|Focus Blast|p1a: RageCandyBar|[miss]","|-miss|p2a: Typhlosion|p1a: RageCandyBar","|","|-heal|p2a: Typhlosion|220/298|[from] item: Leftovers","|turn|18","|","|move|p1a: RageCandyBar|Bounce|p2a: Typhlosion|[from]lockedmove|[miss]","|-miss|p1a: RageCandyBar|p2a: Typhlosion","|move|p2a: Typhlosion|Solar Beam|p1a: RageCandyBar|[still]","|-prepare|p2a: Typhlosion|Solar Beam|p1a: RageCandyBar","|","|-heal|p2a: Typhlosion|238/298|[from] item: Leftovers","|turn|19","|","|move|p1a: RageCandyBar|Bounce|p2a: Typhlosion|[still]","|-prepare|p1a: RageCandyBar|Bounce|p2a: Typhlosion","|move|p2a: Typhlosion|Solar Beam|p1a: RageCandyBar|[from]lockedmove|[miss]","|-miss|p2a: Typhlosion|p1a: RageCandyBar","|","|-heal|p2a: Typhlosion|256/298|[from] item: Leftovers","|turn|20","|","|move|p1a: RageCandyBar|Bounce|p2a: Typhlosion|[from]lockedmove","|-damage|p2a: Typhlosion|0 fnt","|faint|p2a: Typhlosion","|","|win|I need Furbes"],"p1rating":{"entryid":"136041","serverid":"eos","formatid":"monotype","userid":"ineedfurbes","username":"I need Furbes","w":1,"l":"2","t":"0","gxe":45.5,"r":"1500","rd":"130","sigma":"0","rptime":"1439974800","rpr":1464.0728691384,"rprd":111.33580058489,"rpsigma":"0","acre":1043.7576679574,"lacre":1043.7576679574,"oldacre":"1000"},"p2rating":{"entryid":"102406","serverid":"eos","formatid":"monotype","userid":"sovereignanthony","username":"Sovereign Anthony","w":"2","l":6,"t":"0","gxe":36.8,"r":"1412.0962874545","rd":"96.239002323203","sigma":"0","rptime":"1439974800","rpr":1394.2240212911,"rprd":93.38281016767,"rpsigma":"0","acre":1016.4242341668,"lacre":1016.4242341668,"oldacre":"1032.7352134005"},"endType":"normal"}