{"seed":[20912,52132,48106,21105],"turns":20,"p1":"Void KGBeast","p2":"SWL Neßki","p1team":[{"name":"Charizard","species":"Charizard","item":"charizarditey","ability":"Blaze","moves":["roost","focusblast","fireblast","solarbeam"],"nature":"Timid","evs":{"hp":0,"atk":0,"def":0,"spa":252,"spd":4,"spe":252},"ivs":{"hp":31,"atk":0,"def":31,"spa":31,"spd":31,"spe":31}},{"name":"Darmanitan","species":"Darmanitan","item":"choicescarf","ability":"Sheer Force","moves":["flareblitz","rockslide","uturn","superpower"],"nature":"Jolly","evs":{"hp":0,"atk":252,"def":4,"spa":0,"spd":0,"spe":252},"ivs":{"hp":31,"atk":31,"def":31,"spa":31,"spd":31,"spe":31}},{"name":"Torkoal","species":"Torkoal","item":"leftovers","ability":"White Smoke","moves":["stealthrock","willowisp","lavaplume","rapidspin"],"nature":"Bold","evs":{"hp":248,"atk":0,"def":252,"spa":8,"spd":0,"spe":0},"ivs":{"hp":31,"atk":0,"def":31,"spa":31,"spd":31,"spe":31}},{"name":"Rotom-Heat","species":"Rotom-Heat","item":"choicescarf","ability":"Levitate","moves":["voltswitch","thunderbolt","overheat","hiddenpowerice"],"nature":"Timid","evs":{"hp":0,"atk":0,"def":0,"spa":252,"spd":4,"spe":252},"ivs":{"hp":31,"atk":0,"def":30,"spa":31,"spd":31,"spe":31}},{"name":"Heatran","species":"Heatran","item":"leftovers","ability":"Flash Fire","moves":["solarbeam","earthpower","toxic","flashcannon"],"nature":"Calm","evs":{"hp":248,"atk":0,"def":0,"spa":0,"spd":252,"spe":8},"ivs":{"hp":31,"atk":0,"def":31,"spa":31,"spd":31,"spe":31}},{"name":"Fletchinder","species":"Fletchinder","item":"","ability":"Gale Wings","moves":["taunt","acrobatics","swordsdance","roost"],"nature":"Adamant","evs":{"hp":0,"atk":252,"def":0,"spa":0,"spd":4,"spe":252},"ivs":{"hp":31,"atk":31,"def":31,"spa":31,"spd":31,"spe":31}}],"p2team":[{"name":"Deoxys-Speed","species":"Deoxys-Speed","item":"lightclay","ability":"Pressure","moves":["taunt","stealthrock","lightscreen","reflect"],"nature":"Timid","evs":{"hp":248,"atk":0,"def":0,"spa":0,"spd":8,"spe":252},"ivs":{"hp":31,"atk":0,"def":31,"spa":31,"spd":31,"spe":31}},{"name":"Gardevoir","species":"Gardevoir","item":"gardevoirite","ability":"Trace","moves":["substitute","hypervoice","psyshock","thunderbolt"],"nature":"Timid","evs":{"hp":0,"atk":0,"def":0,"spa":252,"spd":4,"spe":252},"ivs":{"hp":31,"atk":0,"def":31,"spa":31,"spd":31,"spe":31}},{"name":"Victini","species":"Victini","item":"choicescarf","ability":"Victory Star","moves":["vcreate","uturn","boltstrike","blueflare"],"nature":"Naive","evs":{"hp":0,"atk":252,"def":0,"spa":4,"spd":0,"spe":252},"ivs":{"hp":31,"atk":31,"def":31,"spa":31,"spd":31,"spe":31}},{"name":"Mew","species":"Mew","item":"sitrusberry","ability":"Synchronize","moves":["nastyplot","vacuumwave","flamethrower","psyshock"],"nature":"Modest","evs":{"hp":148,"atk":0,"def":0,"spa":252,"spd":0,"spe":108},"ivs":{"hp":31,"atk":0,"def":31,"spa":31,"spd":31,"spe":31}},{"name":"Meloetta","species":"Meloetta","item":"assaultvest","ability":"Serene Grace","moves":["thunderbolt","energyball","shadowball","hypervoice"],"nature":"Modest","evs":{"hp":248,"atk":0,"def":0,"spa":252,"spd":8,"spe":0},"ivs":{"hp":31,"atk":0,"def":31,"spa":31,"spd":31,"spe":31}},{"name":"Hoopa-Unbound","species":"Hoopa-Unbound","item":"dreadplate","ability":"Magician","moves":["darkpulse","firepunch","knockoff","gunkshot"],"nature":"Lonely","evs":{"hp":248,"atk":252,"def":0,"spa":0,"spd":0,"spe":8},"ivs":{"hp":31,"atk":31,"def":31,"spa":31,"spd":31,"spe":31}}],"log":["|player|p1|Void KGBeast|25","|player|p2|SWL Neßki|swlneki.png","|gametype|singles","|gen|6","|tier|Monotype","|rated","|rule|Baton Pass Clause: Limit one Baton Passer, can't pass Spe and other stats simultaneously","|rule|Swagger Clause: Swagger is banned","|rule|Same Type Clause: Pokémon in a team must share a type","|clearpoke","|poke|p1|Charizard, F","|poke|p1|Darmanitan, F","|poke|p1|Torkoal, F","|poke|p1|Rotom-Heat","|poke|p1|Heatran, M","|poke|p1|Fletchinder, F","|poke|p2|Deoxys-Speed","|poke|p2|Gardevoir, F","|poke|p2|Victini","|poke|p2|Mew","|poke|p2|Meloetta","|poke|p2|Hoopa-Unbound","|rule|Sleep Clause Mod: Limit one foe put to sleep","|rule|Species Clause: Limit one of each Pokémon","|rule|OHKO Clause: OHKO moves are banned","|rule|Moody Clause: Moody is banned","|rule|Evasion Moves Clause: Evasion moves are banned","|rule|Endless Battle Clause: Forcing endless battles is banned","|rule|HP Percentage Mod: HP is shown in percentages","|teampreview","|","|start","|switch|p1a: Darmanitan|Darmanitan, F|351/351","|switch|p2a: Hoopa-Unbound|Hoopa-Unbound|363/363","|turn|1","|","|switch|p2a: Victini|Victini|341/341","|move|p1a: Darmanitan|U-turn|p2a: Victini","|-damage|p2a: Victini|248/341","|","|switch|p1a: Heatran|Heatran, M|385/385","|","|turn|2","|","|move|p2a: Victini|U-turn|p1a: Heatran","|-resisted|p1a: Heatran","|-damage|p1a: Heatran|368/385","|","|switch|p2a: Meloetta|Meloetta|403/403","|move|p1a: Heatran|Earth Power|p2a: Meloetta","|-damage|p2a: Meloetta|359/403","|","|-heal|p1a: Heatran|385/385|[from] item: Leftovers","|turn|3","|","|switch|p2a: Hoopa-Unbound|Hoopa-Unbound|363/363","|move|p1a: Heatran|Toxic|p2a: Hoopa-Unbound","|-status|p2a: Hoopa-Unbound|tox","|","|-damage|p2a: Hoopa-Unbound|341/363 tox|[from] psn","|turn|4","|","|switch|p1a: Torkoal|Torkoal, F|343/343","|move|p2a: Hoopa-Unbound|Knock Off|p1a: Torkoal","|-damage|p1a: Torkoal|189/343","|-enditem|p1a: Torkoal|Leftovers|[from] move: Knock Off|[of] p2a: Hoopa-Unbound","|","|-damage|p2a: Hoopa-Unbound|297/363 tox|[from] psn","|turn|5","|","|move|p2a: Hoopa-Unbound|Dark Pulse|p1a: Torkoal","|-damage|p1a: Torkoal|0 fnt","|faint|p1a: Torkoal","|","|-damage|p2a: Hoopa-Unbound|231/363 tox|[from] psn","|","|switch|p1a: Darmanitan|Darmanitan, F|351/351","|turn|6","|","|switch|p2a: Meloetta|Meloetta|359/403","|move|p1a: Darmanitan|Flare Blitz|p2a: Meloetta","|-damage|p2a: Meloetta|0 fnt","|-damage|p1a: Darmanitan|233/351|[from] recoil|[of] p2a: Meloetta","|faint|p2a: Meloetta","|","|","|switch|p2a: Deoxys-Speed|Deoxys-Speed|303/303","|-ability|p2a: Deoxys-Speed|Pressure","|turn|7","|","|switch|p1a: Charizard|Charizard, F|297/297","|move|p2a: Deoxys-Speed|Reflect|p2a: Deoxys-Speed","|-sidestart|p2: SWL Neßki|Reflect","|","|turn|8","|","|detailschange|p1a: Charizard|Charizard-Mega-Y, F","|-mega|p1a: Charizard|Charizard|Charizardite Y","|-weather|SunnyDay","|move|p2a: Deoxys-Speed|Light Screen|p2a: Deoxys-Speed","|-sidestart|p2: SWL Neßki|move: Light Screen","|move|p1a: Charizard|Fire Blast|p2a: Deoxys-Speed","|-damage|p2a: Deoxys-Speed|108/303","|","|-weather|SunnyDay|[upkeep]","|turn|9","|","|move|p2a: Deoxys-Speed|Stealth Rock|p1a: Charizard","|-sidestart|p1: Void KGBeast|move: Stealth Rock","|move|p1a: Charizard|Fire Blast|p2a: Deoxys-Speed","|-damage|p2a: Deoxys-Speed|0 fnt","|faint|p2a: Deoxys-Speed","|","|-weather|SunnyDay|[upkeep]","|","|switch|p2a: Victini|Victini|248/341","|turn|10","|","|switch|p1a: Fletchinder|Fletchinder, F|265/265","|-damage|p1a: Fletchinder|133/265|[from] Stealth Rock","|move|p2a: Victini|Bolt Strike|p1a: Fletchinder","|-supereffective|p1a: Fletchinder","|-damage|p1a: Fletchinder|0 fnt","|faint|p1a: Fletchinder","|","|-weather|SunnyDay|[upkeep]","|","|switch|p1a: Heatran|Heatran, M|385/385","|-damage|p1a: Heatran|337/385|[from] Stealth Rock","|turn|11","|","|switch|p2a: Hoopa-Unbound|Hoopa-Unbound|231/363 tox","|move|p1a: Heatran|Earth Power|p2a: Hoopa-Unbound","|-damage|p2a: Hoopa-Unbound|199/363 tox","|","|-weather|SunnyDay|[upkeep]","|-heal|p1a: Heatran|361/385|[from] item: Leftovers","|-damage|p2a: Hoopa-Unbound|177/363 tox|[from] psn","|turn|12","|","|move|p2a: Hoopa-Unbound|Knock Off|p1a: Heatran","|-damage|p1a: Heatran|124/385","|-enditem|p1a: Heatran|Leftovers|[from] move: Knock Off|[of] p2a: Hoopa-Unbound","|move|p1a: Heatran|Flash Cannon|p2a: Hoopa-Unbound","|-damage|p2a: Hoopa-Unbound|131/363 tox","|","|-weather|none","|-damage|p2a: Hoopa-Unbound|87/363 tox|[from] psn","|turn|13","|","|move|p2a: Hoopa-Unbound|Knock Off|p1a: Heatran","|-damage|p1a: Heatran|0 fnt","|faint|p1a: Heatran","|","|-damage|p2a: Hoopa-Unbound|21/363 tox|[from] psn","|","|switch|p1a: Charizard|Charizard-Mega-Y, F|297/297","|-damage|p1a: Charizard|149/297|[from] Stealth Rock","|-weather|SunnyDay","|turn|14","|","|move|p1a: Charizard|Roost|p1a: Charizard","|-heal|p1a: Charizard|297/297","|move|p2a: Hoopa-Unbound|Dark Pulse|p1a: Charizard","|-damage|p1a: Charizard|125/297","|","|-weather|SunnyDay|[upkeep]","|-damage|p2a: Hoopa-Unbound|0 fnt|[from] psn","|-sideend|p2: SWL Neßki|Reflect","|faint|p2a: Hoopa-Unbound","|","|switch|p2a: Mew|Mew|378/378","|turn|15","|","|move|p1a: Charizard|Roost|p1a: Charizard","|-heal|p1a: Charizard|274/297","|move|p2a: Mew|Psyshock|p1a: Charizard","|-damage|p1a: Charizard|124/297","|","|-weather|SunnyDay|[upkeep]","|-sideend|p2: SWL Neßki|move: Light Screen","|turn|16","|","|move|p1a: Charizard|Fire Blast|p2a: Mew|[miss]","|-miss|p1a: Charizard|p2a: Mew","|move|p2a: Mew|Psyshock|p1a: Charizard","|-damage|p1a: Charizard|0 fnt","|faint|p1a: Charizard","|","|-weather|SunnyDay|[upkeep]","|","|switch|p1a: Darmanitan|Darmanitan, F|233/351","|-damage|p1a: Darmanitan|146/351|[from] Stealth Rock","|turn|17","|","|move|p2a: Mew|Vacuum Wave|p1a: Darmanitan","|-damage|p1a: Darmanitan|71/351","|move|p1a: Darmanitan|Flare Blitz|p2a: Mew","|-damage|p2a: Mew|0 fnt","|-damage|p1a: Darmanitan|0 fnt|[from] recoil|[of] p2a: Mew","|faint|p2a: Mew","|faint|p1a: Darmanitan","|","|-weather|SunnyDay|[upkeep]","|","|switch|p1a: Rotom-Heat|Rotom-Heat|241/241","|switch|p2a: Gardevoir|Gardevoir, F|277/277","|-damage|p1a: Rotom-Heat|181/241|[from] Stealth Rock","|-ability|p2a: Gardevoir|Levitate|[from] ability: Trace|[of] p1a: Rotom-Heat","|turn|18","|","|switch|p2a: Victini|Victini|248/341","|move|p1a: Rotom-Heat|Overheat|p2a: Victini","|-resisted|p2a: Victini","|-damage|p2a: Victini|95/341","|-unboost|p1a: Rotom-Heat|spa|2","|","|-weather|none","|turn|19","|","|move|p2a: Victini|Blue Flare|p1a: Rotom-Heat","|-crit|p1a: Rotom-Heat","|-resisted|p1a: Rotom-Heat","|-damage|p1a: Rotom-Heat|72/241","|move|p1a: Rotom-Heat|Overheat|p2a: Victini","|-resisted|p2a: Victini","|-damage|p2a: Victini|44/341","|-unboost|p1a: Rotom-Heat|spa|2","|","|turn|20","|","|move|p2a: Victini|Blue Flare|p1a: Rotom-Heat","|-resisted|p1a: Rotom-Heat","|-damage|p1a: Rotom-Heat|0 fnt","|faint|p1a: Rotom-Heat","|","|win|SWL Neßki"],"p1rating":{"entryid":"129714","serverid":"eos","formatid":"monotype","userid":"voidkgbeast","username":"Void KGBeast","w":"2","l":3,"t":"0","gxe":45.5,"r":"1500","rd":"130","sigma":"0","rptime":"1439974800","rpr":1464.47847874,"rprd":103.31586568075,"rpsigma":"0","acre":1048.2114758237,"lacre":1048.2114758237,"oldacre":"1060.9307940018"},"p2rating":{"entryid":"388","serverid":"eos","formatid":"monotype","userid":"swlneki","username":"SWL Neßki","w":11,"l":"2","t":"0","gxe":69.3,"r":"1633.4747851943","rd":"86.012947461341","sigma":"0","rptime":"1439974800","rpr":1657.2006892591,"rprd":82.223831488726,"rpsigma":"0","acre":1198.782917756,"lacre":1198.782917756,"oldacre":"1182.1690576376"},"endType":"normal"}