{"seed":[23234,16378,44296,55774],"turns":21,"p1":"LightOfAKnowing","p2":"Union Entropy","p1team":[{"name":"Vespiquen","species":"Vespiquen","item":"laxincense","ability":"Pressure","moves":["defendorder","infestation","mudslap","roost"],"nature":"Gentle","evs":{"hp":248,"atk":8,"def":0,"spa":0,"spd":252,"spe":0},"ivs":{"hp":31,"atk":31,"def":31,"spa":31,"spd":31,"spe":31}},{"name":"Forretress","species":"Forretress","item":"custapberry","ability":"Sturdy","moves":["stealthrock","rapidspin","explosion","spikes"],"nature":"Impish","evs":{"hp":248,"atk":8,"def":252,"spa":0,"spd":0,"spe":0},"ivs":{"hp":31,"atk":31,"def":31,"spa":31,"spd":31,"spe":31}},{"name":"Galvantula","species":"Galvantula","item":"focussash","ability":"Swarm","moves":["stickyweb","bugbuzz","voltswitch","suckerpunch"],"nature":"Hasty","evs":{"hp":0,"atk":4,"def":0,"spa":252,"spd":0,"spe":252},"ivs":{"hp":31,"atk":31,"def":31,"spa":31,"spd":31,"spe":31}},{"name":"Pinsir","species":"Pinsir","item":"pinsirite","ability":"Moxie","moves":["quickattack","xscissor","frustration","closecombat"],"nature":"Adamant","evs":{"hp":248,"atk":252,"def":0,"spa":0,"spd":8,"spe":0},"happiness":0,"ivs":{"hp":31,"atk":31,"def":31,"spa":31,"spd":31,"spe":31}},{"name":"Genesect","species":"Genesect","item":"assaultvest","ability":"Download","moves":["icebeam","bugbuzz","technoblast","flashcannon"],"nature":"Timid","evs":{"hp":0,"atk":0,"def":4,"spa":252,"spd":0,"spe":252},"happiness":0,"ivs":{"hp":31,"atk":31,"def":31,"spa":31,"spd":31,"spe":31}},{"name":"Volcarona","species":"Volcarona","item":"choicescarf","ability":"Flame Body","moves":["bugbuzz","fierydance","gigadrain","hurricane"],"nature":"Timid","evs":{"hp":0,"atk":0,"def":0,"spa":252,"spd":4,"spe":252},"ivs":{"hp":31,"atk":31,"def":31,"spa":31,"spd":31,"spe":31}}],"p2team":[{"name":"Cofagrigus","species":"Cofagrigus","item":"leftovers","ability":"Mummy","moves":["trickroom","shadowball","willowisp","destinybond"],"nature":"Sassy","evs":{"hp":252,"atk":0,"def":0,"spa":4,"spd":252,"spe":0},"ivs":{"hp":31,"atk":31,"def":31,"spa":31,"spd":31,"spe":0}},{"name":"Aegislash","species":"Aegislash","item":"leftovers","ability":"Stance Change","moves":["shadowball","kingsshield","shadowsneak","sacredsword"],"nature":"Quiet","evs":{"hp":252,"atk":0,"def":0,"spa":252,"spd":4,"spe":0},"ivs":{"hp":31,"atk":31,"def":31,"spa":31,"spd":31,"spe":31}},{"name":"Jellicent","species":"Jellicent","item":"leftovers","ability":"Water Absorb","moves":["trickroom","scald","toxic","recover"],"nature":"Relaxed","evs":{"hp":252,"atk":0,"def":252,"spa":0,"spd":4,"spe":0},"ivs":{"hp":31,"atk":31,"def":31,"spa":31,"spd":31,"spe":0}},{"name":"Sableye","species":"Sableye","item":"sablenite","ability":"Prankster","moves":["recover","willowisp","calmmind","darkpulse"],"nature":"Calm","evs":{"hp":248,"atk":0,"def":0,"spa":8,"spd":252,"spe":0},"ivs":{"hp":31,"atk":31,"def":31,"spa":31,"spd":31,"spe":31}},{"name":"Trevenant","species":"Trevenant","item":"sitrusberry","ability":"Harvest","moves":["hornleech","willowisp","substitute","leechseed"],"nature":"Careful","evs":{"hp":252,"atk":4,"def":0,"spa":0,"spd":252,"spe":0},"ivs":{"hp":31,"atk":31,"def":31,"spa":31,"spd":31,"spe":31}},{"name":"Golurk","species":"Golurk","item":"choiceband","ability":"No Guard","moves":["dynamicpunch","shadowpunch","icepunch","earthquake"],"nature":"Adamant","evs":{"hp":248,"atk":252,"def":0,"spa":0,"spd":8,"spe":0},"ivs":{"hp":31,"atk":31,"def":31,"spa":31,"spd":31,"spe":31}}],"log":["|player|p1|LightOfAKnowing|lightofaknowing.gif","|player|p2|Union Entropy|96","|gametype|singles","|gen|6","|tier|Monotype","|rated","|rule|Baton Pass Clause: Limit one Baton Passer, can't pass Spe and other stats simultaneously","|rule|Swagger Clause: Swagger is banned","|rule|Same Type Clause: Pokémon in a team must share a type","|clearpoke","|poke|p1|Vespiquen, F","|poke|p1|Forretress, M","|poke|p1|Galvantula, F","|poke|p1|Pinsir, F","|poke|p1|Genesect-*","|poke|p1|Volcarona, F","|poke|p2|Cofagrigus, M","|poke|p2|Aegislash, F","|poke|p2|Jellicent, M","|poke|p2|Sableye, M","|poke|p2|Trevenant, F","|poke|p2|Golurk","|rule|Sleep Clause Mod: Limit one foe put to sleep","|rule|Species Clause: Limit one of each Pokémon","|rule|OHKO Clause: OHKO moves are banned","|rule|Moody Clause: Moody is banned","|rule|Evasion Moves Clause: Evasion moves are banned","|rule|Endless Battle Clause: Forcing endless battles is banned","|rule|HP Percentage Mod: HP is shown in percentages","|teampreview","|","|start","|switch|p1a: Vespiquen|Vespiquen, F|343/343","|switch|p2a: Cofagrigus|Cofagrigus, M|320/320","|-ability|p1a: Vespiquen|Pressure","|turn|1","|","|move|p1a: Vespiquen|Infestation|p2a: Cofagrigus","|-resisted|p2a: Cofagrigus","|-damage|p2a: Cofagrigus|314/320","|-activate|p2a: Cofagrigus|ability: Mummy|pressure|[of] p1a: Vespiquen","|-activate|p2a: Cofagrigus|move: Infestation|[of] p1a: Vespiquen","|move|p2a: Cofagrigus|Trick Room|p2a: Cofagrigus","|-fieldstart|move: Trick Room|[of] p2a: Cofagrigus","|","|-heal|p2a: Cofagrigus|320/320|[from] item: Leftovers","|-damage|p2a: Cofagrigus|280/320|[from] move: Infestation|[partiallytrapped]","|turn|2","|","|move|p2a: Cofagrigus|Will-O-Wisp|p1a: Vespiquen","|-status|p1a: Vespiquen|brn","|move|p1a: Vespiquen|Mud-Slap|p2a: Cofagrigus","|-damage|p2a: Cofagrigus|271/320","|-unboost|p2a: Cofagrigus|accuracy|1","|","|-heal|p2a: Cofagrigus|291/320|[from] item: Leftovers","|-damage|p1a: Vespiquen|301/343 brn|[from] brn","|-damage|p2a: Cofagrigus|251/320|[from] move: Infestation|[partiallytrapped]","|turn|3","|","|switch|p2a: Sableye|Sableye, M|303/303","|move|p1a: Vespiquen|Defend Order|p1a: Vespiquen","|-boost|p1a: Vespiquen|def|1","|-boost|p1a: Vespiquen|spd|1","|","|-damage|p1a: Vespiquen|259/343 brn|[from] brn","|turn|4","|","|detailschange|p2a: Sableye|Sableye-Mega, M","|-mega|p2a: Sableye|Sableye|Sablenite","|move|p2a: Sableye|Calm Mind|p2a: Sableye","|-boost|p2a: Sableye|spa|1","|-boost|p2a: Sableye|spd|1","|move|p1a: Vespiquen|Mud-Slap|p2a: Sableye","|-damage|p2a: Sableye|296/303","|-unboost|p2a: Sableye|accuracy|1","|","|-damage|p1a: Vespiquen|217/343 brn|[from] brn","|turn|5","|","|move|p2a: Sableye|Calm Mind|p2a: Sableye","|-boost|p2a: Sableye|spa|1","|-boost|p2a: Sableye|spd|1","|move|p1a: Vespiquen|Infestation|p2a: Sableye","|-damage|p2a: Sableye|289/303","|-activate|p2a: Sableye|move: Infestation|[of] p1a: Vespiquen","|","|-damage|p1a: Vespiquen|175/343 brn|[from] brn","|-damage|p2a: Sableye|252/303|[from] move: Infestation|[partiallytrapped]","|-fieldend|move: Trick Room","|turn|6","|","|move|p1a: Vespiquen|Roost|p1a: Vespiquen","|-heal|p1a: Vespiquen|343/343 brn","|move|p2a: Sableye|Dark Pulse|p1a: Vespiquen","|-damage|p1a: Vespiquen|265/343 brn","|","|-damage|p1a: Vespiquen|223/343 brn|[from] brn","|-damage|p2a: Sableye|215/303|[from] move: Infestation|[partiallytrapped]","|turn|7","|","|move|p1a: Vespiquen|Mud-Slap|p2a: Sableye","|-damage|p2a: Sableye|209/303","|-unboost|p2a: Sableye|accuracy|1","|move|p2a: Sableye|Recover|p2a: Sableye","|-heal|p2a: Sableye|303/303","|","|-damage|p1a: Vespiquen|181/343 brn|[from] brn","|-damage|p2a: Sableye|266/303|[from] move: Infestation|[partiallytrapped]","|turn|8","|","|switch|p2a: Golurk|Golurk|381/381","|move|p1a: Vespiquen|Roost|p1a: Vespiquen","|-heal|p1a: Vespiquen|343/343 brn","|","|-damage|p1a: Vespiquen|301/343 brn|[from] brn","|turn|9","|","|move|p2a: Golurk|Ice Punch|p1a: Vespiquen","|-supereffective|p1a: Vespiquen","|-damage|p1a: Vespiquen|79/343 brn","|-activate|p1a: Vespiquen|ability: Mummy|noguard|[of] p2a: Golurk","|move|p1a: Vespiquen|Mud-Slap|p2a: Golurk","|-damage|p2a: Golurk|364/381","|-unboost|p2a: Golurk|accuracy|1","|","|-damage|p1a: Vespiquen|37/343 brn|[from] brn","|turn|10","|","|move|p2a: Golurk|Ice Punch|p1a: Vespiquen|[miss]","|-miss|p2a: Golurk|p1a: Vespiquen","|move|p1a: Vespiquen|Roost|p1a: Vespiquen","|-heal|p1a: Vespiquen|209/343 brn","|","|-damage|p1a: Vespiquen|167/343 brn|[from] brn","|turn|11","|","|move|p2a: Golurk|Ice Punch|p1a: Vespiquen","|-supereffective|p1a: Vespiquen","|-damage|p1a: Vespiquen|0 fnt","|faint|p1a: Vespiquen","|","|","|switch|p1a: Galvantula|Galvantula, F|281/281","|turn|12","|","|move|p1a: Galvantula|Sticky Web|p2a: Golurk","|-sidestart|p2: Union Entropy|move: Sticky Web","|move|p2a: Golurk|Ice Punch|p1a: Galvantula","|-damage|p1a: Galvantula|62/281","|","|turn|13","|","|move|p1a: Galvantula|Sucker Punch|p2a: Golurk","|-supereffective|p2a: Golurk","|-damage|p2a: Golurk|246/381","|-activate|p2a: Golurk|ability: Mummy|swarm|[of] p1a: Galvantula","|move|p2a: Golurk|Ice Punch|p1a: Galvantula","|-damage|p1a: Galvantula|0 fnt","|faint|p1a: Galvantula","|","|","|switch|p1a: Forretress|Forretress, M|353/353","|turn|14","|","|switch|p2a: Aegislash|Aegislash, F|324/324","|-activate|p2a: Aegislash|move: Sticky Web","|-unboost|p2a: Aegislash|spe|1","|move|p1a: Forretress|Explosion|p2a: Aegislash","|-immune|p2a: Aegislash|[msg]","|faint|p1a: Forretress","|","|","|switch|p1a: Volcarona|Volcarona, F|311/311","|turn|15","|","|switch|p2a: Jellicent|Jellicent, M|404/404","|-activate|p2a: Jellicent|move: Sticky Web","|-unboost|p2a: Jellicent|spe|1","|move|p1a: Volcarona|Giga Drain|p2a: Jellicent","|-supereffective|p2a: Jellicent","|-damage|p2a: Jellicent|226/404","|","|-heal|p2a: Jellicent|251/404|[from] item: Leftovers","|turn|16","|","|switch|p1a: Pinsir|Pinsir, F|333/333","|move|p2a: Jellicent|Scald|p1a: Pinsir","|-damage|p1a: Pinsir|224/333","|","|-heal|p2a: Jellicent|276/404|[from] item: Leftovers","|turn|17","|","|detailschange|p1a: Pinsir|Pinsir-Mega, F","|-mega|p1a: Pinsir|Pinsir|Pinsirite","|move|p1a: Pinsir|Frustration|p2a: Jellicent","|-damage|p2a: Jellicent|0 fnt","|faint|p2a: Jellicent","|","|","|switch|p2a: Cofagrigus|Cofagrigus, M|251/320","|-activate|p2a: Cofagrigus|move: Sticky Web","|-unboost|p2a: Cofagrigus|spe|1","|turn|18","|","|move|p1a: Pinsir|Frustration|p2a: Cofagrigus","|-crit|p2a: Cofagrigus","|-damage|p2a: Cofagrigus|0 fnt","|-activate|p2a: Cofagrigus|ability: Mummy|aerilate|[of] p1a: Pinsir","|faint|p2a: Cofagrigus","|","|","|switch|p2a: Golurk|Golurk|246/381","|-activate|p2a: Golurk|move: Sticky Web","|-unboost|p2a: Golurk|spe|1","|turn|19","|","|move|p1a: Pinsir|X-Scissor|p2a: Golurk","|-resisted|p2a: Golurk","|-damage|p2a: Golurk|134/381","|move|p2a: Golurk|Earthquake|p1a: Pinsir","|-immune|p1a: Pinsir|[msg]","|","|turn|20","|","|move|p1a: Pinsir|X-Scissor|p2a: Golurk","|-crit|p2a: Golurk","|-resisted|p2a: Golurk","|-damage|p2a: Golurk|0 fnt","|faint|p2a: Golurk","|","|","|switch|p2a: Aegislash|Aegislash, F|324/324","|-activate|p2a: Aegislash|move: Sticky Web","|-unboost|p2a: Aegislash|spe|1","|turn|21","|","|win|LightOfAKnowing"],"p1rating":{"entryid":"386","serverid":"eos","formatid":"monotype","userid":"lightofaknowing","username":"LightOfAKnowing","w":5,"l":"13","t":"0","gxe":35.9,"r":"1402.3929578154","rd":"85.822828093539","sigma":"0","rptime":"1439974800","rpr":1388.0844621611,"rprd":74.42520948059,"rpsigma":"0","acre":1046.9557888588,"lacre":1046.9557888588,"oldacre":"1004.59705824"},"p2rating":{"entryid":"154436","serverid":"eos","formatid":"monotype","userid":"unionentropy","username":"Union Entropy","w":"1","l":2,"t":"0","gxe":43.4,"r":"1500","rd":"130","sigma":"0","rptime":"1439974800","rpr":1447.4460823239,"rprd":111.25171570338,"rpsigma":"0","acre":1015.7109682334,"lacre":1015.7109682334,"oldacre":"1031.5928038556"},"endType":"forfeit"}