{"seed":[47984,11917,62128,53674],"turns":20,"p1":"AgedVanilla","p2":"Sovereign Sasuke","p1team":[{"name":"Genesect-Burn","species":"Genesect-Burn","item":"burndrive","ability":"Download","moves":["energyball","icebeam","technoblast","ironhead"],"nature":"Hasty","evs":{"hp":0,"atk":4,"def":0,"spa":252,"spd":0,"spe":252},"ivs":{"hp":31,"atk":31,"def":31,"spa":31,"spd":31,"spe":31}},{"name":"Pinsir","species":"Pinsir","item":"pinsirite","ability":"Moxie","moves":["feint","earthquake","frustration","swordsdance"],"nature":"Jolly","evs":{"hp":0,"atk":252,"def":0,"spa":0,"spd":4,"spe":252},"happiness":0,"ivs":{"hp":31,"atk":31,"def":31,"spa":31,"spd":31,"spe":31}},{"name":"Shuckle","species":"Shuckle","item":"mentalherb","ability":"Sturdy","moves":["stealthrock","stickyweb","infestation","toxic"],"nature":"Calm","evs":{"hp":248,"atk":0,"def":8,"spa":0,"spd":252,"spe":0},"ivs":{"hp":31,"atk":31,"def":31,"spa":31,"spd":31,"spe":31}},{"name":"Volcarona","species":"Volcarona","item":"lumberry","ability":"Flame Body","moves":["quiverdance","roost","hiddenpowerground","fierydance"],"nature":"Bold","evs":{"hp":248,"atk":0,"def":208,"spa":0,"spd":0,"spe":52},"ivs":{"hp":31,"atk":0,"def":31,"spa":30,"spd":30,"spe":31}},{"name":"Scizor","species":"Scizor","item":"leftovers","ability":"Technician","moves":["bulletpunch","uturn","roost","defog"],"nature":"Impish","evs":{"hp":248,"atk":8,"def":252,"spa":0,"spd":0,"spe":0},"ivs":{"hp":31,"atk":31,"def":31,"spa":31,"spd":31,"spe":31}},{"name":"Heracross","species":"Heracross","item":"choicescarf","ability":"Moxie","moves":["closecombat","earthquake","megahorn","stoneedge"],"nature":"Jolly","evs":{"hp":0,"atk":252,"def":4,"spa":0,"spd":0,"spe":252},"ivs":{"hp":31,"atk":31,"def":31,"spa":31,"spd":31,"spe":31}}],"p2team":[{"name":"Donphan","species":"Donphan","item":"focussash","ability":"Sturdy","moves":["sandstorm","stealthrock","earthquake","iceshard"],"nature":"Adamant","evs":{"hp":248,"atk":252,"def":0,"spa":0,"spd":8,"spe":0},"ivs":{"hp":31,"atk":31,"def":31,"spa":31,"spd":31,"spe":31}},{"name":"Excadrill","species":"Excadrill","item":"focussash","ability":"Sand Rush","moves":["sandstorm","swordsdance","earthquake","rockslide"],"nature":"Adamant","evs":{"hp":0,"atk":252,"def":0,"spa":0,"spd":4,"spe":252},"ivs":{"hp":31,"atk":31,"def":31,"spa":31,"spd":31,"spe":31}},{"name":"Flygon","species":"Flygon","item":"lifeorb","ability":"Levitate","moves":["fireblast","earthquake","roost","dracometeor"],"nature":"Hasty","evs":{"hp":0,"atk":4,"def":0,"spa":252,"spd":0,"spe":252},"ivs":{"hp":31,"atk":31,"def":31,"spa":31,"spd":31,"spe":31}},{"name":"Nidoking","species":"Nidoking","item":"choicescarf","ability":"Sheer Force","moves":["earthpower","thunderbolt","icebeam","flamethrower"],"nature":"Timid","evs":{"hp":0,"atk":0,"def":0,"spa":252,"spd":4,"spe":252},"ivs":{"hp":31,"atk":31,"def":31,"spa":31,"spd":31,"spe":31}},{"name":"Garchomp","species":"Garchomp","item":"choicescarf","ability":"Sand Veil","moves":["outrage","crunch","earthquake","stoneedge"],"nature":"Jolly","evs":{"hp":0,"atk":252,"def":0,"spa":0,"spd":4,"spe":252},"ivs":{"hp":31,"atk":31,"def":31,"spa":31,"spd":31,"spe":31}},{"name":"Gastrodon","species":"Gastrodon","item":"leftovers","ability":"Storm Drain","moves":["recover","toxic","earthpower","scald"],"nature":"Bold","evs":{"hp":252,"atk":0,"def":252,"spa":4,"spd":0,"spe":0},"ivs":{"hp":31,"atk":31,"def":31,"spa":31,"spd":31,"spe":31}}],"log":["|player|p1|AgedVanilla|275","|player|p2|Sovereign Sasuke|209","|gametype|singles","|gen|6","|tier|Monotype","|rated","|rule|Baton Pass Clause: Limit one Baton Passer, can't pass Spe and other stats simultaneously","|rule|Swagger Clause: Swagger is banned","|rule|Same Type Clause: Pokémon in a team must share a type","|clearpoke","|poke|p1|Genesect-*","|poke|p1|Pinsir, F","|poke|p1|Shuckle, F","|poke|p1|Volcarona, F","|poke|p1|Scizor, M","|poke|p1|Heracross, M","|poke|p2|Donphan, F","|poke|p2|Excadrill, M","|poke|p2|Flygon, M","|poke|p2|Nidoking, M","|poke|p2|Garchomp, F","|poke|p2|Gastrodon, M","|rule|Sleep Clause Mod: Limit one foe put to sleep","|rule|Species Clause: Limit one of each Pokémon","|rule|OHKO Clause: OHKO moves are banned","|rule|Moody Clause: Moody is banned","|rule|Evasion Moves Clause: Evasion moves are banned","|rule|Endless Battle Clause: Forcing endless battles is banned","|rule|HP Percentage Mod: HP is shown in percentages","|teampreview","|","|start","|switch|p1a: Shuckle|Shuckle, F|243/243","|switch|p2a: Donphan|Donphan, F|383/383","|turn|1","|","|move|p2a: Donphan|Earthquake|p1a: Shuckle","|-damage|p1a: Shuckle|152/243","|move|p1a: Shuckle|Sticky Web|p2a: Donphan","|-sidestart|p2: Sovereign Sasuke|move: Sticky Web","|","|turn|2","|","|move|p2a: Donphan|Stealth Rock|p1a: Shuckle","|-sidestart|p1: AgedVanilla|move: Stealth Rock","|move|p1a: Shuckle|Toxic|p2a: Donphan","|-status|p2a: Donphan|tox","|","|-damage|p2a: Donphan|360/383 tox|[from] psn","|turn|3","|","|move|p2a: Donphan|Sandstorm|p2a: Donphan","|-weather|Sandstorm","|move|p1a: Shuckle|Infestation|p2a: Donphan","|-damage|p2a: Donphan|351/383 tox","|-activate|p2a: Donphan|move: Infestation|[of] p1a: Shuckle","|","|-weather|Sandstorm|[upkeep]","|-damage|p2a: Donphan|305/383 tox|[from] psn","|-damage|p2a: Donphan|258/383 tox|[from] move: Infestation|[partiallytrapped]","|turn|4","|","|move|p2a: Donphan|Ice Shard|p1a: Shuckle","|-crit|p1a: Shuckle","|-damage|p1a: Shuckle|118/243","|move|p1a: Shuckle|Stealth Rock|p2a: Donphan","|-sidestart|p2: Sovereign Sasuke|move: Stealth Rock","|","|-weather|Sandstorm|[upkeep]","|-damage|p2a: Donphan|189/383 tox|[from] psn","|-damage|p2a: Donphan|142/383 tox|[from] move: Infestation|[partiallytrapped]","|turn|5","|","|move|p2a: Donphan|Earthquake|p1a: Shuckle","|-crit|p1a: Shuckle","|-damage|p1a: Shuckle|0 fnt","|faint|p1a: Shuckle","|","|-weather|Sandstorm|[upkeep]","|-damage|p2a: Donphan|50/383 tox|[from] psn","|","|switch|p1a: Scizor|Scizor, M|343/343","|-damage|p1a: Scizor|301/343|[from] Stealth Rock","|turn|6","|","|move|p1a: Scizor|Bullet Punch|p2a: Donphan","|-damage|p2a: Donphan|0 fnt","|faint|p2a: Donphan","|","|-weather|Sandstorm|[upkeep]","|-heal|p1a: Scizor|322/343|[from] item: Leftovers","|","|switch|p2a: Nidoking|Nidoking, M|303/303","|-damage|p2a: Nidoking|285/303|[from] Stealth Rock","|-activate|p2a: Nidoking|move: Sticky Web","|-unboost|p2a: Nidoking|spe|1","|turn|7","|","|move|p2a: Nidoking|Flamethrower|p1a: Scizor","|-supereffective|p1a: Scizor","|-damage|p1a: Scizor|0 fnt","|faint|p1a: Scizor","|","|-weather|none","|","|switch|p1a: Volcarona|Volcarona, F|373/373","|-damage|p1a: Volcarona|187/373|[from] Stealth Rock","|turn|8","|","|switch|p2a: Gastrodon|Gastrodon, M|426/426","|-damage|p2a: Gastrodon|400/426|[from] Stealth Rock","|-activate|p2a: Gastrodon|move: Sticky Web","|-unboost|p2a: Gastrodon|spe|1","|move|p1a: Volcarona|Roost|p1a: Volcarona","|-heal|p1a: Volcarona|373/373","|","|-heal|p2a: Gastrodon|426/426|[from] item: Leftovers","|turn|9","|","|move|p1a: Volcarona|Quiver Dance|p1a: Volcarona","|-boost|p1a: Volcarona|spa|1","|-boost|p1a: Volcarona|spd|1","|-boost|p1a: Volcarona|spe|1","|move|p2a: Gastrodon|Scald|p1a: Volcarona","|-supereffective|p1a: Volcarona","|-damage|p1a: Volcarona|265/373","|","|turn|10","|","|move|p1a: Volcarona|Quiver Dance|p1a: Volcarona","|-boost|p1a: Volcarona|spa|1","|-boost|p1a: Volcarona|spd|1","|-boost|p1a: Volcarona|spe|1","|move|p2a: Gastrodon|Toxic|p1a: Volcarona","|-status|p1a: Volcarona|tox","|-enditem|p1a: Volcarona|Lum Berry|[eat]","|-curestatus|p1a: Volcarona|tox","|","|turn|11","|","|move|p1a: Volcarona|Hidden Power|p2a: Gastrodon","|-damage|p2a: Gastrodon|271/426","|move|p2a: Gastrodon|Toxic|p1a: Volcarona","|-status|p1a: Volcarona|tox","|","|-heal|p2a: Gastrodon|297/426|[from] item: Leftovers","|-damage|p1a: Volcarona|242/373 tox|[from] psn","|turn|12","|","|move|p1a: Volcarona|Fiery Dance|p2a: Gastrodon","|-resisted|p2a: Gastrodon","|-damage|p2a: Gastrodon|154/426","|-boost|p1a: Volcarona|spa|1","|move|p2a: Gastrodon|Scald|p1a: Volcarona","|-supereffective|p1a: Volcarona","|-damage|p1a: Volcarona|150/373 tox","|","|-heal|p2a: Gastrodon|180/426|[from] item: Leftovers","|-damage|p1a: Volcarona|104/373 tox|[from] psn","|turn|13","|","|move|p1a: Volcarona|Hidden Power|p2a: Gastrodon","|-crit|p2a: Gastrodon","|-damage|p2a: Gastrodon|0 fnt","|faint|p2a: Gastrodon","|","|-damage|p1a: Volcarona|35/373 tox|[from] psn","|","|switch|p2a: Excadrill|Excadrill, M|361/361","|-damage|p2a: Excadrill|350/361|[from] Stealth Rock","|-activate|p2a: Excadrill|move: Sticky Web","|-unboost|p2a: Excadrill|spe|1","|turn|14","|","|move|p1a: Volcarona|Fiery Dance|p2a: Excadrill","|-supereffective|p2a: Excadrill","|-damage|p2a: Excadrill|0 fnt","|-boost|p1a: Volcarona|spa|1","|faint|p2a: Excadrill","|","|-damage|p1a: Volcarona|0 fnt|[from] psn","|faint|p1a: Volcarona","|","|switch|p2a: Flygon|Flygon, M|301/301","|switch|p1a: Pinsir|Pinsir, F|271/271","|-damage|p2a: Flygon|283/301|[from] Stealth Rock","|-damage|p1a: Pinsir|204/271|[from] Stealth Rock","|turn|15","|","|detailschange|p1a: Pinsir|Pinsir-Mega, F","|-mega|p1a: Pinsir|Pinsir|Pinsirite","|move|p1a: Pinsir|Feint|p2a: Flygon","|-damage|p2a: Flygon|181/301","|move|p2a: Flygon|Fire Blast|p1a: Pinsir","|-supereffective|p1a: Pinsir","|-damage|p1a: Pinsir|0 fnt","|-damage|p2a: Flygon|151/301|[from] item: Life Orb","|faint|p1a: Pinsir","|","|","|switch|p1a: Genesect-Burn|Genesect-Burn|283/283","|-damage|p1a: Genesect-Burn|248/283|[from] Stealth Rock","|-boost|p1a: Genesect-Burn|atk|1|[from] ability: Download","|turn|16","|","|move|p2a: Flygon|Fire Blast|p1a: Genesect-Burn|[miss]","|-miss|p2a: Flygon|p1a: Genesect-Burn","|move|p1a: Genesect-Burn|Ice Beam|p2a: Flygon","|-supereffective|p2a: Flygon","|-damage|p2a: Flygon|0 fnt","|faint|p2a: Flygon","|","|","|switch|p2a: Nidoking|Nidoking, M|285/303","|-damage|p2a: Nidoking|267/303|[from] Stealth Rock","|-activate|p2a: Nidoking|move: Sticky Web","|-unboost|p2a: Nidoking|spe|1","|turn|17","|","|move|p1a: Genesect-Burn|Energy Ball|p2a: Nidoking","|-damage|p2a: Nidoking|133/303","|move|p2a: Nidoking|Flamethrower|p1a: Genesect-Burn","|-supereffective|p1a: Genesect-Burn","|-damage|p1a: Genesect-Burn|0 fnt","|faint|p1a: Genesect-Burn","|","|","|switch|p1a: Heracross|Heracross, M|301/301","|-damage|p1a: Heracross|264/301|[from] Stealth Rock","|turn|18","|","|move|p1a: Heracross|Megahorn|p2a: Nidoking","|-resisted|p2a: Nidoking","|-damage|p2a: Nidoking|1/303","|move|p2a: Nidoking|Flamethrower|p1a: Heracross","|-supereffective|p1a: Heracross","|-damage|p1a: Heracross|52/301","|","|turn|19","|","|move|p1a: Heracross|Megahorn|p2a: Nidoking","|-resisted|p2a: Nidoking","|-damage|p2a: Nidoking|0 fnt","|faint|p2a: Nidoking","|-boost|p1a: Heracross|atk|1|[from] ability: Moxie","|","|","|switch|p2a: Garchomp|Garchomp, F|357/357","|-damage|p2a: Garchomp|335/357|[from] Stealth Rock","|-activate|p2a: Garchomp|move: Sticky Web","|-unboost|p2a: Garchomp|spe|1","|turn|20","|","|move|p1a: Heracross|Megahorn|p2a: Garchomp","|-damage|p2a: Garchomp|26/357","|move|p2a: Garchomp|Earthquake|p1a: Heracross","|-resisted|p1a: Heracross","|-damage|p1a: Heracross|0 fnt","|faint|p1a: Heracross","|","|win|Sovereign Sasuke"],"p1rating":{"entryid":"122225","serverid":"eos","formatid":"monotype","userid":"agedvanilla","username":"AgedVanilla","w":"1","l":2,"t":"0","gxe":45.5,"r":"1500","rd":"130","sigma":"0","rptime":"1439974800","rpr":1464.1791215675,"rprd":111.00784463021,"rpsigma":"0","acre":1025.9536875876,"lacre":1025.9536875876,"oldacre":"1044.8226878077"},"p2rating":{"entryid":123139,"formatid":"monotype","userid":"sovereignsasuke","username":"Sovereign Sasuke","r":1500,"rd":130,"sigma":0,"rpr":1540.1606143388,"rprd":122.8583080769,"rpsigma":0,"rptime":1439974800,"w":1,"l":0,"t":0,"gxe":55,"acre":1045.1319627398,"lacre":1045.1319627398,"oldacre":1000},"endType":"normal"}