{"seed":[49100,24999,34497,45403],"turns":26,"p1":"Suichika","p2":"Knight Miku","p1team":[{"name":"Ferrothorn","species":"Ferrothorn","item":"occaberry","ability":"Iron Barbs","moves":["thunderwave","gyroball","knockoff","stealthrock"],"nature":"Impish","evs":{"hp":252,"atk":0,"def":88,"spa":0,"spd":168,"spe":0},"ivs":{"hp":31,"atk":31,"def":31,"spa":31,"spd":31,"spe":31}},{"name":"Venusaur","species":"Venusaur","item":"venusaurite","ability":"Chlorophyll","moves":["synthesis","sludgebomb","gigadrain","hiddenpowerground"],"nature":"Modest","evs":{"hp":252,"atk":0,"def":0,"spa":252,"spd":4,"spe":0},"ivs":{"hp":31,"atk":31,"def":31,"spa":30,"spd":30,"spe":31}},{"name":"Serperior","species":"Serperior","item":"lifeorb","ability":"Contrary","moves":["leafstorm","dragonpulse","hiddenpowerfire","gigadrain"],"nature":"Timid","evs":{"hp":0,"atk":0,"def":0,"spa":252,"spd":4,"spe":252},"ivs":{"hp":31,"atk":30,"def":31,"spa":30,"spd":31,"spe":30}},{"name":"Roserade","species":"Roserade","item":"choicescarf","ability":"Technician","moves":["hiddenpowerrock","sludgebomb","shadowball","petaldance"],"nature":"Timid","evs":{"hp":0,"atk":0,"def":0,"spa":252,"spd":4,"spe":252},"ivs":{"hp":31,"atk":31,"def":30,"spa":31,"spd":30,"spe":30}},{"name":"Celebi","species":"Celebi","item":"choicespecs","ability":"Natural Cure","moves":["gigadrain","earthpower","psychic","signalbeam"],"nature":"Timid","evs":{"hp":0,"atk":0,"def":0,"spa":252,"spd":4,"spe":252},"ivs":{"hp":31,"atk":31,"def":31,"spa":31,"spd":31,"spe":31}},{"name":"Breloom","species":"Breloom","item":"focussash","ability":"Technician","moves":["spore","machpunch","rocktomb","bulletseed"],"nature":"Jolly","evs":{"hp":0,"atk":252,"def":0,"spa":0,"spd":4,"spe":252},"ivs":{"hp":31,"atk":31,"def":31,"spa":31,"spd":31,"spe":31}}],"p2team":[{"name":"Dargon Goon 1","species":"kyuremblack","item":"choicescarf","ability":"Teravolt","moves":["outrage","earthpower","fusionbolt","ironhead"],"nature":"Naive","evs":{"hp":0,"atk":252,"def":0,"spa":24,"spd":0,"spe":232},"ivs":{"hp":31,"atk":31,"def":31,"spa":31,"spd":31,"spe":31}},{"name":"Dargon Goon 2","species":"garchomp","item":"rockyhelmet","ability":"Rough Skin","moves":["stealthrock","endure","dragontail","toxic"],"nature":"Impish","evs":{"hp":248,"atk":4,"def":252,"spa":0,"spd":4,"spe":0},"ivs":{"hp":31,"atk":31,"def":31,"spa":31,"spd":31,"spe":31}},{"name":"Dargon Goon 3","species":"latias","item":"latiasite","ability":"Levitate","moves":["defog","calmmind","psyshock","roost"],"nature":"Bold","evs":{"hp":248,"atk":0,"def":252,"spa":8,"spd":0,"spe":0},"ivs":{"hp":31,"atk":31,"def":31,"spa":31,"spd":31,"spe":31}},{"name":"Dargon Goon 4","species":"latios","item":"lifeorb","ability":"Levitate","moves":["dracometeor","icebeam","energyball","surf"],"nature":"Timid","evs":{"hp":0,"atk":0,"def":0,"spa":252,"spd":4,"spe":252},"ivs":{"hp":31,"atk":31,"def":31,"spa":31,"spd":31,"spe":31}},{"name":"Dargon Goon 5","species":"goodra","item":"assaultvest","ability":"Sap Sipper","moves":["dracometeor","sludgebomb","icebeam","fireblast"],"nature":"Calm","evs":{"hp":248,"atk":0,"def":80,"spa":0,"spd":180,"spe":0},"ivs":{"hp":31,"atk":31,"def":31,"spa":31,"spd":31,"spe":31}},{"name":"Dargon Goon 6","species":"dragonite","item":"weaknesspolicy","ability":"Multiscale","moves":["dragondance","extremespeed","dragonclaw","earthquake"],"nature":"Adamant","evs":{"hp":0,"atk":252,"def":0,"spa":0,"spd":4,"spe":252},"ivs":{"hp":31,"atk":31,"def":31,"spa":31,"spd":31,"spe":31}}],"log":["|player|p1|Suichika|265","|player|p2|Knight Miku|23","|gametype|singles","|gen|6","|tier|Monotype","|rated","|rule|Baton Pass Clause: Limit one Baton Passer, can't pass Spe and other stats simultaneously","|rule|Swagger Clause: Swagger is banned","|rule|Same Type Clause: Pokémon in a team must share a type","|clearpoke","|poke|p1|Ferrothorn, F","|poke|p1|Venusaur, F","|poke|p1|Serperior, M","|poke|p1|Roserade, M","|poke|p1|Celebi","|poke|p1|Breloom, M","|poke|p2|Kyurem-Black","|poke|p2|Garchomp, M","|poke|p2|Latias, F","|poke|p2|Latios, M","|poke|p2|Goodra, M","|poke|p2|Dragonite, M","|rule|Sleep Clause Mod: Limit one foe put to sleep","|rule|Species Clause: Limit one of each Pokémon","|rule|OHKO Clause: OHKO moves are banned","|rule|Moody Clause: Moody is banned","|rule|Evasion Moves Clause: Evasion moves are banned","|rule|Endless Battle Clause: Forcing endless battles is banned","|rule|HP Percentage Mod: HP is shown in percentages","|teampreview","|","|start","|switch|p1a: Ferrothorn|Ferrothorn, F|352/352","|switch|p2a: Dargon Goon 5|Goodra, M|383/383","|turn|1","|","|move|p2a: Dargon Goon 5|Fire Blast|p1a: Ferrothorn","|-supereffective|p1a: Ferrothorn","|-enditem|p1a: Ferrothorn|Occa Berry|[eat]","|-damage|p1a: Ferrothorn|212/352","|move|p1a: Ferrothorn|Thunder Wave|p2a: Dargon Goon 5","|-status|p2a: Dargon Goon 5|par","|","|turn|2","|","|move|p1a: Ferrothorn|Stealth Rock|p2a: Dargon Goon 5","|-sidestart|p2: Knight Miku|move: Stealth Rock","|move|p2a: Dargon Goon 5|Fire Blast|p1a: Ferrothorn","|-supereffective|p1a: Ferrothorn","|-damage|p1a: Ferrothorn|0 fnt","|faint|p1a: Ferrothorn","|","|","|switch|p1a: Venusaur|Venusaur, F|364/364","|turn|3","|","|detailschange|p1a: Venusaur|Venusaur-Mega, F","|-mega|p1a: Venusaur|Venusaur|Venusaurite","|move|p1a: Venusaur|Sludge Bomb|p2a: Dargon Goon 5","|-damage|p2a: Dargon Goon 5|317/383 par","|move|p2a: Dargon Goon 5|Sludge Bomb|p1a: Venusaur","|-damage|p1a: Venusaur|300/364","|","|turn|4","|","|move|p1a: Venusaur|Sludge Bomb|p2a: Dargon Goon 5","|-crit|p2a: Dargon Goon 5","|-damage|p2a: Dargon Goon 5|217/383 par","|move|p2a: Dargon Goon 5|Fire Blast|p1a: Venusaur","|-supereffective|p1a: Venusaur","|-damage|p1a: Venusaur|216/364","|","|turn|5","|","|switch|p2a: Dargon Goon 3|Latias, F|363/363","|-damage|p2a: Dargon Goon 3|318/363|[from] Stealth Rock","|move|p1a: Venusaur|Sludge Bomb|p2a: Dargon Goon 3","|-damage|p2a: Dargon Goon 3|188/363","|","|turn|6","|","|detailschange|p2a: Dargon Goon 3|Latias-Mega, F","|-mega|p2a: Dargon Goon 3|Latias|Latiasite","|move|p2a: Dargon Goon 3|Defog|p1a: Venusaur","|-unboost|p1a: Venusaur|evasion|1","|-sideend|p2: Knight Miku|Stealth Rock|[from] move: Defog|[of] p2a: Dargon Goon 3","|move|p1a: Venusaur|Sludge Bomb|p2a: Dargon Goon 3","|-damage|p2a: Dargon Goon 3|74/363","|-status|p2a: Dargon Goon 3|psn","|","|-damage|p2a: Dargon Goon 3|29/363 psn|[from] psn","|turn|7","|","|move|p2a: Dargon Goon 3|Roost|p2a: Dargon Goon 3","|-heal|p2a: Dargon Goon 3|211/363 psn","|move|p1a: Venusaur|Synthesis|p1a: Venusaur","|-heal|p1a: Venusaur|364/364","|","|-damage|p2a: Dargon Goon 3|166/363 psn|[from] psn","|turn|8","|","|move|p2a: Dargon Goon 3|Calm Mind|p2a: Dargon Goon 3","|-boost|p2a: Dargon Goon 3|spa|1","|-boost|p2a: Dargon Goon 3|spd|1","|move|p1a: Venusaur|Sludge Bomb|p2a: Dargon Goon 3","|-damage|p2a: Dargon Goon 3|85/363 psn","|","|-damage|p2a: Dargon Goon 3|40/363 psn|[from] psn","|turn|9","|","|switch|p1a: Serperior|Serperior, M|291/291","|move|p2a: Dargon Goon 3|Psyshock|p1a: Serperior","|-damage|p1a: Serperior|84/291","|","|-damage|p2a: Dargon Goon 3|0 fnt|[from] psn","|faint|p2a: Dargon Goon 3","|","|switch|p2a: Dargon Goon 6|Dragonite, M|323/323","|turn|10","|","|move|p2a: Dargon Goon 6|Extreme Speed|p1a: Serperior","|-damage|p1a: Serperior|0 fnt","|faint|p1a: Serperior","|","|","|switch|p1a: Celebi|Celebi|341/341","|turn|11","|","|switch|p2a: Dargon Goon 5|Goodra, M|217/383 par","|move|p1a: Celebi|Psychic|p2a: Dargon Goon 5","|-damage|p2a: Dargon Goon 5|136/383 par","|","|turn|12","|","|switch|p1a: Venusaur|Venusaur-Mega, F|364/364","|cant|p2a: Dargon Goon 5|par","|","|turn|13","|","|move|p1a: Venusaur|Sludge Bomb|p2a: Dargon Goon 5","|-damage|p2a: Dargon Goon 5|72/383 par","|cant|p2a: Dargon Goon 5|par","|","|turn|14","|","|move|p1a: Venusaur|Sludge Bomb|p2a: Dargon Goon 5","|-damage|p2a: Dargon Goon 5|9/383 par","|cant|p2a: Dargon Goon 5|par","|","|turn|15","|","|move|p1a: Venusaur|Sludge Bomb|p2a: Dargon Goon 5","|-damage|p2a: Dargon Goon 5|0 fnt","|faint|p2a: Dargon Goon 5","|","|","|switch|p2a: Dargon Goon 1|Kyurem-Black|391/391","|-ability|p2a: Dargon Goon 1|Teravolt","|turn|16","|","|move|p2a: Dargon Goon 1|Outrage|p1a: Venusaur","|-damage|p1a: Venusaur|127/364","|move|p1a: Venusaur|Sludge Bomb|p2a: Dargon Goon 1","|-damage|p2a: Dargon Goon 1|199/391","|","|turn|17","|","|move|p2a: Dargon Goon 1|Outrage|p1a: Venusaur|[from]lockedmove","|-damage|p1a: Venusaur|0 fnt","|faint|p1a: Venusaur","|","|","|switch|p1a: Breloom|Breloom, M|261/261","|turn|18","|","|move|p1a: Breloom|Mach Punch|p2a: Dargon Goon 1","|-supereffective|p2a: Dargon Goon 1","|-damage|p2a: Dargon Goon 1|0 fnt","|faint|p2a: Dargon Goon 1","|","|","|switch|p2a: Dargon Goon 4|Latios, M|301/301","|turn|19","|","|move|p2a: Dargon Goon 4|Ice Beam|p1a: Breloom","|-supereffective|p1a: Breloom","|-enditem|p1a: Breloom|Focus Sash","|-damage|p1a: Breloom|1/261","|-status|p1a: Breloom|frz","|-damage|p2a: Dargon Goon 4|271/301|[from] item: Life Orb","|cant|p1a: Breloom|frz","|","|turn|20","|","|-curestatus|p1a: Breloom|frz","|move|p1a: Breloom|Mach Punch|p2a: Dargon Goon 4","|-resisted|p2a: Dargon Goon 4","|-damage|p2a: Dargon Goon 4|205/301","|move|p2a: Dargon Goon 4|Ice Beam|p1a: Breloom","|-supereffective|p1a: Breloom","|-damage|p1a: Breloom|0 fnt","|-damage|p2a: Dargon Goon 4|175/301|[from] item: Life Orb","|faint|p1a: Breloom","|","|","|switch|p1a: Roserade|Roserade, M|261/261","|turn|21","|","|move|p1a: Roserade|Shadow Ball|p2a: Dargon Goon 4","|-supereffective|p2a: Dargon Goon 4","|-damage|p2a: Dargon Goon 4|13/301","|move|p2a: Dargon Goon 4|Ice Beam|p1a: Roserade","|-supereffective|p1a: Roserade","|-damage|p1a: Roserade|4/261","|-damage|p2a: Dargon Goon 4|0 fnt|[from] item: Life Orb","|faint|p2a: Dargon Goon 4","|","|","|switch|p2a: Dargon Goon 6|Dragonite, M|323/323","|turn|22","|","|move|p1a: Roserade|Shadow Ball|p2a: Dargon Goon 6","|-damage|p2a: Dargon Goon 6|274/323","|move|p2a: Dargon Goon 6|Dragon Dance|p2a: Dargon Goon 6","|-boost|p2a: Dargon Goon 6|atk|1","|-boost|p2a: Dargon Goon 6|spe|1","|","|turn|23","|","|move|p1a: Roserade|Shadow Ball|p2a: Dargon Goon 6","|-damage|p2a: Dargon Goon 6|182/323","|move|p2a: Dargon Goon 6|Dragon Dance|p2a: Dargon Goon 6","|-boost|p2a: Dargon Goon 6|atk|1","|-boost|p2a: Dargon Goon 6|spe|1","|","|turn|24","|","|move|p2a: Dargon Goon 6|Extreme Speed|p1a: Roserade","|-damage|p1a: Roserade|0 fnt","|faint|p1a: Roserade","|","|","|switch|p1a: Celebi|Celebi|341/341","|turn|25","|","|move|p2a: Dargon Goon 6|Dragon Claw|p1a: Celebi","|-damage|p1a: Celebi|23/341","|move|p1a: Celebi|Psychic|p2a: Dargon Goon 6","|-damage|p2a: Dargon Goon 6|0 fnt","|faint|p2a: Dargon Goon 6","|","|","|switch|p2a: Dargon Goon 2|Garchomp, M|419/419","|turn|26","|","|move|p1a: Celebi|Psychic|p2a: Dargon Goon 2","|-damage|p2a: Dargon Goon 2|202/419","|move|p2a: Dargon Goon 2|Dragon Tail|p1a: Celebi","|-damage|p1a: Celebi|0 fnt","|faint|p1a: Celebi","|","|win|Knight Miku"],"p1rating":{"entryid":"158116","serverid":"eos","formatid":"monotype","userid":"suichika","username":"Suichika","w":"0","l":2,"t":"0","gxe":41.4,"r":"1500","rd":"130","sigma":"0","rptime":"1439974800","rpr":1431.0979294534,"rprd":116.75444686792,"rpsigma":"0","acre":1000,"lacre":1000,"oldacre":"1000"},"p2rating":{"entryid":"161090","serverid":"eos","formatid":"monotype","userid":"knightmiku","username":"Knight Miku","w":1,"l":"1","t":"0","gxe":49.5,"r":"1500","rd":"130","sigma":"0","rptime":"1439974800","rpr":1495.7932414633,"rprd":116.75444686792,"rpsigma":"0","acre":1040,"lacre":1040,"oldacre":"1000"},"endType":"normal"}