{"seed":[50461,50246,65403,8532],"turns":21,"p1":"Feety Wepp","p2":"DSV","p1team":[{"name":"Torkoal","species":"Torkoal","item":"leftovers","ability":"Shell Armor","moves":["stealthrock","rapidspin","yawn","lavaplume"],"nature":"Bold","evs":{"hp":252,"atk":0,"def":252,"spa":0,"spd":4,"spe":0},"ivs":{"hp":31,"atk":0,"def":31,"spa":31,"spd":31,"spe":31}},{"name":"Entei","species":"Entei","item":"lifeorb","ability":"Pressure","moves":["sacredfire","extremespeed","stoneedge","ironhead"],"nature":"Adamant","evs":{"hp":0,"atk":252,"def":0,"spa":0,"spd":4,"spe":252},"shiny":true,"ivs":{"hp":31,"atk":31,"def":31,"spa":31,"spd":31,"spe":31}},{"name":"Charizard","species":"Charizard","item":"charizarditey","ability":"Blaze","moves":["fireblast","airslash","focusblast","solarbeam"],"nature":"Timid","evs":{"hp":0,"atk":0,"def":0,"spa":252,"spd":4,"spe":252},"ivs":{"hp":31,"atk":0,"def":31,"spa":31,"spd":31,"spe":31},"shiny":true},{"name":"Darmanitan","species":"Darmanitan","item":"choicescarf","ability":"Sheer Force","moves":["flareblitz","superpower","rockslide","uturn"],"nature":"Jolly","evs":{"hp":0,"atk":252,"def":0,"spa":0,"spd":4,"spe":252},"ivs":{"hp":31,"atk":31,"def":31,"spa":31,"spd":31,"spe":31}},{"name":"Heatran","species":"Heatran","item":"airballoon","ability":"Flash Fire","moves":["lavaplume","earthpower","toxic","flashcannon"],"nature":"Calm","evs":{"hp":248,"atk":0,"def":0,"spa":8,"spd":252,"spe":0},"ivs":{"hp":31,"atk":0,"def":31,"spa":31,"spd":31,"spe":31}},{"name":"Rotom-Heat","species":"Rotom-Heat","item":"choicescarf","ability":"Levitate","moves":["voltswitch","thunderbolt","overheat","trick"],"nature":"Timid","evs":{"hp":0,"atk":0,"def":0,"spa":252,"spd":4,"spe":252},"ivs":{"hp":31,"atk":0,"def":30,"spa":31,"spd":31,"spe":31}}],"p2team":[{"name":"Delphox","species":"Delphox","item":"powerherb","ability":"Magician","moves":["protect","willowisp","wish","mysticalfire"],"nature":"Timid","evs":{"hp":76,"atk":0,"def":96,"spa":184,"spd":0,"spe":152},"ivs":{"hp":31,"atk":31,"def":31,"spa":31,"spd":31,"spe":31}},{"name":"Cresselia","species":"Cresselia","item":"leftovers","ability":"Levitate","moves":["calmmind","icebeam","moonblast","moonlight"],"nature":"Bold","evs":{"hp":200,"atk":0,"def":240,"spa":0,"spd":68,"spe":0},"ivs":{"hp":31,"atk":31,"def":31,"spa":31,"spd":31,"spe":31}},{"name":"Medicham","species":"Medicham","item":"medichamite","ability":"Pure Power","moves":["fakeout","drainpunch","psychocut","bulletpunch"],"nature":"Adamant","evs":{"hp":24,"atk":242,"def":0,"spa":0,"spd":0,"spe":242},"ivs":{"hp":31,"atk":31,"def":31,"spa":31,"spd":31,"spe":31}},{"name":"Mew","species":"Mew","item":"leftovers","ability":"Synchronize","moves":["nastyplot","dazzlinggleam","vacuumwave","psyshock"],"nature":"Modest","evs":{"hp":248,"atk":0,"def":0,"spa":224,"spd":0,"spe":36},"ivs":{"hp":31,"atk":31,"def":31,"spa":31,"spd":31,"spe":31}},{"name":"Hoopa-Unbound","species":"Hoopa-Unbound","item":"choicescarf","ability":"Magician","moves":["hyperspacefury","energyball","hyperspacehole","drainpunch"],"nature":"Hasty","evs":{"hp":0,"atk":242,"def":0,"spa":14,"spd":0,"spe":252},"ivs":{"hp":31,"atk":31,"def":31,"spa":31,"spd":31,"spe":31}},{"name":"Metagross","species":"Metagross","item":"weaknesspolicy","ability":"Clear Body","moves":["agility","rocktomb","bulletpunch","grassknot"],"nature":"Lonely","evs":{"hp":210,"atk":88,"def":0,"spa":0,"spd":210,"spe":0},"ivs":{"hp":31,"atk":31,"def":31,"spa":31,"spd":31,"spe":31}}],"log":["|player|p1|Feety Wepp|275","|player|p2|DSV|dsv.png","|gametype|singles","|gen|6","|tier|Monotype","|rated","|rule|Baton Pass Clause: Limit one Baton Passer, can't pass Spe and other stats simultaneously","|rule|Swagger Clause: Swagger is banned","|rule|Same Type Clause: Pokémon in a team must share a type","|clearpoke","|poke|p1|Torkoal, M","|poke|p1|Entei, shiny","|poke|p1|Charizard, M, shiny","|poke|p1|Darmanitan, F","|poke|p1|Heatran, F","|poke|p1|Rotom-Heat","|poke|p2|Delphox, F","|poke|p2|Cresselia, F","|poke|p2|Medicham, F","|poke|p2|Mew","|poke|p2|Hoopa-Unbound","|poke|p2|Metagross","|rule|Sleep Clause Mod: Limit one foe put to sleep","|rule|Species Clause: Limit one of each Pokémon","|rule|OHKO Clause: OHKO moves are banned","|rule|Moody Clause: Moody is banned","|rule|Evasion Moves Clause: Evasion moves are banned","|rule|Endless Battle Clause: Forcing endless battles is banned","|rule|HP Percentage Mod: HP is shown in percentages","|teampreview","|","|start","|switch|p1a: Torkoal|Torkoal, M|344/344","|switch|p2a: Medicham|Medicham, F|267/267","|turn|1","|","|detailschange|p2a: Medicham|Medicham-Mega, F","|-mega|p2a: Medicham|Medicham|Medichamite","|move|p2a: Medicham|Drain Punch|p1a: Torkoal","|-damage|p1a: Torkoal|215/344","|move|p1a: Torkoal|Yawn|p2a: Medicham","|-start|p2a: Medicham|move: Yawn|[of] p1a: Torkoal","|","|-heal|p1a: Torkoal|236/344|[from] item: Leftovers","|turn|2","|","|move|p2a: Medicham|Psycho Cut|p1a: Torkoal","|-damage|p1a: Torkoal|107/344","|move|p1a: Torkoal|Stealth Rock|p2a: Medicham","|-sidestart|p2: DSV|move: Stealth Rock","|","|-end|p2a: Medicham|move: Yawn|[silent]","|-status|p2a: Medicham|slp","|-heal|p1a: Torkoal|128/344|[from] item: Leftovers","|turn|3","|","|switch|p2a: Mew|Mew|403/403","|-damage|p2a: Mew|353/403|[from] Stealth Rock","|move|p1a: Torkoal|Lava Plume|p2a: Mew","|-damage|p2a: Mew|268/403","|","|-heal|p2a: Mew|293/403|[from] item: Leftovers","|-heal|p1a: Torkoal|149/344|[from] item: Leftovers","|turn|4","|","|move|p2a: Mew|Nasty Plot|p2a: Mew","|-boost|p2a: Mew|spa|2","|move|p1a: Torkoal|Lava Plume|p2a: Mew","|-damage|p2a: Mew|215/403","|","|-heal|p2a: Mew|240/403|[from] item: Leftovers","|-heal|p1a: Torkoal|170/344|[from] item: Leftovers","|turn|5","|","|move|p2a: Mew|Vacuum Wave|p1a: Torkoal","|-damage|p1a: Torkoal|51/344","|move|p1a: Torkoal|Lava Plume|p2a: Mew","|-damage|p2a: Mew|153/403","|","|-heal|p2a: Mew|178/403|[from] item: Leftovers","|-heal|p1a: Torkoal|72/344|[from] item: Leftovers","|turn|6","|","|move|p2a: Mew|Psyshock|p1a: Torkoal","|-damage|p1a: Torkoal|0 fnt","|faint|p1a: Torkoal","|","|-heal|p2a: Mew|203/403|[from] item: Leftovers","|","|switch|p1a: Darmanitan|Darmanitan, F|351/351","|turn|7","|","|move|p2a: Mew|Vacuum Wave|p1a: Darmanitan","|-damage|p1a: Darmanitan|208/351","|move|p1a: Darmanitan|U-turn|p2a: Mew","|-supereffective|p2a: Mew","|-damage|p2a: Mew|41/403","|","|switch|p1a: Heatran|Heatran, F|385/385","|-item|p1a: Heatran|Air Balloon","|","|-heal|p2a: Mew|66/403|[from] item: Leftovers","|turn|8","|","|move|p2a: Mew|Vacuum Wave|p1a: Heatran","|-crit|p1a: Heatran","|-supereffective|p1a: Heatran","|-damage|p1a: Heatran|213/385","|-enditem|p1a: Heatran|Air Balloon","|move|p1a: Heatran|Flash Cannon|p2a: Mew","|-damage|p2a: Mew|0 fnt","|faint|p2a: Mew","|","|","|switch|p2a: Hoopa-Unbound|Hoopa-Unbound|301/301","|-damage|p2a: Hoopa-Unbound|264/301|[from] Stealth Rock","|turn|9","|","|move|p2a: Hoopa-Unbound|Hyperspace Fury|p1a: Heatran","|-damage|p1a: Heatran|14/385","|-unboost|p2a: Hoopa-Unbound|def|1","|move|p1a: Heatran|Toxic|p2a: Hoopa-Unbound","|-status|p2a: Hoopa-Unbound|tox","|","|-damage|p2a: Hoopa-Unbound|246/301 tox|[from] psn","|turn|10","|","|move|p2a: Hoopa-Unbound|Hyperspace Fury|p1a: Heatran","|-damage|p1a: Heatran|0 fnt","|-unboost|p2a: Hoopa-Unbound|def|1","|faint|p1a: Heatran","|","|-damage|p2a: Hoopa-Unbound|210/301 tox|[from] psn","|","|switch|p1a: Entei|Entei, shiny|371/371","|-ability|p1a: Entei|Pressure","|turn|11","|","|move|p1a: Entei|Extreme Speed|p2a: Hoopa-Unbound","|-damage|p2a: Hoopa-Unbound|0 fnt","|-damage|p1a: Entei|334/371|[from] item: Life Orb","|faint|p2a: Hoopa-Unbound","|","|","|switch|p2a: Metagross|Metagross|353/353","|-damage|p2a: Metagross|331/353|[from] Stealth Rock","|turn|12","|","|move|p1a: Entei|Sacred Fire|p2a: Metagross","|-supereffective|p2a: Metagross","|-damage|p2a: Metagross|0 fnt","|-damage|p1a: Entei|297/371|[from] item: Life Orb","|faint|p2a: Metagross","|","|","|switch|p2a: Delphox|Delphox, F|310/310","|-damage|p2a: Delphox|233/310|[from] Stealth Rock","|turn|13","|","|move|p2a: Delphox|Wish|p2a: Delphox","|move|p1a: Entei|Stone Edge|p2a: Delphox","|-supereffective|p2a: Delphox","|-damage|p2a: Delphox|0 fnt","|-damage|p1a: Entei|260/371|[from] item: Life Orb","|faint|p2a: Delphox","|","|","|switch|p2a: Cresselia|Cresselia, F|431/431","|-damage|p2a: Cresselia|378/431|[from] Stealth Rock","|turn|14","|","|move|p1a: Entei|Iron Head|p2a: Cresselia","|-damage|p2a: Cresselia|295/431","|-damage|p1a: Entei|223/371|[from] item: Life Orb","|move|p2a: Cresselia|Calm Mind|p2a: Cresselia","|-boost|p2a: Cresselia|spa|1","|-boost|p2a: Cresselia|spd|1","|","|-heal|p2a: Cresselia|431/431|[from] move: Wish|[wisher] Delphox","|turn|15","|","|move|p1a: Entei|Stone Edge|p2a: Cresselia","|-damage|p2a: Cresselia|335/431","|-damage|p1a: Entei|186/371|[from] item: Life Orb","|move|p2a: Cresselia|Calm Mind|p2a: Cresselia","|-boost|p2a: Cresselia|spa|1","|-boost|p2a: Cresselia|spd|1","|","|-heal|p2a: Cresselia|361/431|[from] item: Leftovers","|turn|16","|","|move|p1a: Entei|Extreme Speed|p2a: Cresselia","|-damage|p2a: Cresselia|286/431","|-damage|p1a: Entei|149/371|[from] item: Life Orb","|move|p2a: Cresselia|Calm Mind|p2a: Cresselia","|-boost|p2a: Cresselia|spa|1","|-boost|p2a: Cresselia|spd|1","|","|-heal|p2a: Cresselia|312/431|[from] item: Leftovers","|turn|17","|","|move|p1a: Entei|Sacred Fire|p2a: Cresselia","|-damage|p2a: Cresselia|172/431","|-status|p2a: Cresselia|brn","|-damage|p1a: Entei|112/371|[from] item: Life Orb","|move|p2a: Cresselia|Moonlight|p2a: Cresselia","|-heal|p2a: Cresselia|387/431 brn","|","|-heal|p2a: Cresselia|413/431 brn|[from] item: Leftovers","|-damage|p2a: Cresselia|360/431 brn|[from] brn","|turn|18","|","|move|p1a: Entei|Sacred Fire|p2a: Cresselia","|-damage|p2a: Cresselia|203/431 brn","|-damage|p1a: Entei|75/371|[from] item: Life Orb","|move|p2a: Cresselia|Ice Beam|p1a: Entei","|-resisted|p1a: Entei","|-damage|p1a: Entei|0 fnt","|faint|p1a: Entei","|","|-heal|p2a: Cresselia|229/431 brn|[from] item: Leftovers","|-damage|p2a: Cresselia|176/431 brn|[from] brn","|","|switch|p1a: Darmanitan|Darmanitan, F|208/351","|turn|19","|","|move|p1a: Darmanitan|U-turn|p2a: Cresselia","|-crit|p2a: Cresselia","|-supereffective|p2a: Cresselia","|-damage|p2a: Cresselia|4/431 brn","|","|switch|p1a: Rotom-Heat|Rotom-Heat|241/241","|move|p2a: Cresselia|Ice Beam|p1a: Rotom-Heat","|-resisted|p1a: Rotom-Heat","|-damage|p1a: Rotom-Heat|170/241","|","|-heal|p2a: Cresselia|30/431 brn|[from] item: Leftovers","|-damage|p2a: Cresselia|0 fnt|[from] brn","|faint|p2a: Cresselia","|","|switch|p2a: Medicham|Medicham-Mega, F|267/267 slp","|-damage|p2a: Medicham|251/267 slp|[from] Stealth Rock","|turn|20","|","|move|p1a: Rotom-Heat|Overheat|p2a: Medicham","|-damage|p2a: Medicham|19/267 slp","|-unboost|p1a: Rotom-Heat|spa|2","|cant|p2a: Medicham|slp","|","|turn|21","|","|move|p1a: Rotom-Heat|Overheat|p2a: Medicham","|-crit|p2a: Medicham","|-damage|p2a: Medicham|0 fnt","|-unboost|p1a: Rotom-Heat|spa|2","|faint|p2a: Medicham","|","|win|Feety Wepp"],"p1rating":{"entryid":159981,"formatid":"monotype","userid":"feetywepp","username":"Feety Wepp","r":1500,"rd":130,"sigma":0,"rpr":1540.1606143388,"rprd":122.8583080769,"rpsigma":0,"rptime":1439974800,"w":1,"l":0,"t":0,"gxe":55,"acre":1040,"lacre":1040,"oldacre":1000},"p2rating":{"entryid":159982,"formatid":"monotype","userid":"dsv","username":"DSV","r":1500,"rd":130,"sigma":0,"rpr":1459.8393856612,"rprd":122.8583080769,"rpsigma":0,"rptime":1439974800,"w":0,"l":1,"t":0,"gxe":45,"acre":1000,"lacre":1000,"oldacre":1000},"endType":"normal"}