{"seed":[54985,23025,10036,24520],"turns":36,"p1":"Seven Swell","p2":"Crystal glaceon13","p1team":[{"name":"Mew","species":"Mew","item":"leftovers","ability":"Synchronize","moves":["roost","toxic","healbell","aurasphere"],"nature":"Calm","evs":{"hp":252,"atk":0,"def":0,"spa":4,"spd":252,"spe":0},"ivs":{"hp":31,"atk":31,"def":31,"spa":31,"spd":31,"spe":31}},{"name":"Slowbro","species":"Slowbro","item":"rockyhelmet","ability":"Regenerator","moves":["scald","yawn","flamethrower","slackoff"],"nature":"Bold","evs":{"hp":252,"atk":0,"def":252,"spa":4,"spd":0,"spe":0},"ivs":{"hp":31,"atk":31,"def":31,"spa":31,"spd":31,"spe":31}},{"name":"Deoxys-Speed","species":"Deoxys-Speed","item":"focussash","ability":"Pressure","moves":["stealthrock","thunderbolt","thunderwave","icebeam"],"nature":"Timid","evs":{"hp":252,"atk":0,"def":0,"spa":44,"spd":0,"spe":212},"ivs":{"hp":31,"atk":31,"def":31,"spa":31,"spd":31,"spe":31}},{"name":"Latias","species":"Latias","item":"leftovers","ability":"Levitate","moves":["dracometeor","psyshock","roost","defog"],"nature":"Timid","evs":{"hp":252,"atk":0,"def":0,"spa":4,"spd":0,"spe":252},"ivs":{"hp":31,"atk":31,"def":31,"spa":31,"spd":31,"spe":31}},{"name":"Hoopa-Unbound","species":"Hoopa-Unbound","item":"focussash","ability":"Magician","moves":["hyperspacefury","drainpunch","firepunch","gunkshot"],"nature":"Adamant","evs":{"hp":0,"atk":252,"def":0,"spa":0,"spd":4,"spe":252},"ivs":{"hp":31,"atk":31,"def":31,"spa":31,"spd":31,"spe":31}},{"name":"Gardevoir","species":"Gardevoir","item":"gardevoirite","ability":"Trace","moves":["hypervoice","psyshock","shadowball","taunt"],"nature":"Timid","evs":{"hp":0,"atk":0,"def":0,"spa":252,"spd":4,"spe":252},"ivs":{"hp":31,"atk":31,"def":31,"spa":31,"spd":31,"spe":31}}],"p2team":[{"name":"Diancie","species":"Diancie","item":"diancite","ability":"Clear Body","moves":["earthpower","moonblast","diamondstorm","protect"],"nature":"Naive","evs":{"hp":0,"atk":4,"def":0,"spa":252,"spd":0,"spe":252},"ivs":{"hp":31,"atk":31,"def":31,"spa":31,"spd":31,"spe":31}},{"name":"Togekiss","species":"Togekiss","item":"leftovers","ability":"Serene Grace","moves":["nastyplot","batonpass","airslash","flamethrower"],"nature":"Calm","evs":{"hp":248,"atk":0,"def":0,"spa":0,"spd":240,"spe":20},"ivs":{"hp":31,"atk":31,"def":31,"spa":31,"spd":31,"spe":31}},{"name":"Klefki","species":"Klefki","item":"lightclay","ability":"Prankster","moves":["reflect","lightscreen","thunderwave","foulplay"],"nature":"Bold","evs":{"hp":252,"atk":0,"def":64,"spa":0,"spd":192,"spe":0},"ivs":{"hp":31,"atk":31,"def":31,"spa":31,"spd":31,"spe":31}},{"name":"Azumarill","species":"Azumarill","item":"lumberry","ability":"Huge Power","moves":["playrough","aquajet","waterfall","knockoff"],"nature":"Adamant","evs":{"hp":248,"atk":252,"def":0,"spa":0,"spd":0,"spe":8},"gender":"M","ivs":{"hp":31,"atk":31,"def":31,"spa":31,"spd":31,"spe":31}},{"name":"Gardevoir","species":"Gardevoir","item":"choicescarf","ability":"Trace","moves":["thunderbolt","energyball","moonblast","psyshock"],"nature":"Timid","evs":{"hp":0,"atk":0,"def":4,"spa":252,"spd":0,"spe":252},"ivs":{"hp":31,"atk":30,"def":31,"spa":30,"spd":31,"spe":30}},{"name":"Granbull","species":"Granbull","item":"leftovers","ability":"Intimidate","moves":["earthquake","firepunch","bulkup","playrough"],"nature":"Adamant","evs":{"hp":136,"atk":252,"def":120,"spa":0,"spd":0,"spe":0},"ivs":{"hp":31,"atk":31,"def":31,"spa":31,"spd":31,"spe":31}}],"log":["|player|p1|Seven Swell|sevenswell.png","|player|p2|Crystal glaceon13|32","|gametype|singles","|gen|6","|tier|Monotype","|rated","|rule|Baton Pass Clause: Limit one Baton Passer, can't pass Spe and other stats simultaneously","|rule|Swagger Clause: Swagger is banned","|rule|Same Type Clause: Pokémon in a team must share a type","|clearpoke","|poke|p1|Mew","|poke|p1|Slowbro, F","|poke|p1|Deoxys-Speed","|poke|p1|Latias, F","|poke|p1|Hoopa-Unbound","|poke|p1|Gardevoir, F","|poke|p2|Diancie","|poke|p2|Togekiss, M","|poke|p2|Klefki, M","|poke|p2|Azumarill, M","|poke|p2|Gardevoir, M","|poke|p2|Granbull, M","|rule|Sleep Clause Mod: Limit one foe put to sleep","|rule|Species Clause: Limit one of each Pokémon","|rule|OHKO Clause: OHKO moves are banned","|rule|Moody Clause: Moody is banned","|rule|Evasion Moves Clause: Evasion moves are banned","|rule|Endless Battle Clause: Forcing endless battles is banned","|rule|HP Percentage Mod: HP is shown in percentages","|teampreview","|","|start","|switch|p1a: Slowbro|Slowbro, F|394/394","|switch|p2a: Diancie|Diancie|241/241","|turn|1","|","|detailschange|p2a: Diancie|Diancie-Mega","|-mega|p2a: Diancie|Diancie|Diancite","|move|p2a: Diancie|Protect|p2a: Diancie","|-singleturn|p2a: Diancie|Protect","|move|p1a: Slowbro|Scald|p2a: Diancie","|-activate|p2a: Diancie|Protect","|","|turn|2","|","|switch|p2a: Klefki|Klefki, M|318/318","|move|p1a: Slowbro|Scald|p2a: Klefki","|-crit|p2a: Klefki","|-damage|p2a: Klefki|195/318","|","|turn|3","|","|move|p2a: Klefki|Light Screen|p2a: Klefki","|-sidestart|p2: Crystal glaceon13|move: Light Screen","|move|p1a: Slowbro|Flamethrower|p2a: Klefki","|-crit|p2a: Klefki","|-supereffective|p2a: Klefki","|-damage|p2a: Klefki|5/318","|","|turn|4","|","|switch|p2a: Togekiss|Togekiss, M|373/373","|move|p1a: Slowbro|Scald|p2a: Togekiss","|-damage|p2a: Togekiss|344/373","|","|-heal|p2a: Togekiss|367/373|[from] item: Leftovers","|turn|5","|","|switch|p1a: Mew|Mew|404/404","|move|p2a: Togekiss|Nasty Plot|p2a: Togekiss","|-boost|p2a: Togekiss|spa|2","|","|-heal|p2a: Togekiss|373/373|[from] item: Leftovers","|turn|6","|","|move|p1a: Mew|Toxic|p2a: Togekiss","|-status|p2a: Togekiss|tox","|move|p2a: Togekiss|Nasty Plot|p2a: Togekiss","|-boost|p2a: Togekiss|spa|2","|","|-damage|p2a: Togekiss|350/373 tox|[from] psn","|turn|7","|","|switch|p1a: Latias|Latias, F|364/364","|move|p2a: Togekiss|Baton Pass|p2a: Togekiss","|","|switch|p2a: Gardevoir|Gardevoir, M|277/277","|-ability|p2a: Gardevoir|Levitate|[from] ability: Trace|[of] p1a: Latias","|","|turn|8","|","|move|p2a: Gardevoir|Moonblast|p1a: Latias","|-supereffective|p1a: Latias","|-damage|p1a: Latias|0 fnt","|faint|p1a: Latias","|","|","|switch|p1a: Hoopa-Unbound|Hoopa-Unbound|301/301","|turn|9","|","|move|p2a: Gardevoir|Moonblast|p1a: Hoopa-Unbound","|-supereffective|p1a: Hoopa-Unbound","|-enditem|p1a: Hoopa-Unbound|Focus Sash","|-damage|p1a: Hoopa-Unbound|1/301","|move|p1a: Hoopa-Unbound|Hyperspace Fury|p2a: Gardevoir","|-damage|p2a: Gardevoir|0 fnt","|-item|p1a: Hoopa-Unbound|Choice Scarf|[from] ability: Magician|[of] p2a: Gardevoir","|-unboost|p1a: Hoopa-Unbound|def|1","|faint|p2a: Gardevoir","|","|","|switch|p2a: Granbull|Granbull, M|355/355","|-ability|p2a: Granbull|Intimidate","|-unboost|p1a: Hoopa-Unbound|atk|1","|turn|10","|","|switch|p1a: Slowbro|Slowbro, F|394/394","|move|p2a: Granbull|Bulk Up|p2a: Granbull","|-boost|p2a: Granbull|atk|1","|-boost|p2a: Granbull|def|1","|","|-sideend|p2: Crystal glaceon13|move: Light Screen","|turn|11","|","|move|p2a: Granbull|Play Rough|p1a: Slowbro","|-damage|p1a: Slowbro|231/394","|-damage|p2a: Granbull|296/355|[from] item: Rocky Helmet|[of] p1a: Slowbro","|-unboost|p1a: Slowbro|atk|1","|move|p1a: Slowbro|Yawn|p2a: Granbull","|-start|p2a: Granbull|move: Yawn|[of] p1a: Slowbro","|","|-heal|p2a: Granbull|318/355|[from] item: Leftovers","|turn|12","|","|move|p2a: Granbull|Play Rough|p1a: Slowbro","|-damage|p1a: Slowbro|72/394","|-damage|p2a: Granbull|259/355|[from] item: Rocky Helmet|[of] p1a: Slowbro","|-unboost|p1a: Slowbro|atk|1","|move|p1a: Slowbro|Scald|p2a: Granbull","|-damage|p2a: Granbull|114/355","|","|-end|p2a: Granbull|move: Yawn|[silent]","|-status|p2a: Granbull|slp","|-heal|p2a: Granbull|136/355 slp|[from] item: Leftovers","|turn|13","|","|switch|p2a: Togekiss|Togekiss, M|350/373 tox","|move|p1a: Slowbro|Slack Off|p1a: Slowbro","|-heal|p1a: Slowbro|269/394","|","|-heal|p2a: Togekiss|373/373 tox|[from] item: Leftovers","|-damage|p2a: Togekiss|350/373 tox|[from] psn","|turn|14","|","|switch|p1a: Gardevoir|Gardevoir, F|277/277","|-ability|p1a: Gardevoir|Serene Grace|[from] ability: Trace|[of] p2a: Togekiss","|move|p2a: Togekiss|Nasty Plot|p2a: Togekiss","|-boost|p2a: Togekiss|spa|2","|","|-heal|p2a: Togekiss|373/373 tox|[from] item: Leftovers","|-damage|p2a: Togekiss|327/373 tox|[from] psn","|turn|15","|","|detailschange|p1a: Gardevoir|Gardevoir-Mega, F","|-mega|p1a: Gardevoir|Gardevoir|Gardevoirite","|move|p1a: Gardevoir|Taunt|p2a: Togekiss","|-start|p2a: Togekiss|move: Taunt","|move|p2a: Togekiss|Air Slash|p1a: Gardevoir","|-damage|p1a: Gardevoir|105/277","|","|-heal|p2a: Togekiss|350/373 tox|[from] item: Leftovers","|-damage|p2a: Togekiss|281/373 tox|[from] psn","|turn|16","|","|move|p1a: Gardevoir|Hyper Voice|p2a: Togekiss","|-damage|p2a: Togekiss|130/373 tox","|move|p2a: Togekiss|Air Slash|p1a: Gardevoir","|-damage|p1a: Gardevoir|0 fnt","|faint|p1a: Gardevoir","|","|-heal|p2a: Togekiss|153/373 tox|[from] item: Leftovers","|-damage|p2a: Togekiss|61/373 tox|[from] psn","|","|switch|p1a: Deoxys-Speed|Deoxys-Speed|304/304","|-ability|p1a: Deoxys-Speed|Pressure","|turn|17","|","|move|p1a: Deoxys-Speed|Ice Beam|p2a: Togekiss","|-supereffective|p2a: Togekiss","|-damage|p2a: Togekiss|0 fnt","|faint|p2a: Togekiss","|","|","|switch|p2a: Klefki|Klefki, M|5/318","|turn|18","|","|move|p2a: Klefki|Light Screen|p2a: Klefki","|-sidestart|p2: Crystal glaceon13|move: Light Screen","|move|p1a: Deoxys-Speed|Stealth Rock|p2a: Klefki","|-sidestart|p2: Crystal glaceon13|move: Stealth Rock","|","|turn|19","|","|move|p2a: Klefki|Thunder Wave|p1a: Deoxys-Speed","|-status|p1a: Deoxys-Speed|par","|move|p1a: Deoxys-Speed|Thunderbolt|p2a: Klefki","|-damage|p2a: Klefki|0 fnt","|faint|p2a: Klefki","|","|","|switch|p2a: Diancie|Diancie-Mega|241/241","|-damage|p2a: Diancie|211/241|[from] Stealth Rock","|turn|20","|","|move|p2a: Diancie|Diamond Storm|p1a: Deoxys-Speed","|-damage|p1a: Deoxys-Speed|118/304 par","|move|p1a: Deoxys-Speed|Thunderbolt|p2a: Diancie","|-damage|p2a: Diancie|172/241","|","|turn|21","|","|move|p2a: Diancie|Diamond Storm|p1a: Deoxys-Speed","|-damage|p1a: Deoxys-Speed|0 fnt","|-boost|p2a: Diancie|def|1","|faint|p1a: Deoxys-Speed","|","|","|switch|p1a: Slowbro|Slowbro, F|394/394","|turn|22","|","|move|p2a: Diancie|Moonblast|p1a: Slowbro","|-damage|p1a: Slowbro|150/394","|move|p1a: Slowbro|Scald|p2a: Diancie","|-supereffective|p2a: Diancie","|-damage|p2a: Diancie|69/241","|-status|p2a: Diancie|brn","|","|-damage|p2a: Diancie|39/241 brn|[from] brn","|turn|23","|","|switch|p1a: Mew|Mew|404/404","|move|p2a: Diancie|Moonblast|p1a: Mew","|-damage|p1a: Mew|253/404","|-unboost|p1a: Mew|spa|1","|","|-heal|p1a: Mew|278/404|[from] item: Leftovers","|-damage|p2a: Diancie|9/241 brn|[from] brn","|turn|24","|","|move|p2a: Diancie|Moonblast|p1a: Mew","|-damage|p1a: Mew|136/404","|move|p1a: Mew|Roost|p1a: Mew","|-heal|p1a: Mew|338/404","|","|-heal|p1a: Mew|363/404|[from] item: Leftovers","|-damage|p2a: Diancie|0 fnt|[from] brn","|faint|p2a: Diancie","|","|switch|p2a: Azumarill|Azumarill, M|403/403","|-damage|p2a: Azumarill|353/403|[from] Stealth Rock","|turn|25","|","|move|p1a: Mew|Toxic|p2a: Azumarill","|-status|p2a: Azumarill|tox","|-enditem|p2a: Azumarill|Lum Berry|[eat]","|-curestatus|p2a: Azumarill|tox","|move|p2a: Azumarill|Knock Off|p1a: Mew","|-crit|p1a: Mew","|-supereffective|p1a: Mew","|-damage|p1a: Mew|0 fnt","|-enditem|p1a: Mew|Leftovers|[from] move: Knock Off|[of] p2a: Azumarill","|faint|p1a: Mew","|","|-sideend|p2: Crystal glaceon13|move: Light Screen","|","|switch|p1a: Slowbro|Slowbro, F|281/394","|turn|26","|","|move|p2a: Azumarill|Knock Off|p1a: Slowbro","|-supereffective|p1a: Slowbro","|-damage|p1a: Slowbro|105/394","|-damage|p2a: Azumarill|286/403|[from] item: Rocky Helmet|[of] p1a: Slowbro","|-enditem|p1a: Slowbro|Rocky Helmet|[from] move: Knock Off|[of] p2a: Azumarill","|move|p1a: Slowbro|Slack Off|p1a: Slowbro","|-heal|p1a: Slowbro|302/394","|","|turn|27","|","|switch|p2a: Granbull|Granbull, M|136/355 slp","|-damage|p2a: Granbull|92/355 slp|[from] Stealth Rock","|-ability|p2a: Granbull|Intimidate","|-unboost|p1a: Slowbro|atk|1","|move|p1a: Slowbro|Yawn|p2a: Granbull","|-fail|p2a: Granbull","|","|-heal|p2a: Granbull|114/355 slp|[from] item: Leftovers","|turn|28","|","|cant|p2a: Granbull|slp","|move|p1a: Slowbro|Scald|p2a: Granbull","|-damage|p2a: Granbull|0 fnt","|faint|p2a: Granbull","|","|","|switch|p2a: Azumarill|Azumarill, M|286/403","|-damage|p2a: Azumarill|236/403|[from] Stealth Rock","|turn|29","|","|move|p2a: Azumarill|Play Rough|p1a: Slowbro","|-damage|p1a: Slowbro|163/394","|move|p1a: Slowbro|Slack Off|p1a: Slowbro","|-heal|p1a: Slowbro|360/394","|","|turn|30","|","|move|p2a: Azumarill|Knock Off|p1a: Slowbro","|-supereffective|p1a: Slowbro","|-damage|p1a: Slowbro|222/394","|move|p1a: Slowbro|Yawn|p2a: Azumarill","|-start|p2a: Azumarill|move: Yawn|[of] p1a: Slowbro","|","|turn|31","|","|move|p2a: Azumarill|Knock Off|p1a: Slowbro","|-supereffective|p1a: Slowbro","|-damage|p1a: Slowbro|100/394","|move|p1a: Slowbro|Scald|p2a: Azumarill","|-resisted|p2a: Azumarill","|-damage|p2a: Azumarill|179/403","|","|-end|p2a: Azumarill|move: Yawn|[silent]","|-status|p2a: Azumarill|slp","|turn|32","|","|cant|p2a: Azumarill|slp","|move|p1a: Slowbro|Slack Off|p1a: Slowbro","|-heal|p1a: Slowbro|297/394","|","|turn|33","|","|cant|p2a: Azumarill|slp","|move|p1a: Slowbro|Scald|p2a: Azumarill","|-resisted|p2a: Azumarill","|-damage|p2a: Azumarill|122/403 slp","|","|turn|34","|","|-curestatus|p2a: Azumarill|slp","|move|p2a: Azumarill|Knock Off|p1a: Slowbro","|-supereffective|p1a: Slowbro","|-damage|p1a: Slowbro|163/394","|move|p1a: Slowbro|Slack Off|p1a: Slowbro","|-heal|p1a: Slowbro|360/394","|","|turn|35","|","|move|p2a: Azumarill|Knock Off|p1a: Slowbro","|-supereffective|p1a: Slowbro","|-damage|p1a: Slowbro|238/394","|move|p1a: Slowbro|Scald|p2a: Azumarill","|-resisted|p2a: Azumarill","|-damage|p2a: Azumarill|68/403","|-status|p2a: Azumarill|brn","|","|-damage|p2a: Azumarill|18/403 brn|[from] brn","|turn|36","|","|switch|p1a: Hoopa-Unbound|Hoopa-Unbound|1/301","|move|p2a: Azumarill|Knock Off|p1a: Hoopa-Unbound","|-crit|p1a: Hoopa-Unbound","|-damage|p1a: Hoopa-Unbound|0 fnt","|-enditem|p1a: Hoopa-Unbound|Choice Scarf|[from] move: Knock Off|[of] p2a: Azumarill","|faint|p1a: Hoopa-Unbound","|","|-damage|p2a: Azumarill|0 fnt|[from] brn","|faint|p2a: Azumarill","|","|win|Seven Swell"],"p1rating":{"entryid":"86214","serverid":"eos","formatid":"monotype","userid":"sevenswell","username":"Seven Swell","w":6,"l":"1","t":"0","gxe":63.4,"r":"1569.9288341314","rd":"103.18022619217","sigma":"0","rptime":"1439974800","rpr":1607.2306665196,"rprd":96.537339423096,"rpsigma":"0","acre":1149.5226124442,"lacre":1149.5226124442,"oldacre":"1130.9194355059"},"p2rating":{"entryid":"88686","serverid":"eos","formatid":"monotype","userid":"crystalglaceon13","username":"Crystal glaceon13","w":"1","l":1,"t":"0","gxe":49,"r":"1524.8979839392","rd":"123.59379405841","sigma":"0","rptime":"1439974800","rpr":1491.9452434181,"rprd":117.17431924355,"rpsigma":"0","acre":1028.0939667595,"lacre":1028.0939667595,"oldacre":"1040"},"endType":"normal"}