{"seed":[13069,10129,17197,64021],"turns":25,"p1":"Kah521","p2":"Suichika","p1team":[{"name":"Ft. Us","species":"mew","item":"leftovers","ability":"Synchronize","moves":["bulkup","drainpunch","zenheadbutt","roost"],"nature":"Careful","evs":{"hp":252,"atk":4,"def":0,"spa":0,"spd":252,"spe":0},"ivs":{"hp":31,"atk":31,"def":31,"spa":31,"spd":31,"spe":31}},{"name":"I will fuck you.","species":"jirachi","item":"leftovers","ability":"Serene Grace","moves":["ironhead","stealthrock","uturn","firepunch"],"nature":"Careful","evs":{"hp":252,"atk":0,"def":0,"spa":0,"spd":176,"spe":80},"ivs":{"hp":31,"atk":31,"def":31,"spa":31,"spd":31,"spe":31}},{"name":"A good prankster","species":"meowstic","item":"lightclay","ability":"Prankster","moves":["lightscreen","reflect","thunderwave","darkpulse"],"nature":"Timid","evs":{"hp":252,"atk":0,"def":0,"spa":4,"spd":0,"spe":252},"shiny":true,"ivs":{"hp":31,"atk":31,"def":31,"spa":31,"spd":31,"spe":31}},{"name":"Aero","species":"latios","item":"choicespecs","ability":"Levitate","moves":["dracometeor","psychic","psyshock","thunderbolt"],"nature":"Timid","evs":{"hp":4,"atk":0,"def":0,"spa":252,"spd":0,"spe":252},"shiny":true,"ivs":{"hp":31,"atk":31,"def":31,"spa":31,"spd":31,"spe":31}},{"name":"Latias","species":"Latias","item":"latiasite","ability":"Levitate","moves":["roost","reflect","calmmind","storedpower"],"nature":"Bold","evs":{"hp":248,"atk":0,"def":84,"spa":0,"spd":0,"spe":176},"ivs":{"hp":31,"atk":31,"def":31,"spa":31,"spd":31,"spe":31}},{"name":"Hoopa-Unbound","species":"Hoopa-Unbound","item":"leftovers","ability":"Magician","moves":["substitute","hyperspacefury","gunkshot","drainpunch"],"nature":"Jolly","evs":{"hp":4,"atk":252,"def":0,"spa":0,"spd":0,"spe":252},"ivs":{"hp":31,"atk":31,"def":31,"spa":31,"spd":31,"spe":31}}],"p2team":[{"name":"Ferrothorn","species":"Ferrothorn","item":"occaberry","ability":"Iron Barbs","moves":["thunderwave","gyroball","knockoff","stealthrock"],"nature":"Adamant","evs":{"hp":168,"atk":0,"def":0,"spa":0,"spd":8,"spe":0},"ivs":{"hp":31,"atk":31,"def":31,"spa":31,"spd":31,"spe":31}},{"name":"Venusaur","species":"Venusaur","item":"venusaurite","ability":"Chlorophyll","moves":["synthesis","sludgebomb","gigadrain","hiddenpowerground"],"nature":"Modest","evs":{"hp":252,"atk":0,"def":0,"spa":252,"spd":4,"spe":0},"ivs":{"hp":31,"atk":31,"def":31,"spa":30,"spd":30,"spe":31}},{"name":"Serperior","species":"Serperior","item":"lifeorb","ability":"Contrary","moves":["leafstorm","dragonpulse","hiddenpowerfire","gigadrain"],"nature":"Timid","evs":{"hp":0,"atk":0,"def":0,"spa":252,"spd":4,"spe":252},"ivs":{"hp":31,"atk":30,"def":31,"spa":30,"spd":31,"spe":30}},{"name":"Roserade","species":"Roserade","item":"choicescarf","ability":"Technician","moves":["hiddenpowerrock","sludgebomb","shadowball","leafstorm"],"nature":"Timid","evs":{"hp":0,"atk":0,"def":0,"spa":252,"spd":4,"spe":252},"ivs":{"hp":31,"atk":31,"def":30,"spa":31,"spd":30,"spe":30}},{"name":"Celebi","species":"Celebi","item":"choicespecs","ability":"Natural Cure","moves":["gigadrain","earthpower","psychic","signalbeam"],"nature":"Timid","evs":{"hp":0,"atk":0,"def":0,"spa":252,"spd":4,"spe":252},"ivs":{"hp":31,"atk":31,"def":31,"spa":31,"spd":31,"spe":31}},{"name":"Breloom","species":"Breloom","item":"focussash","ability":"Technician","moves":["spore","machpunch","rocktomb","bulletseed"],"nature":"Jolly","evs":{"hp":0,"atk":252,"def":0,"spa":0,"spd":4,"spe":252},"ivs":{"hp":31,"atk":31,"def":31,"spa":31,"spd":31,"spe":31}}],"log":["|player|p1|Kah521|kah521.png","|player|p2|Suichika|265","|gametype|singles","|gen|6","|tier|Monotype","|rated","|rule|Baton Pass Clause: Limit one Baton Passer, can't pass Spe and other stats simultaneously","|rule|Swagger Clause: Swagger is banned","|rule|Same Type Clause: Pokémon in a team must share a type","|clearpoke","|poke|p1|Mew","|poke|p1|Jirachi","|poke|p1|Meowstic, M, shiny","|poke|p1|Latios, M, shiny","|poke|p1|Latias, F","|poke|p1|Hoopa-Unbound","|poke|p2|Ferrothorn, F","|poke|p2|Venusaur, M","|poke|p2|Serperior, M","|poke|p2|Roserade, M","|poke|p2|Celebi","|poke|p2|Breloom, F","|rule|Sleep Clause Mod: Limit one foe put to sleep","|rule|Species Clause: Limit one of each Pokémon","|rule|OHKO Clause: OHKO moves are banned","|rule|Moody Clause: Moody is banned","|rule|Evasion Moves Clause: Evasion moves are banned","|rule|Endless Battle Clause: Forcing endless battles is banned","|rule|HP Percentage Mod: HP is shown in percentages","|teampreview","|","|start","|switch|p1a: Aero|Latios, M, shiny|302/302","|switch|p2a: Ferrothorn|Ferrothorn, F|331/331","|turn|1","|","|move|p1a: Aero|Psychic|p2a: Ferrothorn","|-resisted|p2a: Ferrothorn","|-damage|p2a: Ferrothorn|217/331","|move|p2a: Ferrothorn|Knock Off|p1a: Aero","|-supereffective|p1a: Aero","|-damage|p1a: Aero|126/302","|-enditem|p1a: Aero|Choice Specs|[from] move: Knock Off|[of] p2a: Ferrothorn","|","|turn|2","|","|move|p1a: Aero|Draco Meteor|p2a: Ferrothorn|[miss]","|-miss|p1a: Aero|p2a: Ferrothorn","|move|p2a: Ferrothorn|Stealth Rock|p1a: Aero","|-sidestart|p1: Kah521|move: Stealth Rock","|","|turn|3","|","|move|p1a: Aero|Draco Meteor|p2a: Ferrothorn","|-resisted|p2a: Ferrothorn","|-damage|p2a: Ferrothorn|107/331","|-unboost|p1a: Aero|spa|2","|move|p2a: Ferrothorn|Gyro Ball|p1a: Aero","|-damage|p1a: Aero|0 fnt","|faint|p1a: Aero","|","|","|switch|p1a: I will fuck you.|Jirachi|404/404","|-damage|p1a: I will fuck you.|379/404|[from] Stealth Rock","|turn|4","|","|move|p1a: I will fuck you.|Fire Punch|p2a: Ferrothorn","|-supereffective|p2a: Ferrothorn","|-enditem|p2a: Ferrothorn|Occa Berry|[eat]","|-damage|p2a: Ferrothorn|11/331","|-damage|p1a: I will fuck you.|329/404|[from] ability: Iron Barbs|[of] p2a: Ferrothorn","|move|p2a: Ferrothorn|Knock Off|p1a: I will fuck you.","|-supereffective|p1a: I will fuck you.","|-damage|p1a: I will fuck you.|165/404","|-enditem|p1a: I will fuck you.|Leftovers|[from] move: Knock Off|[of] p2a: Ferrothorn","|","|turn|5","|","|move|p1a: I will fuck you.|Stealth Rock|p2a: Ferrothorn","|-sidestart|p2: Suichika|move: Stealth Rock","|move|p2a: Ferrothorn|Thunder Wave|p1a: I will fuck you.","|-status|p1a: I will fuck you.|par","|","|turn|6","|","|move|p2a: Ferrothorn|Knock Off|p1a: I will fuck you.","|-supereffective|p1a: I will fuck you.","|-damage|p1a: I will fuck you.|59/404 par","|cant|p1a: I will fuck you.|par","|","|turn|7","|","|move|p2a: Ferrothorn|Knock Off|p1a: I will fuck you.","|-supereffective|p1a: I will fuck you.","|-damage|p1a: I will fuck you.|0 fnt","|faint|p1a: I will fuck you.","|","|","|switch|p1a: Ft. Us|Mew|404/404","|-damage|p1a: Ft. Us|354/404|[from] Stealth Rock","|turn|8","|","|move|p1a: Ft. Us|Drain Punch|p2a: Ferrothorn","|-supereffective|p2a: Ferrothorn","|-damage|p2a: Ferrothorn|0 fnt","|-heal|p1a: Ft. Us|360/404|[from] drain|[of] p2a: Ferrothorn","|-damage|p1a: Ft. Us|310/404|[from] ability: Iron Barbs|[of] p2a: Ferrothorn","|faint|p2a: Ferrothorn","|","|-heal|p1a: Ft. Us|335/404|[from] item: Leftovers","|","|switch|p2a: Celebi|Celebi|341/341","|-damage|p2a: Celebi|299/341|[from] Stealth Rock","|turn|9","|","|switch|p1a: A good prankster|Meowstic, M, shiny|352/352","|-damage|p1a: A good prankster|308/352|[from] Stealth Rock","|move|p2a: Celebi|Signal Beam|p1a: A good prankster","|-supereffective|p1a: A good prankster","|-damage|p1a: A good prankster|56/352","|","|turn|10","|","|move|p1a: A good prankster|Light Screen|p1a: A good prankster","|-sidestart|p1: Kah521|move: Light Screen","|move|p2a: Celebi|Signal Beam|p1a: A good prankster","|-crit|p1a: A good prankster","|-supereffective|p1a: A good prankster","|-damage|p1a: A good prankster|0 fnt","|faint|p1a: A good prankster","|","|","|switch|p1a: Latias|Latias, F|363/363","|-damage|p1a: Latias|318/363|[from] Stealth Rock","|turn|11","|","|detailschange|p1a: Latias|Latias-Mega, F","|-mega|p1a: Latias|Latias|Latiasite","|move|p2a: Celebi|Signal Beam|p1a: Latias","|-supereffective|p1a: Latias","|-damage|p1a: Latias|240/363","|move|p1a: Latias|Calm Mind|p1a: Latias","|-boost|p1a: Latias|spa|1","|-boost|p1a: Latias|spd|1","|","|turn|12","|","|move|p2a: Celebi|Signal Beam|p1a: Latias","|-supereffective|p1a: Latias","|-damage|p1a: Latias|191/363","|move|p1a: Latias|Calm Mind|p1a: Latias","|-boost|p1a: Latias|spa|1","|-boost|p1a: Latias|spd|1","|","|turn|13","|","|switch|p2a: Breloom|Breloom, F|261/261","|-damage|p2a: Breloom|245/261|[from] Stealth Rock","|move|p1a: Latias|Calm Mind|p1a: Latias","|-boost|p1a: Latias|spa|1","|-boost|p1a: Latias|spd|1","|","|turn|14","|","|move|p1a: Latias|Roost|p1a: Latias","|-heal|p1a: Latias|363/363","|move|p2a: Breloom|Spore|p1a: Latias","|-status|p1a: Latias|slp","|","|turn|15","|","|switch|p2a: Serperior|Serperior, M|291/291","|-damage|p2a: Serperior|255/291|[from] Stealth Rock","|cant|p1a: Latias|slp","|","|turn|16","|","|move|p2a: Serperior|Leaf Storm|p1a: Latias","|-resisted|p1a: Latias","|-damage|p1a: Latias|348/363 slp","|-boost|p2a: Serperior|spa|2","|-damage|p2a: Serperior|226/291|[from] item: Life Orb","|cant|p1a: Latias|slp","|","|turn|17","|","|move|p2a: Serperior|Dragon Pulse|p1a: Latias","|-supereffective|p1a: Latias","|-damage|p1a: Latias|299/363 slp","|-damage|p2a: Serperior|197/291|[from] item: Life Orb","|cant|p1a: Latias|slp","|","|-sideend|p1: Kah521|move: Light Screen","|turn|18","|","|move|p2a: Serperior|Dragon Pulse|p1a: Latias","|-supereffective|p1a: Latias","|-damage|p1a: Latias|187/363 slp","|-damage|p2a: Serperior|168/291|[from] item: Life Orb","|-curestatus|p1a: Latias|slp","|move|p1a: Latias|Stored Power|p2a: Serperior","|-damage|p2a: Serperior|0 fnt","|faint|p2a: Serperior","|","|","|switch|p2a: Breloom|Breloom, F|245/261","|-damage|p2a: Breloom|229/261|[from] Stealth Rock","|turn|19","|","|move|p1a: Latias|Stored Power|p2a: Breloom","|-supereffective|p2a: Breloom","|-damage|p2a: Breloom|0 fnt","|faint|p2a: Breloom","|","|","|switch|p2a: Venusaur|Venusaur, M|364/364","|-damage|p2a: Venusaur|319/364|[from] Stealth Rock","|turn|20","|","|detailschange|p2a: Venusaur|Venusaur-Mega, M","|-mega|p2a: Venusaur|Venusaur|Venusaurite","|move|p1a: Latias|Stored Power|p2a: Venusaur","|-supereffective|p2a: Venusaur","|-damage|p2a: Venusaur|0 fnt","|faint|p2a: Venusaur","|","|","|switch|p2a: Roserade|Roserade, M|261/261","|-damage|p2a: Roserade|229/261|[from] Stealth Rock","|turn|21","|","|move|p2a: Roserade|Shadow Ball|p1a: Latias","|-supereffective|p1a: Latias","|-damage|p1a: Latias|137/363","|-unboost|p1a: Latias|spd|1","|move|p1a: Latias|Stored Power|p2a: Roserade","|-supereffective|p2a: Roserade","|-damage|p2a: Roserade|0 fnt","|faint|p2a: Roserade","|","|","|switch|p2a: Celebi|Celebi|299/341","|-damage|p2a: Celebi|257/341|[from] Stealth Rock","|turn|22","|","|move|p2a: Celebi|Signal Beam|p1a: Latias","|-supereffective|p1a: Latias","|-damage|p1a: Latias|53/363","|move|p1a: Latias|Roost|p1a: Latias","|-heal|p1a: Latias|235/363","|","|turn|23","|","|move|p2a: Celebi|Signal Beam|p1a: Latias","|-supereffective|p1a: Latias","|-damage|p1a: Latias|147/363","|move|p1a: Latias|Roost|p1a: Latias","|-heal|p1a: Latias|329/363","|","|turn|24","|","|move|p2a: Celebi|Signal Beam|p1a: Latias","|-supereffective|p1a: Latias","|-damage|p1a: Latias|251/363","|move|p1a: Latias|Calm Mind|p1a: Latias","|-boost|p1a: Latias|spa|1","|-boost|p1a: Latias|spd|1","|","|turn|25","|","|win|Kah521"],"p1rating":{"entryid":"98502","serverid":"eos","formatid":"monotype","userid":"kah521","username":"Kah521","w":2,"l":"1","t":"0","gxe":54.2,"r":"1540.1606143388","rd":"122.8583080769","sigma":"0","rptime":"1439974800","rpr":1533.1018856671,"rprd":111.63002965141,"rpsigma":"0","acre":1062.5909407261,"lacre":1062.5909407261,"oldacre":"1030.1951992394"},"p2rating":{"entryid":158116,"formatid":"monotype","userid":"suichika","username":"Suichika","r":1500,"rd":130,"sigma":0,"rpr":1463.8817120122,"rprd":122.83141802352,"rpsigma":0,"rptime":1439974800,"w":0,"l":1,"t":0,"gxe":45.5,"acre":1000,"lacre":1000,"oldacre":1000},"endType":"forfeit"}