{"seed":[40182,61191,44650,48847],"turns":22,"p1":"Alpha알파α큐레무Kyurem","p2":"GTX♅Cool","p1team":[{"name":"ラティオス","species":"latios","item":"choicescarf","ability":"Levitate","moves":["shadowball","dragonpulse","psyshock","icebeam"],"nature":"Timid","evs":{"hp":0,"atk":0,"def":4,"spa":252,"spd":0,"spe":252},"ivs":{"hp":31,"atk":0,"def":31,"spa":31,"spd":31,"spe":31}},{"name":"キュレム","species":"kyuremblack","item":"choiceband","ability":"Teravolt","moves":["zenheadbutt","outrage","fusionbolt","ironhead"],"nature":"Adamant","evs":{"hp":0,"atk":252,"def":4,"spa":0,"spd":0,"spe":252},"shiny":true,"ivs":{"hp":31,"atk":31,"def":31,"spa":31,"spd":31,"spe":31}},{"name":"サザンドラ","species":"hydreigon","item":"lifeorb","ability":"Levitate","moves":["darkpulse","flamethrower","dracometeor","flashcannon"],"nature":"Timid","evs":{"hp":0,"atk":0,"def":4,"spa":252,"spd":0,"spe":252},"shiny":true,"ivs":{"hp":31,"atk":31,"def":31,"spa":31,"spd":31,"spe":31}},{"name":"ガブリアス","species":"garchomp","item":"rockyhelmet","ability":"Rough Skin","moves":["stealthrock","earthquake","dragontail","endure"],"nature":"Impish","evs":{"hp":252,"atk":0,"def":232,"spa":0,"spd":24,"spe":0},"ivs":{"hp":31,"atk":31,"def":31,"spa":31,"spd":31,"spe":31}},{"name":"ラティアス","species":"latias","item":"latiasite","ability":"Levitate","moves":["calmmind","recover","storedpower","substitute"],"nature":"Bold","evs":{"hp":252,"atk":0,"def":240,"spa":0,"spd":0,"spe":16},"ivs":{"hp":31,"atk":0,"def":31,"spa":31,"spd":31,"spe":31}},{"name":"ヌメルゴン","species":"goodra","item":"assaultvest","ability":"Gooey","moves":["fireblast","dracometeor","sludgebomb","muddywater"],"nature":"Modest","evs":{"hp":248,"atk":0,"def":8,"spa":252,"spd":0,"spe":0},"ivs":{"hp":31,"atk":31,"def":31,"spa":31,"spd":31,"spe":31}}],"p2team":[{"name":"Ludicolo","species":"Ludicolo","item":"lifeorb","ability":"Swift Swim","moves":["surf","gigadrain","icebeam","focusblast"],"nature":"","evs":{"hp":0,"atk":0,"def":0,"spa":252,"spd":4,"spe":252},"ivs":{"hp":31,"atk":31,"def":31,"spa":31,"spd":31,"spe":31}},{"name":"Politoed","species":"Politoed","item":"leftovers","ability":"Drizzle","moves":["scald","icebeam","perishsong","protect"],"nature":"","evs":{"hp":252,"atk":0,"def":76,"spa":76,"spd":100,"spe":4},"ivs":{"hp":31,"atk":31,"def":31,"spa":31,"spd":31,"spe":31}},{"name":"Keldeo","species":"Keldeo","item":"choicescarf","ability":"Justified","moves":["scald","sacredsword","hydropump","icywind"],"nature":"Timid","evs":{"hp":0,"atk":0,"def":4,"spa":252,"spd":0,"spe":252},"ivs":{"hp":31,"atk":31,"def":31,"spa":31,"spd":31,"spe":31}},{"name":"Gyarados","species":"Gyarados","item":"choicescarf","ability":"Moxie","moves":["waterfall","earthquake","dragondance","protect"],"nature":"Adamant","evs":{"hp":12,"atk":252,"def":0,"spa":0,"spd":0,"spe":244},"ivs":{"hp":31,"atk":30,"def":31,"spa":30,"spd":31,"spe":30}},{"name":"Swampert","species":"Swampert","item":"swampertite","ability":"Damp","moves":["waterfall","earthquake","icepunch","poweruppunch"],"nature":"Adamant","evs":{"hp":0,"atk":252,"def":4,"spa":0,"spd":0,"spe":252},"ivs":{"hp":31,"atk":31,"def":31,"spa":31,"spd":31,"spe":31}},{"name":"Azumarill","species":"Azumarill","item":"sitrusberry","ability":"Sap Sipper","moves":["bellydrum","aquajet","playrough","knockoff"],"nature":"Adamant","evs":{"hp":92,"atk":252,"def":0,"spa":0,"spd":0,"spe":164},"ivs":{"hp":31,"atk":31,"def":31,"spa":31,"spd":31,"spe":31}}],"log":["|player|p1|Alpha알파α큐레무Kyurem|alphakyurem.gif","|player|p2|GTX♅Cool|163","|gametype|singles","|gen|6","|tier|Monotype","|rated","|rule|Baton Pass Clause: Limit one Baton Passer, can't pass Spe and other stats simultaneously","|rule|Swagger Clause: Swagger is banned","|rule|Same Type Clause: Pokémon in a team must share a type","|clearpoke","|poke|p1|Latios, M","|poke|p1|Kyurem-Black, shiny","|poke|p1|Hydreigon, F, shiny","|poke|p1|Garchomp, F","|poke|p1|Latias, F","|poke|p1|Goodra, M","|poke|p2|Ludicolo, F","|poke|p2|Politoed, M","|poke|p2|Keldeo","|poke|p2|Gyarados, F","|poke|p2|Swampert, F","|poke|p2|Azumarill, M","|rule|Sleep Clause Mod: Limit one foe put to sleep","|rule|Species Clause: Limit one of each Pokémon","|rule|OHKO Clause: OHKO moves are banned","|rule|Moody Clause: Moody is banned","|rule|Evasion Moves Clause: Evasion moves are banned","|rule|Endless Battle Clause: Forcing endless battles is banned","|rule|HP Percentage Mod: HP is shown in percentages","|teampreview","|","|start","|switch|p1a: キュレム|Kyurem-Black, shiny|391/391","|switch|p2a: Swampert|Swampert, F|341/341","|-ability|p1a: キュレム|Teravolt","|turn|1","|","|switch|p1a: ガブリアス|Garchomp, F|420/420","|detailschange|p2a: Swampert|Swampert-Mega, F","|-mega|p2a: Swampert|Swampert|Swampertite","|move|p2a: Swampert|Waterfall|p1a: ガブリアス","|-damage|p1a: ガブリアス|291/420","|-damage|p2a: Swampert|299/341|[from] ability: Rough Skin|[of] p1a: ガブリアス","|-damage|p2a: Swampert|243/341|[from] item: Rocky Helmet|[of] p1a: ガブリアス","|","|turn|2","|","|move|p1a: ガブリアス|Stealth Rock|p2a: Swampert","|-sidestart|p2: GTX♅Cool|move: Stealth Rock","|move|p2a: Swampert|Ice Punch|p1a: ガブリアス","|-supereffective|p1a: ガブリアス","|-damage|p1a: ガブリアス|0 fnt","|-damage|p2a: Swampert|201/341|[from] ability: Rough Skin|[of] p1a: ガブリアス","|-damage|p2a: Swampert|145/341|[from] item: Rocky Helmet|[of] p1a: ガブリアス","|faint|p1a: ガブリアス","|","|","|switch|p1a: サザンドラ|Hydreigon, F, shiny|325/325","|turn|3","|","|switch|p2a: Azumarill|Azumarill, M|364/364","|-damage|p2a: Azumarill|319/364|[from] Stealth Rock","|move|p1a: サザンドラ|Dark Pulse|p2a: Azumarill","|-crit|p2a: Azumarill","|-resisted|p2a: Azumarill","|-damage|p2a: Azumarill|162/364","|-damage|p1a: サザンドラ|293/325|[from] item: Life Orb","|-enditem|p2a: Azumarill|Sitrus Berry|[eat]","|-heal|p2a: Azumarill|253/364|[from] item: Sitrus Berry","|","|turn|4","|","|move|p1a: サザンドラ|Flash Cannon|p2a: Azumarill","|-damage|p2a: Azumarill|120/364","|-damage|p1a: サザンドラ|261/325|[from] item: Life Orb","|move|p2a: Azumarill|Knock Off|p1a: サザンドラ","|-resisted|p1a: サザンドラ","|-damage|p1a: サザンドラ|222/325","|-enditem|p1a: サザンドラ|Life Orb|[from] move: Knock Off|[of] p2a: Azumarill","|","|turn|5","|","|move|p1a: サザンドラ|Flash Cannon|p2a: Azumarill","|-crit|p2a: Azumarill","|-damage|p2a: Azumarill|0 fnt","|faint|p2a: Azumarill","|","|","|switch|p2a: Politoed|Politoed, M|384/384","|-damage|p2a: Politoed|336/384|[from] Stealth Rock","|-weather|RainDance","|turn|6","|","|move|p1a: サザンドラ|Draco Meteor|p2a: Politoed","|-damage|p2a: Politoed|122/384","|-unboost|p1a: サザンドラ|spa|2","|move|p2a: Politoed|Ice Beam|p1a: サザンドラ","|-supereffective|p1a: サザンドラ","|-damage|p1a: サザンドラ|72/325","|","|-weather|RainDance|[upkeep]","|-heal|p2a: Politoed|146/384|[from] item: Leftovers","|turn|7","|","|move|p2a: Politoed|Protect|p2a: Politoed","|-singleturn|p2a: Politoed|Protect","|move|p1a: サザンドラ|Draco Meteor|p2a: Politoed","|-activate|p2a: Politoed|Protect","|","|-weather|RainDance|[upkeep]","|-heal|p2a: Politoed|170/384|[from] item: Leftovers","|turn|8","|","|switch|p1a: ヌメルゴン|Goodra, M|383/383","|move|p2a: Politoed|Ice Beam|p1a: ヌメルゴン","|-supereffective|p1a: ヌメルゴン","|-damage|p1a: ヌメルゴン|311/383","|","|-weather|RainDance|[upkeep]","|-heal|p2a: Politoed|194/384|[from] item: Leftovers","|turn|9","|","|move|p1a: ヌメルゴン|Sludge Bomb|p2a: Politoed","|-damage|p2a: Politoed|98/384","|-status|p2a: Politoed|psn","|move|p2a: Politoed|Ice Beam|p1a: ヌメルゴン","|-supereffective|p1a: ヌメルゴン","|-damage|p1a: ヌメルゴン|243/383","|","|-weather|RainDance|[upkeep]","|-heal|p2a: Politoed|122/384 psn|[from] item: Leftovers","|-damage|p2a: Politoed|74/384 psn|[from] psn","|turn|10","|","|switch|p2a: Ludicolo|Ludicolo, F|301/301","|-damage|p2a: Ludicolo|264/301|[from] Stealth Rock","|move|p1a: ヌメルゴン|Sludge Bomb|p2a: Ludicolo","|-supereffective|p2a: Ludicolo","|-damage|p2a: Ludicolo|44/301","|","|-weather|none","|turn|11","|","|move|p2a: Ludicolo|Focus Blast|p1a: ヌメルゴン","|-damage|p1a: ヌメルゴン|181/383","|-damage|p2a: Ludicolo|14/301|[from] item: Life Orb","|move|p1a: ヌメルゴン|Sludge Bomb|p2a: Ludicolo","|-supereffective|p2a: Ludicolo","|-damage|p2a: Ludicolo|0 fnt","|faint|p2a: Ludicolo","|","|","|switch|p2a: Gyarados|Gyarados, F|334/334","|-damage|p2a: Gyarados|251/334|[from] Stealth Rock","|turn|12","|","|move|p2a: Gyarados|Earthquake|p1a: ヌメルゴン","|-damage|p1a: ヌメルゴン|14/383","|move|p1a: ヌメルゴン|Draco Meteor|p2a: Gyarados","|-damage|p2a: Gyarados|10/334","|-unboost|p1a: ヌメルゴン|spa|2","|","|turn|13","|","|move|p2a: Gyarados|Earthquake|p1a: ヌメルゴン","|-damage|p1a: ヌメルゴン|0 fnt","|faint|p1a: ヌメルゴン","|-boost|p2a: Gyarados|atk|1|[from] ability: Moxie","|","|","|switch|p1a: ラティアス|Latias, F|364/364","|turn|14","|","|switch|p2a: Keldeo|Keldeo|323/323","|-damage|p2a: Keldeo|303/323|[from] Stealth Rock","|detailschange|p1a: ラティアス|Latias-Mega, F","|-mega|p1a: ラティアス|Latias|Latiasite","|move|p1a: ラティアス|Calm Mind|p1a: ラティアス","|-boost|p1a: ラティアス|spa|1","|-boost|p1a: ラティアス|spd|1","|","|turn|15","|","|move|p2a: Keldeo|Icy Wind|p1a: ラティアス","|-supereffective|p1a: ラティアス","|-damage|p1a: ラティアス|306/364","|-unboost|p1a: ラティアス|spe|1","|move|p1a: ラティアス|Substitute|p1a: ラティアス","|-start|p1a: ラティアス|Substitute","|-damage|p1a: ラティアス|215/364","|","|turn|16","|","|move|p2a: Keldeo|Icy Wind|p1a: ラティアス","|-supereffective|p1a: ラティアス","|-activate|p1a: ラティアス|Substitute|[damage]","|move|p1a: ラティアス|Calm Mind|p1a: ラティアス","|-boost|p1a: ラティアス|spa|1","|-boost|p1a: ラティアス|spd|1","|","|turn|17","|","|move|p2a: Keldeo|Icy Wind|p1a: ラティアス","|-supereffective|p1a: ラティアス","|-end|p1a: ラティアス|Substitute","|move|p1a: ラティアス|Substitute|p1a: ラティアス","|-start|p1a: ラティアス|Substitute","|-damage|p1a: ラティアス|124/364","|","|turn|18","|","|move|p2a: Keldeo|Icy Wind|p1a: ラティアス","|-supereffective|p1a: ラティアス","|-activate|p1a: ラティアス|Substitute|[damage]","|move|p1a: ラティアス|Recover|p1a: ラティアス","|-heal|p1a: ラティアス|306/364","|","|turn|19","|","|switch|p2a: Gyarados|Gyarados, F|10/334","|-damage|p2a: Gyarados|0 fnt|[from] Stealth Rock","|faint|p2a: Gyarados","|move|p1a: ラティアス|Calm Mind|p1a: ラティアス","|-boost|p1a: ラティアス|spa|1","|-boost|p1a: ラティアス|spd|1","|","|","|switch|p2a: Swampert|Swampert-Mega, F|145/341","|-damage|p2a: Swampert|124/341|[from] Stealth Rock","|turn|20","|","|move|p2a: Swampert|Ice Punch|p1a: ラティアス","|-crit|p1a: ラティアス","|-supereffective|p1a: ラティアス","|-end|p1a: ラティアス|Substitute","|move|p1a: ラティアス|Stored Power|p2a: Swampert","|-crit|p2a: Swampert","|-damage|p2a: Swampert|0 fnt","|faint|p2a: Swampert","|","|","|switch|p2a: Keldeo|Keldeo|303/323","|-damage|p2a: Keldeo|283/323|[from] Stealth Rock","|turn|21","|","|move|p2a: Keldeo|Scald|p1a: ラティアス","|-resisted|p1a: ラティアス","|-damage|p1a: ラティアス|285/364","|-status|p1a: ラティアス|brn","|move|p1a: ラティアス|Stored Power|p2a: Keldeo","|-supereffective|p2a: Keldeo","|-damage|p2a: Keldeo|0 fnt","|faint|p2a: Keldeo","|","|-damage|p1a: ラティアス|240/364 brn|[from] brn","|","|switch|p2a: Politoed|Politoed, M|74/384 psn","|-damage|p2a: Politoed|26/384 psn|[from] Stealth Rock","|-weather|RainDance","|turn|22","|","|move|p2a: Politoed|Ice Beam|p1a: ラティアス","|-supereffective|p1a: ラティアス","|-damage|p1a: ラティアス|200/364 brn","|move|p1a: ラティアス|Stored Power|p2a: Politoed","|-damage|p2a: Politoed|0 fnt","|faint|p2a: Politoed","|","|win|Alpha알파α큐레무Kyurem"],"p1rating":{"entryid":"22404","serverid":"eos","formatid":"monotype","userid":"alphakyurem","username":"Alpha알파α큐레무Kyurem","w":12,"l":"1","t":"0","gxe":72.7,"r":"1540.1606143388","rd":"122.8583080769","sigma":"0","rptime":"1439888400","rpr":1689.3483486175,"rprd":81.940605432199,"rpsigma":"0","acre":1222.9331010084,"lacre":1222.9331010084,"oldacre":"1205.2104243458"},"p2rating":{"entryid":"10847","serverid":"eos","formatid":"monotype","userid":"gtxcool","username":"GTX♅Cool","w":"8","l":23,"t":"0","gxe":31.8,"r":"1342.945816768","rd":"99.186710102519","sigma":"0","rptime":"1439888400","rpr":1354.2748195127,"rprd":63.238965456309,"rpsigma":"0","acre":1083.3404682328,"lacre":1083.3404682328,"oldacre":"1101.0631448954"},"endType":"normal"}