{"seed":[53794,4809,6080,17661],"turns":21,"p1":"Guard☆☆☆Wulf☆☆☆","p2":"TTIL-maz","p1team":[{"name":"Cobalion","species":"Cobalion","item":"leftovers","ability":"Justified","moves":["stealthrock","voltswitch","flashcannon","thunderwave"],"nature":"Bold","evs":{"hp":200,"atk":0,"def":252,"spa":8,"spd":0,"spe":48},"ivs":{"hp":31,"atk":31,"def":31,"spa":31,"spd":31,"spe":31}},{"name":"Gallade","species":"Gallade","item":"galladite","ability":"Justified","moves":["icepunch","closecombat","swordsdance","psychocut"],"nature":"Serious","evs":{"hp":0,"atk":252,"def":0,"spa":0,"spd":4,"spe":252},"ivs":{"hp":31,"atk":31,"def":31,"spa":31,"spd":31,"spe":31}},{"name":"Scrafty","species":"Scrafty","item":"leftovers","ability":"Moxie","moves":["crunch","dragondance","poisonjab","drainpunch"],"nature":"Jolly","evs":{"hp":0,"atk":208,"def":0,"spa":0,"spd":48,"spe":252},"ivs":{"hp":31,"atk":31,"def":31,"spa":31,"spd":31,"spe":31}},{"name":"Keldeo","species":"Keldeo","item":"choicespecs","ability":"Justified","moves":["surf","hydropump","secretsword","icywind"],"nature":"Timid","evs":{"hp":0,"atk":0,"def":0,"spa":252,"spd":4,"spe":252},"ivs":{"hp":31,"atk":31,"def":31,"spa":31,"spd":31,"spe":31}},{"name":"Terrakion","species":"Terrakion","item":"choicescarf","ability":"Justified","moves":["earthquake","stoneedge","poisonjab","closecombat"],"nature":"Jolly","evs":{"hp":0,"atk":252,"def":0,"spa":0,"spd":4,"spe":252},"ivs":{"hp":31,"atk":31,"def":31,"spa":31,"spd":31,"spe":31}},{"name":"Hawlucha","species":"Hawlucha","item":"powerherb","ability":"Unburden","moves":["swordsdance","skyattack","acrobatics","highjumpkick"],"nature":"Jolly","evs":{"hp":0,"atk":252,"def":0,"spa":0,"spd":4,"spe":252},"ivs":{"hp":31,"atk":31,"def":31,"spa":31,"spd":31,"spe":31}}],"p2team":[{"name":"Hoopa","species":"Hoopa","item":"lifeorb","ability":"Magician","moves":["trickroom","hyperspacehole","shadowball","focusblast"],"nature":"Quiet","evs":{"hp":252,"atk":0,"def":0,"spa":252,"spd":4,"spe":0},"ivs":{"hp":31,"atk":31,"def":31,"spa":31,"spd":31,"spe":0}},{"name":"Cofagrigus","species":"Cofagrigus","item":"leftovers","ability":"Mummy","moves":["trickroom","painsplit","willowisp","shadowball"],"nature":"Relaxed","evs":{"hp":248,"atk":0,"def":252,"spa":8,"spd":0,"spe":0},"gender":"M","ivs":{"hp":31,"atk":31,"def":31,"spa":31,"spd":31,"spe":0}},{"name":"Trevenant","species":"Trevenant","item":"sitrusberry","ability":"Harvest","moves":["phantomforce","hornleech","honeclaws","poisonjab"],"nature":"Brave","evs":{"hp":248,"atk":252,"def":0,"spa":0,"spd":8,"spe":0},"gender":"M","ivs":{"hp":31,"atk":31,"def":31,"spa":31,"spd":31,"spe":0}},{"name":"Dusknoir","species":"Dusknoir","item":"lifeorb","ability":"Pressure","moves":["earthquake","shadowpunch","suckerpunch","trickroom"],"nature":"Brave","evs":{"hp":248,"atk":252,"def":0,"spa":0,"spd":8,"spe":0},"gender":"F","ivs":{"hp":31,"atk":31,"def":31,"spa":31,"spd":31,"spe":0}},{"name":"Chandelure","species":"Chandelure","item":"focussash","ability":"Flame Body","moves":["trickroom","flamethrower","darkpulse","shadowball"],"nature":"Quiet","evs":{"hp":248,"atk":0,"def":0,"spa":252,"spd":8,"spe":0},"gender":"M","ivs":{"hp":31,"atk":31,"def":31,"spa":31,"spd":31,"spe":0}},{"name":"Sableye","species":"Sableye","item":"sablenite","ability":"Prankster","moves":["dazzlinggleam","shadowball","foulplay","calmmind"],"nature":"Relaxed","evs":{"hp":248,"atk":0,"def":252,"spa":8,"spd":0,"spe":0},"gender":"F","ivs":{"hp":31,"atk":31,"def":31,"spa":31,"spd":31,"spe":0}}],"log":["|player|p1|Guard☆☆☆Wulf☆☆☆|143","|player|p2|TTIL-maz|144","|gametype|singles","|gen|6","|tier|Monotype","|rated","|rule|Baton Pass Clause: Limit one Baton Passer, can't pass Spe and other stats simultaneously","|rule|Swagger Clause: Swagger is banned","|rule|Same Type Clause: Pokémon in a team must share a type","|clearpoke","|poke|p1|Cobalion","|poke|p1|Gallade, M","|poke|p1|Scrafty, M","|poke|p1|Keldeo","|poke|p1|Terrakion","|poke|p1|Hawlucha, F","|poke|p2|Hoopa","|poke|p2|Cofagrigus, M","|poke|p2|Trevenant, M","|poke|p2|Dusknoir, F","|poke|p2|Chandelure, M","|poke|p2|Sableye, F","|rule|Sleep Clause Mod: Limit one foe put to sleep","|rule|Species Clause: Limit one of each Pokémon","|rule|OHKO Clause: OHKO moves are banned","|rule|Moody Clause: Moody is banned","|rule|Evasion Moves Clause: Evasion moves are banned","|rule|Endless Battle Clause: Forcing endless battles is banned","|rule|HP Percentage Mod: HP is shown in percentages","|teampreview","|","|start","|switch|p1a: Cobalion|Cobalion|373/373","|switch|p2a: Cofagrigus|Cofagrigus, M|319/319","|turn|1","|","|move|p1a: Cobalion|Stealth Rock|p2a: Cofagrigus","|-sidestart|p2: TTIL-maz|move: Stealth Rock","|move|p2a: Cofagrigus|Trick Room|p2a: Cofagrigus","|-fieldstart|move: Trick Room|[of] p2a: Cofagrigus","|","|turn|2","|","|move|p2a: Cofagrigus|Will-O-Wisp|p1a: Cobalion|[miss]","|-miss|p2a: Cofagrigus|p1a: Cobalion","|move|p1a: Cobalion|Flash Cannon|p2a: Cofagrigus","|-damage|p2a: Cofagrigus|228/319","|","|-heal|p2a: Cofagrigus|247/319|[from] item: Leftovers","|turn|3","|","|move|p2a: Cofagrigus|Will-O-Wisp|p1a: Cobalion","|-status|p1a: Cobalion|brn","|move|p1a: Cobalion|Volt Switch|p2a: Cofagrigus","|-crit|p2a: Cofagrigus","|-damage|p2a: Cofagrigus|171/319","|","|switch|p1a: Keldeo|Keldeo|323/323","|","|-heal|p2a: Cofagrigus|190/319|[from] item: Leftovers","|turn|4","|","|move|p2a: Cofagrigus|Pain Split|p1a: Keldeo","|-sethp|p1a: Keldeo|256/323|p2a: Cofagrigus|256/319|[from] move: Pain Split","|move|p1a: Keldeo|Surf|p2a: Cofagrigus","|-damage|p2a: Cofagrigus|25/319","|","|-heal|p2a: Cofagrigus|44/319|[from] item: Leftovers","|turn|5","|","|move|p2a: Cofagrigus|Pain Split|p1a: Keldeo","|-sethp|p1a: Keldeo|150/323|p2a: Cofagrigus|150/319|[from] move: Pain Split","|move|p1a: Keldeo|Surf|p2a: Cofagrigus","|-damage|p2a: Cofagrigus|0 fnt","|faint|p2a: Cofagrigus","|","|-fieldend|move: Trick Room","|","|switch|p2a: Dusknoir|Dusknoir, F|293/293","|-damage|p2a: Dusknoir|257/293|[from] Stealth Rock","|-ability|p2a: Dusknoir|Pressure","|turn|6","|","|move|p1a: Keldeo|Surf|p2a: Dusknoir","|-damage|p2a: Dusknoir|76/293","|move|p2a: Dusknoir|Trick Room|p2a: Dusknoir","|-fieldstart|move: Trick Room|[of] p2a: Dusknoir","|","|turn|7","|","|move|p2a: Dusknoir|Shadow Punch|p1a: Keldeo","|-damage|p1a: Keldeo|1/323","|-damage|p2a: Dusknoir|47/293|[from] item: Life Orb","|move|p1a: Keldeo|Surf|p2a: Dusknoir","|-damage|p2a: Dusknoir|0 fnt","|faint|p2a: Dusknoir","|","|","|switch|p2a: Trevenant|Trevenant, M|373/373","|-damage|p2a: Trevenant|327/373|[from] Stealth Rock","|turn|8","|","|move|p2a: Trevenant|Poison Jab|p1a: Keldeo","|-damage|p1a: Keldeo|0 fnt","|faint|p1a: Keldeo","|","|","|switch|p1a: Scrafty|Scrafty, M|271/271","|turn|9","|","|move|p2a: Trevenant|Phantom Force|p1a: Scrafty|[still]","|-prepare|p2a: Trevenant|Phantom Force|p1a: Scrafty","|move|p1a: Scrafty|Crunch|p2a: Trevenant|[miss]","|-miss|p1a: Scrafty|p2a: Trevenant","|","|turn|10","|","|move|p2a: Trevenant|Phantom Force|p1a: Scrafty|[from]lockedmove","|-resisted|p1a: Scrafty","|-damage|p1a: Scrafty|207/271","|move|p1a: Scrafty|Dragon Dance|p1a: Scrafty","|-boost|p1a: Scrafty|atk|1","|-boost|p1a: Scrafty|spe|1","|","|-heal|p1a: Scrafty|223/271|[from] item: Leftovers","|-fieldend|move: Trick Room","|turn|11","|","|move|p1a: Scrafty|Crunch|p2a: Trevenant","|-supereffective|p2a: Trevenant","|-damage|p2a: Trevenant|0 fnt","|faint|p2a: Trevenant","|-boost|p1a: Scrafty|atk|1|[from] ability: Moxie","|","|-heal|p1a: Scrafty|239/271|[from] item: Leftovers","|","|switch|p2a: Sableye|Sableye, F|303/303","|-damage|p2a: Sableye|266/303|[from] Stealth Rock","|turn|12","|","|detailschange|p2a: Sableye|Sableye-Mega, F","|-mega|p2a: Sableye|Sableye|Sablenite","|move|p1a: Scrafty|Dragon Dance|p1a: Scrafty","|-boost|p1a: Scrafty|atk|1","|-boost|p1a: Scrafty|spe|1","|move|p2a: Sableye|Dazzling Gleam|p1a: Scrafty","|-supereffective|p1a: Scrafty","|-damage|p1a: Scrafty|39/271","|","|-heal|p1a: Scrafty|55/271|[from] item: Leftovers","|turn|13","|","|move|p1a: Scrafty|Crunch|p2a: Sableye","|-damage|p2a: Sableye|115/303","|move|p2a: Sableye|Dazzling Gleam|p1a: Scrafty","|-supereffective|p1a: Scrafty","|-damage|p1a: Scrafty|0 fnt","|faint|p1a: Scrafty","|","|","|switch|p1a: Hawlucha|Hawlucha, F|297/297","|turn|14","|","|move|p1a: Hawlucha|Sky Attack|p2a: Sableye|[still]|[miss]","|-prepare|p1a: Hawlucha|Sky Attack|p2a: Sableye","|-enditem|p1a: Hawlucha|Power Herb","|-anim|p1a: Hawlucha|Sky Attack|p2a: Sableye","|-miss|p1a: Hawlucha|p2a: Sableye","|move|p2a: Sableye|Dazzling Gleam|p1a: Hawlucha","|-supereffective|p1a: Hawlucha","|-damage|p1a: Hawlucha|123/297","|","|turn|15","|","|move|p1a: Hawlucha|Acrobatics|p2a: Sableye","|-damage|p2a: Sableye|15/303","|move|p2a: Sableye|Dazzling Gleam|p1a: Hawlucha","|-supereffective|p1a: Hawlucha","|-damage|p1a: Hawlucha|0 fnt","|faint|p1a: Hawlucha","|","|","|switch|p1a: Gallade|Gallade, M|277/277","|turn|16","|","|detailschange|p1a: Gallade|Gallade-Mega, M","|-mega|p1a: Gallade|Gallade|Galladite","|move|p1a: Gallade|Ice Punch|p2a: Sableye","|-crit|p2a: Sableye","|-damage|p2a: Sableye|0 fnt","|faint|p2a: Sableye","|","|","|switch|p2a: Hoopa|Hoopa|364/364","|-damage|p2a: Hoopa|319/364|[from] Stealth Rock","|turn|17","|","|move|p1a: Gallade|Psycho Cut|p2a: Hoopa","|-resisted|p2a: Hoopa","|-damage|p2a: Hoopa|200/364","|move|p2a: Hoopa|Trick Room|p2a: Hoopa","|-fieldstart|move: Trick Room|[of] p2a: Hoopa","|","|turn|18","|","|move|p2a: Hoopa|Shadow Ball|p1a: Gallade","|-supereffective|p1a: Gallade","|-damage|p1a: Gallade|0 fnt","|-damage|p2a: Hoopa|164/364|[from] item: Life Orb","|faint|p1a: Gallade","|","|","|switch|p1a: Cobalion|Cobalion|373/373 brn","|turn|19","|","|move|p2a: Hoopa|Hyperspace Hole|p1a: Cobalion","|-damage|p1a: Cobalion|95/373 brn","|-damage|p2a: Hoopa|128/364|[from] item: Life Orb","|move|p1a: Cobalion|Flash Cannon|p2a: Hoopa","|-damage|p2a: Hoopa|62/364","|","|-heal|p1a: Cobalion|118/373 brn|[from] item: Leftovers","|-damage|p1a: Cobalion|72/373 brn|[from] brn","|turn|20","|","|move|p2a: Hoopa|Hyperspace Hole|p1a: Cobalion","|-damage|p1a: Cobalion|0 fnt","|-damage|p2a: Hoopa|26/364|[from] item: Life Orb","|faint|p1a: Cobalion","|","|","|switch|p1a: Terrakion|Terrakion|323/323","|turn|21","|","|move|p2a: Hoopa|Hyperspace Hole|p1a: Terrakion","|-supereffective|p1a: Terrakion","|-damage|p1a: Terrakion|0 fnt","|-damage|p2a: Hoopa|0 fnt|[from] item: Life Orb","|faint|p1a: Terrakion","|faint|p2a: Hoopa","|","|win|TTIL-maz"],"p1rating":{"entryid":"152473","serverid":"eos","formatid":"monotype","userid":"guardwulf","username":"Guard Wulf","w":"7","l":4,"t":"0","gxe":56.7,"r":"1500","rd":"130","sigma":"0","rptime":"1439974800","rpr":1551.9108861524,"rprd":85.516369284889,"rpsigma":"0","acre":1094.5641047262,"lacre":1094.5641047262,"oldacre":"1128.4046762011"},"p2rating":{"entryid":164293,"formatid":"monotype","userid":"ttilmaz","username":"TTIL-maz","r":1500,"rd":130,"sigma":0,"rpr":1540.1606143388,"rprd":122.8583080769,"rpsigma":0,"rptime":1439974800,"w":1,"l":0,"t":0,"gxe":55,"acre":1054.1449143598,"lacre":1054.1449143598,"oldacre":1000},"endType":"normal"}