{"seed":[34389,34231,37067,20275],"turns":23,"p1":"I need Furbes","p2":"Marx-Bot","p1team":[{"name":"RAINDROP","species":"politoed","item":"choicespecs","ability":"Drizzle","moves":["hydropump","icebeam","focusblast","hiddenpowergrass"],"nature":"Modest","evs":{"hp":248,"atk":0,"def":0,"spa":252,"spd":8,"spe":0},"ivs":{"hp":31,"atk":30,"def":31,"spa":30,"spd":31,"spe":31},"shiny":true},{"name":"Quagsire","species":"Quagsire","item":"leftovers","ability":"Unaware","moves":["earthquake","recover","toxic","scald"],"nature":"Impish","evs":{"hp":252,"atk":4,"def":252,"spa":0,"spd":0,"spe":0},"ivs":{"hp":31,"atk":31,"def":31,"spa":31,"spd":31,"spe":31}},{"name":"Fatty","species":"slowking","item":"leftovers","ability":"Regenerator","moves":["psychic","calmmind","thunderwave","signalbeam"],"nature":"Modest","evs":{"hp":252,"atk":0,"def":0,"spa":252,"spd":4,"spe":0},"shiny":true,"ivs":{"hp":31,"atk":31,"def":31,"spa":31,"spd":31,"spe":31}},{"name":"RageCandyBar","species":"gyarados","item":"gyaradosite","ability":"Intimidate","moves":["dragondance","bounce","waterfall","icefang"],"nature":"Adamant","evs":{"hp":0,"atk":252,"def":0,"spa":0,"spd":4,"spe":252},"shiny":true,"ivs":{"hp":31,"atk":31,"def":31,"spa":31,"spd":31,"spe":31}},{"name":"Golden Death","species":"azumarill","item":"choiceband","ability":"Sap Sipper","moves":["aquajet","playrough","bulldoze","icepunch"],"nature":"Adamant","evs":{"hp":248,"atk":252,"def":0,"spa":0,"spd":8,"spe":0},"shiny":true,"ivs":{"hp":31,"atk":31,"def":31,"spa":31,"spd":31,"spe":31}},{"name":"U know wat it is","species":"tentacruel","item":"blacksludge","ability":"Liquid Ooze","moves":["rapidspin","acidspray","sludgebomb","surf"],"nature":"Calm","evs":{"hp":248,"atk":0,"def":0,"spa":8,"spd":252,"spe":0},"shiny":true,"ivs":{"hp":31,"atk":31,"def":31,"spa":31,"spd":31,"spe":31}}],"p2team":[{"name":"Azelf","species":"Azelf","item":"custapberry","ability":"Levitate","moves":["explosion","stealthrock","poweruppunch","thunderwave"],"nature":"Jolly","evs":{"hp":0,"atk":252,"def":0,"spa":0,"spd":4,"spe":252},"ivs":{"hp":31,"atk":31,"def":31,"spa":31,"spd":31,"spe":31}},{"name":"Jirachi","species":"Jirachi","item":"leftovers","ability":"Serene Grace","moves":["ancientpower","firepunch","drainpunch","ironhead"],"nature":"Lonely","evs":{"hp":224,"atk":252,"def":0,"spa":0,"spd":0,"spe":32},"ivs":{"hp":31,"atk":31,"def":31,"spa":31,"spd":31,"spe":31}},{"name":"Starmie","species":"Starmie","item":"leftovers","ability":"Natural Cure","moves":["icebeam","rapidspin","scald","psyshock"],"nature":"Timid","evs":{"hp":0,"atk":0,"def":0,"spa":252,"spd":4,"spe":252},"ivs":{"hp":31,"atk":31,"def":31,"spa":31,"spd":31,"spe":31}},{"name":"Alakazam","species":"Alakazam","item":"focussash","ability":"Magic Guard","moves":["focusblast","dazzlinggleam","psyshock","shadowball"],"nature":"Timid","evs":{"hp":0,"atk":0,"def":0,"spa":252,"spd":4,"spe":252},"ivs":{"hp":31,"atk":31,"def":31,"spa":31,"spd":31,"spe":31}},{"name":"Xatu","species":"Xatu","item":"leftovers","ability":"Magic Bounce","moves":["thunderwave","psyshock","airslash","heatwave"],"nature":"Modest","evs":{"hp":252,"atk":0,"def":0,"spa":252,"spd":4,"spe":0},"ivs":{"hp":31,"atk":31,"def":31,"spa":31,"spd":31,"spe":31}},{"name":"Gallade","species":"Gallade","item":"lifeorb","ability":"Justified","moves":["drainpunch","shadowsneak","rockslide","psychocut"],"nature":"Jolly","evs":{"hp":0,"atk":252,"def":0,"spa":0,"spd":4,"spe":252},"ivs":{"hp":31,"atk":31,"def":31,"spa":31,"spd":31,"spe":31}}],"log":["|player|p1|I need Furbes|99","|player|p2|Marx-Bot|238","|gametype|singles","|gen|6","|tier|Monotype","|rated","|rule|Baton Pass Clause: Limit one Baton Passer, can't pass Spe and other stats simultaneously","|rule|Swagger Clause: Swagger is banned","|rule|Same Type Clause: Pokémon in a team must share a type","|clearpoke","|poke|p1|Politoed, M, shiny","|poke|p1|Quagsire, F","|poke|p1|Slowking, F, shiny","|poke|p1|Gyarados, M, shiny","|poke|p1|Azumarill, F, shiny","|poke|p1|Tentacruel, F, shiny","|poke|p2|Azelf","|poke|p2|Jirachi","|poke|p2|Starmie","|poke|p2|Alakazam, F","|poke|p2|Xatu, F","|poke|p2|Gallade, M","|rule|Sleep Clause Mod: Limit one foe put to sleep","|rule|Species Clause: Limit one of each Pokémon","|rule|OHKO Clause: OHKO moves are banned","|rule|Moody Clause: Moody is banned","|rule|Evasion Moves Clause: Evasion moves are banned","|rule|Endless Battle Clause: Forcing endless battles is banned","|rule|HP Percentage Mod: HP is shown in percentages","|teampreview","|","|start","|switch|p1a: RAINDROP|Politoed, M, shiny|383/383","|switch|p2a: Azelf|Azelf|291/291","|-weather|RainDance","|turn|1","|","|move|p2a: Azelf|Stealth Rock|p1a: RAINDROP","|-sidestart|p1: I need Furbes|move: Stealth Rock","|move|p1a: RAINDROP|Hydro Pump|p2a: Azelf","|-damage|p2a: Azelf|0 fnt","|faint|p2a: Azelf","|","|-weather|RainDance|[upkeep]","|","|switch|p2a: Jirachi|Jirachi|397/397","|turn|2","|","|switch|p1a: U know wat it is|Tentacruel, F, shiny|363/363","|-damage|p1a: U know wat it is|318/363|[from] Stealth Rock","|move|p2a: Jirachi|Ancient Power|p1a: U know wat it is","|-damage|p1a: U know wat it is|287/363","|","|-weather|RainDance|[upkeep]","|-heal|p1a: U know wat it is|309/363|[from] item: Black Sludge","|turn|3","|","|move|p2a: Jirachi|Ancient Power|p1a: U know wat it is","|-damage|p1a: U know wat it is|281/363","|-boost|p2a: Jirachi|atk|1","|-boost|p2a: Jirachi|def|1","|-boost|p2a: Jirachi|spa|1","|-boost|p2a: Jirachi|spd|1","|-boost|p2a: Jirachi|spe|1","|move|p1a: U know wat it is|Rapid Spin|p2a: Jirachi","|-resisted|p2a: Jirachi","|-damage|p2a: Jirachi|393/397","|-sideend|p1: I need Furbes|Stealth Rock|[from] move: Rapid Spin|[of] p1a: U know wat it is","|","|-weather|RainDance|[upkeep]","|-heal|p2a: Jirachi|397/397|[from] item: Leftovers","|-heal|p1a: U know wat it is|303/363|[from] item: Black Sludge","|turn|4","|","|move|p2a: Jirachi|Iron Head|p1a: U know wat it is","|-resisted|p1a: U know wat it is","|-damage|p1a: U know wat it is|170/363","|move|p1a: U know wat it is|Surf|p2a: Jirachi","|-damage|p2a: Jirachi|306/397","|","|-weather|RainDance|[upkeep]","|-heal|p2a: Jirachi|330/397|[from] item: Leftovers","|-heal|p1a: U know wat it is|192/363|[from] item: Black Sludge","|turn|5","|","|move|p2a: Jirachi|Iron Head|p1a: U know wat it is","|-resisted|p1a: U know wat it is","|-damage|p1a: U know wat it is|59/363","|cant|p1a: U know wat it is|flinch","|","|-weather|none","|-heal|p2a: Jirachi|354/397|[from] item: Leftovers","|-heal|p1a: U know wat it is|81/363|[from] item: Black Sludge","|turn|6","|","|move|p2a: Jirachi|Ancient Power|p1a: U know wat it is","|-damage|p1a: U know wat it is|40/363","|move|p1a: U know wat it is|Surf|p2a: Jirachi","|-damage|p2a: Jirachi|294/397","|","|-heal|p2a: Jirachi|318/397|[from] item: Leftovers","|-heal|p1a: U know wat it is|62/363|[from] item: Black Sludge","|turn|7","|","|move|p2a: Jirachi|Ancient Power|p1a: U know wat it is","|-damage|p1a: U know wat it is|14/363","|move|p1a: U know wat it is|Surf|p2a: Jirachi","|-crit|p2a: Jirachi","|-damage|p2a: Jirachi|186/397","|","|-heal|p2a: Jirachi|210/397|[from] item: Leftovers","|-heal|p1a: U know wat it is|36/363|[from] item: Black Sludge","|turn|8","|","|move|p2a: Jirachi|Ancient Power|p1a: U know wat it is","|-damage|p1a: U know wat it is|0 fnt","|faint|p1a: U know wat it is","|","|-heal|p2a: Jirachi|234/397|[from] item: Leftovers","|","|switch|p1a: Quagsire|Quagsire, F|394/394","|turn|9","|","|move|p2a: Jirachi|Iron Head|p1a: Quagsire","|-resisted|p1a: Quagsire","|-damage|p1a: Quagsire|343/394","|move|p1a: Quagsire|Earthquake|p2a: Jirachi","|-supereffective|p2a: Jirachi","|-damage|p2a: Jirachi|0 fnt","|faint|p2a: Jirachi","|","|-heal|p1a: Quagsire|367/394|[from] item: Leftovers","|","|switch|p2a: Alakazam|Alakazam, F|251/251","|turn|10","|","|move|p2a: Alakazam|Shadow Ball|p1a: Quagsire","|-damage|p1a: Quagsire|239/394","|move|p1a: Quagsire|Scald|p2a: Alakazam","|-damage|p2a: Alakazam|187/251","|","|-heal|p1a: Quagsire|263/394|[from] item: Leftovers","|turn|11","|","|switch|p1a: RAINDROP|Politoed, M, shiny|383/383","|-weather|RainDance","|move|p2a: Alakazam|Psyshock|p1a: RAINDROP","|-damage|p1a: RAINDROP|190/383","|","|-weather|RainDance|[upkeep]","|turn|12","|","|move|p2a: Alakazam|Psyshock|p1a: RAINDROP","|-crit|p1a: RAINDROP","|-damage|p1a: RAINDROP|0 fnt","|faint|p1a: RAINDROP","|","|-weather|RainDance|[upkeep]","|","|switch|p1a: Fatty|Slowking, F, shiny|394/394","|turn|13","|","|move|p2a: Alakazam|Shadow Ball|p1a: Fatty","|-crit|p1a: Fatty","|-supereffective|p1a: Fatty","|-damage|p1a: Fatty|116/394","|move|p1a: Fatty|Calm Mind|p1a: Fatty","|-boost|p1a: Fatty|spa|1","|-boost|p1a: Fatty|spd|1","|","|-weather|RainDance|[upkeep]","|-heal|p1a: Fatty|140/394|[from] item: Leftovers","|turn|14","|","|move|p2a: Alakazam|Shadow Ball|p1a: Fatty","|-supereffective|p1a: Fatty","|-damage|p1a: Fatty|8/394","|-unboost|p1a: Fatty|spd|1","|move|p1a: Fatty|Signal Beam|p2a: Alakazam","|-supereffective|p2a: Alakazam","|-damage|p2a: Alakazam|0 fnt","|faint|p2a: Alakazam","|","|-weather|RainDance|[upkeep]","|-heal|p1a: Fatty|32/394|[from] item: Leftovers","|","|switch|p2a: Gallade|Gallade, M|277/277","|turn|15","|","|move|p2a: Gallade|Shadow Sneak|p1a: Fatty","|-supereffective|p1a: Fatty","|-damage|p1a: Fatty|0 fnt","|-damage|p2a: Gallade|250/277|[from] item: Life Orb","|faint|p1a: Fatty","|","|-weather|none","|","|switch|p1a: RageCandyBar|Gyarados, M, shiny|331/331","|-ability|p1a: RageCandyBar|Intimidate","|-unboost|p2a: Gallade|atk|1","|turn|16","|","|move|p2a: Gallade|Rock Slide|p1a: RageCandyBar","|-supereffective|p1a: RageCandyBar","|-damage|p1a: RageCandyBar|136/331","|-damage|p2a: Gallade|223/277|[from] item: Life Orb","|move|p1a: RageCandyBar|Dragon Dance|p1a: RageCandyBar","|-boost|p1a: RageCandyBar|atk|1","|-boost|p1a: RageCandyBar|spe|1","|","|turn|17","|","|detailschange|p1a: RageCandyBar|Gyarados-Mega, M, shiny","|-mega|p1a: RageCandyBar|Gyarados|Gyaradosite","|-ability|p1a: RageCandyBar|Mold Breaker","|move|p2a: Gallade|Shadow Sneak|p1a: RageCandyBar","|-resisted|p1a: RageCandyBar","|-damage|p1a: RageCandyBar|118/331","|-damage|p2a: Gallade|196/277|[from] item: Life Orb","|move|p1a: RageCandyBar|Waterfall|p2a: Gallade","|-damage|p2a: Gallade|0 fnt","|faint|p2a: Gallade","|","|","|switch|p2a: Starmie|Starmie|261/261","|turn|18","|","|move|p1a: RageCandyBar|Bounce|p2a: Starmie|[still]","|-prepare|p1a: RageCandyBar|Bounce|p2a: Starmie","|move|p2a: Starmie|Scald|p1a: RageCandyBar|[miss]","|-miss|p2a: Starmie|p1a: RageCandyBar","|","|turn|19","|","|move|p1a: RageCandyBar|Bounce|p2a: Starmie|[from]lockedmove|[miss]","|-miss|p1a: RageCandyBar|p2a: Starmie","|move|p2a: Starmie|Scald|p1a: RageCandyBar","|-resisted|p1a: RageCandyBar","|-damage|p1a: RageCandyBar|70/331","|","|turn|20","|","|move|p1a: RageCandyBar|Dragon Dance|p1a: RageCandyBar","|-boost|p1a: RageCandyBar|atk|1","|-boost|p1a: RageCandyBar|spe|1","|move|p2a: Starmie|Scald|p1a: RageCandyBar","|-resisted|p1a: RageCandyBar","|-damage|p1a: RageCandyBar|21/331","|","|turn|21","|","|move|p1a: RageCandyBar|Waterfall|p2a: Starmie","|-resisted|p2a: Starmie","|-damage|p2a: Starmie|72/261","|cant|p2a: Starmie|flinch","|","|-heal|p2a: Starmie|88/261|[from] item: Leftovers","|turn|22","|","|move|p1a: RageCandyBar|Waterfall|p2a: Starmie","|-resisted|p2a: Starmie","|-damage|p2a: Starmie|0 fnt","|faint|p2a: Starmie","|","|","|switch|p2a: Xatu|Xatu, F|334/334","|turn|23","|","|move|p1a: RageCandyBar|Ice Fang|p2a: Xatu","|-supereffective|p2a: Xatu","|-damage|p2a: Xatu|0 fnt","|faint|p2a: Xatu","|","|win|I need Furbes"],"p1rating":{"entryid":"136041","serverid":"eos","formatid":"monotype","userid":"ineedfurbes","username":"I need Furbes","w":3,"l":"2","t":"0","gxe":52.9,"r":"1500","rd":"130","sigma":"0","rptime":"1439974800","rpr":1522.5640515028,"rprd":102.41524900214,"rpsigma":"0","acre":1099.3029674669,"lacre":1099.3029674669,"oldacre":"1073.0050123447"},"p2rating":{"entryid":"79213","serverid":"eos","formatid":"monotype","userid":"marxbot","username":"Marx-Bot","w":"1","l":2,"t":"0","gxe":45.8,"r":"1500","rd":"116.77753930647","sigma":"0","rptime":"1439974800","rpr":1466.9108216389,"rprd":111.51861011339,"rpsigma":"0","acre":1025.5153813342,"lacre":1025.5153813342,"oldacre":"1040"},"endType":"normal"}