{"seed":[2078,29946,43773,5498],"turns":33,"p1":"Infinitereasons","p2":"Suichika","p1team":[{"name":"Moist Mofo","species":"gastrodon","item":"assaultvest","ability":"Storm Drain","moves":["earthpower","scald","icebeam","hiddenpowerfire"],"nature":"Calm","evs":{"hp":252,"atk":0,"def":0,"spa":4,"spd":252,"spe":0},"ivs":{"hp":31,"atk":0,"def":31,"spa":31,"spd":31,"spe":31}},{"name":"Dead Mofo","species":"mamoswine","item":"focussash","ability":"Thick Fat","moves":["iciclecrash","earthquake","iceshard","knockoff"],"nature":"Jolly","evs":{"hp":4,"atk":252,"def":0,"spa":0,"spd":0,"spe":252},"ivs":{"hp":31,"atk":31,"def":31,"spa":0,"spd":31,"spe":31}},{"name":"Drill Mofo","species":"excadrill","item":"lifeorb","ability":"Sand Rush","moves":["earthquake","rockslide","ironhead","swordsdance"],"nature":"Adamant","evs":{"hp":0,"atk":252,"def":0,"spa":0,"spd":4,"spe":252},"ivs":{"hp":31,"atk":31,"def":31,"spa":0,"spd":31,"spe":31},"shiny":true},{"name":"God Mofo","species":"landorus","item":"lifeorb","ability":"Sheer Force","moves":["earthpower","focusblast","psychic","sludgewave"],"nature":"Timid","evs":{"hp":0,"atk":0,"def":0,"spa":252,"spd":4,"spe":252},"ivs":{"hp":31,"atk":0,"def":31,"spa":31,"spd":31,"spe":31}},{"name":"Phat Mofo","species":"hippowdon","item":"leftovers","ability":"Sand Stream","moves":["earthquake","stealthrock","whirlwind","slackoff"],"nature":"Impish","evs":{"hp":252,"atk":4,"def":252,"spa":0,"spd":0,"spe":0},"ivs":{"hp":31,"atk":31,"def":31,"spa":0,"spd":31,"spe":31}},{"name":"Claws Mofo","species":"gliscor","item":"toxicorb","ability":"Poison Heal","moves":["earthquake","protect","toxic","substitute"],"nature":"Impish","evs":{"hp":252,"atk":0,"def":252,"spa":0,"spd":0,"spe":4},"ivs":{"hp":31,"atk":31,"def":31,"spa":0,"spd":31,"spe":31},"shiny":true}],"p2team":[{"name":"Ferrothorn","species":"Ferrothorn","item":"occaberry","ability":"Iron Barbs","moves":["thunderwave","gyroball","knockoff","stealthrock"],"nature":"Impish","evs":{"hp":252,"atk":0,"def":88,"spa":0,"spd":168,"spe":0},"ivs":{"hp":31,"atk":31,"def":31,"spa":31,"spd":31,"spe":31}},{"name":"Venusaur","species":"Venusaur","item":"venusaurite","ability":"Chlorophyll","moves":["synthesis","hiddenpowerfire","leechseed","sludgebomb"],"nature":"Calm","evs":{"hp":252,"atk":0,"def":88,"spa":0,"spd":168,"spe":0},"ivs":{"hp":31,"atk":30,"def":31,"spa":30,"spd":31,"spe":30}},{"name":"Bellossom","species":"Bellossom","item":"choicespecs","ability":"Chlorophyll","moves":["hiddenpowerfire","leafstorm","moonblast","gigadrain"],"nature":"Modest","evs":{"hp":116,"atk":0,"def":0,"spa":252,"spd":0,"spe":140},"ivs":{"hp":31,"atk":30,"def":31,"spa":30,"spd":31,"spe":30}},{"name":"Roserade","species":"Roserade","item":"choicescarf","ability":"Technician","moves":["hiddenpowerrock","sludgebomb","shadowball","petaldance"],"nature":"Timid","evs":{"hp":0,"atk":0,"def":0,"spa":252,"spd":4,"spe":252},"ivs":{"hp":31,"atk":31,"def":30,"spa":31,"spd":30,"spe":30}},{"name":"Celebi","species":"Celebi","item":"lifeorb","ability":"Natural Cure","moves":["gigadrain","earthpower","psychic","suckerpunch"],"nature":"Mild","evs":{"hp":220,"atk":36,"def":0,"spa":252,"spd":0,"spe":0},"ivs":{"hp":31,"atk":31,"def":31,"spa":31,"spd":31,"spe":31}},{"name":"Breloom","species":"Breloom","item":"focussash","ability":"Technician","moves":["spore","machpunch","rocktomb","bulletseed"],"nature":"Jolly","evs":{"hp":0,"atk":252,"def":0,"spa":0,"spd":4,"spe":252},"ivs":{"hp":31,"atk":31,"def":31,"spa":31,"spd":31,"spe":31}}],"log":["|player|p1|Infinitereasons|129","|player|p2|Suichika|265","|gametype|singles","|gen|6","|tier|Monotype","|rated","|rule|Baton Pass Clause: Limit one Baton Passer, can't pass Spe and other stats simultaneously","|rule|Swagger Clause: Swagger is banned","|rule|Same Type Clause: Pokémon in a team must share a type","|clearpoke","|poke|p1|Gastrodon, M","|poke|p1|Mamoswine, F","|poke|p1|Excadrill, F, shiny","|poke|p1|Landorus, M","|poke|p1|Hippowdon, M","|poke|p1|Gliscor, F, shiny","|poke|p2|Ferrothorn, M","|poke|p2|Venusaur, F","|poke|p2|Bellossom, M","|poke|p2|Roserade, F","|poke|p2|Celebi","|poke|p2|Breloom, M","|rule|Sleep Clause Mod: Limit one foe put to sleep","|rule|Species Clause: Limit one of each Pokémon","|rule|OHKO Clause: OHKO moves are banned","|rule|Moody Clause: Moody is banned","|rule|Evasion Moves Clause: Evasion moves are banned","|rule|Endless Battle Clause: Forcing endless battles is banned","|rule|HP Percentage Mod: HP is shown in percentages","|teampreview","|","|start","|switch|p1a: Claws Mofo|Gliscor, F, shiny|354/354","|switch|p2a: Bellossom|Bellossom, M|320/320","|turn|1","|","|move|p1a: Claws Mofo|Substitute|p1a: Claws Mofo","|-start|p1a: Claws Mofo|Substitute","|-damage|p1a: Claws Mofo|266/354","|move|p2a: Bellossom|Leaf Storm|p1a: Claws Mofo","|-end|p1a: Claws Mofo|Substitute","|-unboost|p2a: Bellossom|spa|2","|","|-status|p1a: Claws Mofo|tox|[from] item: Toxic Orb","|turn|2","|","|move|p1a: Claws Mofo|Toxic|p2a: Bellossom","|-status|p2a: Bellossom|tox","|move|p2a: Bellossom|Leaf Storm|p1a: Claws Mofo","|-damage|p1a: Claws Mofo|89/354 tox","|-unboost|p2a: Bellossom|spa|2","|","|-heal|p1a: Claws Mofo|133/354 tox|[from] ability: Poison Heal","|-damage|p2a: Bellossom|300/320 tox|[from] psn","|turn|3","|","|switch|p2a: Roserade|Roserade, F|261/261","|move|p1a: Claws Mofo|Protect|p1a: Claws Mofo","|-fail|p1a: Claws Mofo","|","|-heal|p1a: Claws Mofo|177/354 tox|[from] ability: Poison Heal","|turn|4","|","|move|p1a: Claws Mofo|Protect|p1a: Claws Mofo","|-singleturn|p1a: Claws Mofo|Protect","|move|p2a: Roserade|Petal Dance|p1a: Claws Mofo","|-activate|p1a: Claws Mofo|Protect","|","|-heal|p1a: Claws Mofo|221/354 tox|[from] ability: Poison Heal","|turn|5","|","|switch|p1a: Moist Mofo|Gastrodon, M|426/426","|move|p2a: Roserade|Petal Dance|p1a: Moist Mofo","|-supereffective|p1a: Moist Mofo","|-damage|p1a: Moist Mofo|0 fnt","|faint|p1a: Moist Mofo","|","|","|switch|p1a: God Mofo|Landorus, M|319/319","|turn|6","|","|move|p2a: Roserade|Petal Dance|p1a: God Mofo|[from]lockedmove","|-damage|p1a: God Mofo|82/319","|-start|p2a: Roserade|confusion|[fatigue]","|move|p1a: God Mofo|Psychic|p2a: Roserade","|-supereffective|p2a: Roserade","|-damage|p2a: Roserade|0 fnt","|faint|p2a: Roserade","|","|","|switch|p2a: Ferrothorn|Ferrothorn, M|352/352","|turn|7","|","|move|p1a: God Mofo|Focus Blast|p2a: Ferrothorn","|-supereffective|p2a: Ferrothorn","|-damage|p2a: Ferrothorn|0 fnt","|faint|p2a: Ferrothorn","|","|","|switch|p2a: Celebi|Celebi|396/396","|turn|8","|","|move|p2a: Celebi|Sucker Punch|p1a: God Mofo","|-damage|p1a: God Mofo|0 fnt","|-damage|p2a: Celebi|357/396|[from] item: Life Orb","|faint|p1a: God Mofo","|","|","|switch|p1a: Dead Mofo|Mamoswine, F|362/362","|turn|9","|","|move|p1a: Dead Mofo|Icicle Crash|p2a: Celebi","|-supereffective|p2a: Celebi","|-damage|p2a: Celebi|31/396","|cant|p2a: Celebi|flinch","|","|turn|10","|","|move|p1a: Dead Mofo|Ice Shard|p2a: Celebi","|-supereffective|p2a: Celebi","|-damage|p2a: Celebi|0 fnt","|faint|p2a: Celebi","|","|","|switch|p2a: Venusaur|Venusaur, F|364/364","|turn|11","|","|detailschange|p2a: Venusaur|Venusaur-Mega, F","|-mega|p2a: Venusaur|Venusaur|Venusaurite","|move|p1a: Dead Mofo|Earthquake|p2a: Venusaur","|-damage|p2a: Venusaur|225/364","|move|p2a: Venusaur|Leech Seed|p1a: Dead Mofo","|-start|p1a: Dead Mofo|move: Leech Seed","|","|-damage|p1a: Dead Mofo|317/362|[from] Leech Seed|[of] p2a: Venusaur","|-heal|p2a: Venusaur|270/364|[silent]","|turn|12","|","|switch|p1a: Claws Mofo|Gliscor, F, shiny|221/354 tox","|move|p2a: Venusaur|Synthesis|p2a: Venusaur","|-heal|p2a: Venusaur|364/364","|","|-heal|p1a: Claws Mofo|265/354 tox|[from] ability: Poison Heal","|turn|13","|","|move|p1a: Claws Mofo|Substitute|p1a: Claws Mofo","|-start|p1a: Claws Mofo|Substitute","|-damage|p1a: Claws Mofo|177/354 tox","|move|p2a: Venusaur|Hidden Power|p1a: Claws Mofo","|-activate|p1a: Claws Mofo|Substitute|[damage]","|","|-heal|p1a: Claws Mofo|221/354 tox|[from] ability: Poison Heal","|turn|14","|","|move|p1a: Claws Mofo|Earthquake|p2a: Venusaur","|-damage|p2a: Venusaur|270/364","|move|p2a: Venusaur|Hidden Power|p1a: Claws Mofo","|-end|p1a: Claws Mofo|Substitute","|","|-heal|p1a: Claws Mofo|265/354 tox|[from] ability: Poison Heal","|turn|15","|","|move|p1a: Claws Mofo|Substitute|p1a: Claws Mofo","|-start|p1a: Claws Mofo|Substitute","|-damage|p1a: Claws Mofo|177/354 tox","|move|p2a: Venusaur|Sludge Bomb|p1a: Claws Mofo","|-resisted|p1a: Claws Mofo","|-activate|p1a: Claws Mofo|Substitute|[damage]","|","|-heal|p1a: Claws Mofo|221/354 tox|[from] ability: Poison Heal","|turn|16","|","|move|p1a: Claws Mofo|Earthquake|p2a: Venusaur","|-damage|p2a: Venusaur|177/364","|move|p2a: Venusaur|Sludge Bomb|p1a: Claws Mofo","|-resisted|p1a: Claws Mofo","|-end|p1a: Claws Mofo|Substitute","|","|-heal|p1a: Claws Mofo|265/354 tox|[from] ability: Poison Heal","|turn|17","|","|move|p1a: Claws Mofo|Earthquake|p2a: Venusaur","|-damage|p2a: Venusaur|96/364","|move|p2a: Venusaur|Sludge Bomb|p1a: Claws Mofo","|-resisted|p1a: Claws Mofo","|-damage|p1a: Claws Mofo|190/354 tox","|","|-heal|p1a: Claws Mofo|234/354 tox|[from] ability: Poison Heal","|turn|18","|","|move|p1a: Claws Mofo|Earthquake|p2a: Venusaur","|-damage|p2a: Venusaur|12/364","|move|p2a: Venusaur|Synthesis|p2a: Venusaur","|-heal|p2a: Venusaur|194/364","|","|-heal|p1a: Claws Mofo|278/354 tox|[from] ability: Poison Heal","|turn|19","|","|move|p1a: Claws Mofo|Earthquake|p2a: Venusaur","|-damage|p2a: Venusaur|103/364","|move|p2a: Venusaur|Sludge Bomb|p1a: Claws Mofo","|-resisted|p1a: Claws Mofo","|-damage|p1a: Claws Mofo|197/354 tox","|","|-heal|p1a: Claws Mofo|241/354 tox|[from] ability: Poison Heal","|turn|20","|","|move|p1a: Claws Mofo|Earthquake|p2a: Venusaur","|-damage|p2a: Venusaur|9/364","|move|p2a: Venusaur|Synthesis|p2a: Venusaur","|-heal|p2a: Venusaur|191/364","|","|-heal|p1a: Claws Mofo|285/354 tox|[from] ability: Poison Heal","|turn|21","|","|move|p1a: Claws Mofo|Protect|p1a: Claws Mofo","|-singleturn|p1a: Claws Mofo|Protect","|move|p2a: Venusaur|Leech Seed|p1a: Claws Mofo","|-activate|p1a: Claws Mofo|Protect","|","|-heal|p1a: Claws Mofo|329/354 tox|[from] ability: Poison Heal","|turn|22","|","|move|p1a: Claws Mofo|Substitute|p1a: Claws Mofo","|-start|p1a: Claws Mofo|Substitute","|-damage|p1a: Claws Mofo|241/354 tox","|move|p2a: Venusaur|Sludge Bomb|p1a: Claws Mofo","|-resisted|p1a: Claws Mofo","|-activate|p1a: Claws Mofo|Substitute|[damage]","|","|-heal|p1a: Claws Mofo|285/354 tox|[from] ability: Poison Heal","|turn|23","|","|move|p1a: Claws Mofo|Earthquake|p2a: Venusaur","|-damage|p2a: Venusaur|98/364","|move|p2a: Venusaur|Sludge Bomb|p1a: Claws Mofo","|-resisted|p1a: Claws Mofo","|-end|p1a: Claws Mofo|Substitute","|","|-heal|p1a: Claws Mofo|329/354 tox|[from] ability: Poison Heal","|turn|24","|","|move|p1a: Claws Mofo|Substitute|p1a: Claws Mofo","|-start|p1a: Claws Mofo|Substitute","|-damage|p1a: Claws Mofo|241/354 tox","|move|p2a: Venusaur|Leech Seed|p1a: Claws Mofo","|-fail|p1a: Claws Mofo","|","|-heal|p1a: Claws Mofo|285/354 tox|[from] ability: Poison Heal","|turn|25","|","|move|p1a: Claws Mofo|Earthquake|p2a: Venusaur","|-damage|p2a: Venusaur|13/364","|move|p2a: Venusaur|Sludge Bomb|p1a: Claws Mofo","|-resisted|p1a: Claws Mofo","|-activate|p1a: Claws Mofo|Substitute|[damage]","|","|-heal|p1a: Claws Mofo|329/354 tox|[from] ability: Poison Heal","|turn|26","|","|move|p1a: Claws Mofo|Earthquake|p2a: Venusaur","|-damage|p2a: Venusaur|0 fnt","|faint|p2a: Venusaur","|","|-heal|p1a: Claws Mofo|354/354 tox|[from] ability: Poison Heal","|","|switch|p2a: Breloom|Breloom, M|261/261","|turn|27","|","|move|p2a: Breloom|Bullet Seed|p1a: Claws Mofo","|-end|p1a: Claws Mofo|Substitute","|-damage|p1a: Claws Mofo|311/354 tox","|-hitcount|p1a: Claws Mofo|2","|move|p1a: Claws Mofo|Toxic|p2a: Breloom","|-status|p2a: Breloom|tox","|","|-damage|p2a: Breloom|245/261 tox|[from] psn","|-heal|p1a: Claws Mofo|354/354 tox|[from] ability: Poison Heal","|turn|28","|","|move|p2a: Breloom|Bullet Seed|p1a: Claws Mofo","|-damage|p1a: Claws Mofo|308/354 tox","|-damage|p1a: Claws Mofo|269/354 tox","|-crit|p1a: Claws Mofo","|-damage|p1a: Claws Mofo|203/354 tox","|-damage|p1a: Claws Mofo|163/354 tox","|-damage|p1a: Claws Mofo|121/354 tox","|-hitcount|p1a: Claws Mofo|5","|move|p1a: Claws Mofo|Earthquake|p2a: Breloom","|-resisted|p2a: Breloom","|-damage|p2a: Breloom|172/261 tox","|","|-damage|p2a: Breloom|140/261 tox|[from] psn","|-heal|p1a: Claws Mofo|165/354 tox|[from] ability: Poison Heal","|turn|29","|","|move|p1a: Claws Mofo|Protect|p1a: Claws Mofo","|-singleturn|p1a: Claws Mofo|Protect","|move|p2a: Breloom|Bullet Seed|p1a: Claws Mofo","|-activate|p1a: Claws Mofo|Protect","|","|-damage|p2a: Breloom|92/261 tox|[from] psn","|-heal|p1a: Claws Mofo|209/354 tox|[from] ability: Poison Heal","|turn|30","|","|switch|p1a: Phat Mofo|Hippowdon, M|420/420","|-weather|Sandstorm","|move|p2a: Breloom|Bullet Seed|p1a: Phat Mofo","|-supereffective|p1a: Phat Mofo","|-damage|p1a: Phat Mofo|340/420","|-supereffective|p1a: Phat Mofo","|-damage|p1a: Phat Mofo|260/420","|-hitcount|p1a: Phat Mofo|2","|","|-weather|Sandstorm|[upkeep]","|-damage|p2a: Breloom|76/261 tox|[from] sandstorm","|-heal|p1a: Phat Mofo|286/420|[from] item: Leftovers","|-damage|p2a: Breloom|12/261 tox|[from] psn","|turn|31","|","|move|p2a: Breloom|Bullet Seed|p1a: Phat Mofo","|-crit|p1a: Phat Mofo","|-supereffective|p1a: Phat Mofo","|-damage|p1a: Phat Mofo|158/420","|-supereffective|p1a: Phat Mofo","|-damage|p1a: Phat Mofo|78/420","|-supereffective|p1a: Phat Mofo","|-damage|p1a: Phat Mofo|0 fnt","|-hitcount|p1a: Phat Mofo|3","|faint|p1a: Phat Mofo","|","|-weather|Sandstorm|[upkeep]","|-damage|p2a: Breloom|0 fnt|[from] sandstorm","|faint|p2a: Breloom","|","|switch|p1a: Drill Mofo|Excadrill, F, shiny|361/361","|switch|p2a: Bellossom|Bellossom, M|300/320 tox","|turn|32","|","|move|p1a: Drill Mofo|Iron Head|p2a: Bellossom","|-damage|p2a: Bellossom|84/320 tox","|-damage|p1a: Drill Mofo|325/361|[from] item: Life Orb","|move|p2a: Bellossom|Giga Drain|p1a: Drill Mofo","|-damage|p1a: Drill Mofo|64/361","|-heal|p2a: Bellossom|215/320 tox|[from] drain|[of] p1a: Drill Mofo","|","|-weather|Sandstorm|[upkeep]","|-damage|p2a: Bellossom|195/320 tox|[from] sandstorm","|-damage|p2a: Bellossom|175/320 tox|[from] psn","|turn|33","|","|move|p1a: Drill Mofo|Iron Head|p2a: Bellossom","|-damage|p2a: Bellossom|0 fnt","|-damage|p1a: Drill Mofo|28/361|[from] item: Life Orb","|faint|p2a: Bellossom","|","|win|Infinitereasons"],"p1rating":{"entryid":"162719","serverid":"eos","formatid":"monotype","userid":"infinitereasons","username":"Infinitereasons","w":1,"l":"1","t":"0","gxe":50,"r":"1500","rd":"130","sigma":"0","rptime":"1439974800","rpr":1500,"rprd":116.77753930647,"rpsigma":"0","acre":1041.5428984835,"lacre":1041.5428984835,"oldacre":"1000"},"p2rating":{"entryid":"158116","serverid":"eos","formatid":"monotype","userid":"suichika","username":"Suichika","w":"1","l":5,"t":"0","gxe":37.3,"r":"1500","rd":"130","sigma":"0","rptime":"1439974800","rpr":1397.9507165891,"rprd":99.172559068326,"rpsigma":"0","acre":1000.9335814035,"lacre":1000.9335814035,"oldacre":"1013.408098269"},"endType":"normal"}