{"seed":[49271,13559,51265,63077],"turns":38,"p1":"Inferno Sableye","p2":"Guard☆☆☆Wulf☆☆☆","p1team":[{"name":"Not op","species":"sableye","item":"sablenite","ability":"Prankster","moves":["shadowball","recover","calmmind","willowisp"],"nature":"Bold","evs":{"hp":248,"atk":0,"def":252,"spa":0,"spd":8,"spe":0},"ivs":{"hp":31,"atk":0,"def":31,"spa":31,"spd":31,"spe":31}},{"name":"Rawwrrrr","species":"tyranitar","item":"leftovers","ability":"Sand Stream","moves":["stealthrock","thunderwave","rockslide","earthquake"],"nature":"Impish","evs":{"hp":252,"atk":0,"def":80,"spa":0,"spd":176,"spe":0},"ivs":{"hp":31,"atk":31,"def":31,"spa":31,"spd":31,"spe":31}},{"name":"Bish Plz","species":"bisharp","item":"lumberry","ability":"Defiant","moves":["knockoff","suckerpunch","ironhead","swordsdance"],"nature":"Adamant","evs":{"hp":0,"atk":252,"def":4,"spa":0,"spd":0,"spe":252},"gender":"M","shiny":true,"ivs":{"hp":31,"atk":31,"def":31,"spa":31,"spd":31,"spe":31}},{"name":"Oit of this world","species":"hoopaunbound","item":"choicescarf","ability":"Magician","moves":["gunkshot","hyperspacehole","hyperspacefury","drainpunch"],"nature":"Hasty","evs":{"hp":0,"atk":252,"def":0,"spa":4,"spd":0,"spe":252},"ivs":{"hp":31,"atk":31,"def":31,"spa":31,"spd":31,"spe":31}},{"name":"No pressure","species":"weavile","item":"lifeorb","ability":"Pressure","moves":["iciclecrash","iceshard","knockoff","lowkick"],"nature":"Jolly","evs":{"hp":0,"atk":252,"def":0,"spa":0,"spd":4,"spe":252},"ivs":{"hp":31,"atk":31,"def":31,"spa":31,"spd":31,"spe":31}},{"name":"Buzz off bitch","species":"mandibuzz","item":"rockyhelmet","ability":"Overcoat","moves":["roost","defog","whirlwind","foulplay"],"nature":"Bold","evs":{"hp":176,"atk":0,"def":252,"spa":0,"spd":80,"spe":0},"ivs":{"hp":31,"atk":31,"def":31,"spa":31,"spd":31,"spe":31}}],"p2team":[{"name":"Infernape","species":"Infernape","item":"choicescarf","ability":"Blaze","moves":["overheat","closecombat","uturn","stoneedge"],"nature":"Hasty","evs":{"hp":0,"atk":252,"def":0,"spa":4,"spd":0,"spe":252},"ivs":{"hp":31,"atk":31,"def":31,"spa":31,"spd":31,"spe":31}},{"name":"Scrafty","species":"Scrafty","item":"lifeorb","ability":"Shed Skin","moves":["dragondance","crunch","ironhead","drainpunch"],"nature":"Adamant","evs":{"hp":0,"atk":252,"def":0,"spa":0,"spd":4,"spe":252},"ivs":{"hp":31,"atk":31,"def":31,"spa":31,"spd":31,"spe":31}},{"name":"Gallade","species":"Gallade","item":"galladite","ability":"Justified","moves":["poisonjab","closecombat","psychocut","swordsdance"],"nature":"Jolly","evs":{"hp":0,"atk":252,"def":0,"spa":0,"spd":4,"spe":252},"ivs":{"hp":31,"atk":31,"def":31,"spa":31,"spd":31,"spe":31}},{"name":"Lucario","species":"Lucario","item":"focussash","ability":"Justified","moves":["swordsdance","closecombat","crunch","extremespeed"],"nature":"Jolly","evs":{"hp":0,"atk":252,"def":0,"spa":0,"spd":4,"spe":252},"ivs":{"hp":31,"atk":31,"def":31,"spa":31,"spd":31,"spe":31}},{"name":"Hawlucha","species":"Hawlucha","item":"powerherb","ability":"Unburden","moves":["skyattack","swordsdance","highjumpkick","acrobatics"],"nature":"Jolly","evs":{"hp":0,"atk":252,"def":0,"spa":0,"spd":4,"spe":252},"ivs":{"hp":31,"atk":31,"def":31,"spa":31,"spd":31,"spe":31}},{"name":"Keldeo-Resolute","species":"Keldeo-Resolute","item":"choicespecs","ability":"Justified","moves":["scald","hydropump","secretsword","icywind"],"nature":"Timid","evs":{"hp":0,"atk":0,"def":0,"spa":252,"spd":4,"spe":252},"ivs":{"hp":31,"atk":31,"def":31,"spa":31,"spd":31,"spe":31}}],"log":["|player|p1|Inferno Sableye|infernosableye.png","|player|p2|Guard☆☆☆Wulf☆☆☆|143","|gametype|singles","|gen|6","|tier|Monotype","|rated","|rule|Baton Pass Clause: Limit one Baton Passer, can't pass Spe and other stats simultaneously","|rule|Swagger Clause: Swagger is banned","|rule|Same Type Clause: Pokémon in a team must share a type","|clearpoke","|poke|p1|Sableye, F","|poke|p1|Tyranitar, F","|poke|p1|Bisharp, M, shiny","|poke|p1|Hoopa-Unbound","|poke|p1|Weavile, M","|poke|p1|Mandibuzz, F","|poke|p2|Infernape, M","|poke|p2|Scrafty, M","|poke|p2|Gallade, M","|poke|p2|Lucario, M","|poke|p2|Hawlucha, F","|poke|p2|Keldeo-Resolute","|rule|Sleep Clause Mod: Limit one foe put to sleep","|rule|Species Clause: Limit one of each Pokémon","|rule|OHKO Clause: OHKO moves are banned","|rule|Moody Clause: Moody is banned","|rule|Evasion Moves Clause: Evasion moves are banned","|rule|Endless Battle Clause: Forcing endless battles is banned","|rule|HP Percentage Mod: HP is shown in percentages","|teampreview","|","|start","|switch|p1a: Oit of this world|Hoopa-Unbound|301/301","|switch|p2a: Infernape|Infernape, M|293/293","|turn|1","|","|switch|p1a: Buzz off bitch|Mandibuzz, F|405/405","|move|p2a: Infernape|U-turn|p1a: Buzz off bitch","|-damage|p1a: Buzz off bitch|354/405","|-damage|p2a: Infernape|245/293|[from] item: Rocky Helmet|[of] p1a: Buzz off bitch","|","|switch|p2a: Keldeo-Resolute|Keldeo-Resolute|323/323","|","|turn|2","|","|switch|p1a: Oit of this world|Hoopa-Unbound|301/301","|move|p2a: Keldeo-Resolute|Hydro Pump|p1a: Oit of this world","|-damage|p1a: Oit of this world|61/301","|","|turn|3","|","|switch|p2a: Lucario|Lucario, M|281/281","|move|p1a: Oit of this world|Hyperspace Hole|p2a: Lucario","|-damage|p2a: Lucario|85/281","|","|turn|4","|","|switch|p1a: Buzz off bitch|Mandibuzz, F|354/405","|move|p2a: Lucario|Extreme Speed|p1a: Buzz off bitch","|-damage|p1a: Buzz off bitch|289/405","|-damage|p2a: Lucario|39/281|[from] item: Rocky Helmet|[of] p1a: Buzz off bitch","|","|turn|5","|","|move|p2a: Lucario|Close Combat|p1a: Buzz off bitch","|-damage|p1a: Buzz off bitch|163/405","|-damage|p2a: Lucario|0 fnt|[from] item: Rocky Helmet|[of] p1a: Buzz off bitch","|faint|p2a: Lucario","|move|p1a: Buzz off bitch|Foul Play|p2: Lucario|[notarget]","|-notarget","|","|","|switch|p2a: Keldeo-Resolute|Keldeo-Resolute|323/323","|turn|6","|","|switch|p1a: Rawwrrrr|Tyranitar, F|404/404","|-weather|Sandstorm","|move|p2a: Keldeo-Resolute|Scald|p1a: Rawwrrrr","|-supereffective|p1a: Rawwrrrr","|-damage|p1a: Rawwrrrr|150/404","|","|-weather|Sandstorm|[upkeep]","|-damage|p2a: Keldeo-Resolute|303/323|[from] sandstorm","|-heal|p1a: Rawwrrrr|175/404|[from] item: Leftovers","|turn|7","|","|move|p2a: Keldeo-Resolute|Scald|p1a: Rawwrrrr","|-supereffective|p1a: Rawwrrrr","|-damage|p1a: Rawwrrrr|0 fnt","|faint|p1a: Rawwrrrr","|","|-weather|Sandstorm|[upkeep]","|-damage|p2a: Keldeo-Resolute|283/323|[from] sandstorm","|","|switch|p1a: Oit of this world|Hoopa-Unbound|61/301","|turn|8","|","|switch|p2a: Scrafty|Scrafty, M|271/271","|move|p1a: Oit of this world|Hyperspace Hole|p2a: Scrafty","|-immune|p2a: Scrafty|[msg]","|","|-weather|Sandstorm|[upkeep]","|-damage|p1a: Oit of this world|43/301|[from] sandstorm","|-damage|p2a: Scrafty|255/271|[from] sandstorm","|turn|9","|","|switch|p1a: Buzz off bitch|Mandibuzz, F|163/405","|move|p2a: Scrafty|Dragon Dance|p2a: Scrafty","|-boost|p2a: Scrafty|atk|1","|-boost|p2a: Scrafty|spe|1","|","|-weather|Sandstorm|[upkeep]","|-damage|p2a: Scrafty|239/271|[from] sandstorm","|turn|10","|","|move|p2a: Scrafty|Drain Punch|p1a: Buzz off bitch","|-damage|p1a: Buzz off bitch|7/405","|-heal|p2a: Scrafty|271/271|[from] drain|[of] p1a: Buzz off bitch","|-damage|p2a: Scrafty|226/271|[from] item: Rocky Helmet|[of] p1a: Buzz off bitch","|-damage|p2a: Scrafty|199/271|[from] item: Life Orb","|move|p1a: Buzz off bitch|Roost|p1a: Buzz off bitch","|-heal|p1a: Buzz off bitch|210/405","|","|-weather|none","|turn|11","|","|move|p2a: Scrafty|Dragon Dance|p2a: Scrafty","|-boost|p2a: Scrafty|atk|1","|-boost|p2a: Scrafty|spe|1","|move|p1a: Buzz off bitch|Roost|p1a: Buzz off bitch","|-heal|p1a: Buzz off bitch|405/405","|","|turn|12","|","|move|p2a: Scrafty|Drain Punch|p1a: Buzz off bitch","|-damage|p1a: Buzz off bitch|181/405","|-heal|p2a: Scrafty|271/271|[from] drain|[of] p1a: Buzz off bitch","|-damage|p2a: Scrafty|226/271|[from] item: Rocky Helmet|[of] p1a: Buzz off bitch","|-damage|p2a: Scrafty|199/271|[from] item: Life Orb","|move|p1a: Buzz off bitch|Whirlwind|p2a: Scrafty","|drag|p2a: Keldeo-Resolute|Keldeo-Resolute|283/323","|","|turn|13","|","|move|p2a: Keldeo-Resolute|Hydro Pump|p1a: Buzz off bitch|[miss]","|-miss|p2a: Keldeo-Resolute|p1a: Buzz off bitch","|move|p1a: Buzz off bitch|Roost|p1a: Buzz off bitch","|-heal|p1a: Buzz off bitch|384/405","|","|turn|14","|","|switch|p1a: Bish Plz|Bisharp, M, shiny|271/271","|move|p2a: Keldeo-Resolute|Hydro Pump|p1a: Bish Plz|[miss]","|-miss|p2a: Keldeo-Resolute|p1a: Bish Plz","|","|turn|15","|","|move|p2a: Keldeo-Resolute|Hydro Pump|p1a: Bish Plz","|-damage|p1a: Bish Plz|0 fnt","|faint|p1a: Bish Plz","|","|","|switch|p1a: Oit of this world|Hoopa-Unbound|43/301","|turn|16","|","|switch|p2a: Scrafty|Scrafty, M|199/271","|move|p1a: Oit of this world|Drain Punch|p2a: Scrafty","|-supereffective|p2a: Scrafty","|-damage|p2a: Scrafty|21/271","|-heal|p1a: Oit of this world|132/301|[from] drain|[of] p2a: Scrafty","|","|turn|17","|","|move|p1a: Oit of this world|Drain Punch|p2a: Scrafty","|-supereffective|p2a: Scrafty","|-damage|p2a: Scrafty|0 fnt","|-heal|p1a: Oit of this world|143/301|[from] drain|[of] p2a: Scrafty","|faint|p2a: Scrafty","|","|","|switch|p2a: Keldeo-Resolute|Keldeo-Resolute|283/323","|turn|18","|","|switch|p1a: Buzz off bitch|Mandibuzz, F|384/405","|move|p2a: Keldeo-Resolute|Secret Sword|p1a: Buzz off bitch","|-damage|p1a: Buzz off bitch|221/405","|","|turn|19","|","|move|p2a: Keldeo-Resolute|Secret Sword|p1a: Buzz off bitch","|-damage|p1a: Buzz off bitch|73/405","|move|p1a: Buzz off bitch|Roost|p1a: Buzz off bitch","|-heal|p1a: Buzz off bitch|276/405","|","|turn|20","|","|switch|p1a: Not op|Sableye, F|303/303","|move|p2a: Keldeo-Resolute|Secret Sword|p1a: Not op","|-immune|p1a: Not op|[msg]","|","|turn|21","|","|switch|p2a: Infernape|Infernape, M|245/293","|move|p1a: Not op|Shadow Ball|p2a: Infernape","|-damage|p2a: Infernape|152/293","|","|turn|22","|","|switch|p1a: Buzz off bitch|Mandibuzz, F|276/405","|move|p2a: Infernape|Overheat|p1a: Buzz off bitch","|-damage|p1a: Buzz off bitch|135/405","|-unboost|p2a: Infernape|spa|2","|","|turn|23","|","|switch|p2a: Keldeo-Resolute|Keldeo-Resolute|283/323","|move|p1a: Buzz off bitch|Roost|p1a: Buzz off bitch","|-heal|p1a: Buzz off bitch|338/405","|","|turn|24","|","|move|p2a: Keldeo-Resolute|Hydro Pump|p1a: Buzz off bitch","|-damage|p1a: Buzz off bitch|82/405","|move|p1a: Buzz off bitch|Roost|p1a: Buzz off bitch","|-heal|p1a: Buzz off bitch|285/405","|","|turn|25","|","|move|p2a: Keldeo-Resolute|Hydro Pump|p1a: Buzz off bitch|[miss]","|-miss|p2a: Keldeo-Resolute|p1a: Buzz off bitch","|move|p1a: Buzz off bitch|Roost|p1a: Buzz off bitch","|-heal|p1a: Buzz off bitch|405/405","|","|turn|26","|","|move|p2a: Keldeo-Resolute|Hydro Pump|p1a: Buzz off bitch","|-damage|p1a: Buzz off bitch|125/405","|move|p1a: Buzz off bitch|Roost|p1a: Buzz off bitch","|-heal|p1a: Buzz off bitch|328/405","|","|turn|27","|","|move|p2a: Keldeo-Resolute|Hydro Pump|p1a: Buzz off bitch","|-damage|p1a: Buzz off bitch|54/405","|move|p1a: Buzz off bitch|Roost|p1a: Buzz off bitch","|-heal|p1a: Buzz off bitch|257/405","|","|turn|28","|","|switch|p2a: Hawlucha|Hawlucha, F|297/297","|switch|p1a: Oit of this world|Hoopa-Unbound|143/301","|","|turn|29","|","|move|p1a: Oit of this world|Hyperspace Hole|p2a: Hawlucha","|-supereffective|p2a: Hawlucha","|-damage|p2a: Hawlucha|0 fnt","|faint|p2a: Hawlucha","|","|","|switch|p2a: Infernape|Infernape, M|152/293","|turn|30","|","|switch|p1a: Buzz off bitch|Mandibuzz, F|257/405","|move|p2a: Infernape|Stone Edge|p1a: Buzz off bitch","|-supereffective|p1a: Buzz off bitch","|-damage|p1a: Buzz off bitch|121/405","|","|turn|31","|","|move|p2a: Infernape|Stone Edge|p1a: Buzz off bitch|[miss]","|-miss|p2a: Infernape|p1a: Buzz off bitch","|move|p1a: Buzz off bitch|Roost|p1a: Buzz off bitch","|-heal|p1a: Buzz off bitch|324/405","|","|turn|32","|","|switch|p2a: Gallade|Gallade, M|277/277","|move|p1a: Buzz off bitch|Roost|p1a: Buzz off bitch","|-heal|p1a: Buzz off bitch|405/405","|","|turn|33","|","|detailschange|p2a: Gallade|Gallade-Mega, M","|-mega|p2a: Gallade|Gallade|Galladite","|move|p2a: Gallade|Swords Dance|p2a: Gallade","|-boost|p2a: Gallade|atk|2","|move|p1a: Buzz off bitch|Foul Play|p2a: Gallade","|-damage|p2a: Gallade|0 fnt","|faint|p2a: Gallade","|","|","|switch|p2a: Keldeo-Resolute|Keldeo-Resolute|283/323","|turn|34","|","|move|p2a: Keldeo-Resolute|Icy Wind|p1a: Buzz off bitch","|-supereffective|p1a: Buzz off bitch","|-damage|p1a: Buzz off bitch|205/405","|-unboost|p1a: Buzz off bitch|spe|1","|move|p1a: Buzz off bitch|Roost|p1a: Buzz off bitch","|-heal|p1a: Buzz off bitch|405/405","|","|turn|35","|","|switch|p1a: No pressure|Weavile, M|281/281","|-ability|p1a: No pressure|Pressure","|move|p2a: Keldeo-Resolute|Icy Wind|p1a: No pressure","|-resisted|p1a: No pressure","|-damage|p1a: No pressure|227/281","|-unboost|p1a: No pressure|spe|1","|","|turn|36","|","|switch|p2a: Infernape|Infernape, M|152/293","|move|p1a: No pressure|Knock Off|p2a: Infernape","|-resisted|p2a: Infernape","|-damage|p2a: Infernape|0 fnt","|-enditem|p2a: Infernape|Choice Scarf|[from] move: Knock Off|[of] p1a: No pressure","|-damage|p1a: No pressure|199/281|[from] item: Life Orb","|faint|p2a: Infernape","|","|","|switch|p2a: Keldeo-Resolute|Keldeo-Resolute|283/323","|turn|37","|","|move|p2a: Keldeo-Resolute|Scald|p1a: No pressure","|-damage|p1a: No pressure|0 fnt","|faint|p1a: No pressure","|","|","|switch|p1a: Oit of this world|Hoopa-Unbound|143/301","|turn|38","|","|move|p1a: Oit of this world|Hyperspace Hole|p2a: Keldeo-Resolute","|-crit|p2a: Keldeo-Resolute","|-supereffective|p2a: Keldeo-Resolute","|-damage|p2a: Keldeo-Resolute|0 fnt","|faint|p2a: Keldeo-Resolute","|","|win|Inferno Sableye"],"p1rating":{"entryid":"83803","serverid":"eos","formatid":"monotype","userid":"infernosableye","username":"Inferno Sableye","w":6,"l":"4","t":"0","gxe":56.2,"r":"1459.8393856612","rd":"122.8583080769","sigma":"0","rptime":"1439974800","rpr":1548.3098173724,"rprd":88.262502002997,"rpsigma":"0","acre":1128.1821189077,"lacre":1128.1821189077,"oldacre":"1105.1546685296"},"p2rating":{"entryid":"152473","serverid":"eos","formatid":"monotype","userid":"guardwulf","username":"Guard Wulf","w":"2","l":2,"t":"0","gxe":49.3,"r":"1500","rd":"130","sigma":"0","rptime":"1439974800","rpr":1494.4751647481,"rprd":106.75469223621,"rpsigma":"0","acre":1057.7400143406,"lacre":1057.7400143406,"oldacre":"1077.6842102755"},"endType":"normal"}