{"seed":[58553,1982,57540,34924],"turns":26,"p1":"LightOfAKnowing","p2":"SWL Neßki","p1team":[{"name":"Vespiquen","species":"Vespiquen","item":"laxincense","ability":"Pressure","moves":["defendorder","infestation","mudslap","roost"],"nature":"Gentle","evs":{"hp":248,"atk":8,"def":0,"spa":0,"spd":252,"spe":0},"ivs":{"hp":31,"atk":31,"def":31,"spa":31,"spd":31,"spe":31}},{"name":"Forretress","species":"Forretress","item":"custapberry","ability":"Sturdy","moves":["stealthrock","rapidspin","explosion","spikes"],"nature":"Impish","evs":{"hp":248,"atk":8,"def":252,"spa":0,"spd":0,"spe":0},"ivs":{"hp":31,"atk":31,"def":31,"spa":31,"spd":31,"spe":31}},{"name":"Galvantula","species":"Galvantula","item":"focussash","ability":"Swarm","moves":["stickyweb","bugbuzz","voltswitch","suckerpunch"],"nature":"Hasty","evs":{"hp":0,"atk":4,"def":0,"spa":252,"spd":0,"spe":252},"ivs":{"hp":31,"atk":31,"def":31,"spa":31,"spd":31,"spe":31}},{"name":"Pinsir","species":"Pinsir","item":"pinsirite","ability":"Moxie","moves":["quickattack","xscissor","frustration","closecombat"],"nature":"Adamant","evs":{"hp":248,"atk":252,"def":0,"spa":0,"spd":8,"spe":0},"happiness":0,"ivs":{"hp":31,"atk":31,"def":31,"spa":31,"spd":31,"spe":31}},{"name":"Genesect","species":"Genesect","item":"assaultvest","ability":"Download","moves":["icebeam","bugbuzz","technoblast","flashcannon"],"nature":"Timid","evs":{"hp":0,"atk":0,"def":4,"spa":252,"spd":0,"spe":252},"happiness":0,"ivs":{"hp":31,"atk":31,"def":31,"spa":31,"spd":31,"spe":31}},{"name":"Volcarona","species":"Volcarona","item":"choicescarf","ability":"Flame Body","moves":["bugbuzz","fierydance","gigadrain","hurricane"],"nature":"Timid","evs":{"hp":0,"atk":0,"def":0,"spa":252,"spd":4,"spe":252},"ivs":{"hp":31,"atk":31,"def":31,"spa":31,"spd":31,"spe":31}}],"p2team":[{"name":"Azumarill","species":"Azumarill","item":"sitrusberry","ability":"Huge Power","moves":["aquajet","playrough","knockoff","bellydrum"],"nature":"Adamant","evs":{"hp":244,"atk":252,"def":0,"spa":0,"spd":0,"spe":12},"ivs":{"hp":31,"atk":31,"def":31,"spa":31,"spd":31,"spe":31}},{"name":"Ludicolo","species":"Ludicolo","item":"assaultvest","ability":"Swift Swim","moves":["scald","icebeam","gigadrain","focusblast"],"nature":"Timid","evs":{"hp":0,"atk":0,"def":0,"spa":252,"spd":4,"spe":252},"ivs":{"hp":31,"atk":0,"def":31,"spa":31,"spd":31,"spe":31}},{"name":"Keldeo","species":"Keldeo","item":"focussash","ability":"Justified","moves":["taunt","scald","secretsword","endeavor"],"nature":"Timid","evs":{"hp":0,"atk":0,"def":0,"spa":252,"spd":4,"spe":252},"ivs":{"hp":31,"atk":0,"def":31,"spa":31,"spd":31,"spe":31}},{"name":"Seismitoad","species":"Seismitoad","item":"lifeorb","ability":"Swift Swim","moves":["stealthrock","earthquake","knockoff","scald"],"nature":"Adamant","evs":{"hp":0,"atk":252,"def":0,"spa":4,"spd":0,"spe":252},"ivs":{"hp":31,"atk":31,"def":31,"spa":31,"spd":31,"spe":31}},{"name":"Politoed","species":"Politoed","item":"choicescarf","ability":"Drizzle","moves":["hiddenpowerrock","icebeam","psychic","scald"],"nature":"Modest","evs":{"hp":0,"atk":0,"def":0,"spa":252,"spd":4,"spe":252},"ivs":{"hp":31,"atk":31,"def":30,"spa":31,"spd":30,"spe":30}},{"name":"Gyarados","species":"Gyarados","item":"gyaradosite","ability":"Intimidate","moves":["dragondance","earthquake","icefang","crunch"],"nature":"Adamant","evs":{"hp":0,"atk":252,"def":0,"spa":0,"spd":4,"spe":252},"ivs":{"hp":31,"atk":31,"def":31,"spa":31,"spd":31,"spe":31}}],"log":["|player|p1|LightOfAKnowing|lightofaknowing.gif","|player|p2|SWL Neßki|swlneki.png","|gametype|singles","|gen|6","|tier|Monotype","|rated","|rule|Baton Pass Clause: Limit one Baton Passer, can't pass Spe and other stats simultaneously","|rule|Swagger Clause: Swagger is banned","|rule|Same Type Clause: Pokémon in a team must share a type","|clearpoke","|poke|p1|Vespiquen, F","|poke|p1|Forretress, F","|poke|p1|Galvantula, M","|poke|p1|Pinsir, M","|poke|p1|Genesect-*","|poke|p1|Volcarona, F","|poke|p2|Azumarill, M","|poke|p2|Ludicolo, F","|poke|p2|Keldeo","|poke|p2|Seismitoad, F","|poke|p2|Politoed, M","|poke|p2|Gyarados, M","|rule|Sleep Clause Mod: Limit one foe put to sleep","|rule|Species Clause: Limit one of each Pokémon","|rule|OHKO Clause: OHKO moves are banned","|rule|Moody Clause: Moody is banned","|rule|Evasion Moves Clause: Evasion moves are banned","|rule|Endless Battle Clause: Forcing endless battles is banned","|rule|HP Percentage Mod: HP is shown in percentages","|teampreview","|","|start","|switch|p1a: Galvantula|Galvantula, M|281/281","|switch|p2a: Politoed|Politoed, M|321/321","|-weather|RainDance","|turn|1","|","|move|p2a: Politoed|Scald|p1a: Galvantula","|-enditem|p1a: Galvantula|Focus Sash","|-damage|p1a: Galvantula|1/281","|move|p1a: Galvantula|Sticky Web|p2a: Politoed","|-sidestart|p2: SWL Neßki|move: Sticky Web","|","|-weather|RainDance|[upkeep]","|turn|2","|","|move|p1a: Galvantula|Sucker Punch|p2a: Politoed","|-damage|p2a: Politoed|253/321","|move|p2a: Politoed|Scald|p1a: Galvantula","|-damage|p1a: Galvantula|0 fnt","|faint|p1a: Galvantula","|","|-weather|RainDance|[upkeep]","|","|switch|p1a: Forretress|Forretress, F|353/353","|turn|3","|","|move|p2a: Politoed|Scald|p1a: Forretress","|-damage|p1a: Forretress|76/353","|-status|p1a: Forretress|brn","|move|p1a: Forretress|Stealth Rock|p2a: Politoed","|-sidestart|p2: SWL Neßki|move: Stealth Rock","|","|-weather|RainDance|[upkeep]","|-damage|p1a: Forretress|32/353 brn|[from] brn","|turn|4","|-enditem|p1a: Forretress|Custap Berry|[eat]","|-activate|p1a: Forretress|Custap Berry","|","|move|p1a: Forretress|Explosion|p2a: Politoed","|-damage|p2a: Politoed|135/321","|faint|p1a: Forretress","|move|p2a: Politoed|Scald|p1: Forretress|[notarget]","|-notarget","|","|-weather|RainDance|[upkeep]","|","|switch|p1a: Volcarona|Volcarona, F|311/311","|turn|5","|","|move|p1a: Volcarona|Giga Drain|p2a: Politoed","|-supereffective|p2a: Politoed","|-damage|p2a: Politoed|0 fnt","|faint|p2a: Politoed","|","|-weather|none","|","|switch|p2a: Gyarados|Gyarados, M|331/331","|-damage|p2a: Gyarados|249/331|[from] Stealth Rock","|-ability|p2a: Gyarados|Intimidate","|-unboost|p1a: Volcarona|atk|1","|turn|6","|","|switch|p1a: Genesect|Genesect|283/283","|-boost|p1a: Genesect|atk|1|[from] ability: Download","|move|p2a: Gyarados|Dragon Dance|p2a: Gyarados","|-boost|p2a: Gyarados|atk|1","|-boost|p2a: Gyarados|spe|1","|","|turn|7","|","|detailschange|p2a: Gyarados|Gyarados-Mega, M","|-mega|p2a: Gyarados|Gyarados|Gyaradosite","|-ability|p2a: Gyarados|Mold Breaker","|move|p2a: Gyarados|Earthquake|p1a: Genesect","|-damage|p1a: Genesect|60/283","|move|p1a: Genesect|Techno Blast|p2a: Gyarados","|-damage|p2a: Gyarados|138/331","|","|turn|8","|","|move|p2a: Gyarados|Crunch|p1a: Genesect","|-damage|p1a: Genesect|0 fnt","|faint|p1a: Genesect","|","|","|switch|p1a: Volcarona|Volcarona, F|311/311","|turn|9","|","|move|p1a: Volcarona|Giga Drain|p2a: Gyarados","|-supereffective|p2a: Gyarados","|-damage|p2a: Gyarados|2/331","|move|p2a: Gyarados|Earthquake|p1a: Volcarona","|-crit|p1a: Volcarona","|-damage|p1a: Volcarona|0 fnt","|faint|p1a: Volcarona","|","|","|switch|p1a: Pinsir|Pinsir, M|333/333","|turn|10","|","|switch|p2a: Keldeo|Keldeo|323/323","|-damage|p2a: Keldeo|303/323|[from] Stealth Rock","|-activate|p2a: Keldeo|move: Sticky Web","|-unboost|p2a: Keldeo|spe|1","|move|p1a: Pinsir|Quick Attack|p2a: Keldeo","|-damage|p2a: Keldeo|247/323","|","|turn|11","|","|switch|p2a: Gyarados|Gyarados-Mega, M|2/331","|-activate|p2a: Gyarados|move: Sticky Web","|-unboost|p2a: Gyarados|spe|1","|-damage|p2a: Gyarados|0 fnt|[from] Stealth Rock","|faint|p2a: Gyarados","|detailschange|p1a: Pinsir|Pinsir-Mega, M","|-mega|p1a: Pinsir|Pinsir|Pinsirite","|move|p1a: Pinsir|Quick Attack|p2: Gyarados|[notarget]","|-notarget","|","|","|switch|p2a: Seismitoad|Seismitoad, F|351/351","|-damage|p2a: Seismitoad|330/351|[from] Stealth Rock","|-activate|p2a: Seismitoad|move: Sticky Web","|-unboost|p2a: Seismitoad|spe|1","|turn|12","|","|switch|p1a: Vespiquen|Vespiquen, F|343/343","|-ability|p1a: Vespiquen|Pressure","|move|p2a: Seismitoad|Scald|p1a: Vespiquen","|-damage|p1a: Vespiquen|275/343","|-damage|p2a: Seismitoad|295/351|[from] item: Life Orb","|","|turn|13","|","|move|p2a: Seismitoad|Stealth Rock|p1a: Vespiquen","|-sidestart|p1: LightOfAKnowing|move: Stealth Rock","|move|p1a: Vespiquen|Infestation|p2a: Seismitoad","|-damage|p2a: Seismitoad|270/351","|-activate|p2a: Seismitoad|move: Infestation|[of] p1a: Vespiquen","|","|-damage|p2a: Seismitoad|227/351|[from] move: Infestation|[partiallytrapped]","|turn|14","|","|move|p2a: Seismitoad|Knock Off|p1a: Vespiquen","|-damage|p1a: Vespiquen|128/343","|-enditem|p1a: Vespiquen|Lax Incense|[from] move: Knock Off|[of] p2a: Seismitoad","|-damage|p2a: Seismitoad|192/351|[from] item: Life Orb","|move|p1a: Vespiquen|Mud-Slap|p2a: Seismitoad","|-damage|p2a: Seismitoad|175/351","|-unboost|p2a: Seismitoad|accuracy|1","|","|-damage|p2a: Seismitoad|132/351|[from] move: Infestation|[partiallytrapped]","|turn|15","|","|move|p2a: Seismitoad|Scald|p1a: Vespiquen","|-damage|p1a: Vespiquen|58/343","|-damage|p2a: Seismitoad|97/351|[from] item: Life Orb","|move|p1a: Vespiquen|Roost|p1a: Vespiquen","|-heal|p1a: Vespiquen|230/343","|","|-damage|p2a: Seismitoad|54/351|[from] move: Infestation|[partiallytrapped]","|turn|16","|","|move|p2a: Seismitoad|Scald|p1a: Vespiquen","|-damage|p1a: Vespiquen|164/343","|-damage|p2a: Seismitoad|19/351|[from] item: Life Orb","|move|p1a: Vespiquen|Roost|p1a: Vespiquen","|-heal|p1a: Vespiquen|336/343","|","|-damage|p2a: Seismitoad|0 fnt|[from] move: Infestation|[partiallytrapped]","|faint|p2a: Seismitoad","|","|switch|p2a: Keldeo|Keldeo|247/323","|-damage|p2a: Keldeo|227/323|[from] Stealth Rock","|-activate|p2a: Keldeo|move: Sticky Web","|-unboost|p2a: Keldeo|spe|1","|turn|17","|","|move|p2a: Keldeo|Scald|p1a: Vespiquen","|-damage|p1a: Vespiquen|243/343","|move|p1a: Vespiquen|Mud-Slap|p2a: Keldeo","|-damage|p2a: Keldeo|212/323","|-unboost|p2a: Keldeo|accuracy|1","|","|turn|18","|","|move|p2a: Keldeo|Scald|p1a: Vespiquen","|-damage|p1a: Vespiquen|141/343","|move|p1a: Vespiquen|Roost|p1a: Vespiquen","|-heal|p1a: Vespiquen|313/343","|","|turn|19","|","|move|p2a: Keldeo|Scald|p1a: Vespiquen|[miss]","|-miss|p2a: Keldeo|p1a: Vespiquen","|move|p1a: Vespiquen|Infestation|p2a: Keldeo","|-resisted|p2a: Keldeo","|-damage|p2a: Keldeo|202/323","|-activate|p2a: Keldeo|move: Infestation|[of] p1a: Vespiquen","|","|-damage|p2a: Keldeo|162/323|[from] move: Infestation|[partiallytrapped]","|turn|20","|","|move|p2a: Keldeo|Taunt|p1a: Vespiquen|[miss]","|-miss|p2a: Keldeo|p1a: Vespiquen","|move|p1a: Vespiquen|Defend Order|p1a: Vespiquen","|-boost|p1a: Vespiquen|def|1","|-boost|p1a: Vespiquen|spd|1","|","|-damage|p2a: Keldeo|122/323|[from] move: Infestation|[partiallytrapped]","|turn|21","|","|move|p2a: Keldeo|Taunt|p1a: Vespiquen","|-start|p1a: Vespiquen|move: Taunt","|move|p1a: Vespiquen|Mud-Slap|p2a: Keldeo","|-damage|p2a: Keldeo|106/323","|-unboost|p2a: Keldeo|accuracy|1","|","|-damage|p2a: Keldeo|66/323|[from] move: Infestation|[partiallytrapped]","|turn|22","|","|move|p2a: Keldeo|Endeavor|p1a: Vespiquen","|-damage|p1a: Vespiquen|66/343","|move|p1a: Vespiquen|Mud-Slap|p2a: Keldeo","|-damage|p2a: Keldeo|50/323","|-unboost|p2a: Keldeo|accuracy|1","|","|-damage|p2a: Keldeo|10/323|[from] move: Infestation|[partiallytrapped]","|turn|23","|","|move|p2a: Keldeo|Scald|p1a: Vespiquen","|-damage|p1a: Vespiquen|0 fnt","|faint|p1a: Vespiquen","|","|","|switch|p1a: Pinsir|Pinsir-Mega, M|333/333","|-damage|p1a: Pinsir|167/333|[from] Stealth Rock","|turn|24","|","|move|p1a: Pinsir|Quick Attack|p2a: Keldeo","|-supereffective|p2a: Keldeo","|-damage|p2a: Keldeo|0 fnt","|faint|p2a: Keldeo","|","|","|switch|p2a: Azumarill|Azumarill, M|402/402","|-activate|p2a: Azumarill|move: Sticky Web","|-unboost|p2a: Azumarill|spe|1","|-damage|p2a: Azumarill|352/402|[from] Stealth Rock","|turn|25","|","|move|p1a: Pinsir|Frustration|p2a: Azumarill","|-damage|p2a: Azumarill|0 fnt","|faint|p2a: Azumarill","|","|","|switch|p2a: Ludicolo|Ludicolo, F|301/301","|-damage|p2a: Ludicolo|264/301|[from] Stealth Rock","|-activate|p2a: Ludicolo|move: Sticky Web","|-unboost|p2a: Ludicolo|spe|1","|turn|26","|","|move|p1a: Pinsir|Frustration|p2a: Ludicolo","|-supereffective|p2a: Ludicolo","|-damage|p2a: Ludicolo|0 fnt","|faint|p2a: Ludicolo","|","|win|LightOfAKnowing"],"p1rating":{"entryid":"386","serverid":"eos","formatid":"monotype","userid":"lightofaknowing","username":"LightOfAKnowing","w":6,"l":"13","t":"0","gxe":38.7,"r":"1402.3929578154","rd":"85.822828093539","sigma":"0","rptime":"1439974800","rpr":1411.8940617881,"rprd":73.368116424217,"rpsigma":"0","acre":1096.7200649935,"lacre":1096.7200649935,"oldacre":"1046.9557888588"},"p2rating":{"entryid":"388","serverid":"eos","formatid":"monotype","userid":"swlneki","username":"SWL Neßki","w":"17","l":5,"t":"0","gxe":68.8,"r":"1633.4747851943","rd":"86.012947461341","sigma":"0","rptime":"1439974800","rpr":1652.0468370541,"rprd":70.031238090925,"rpsigma":"0","acre":1204.7149294605,"lacre":1204.7149294605,"oldacre":"1242.4647491563"},"endType":"normal"}