{"seed":[6994,12327,5989,60850],"turns":20,"p1":"Void KGBeast","p2":"BreadBites","p1team":[{"name":"Charizard","species":"Charizard","item":"charizarditey","ability":"Blaze","moves":["roost","focusblast","fireblast","solarbeam"],"nature":"Timid","evs":{"hp":0,"atk":0,"def":0,"spa":252,"spd":4,"spe":252},"ivs":{"hp":31,"atk":0,"def":31,"spa":31,"spd":31,"spe":31}},{"name":"Darmanitan","species":"Darmanitan","item":"choicescarf","ability":"Sheer Force","moves":["flareblitz","rockslide","uturn","superpower"],"nature":"Jolly","evs":{"hp":0,"atk":252,"def":4,"spa":0,"spd":0,"spe":252},"ivs":{"hp":31,"atk":31,"def":31,"spa":31,"spd":31,"spe":31}},{"name":"Torkoal","species":"Torkoal","item":"leftovers","ability":"White Smoke","moves":["stealthrock","willowisp","lavaplume","rapidspin"],"nature":"Bold","evs":{"hp":248,"atk":0,"def":252,"spa":8,"spd":0,"spe":0},"ivs":{"hp":31,"atk":0,"def":31,"spa":31,"spd":31,"spe":31}},{"name":"Rotom-Heat","species":"Rotom-Heat","item":"choicescarf","ability":"Levitate","moves":["voltswitch","thunderbolt","overheat","hiddenpowerice"],"nature":"Timid","evs":{"hp":0,"atk":0,"def":0,"spa":252,"spd":4,"spe":252},"ivs":{"hp":31,"atk":0,"def":30,"spa":31,"spd":31,"spe":31}},{"name":"Heatran","species":"Heatran","item":"leftovers","ability":"Flash Fire","moves":["solarbeam","earthpower","toxic","flashcannon"],"nature":"Calm","evs":{"hp":248,"atk":0,"def":0,"spa":0,"spd":252,"spe":8},"ivs":{"hp":31,"atk":0,"def":31,"spa":31,"spd":31,"spe":31}},{"name":"Emboar","species":"Emboar","item":"choicescarf","ability":"Reckless","moves":["superpower","earthquake","headsmash","wildcharge"],"nature":"Jolly","evs":{"hp":0,"atk":252,"def":0,"spa":0,"spd":4,"spe":252},"ivs":{"hp":31,"atk":31,"def":31,"spa":31,"spd":31,"spe":31}}],"p2team":[{"name":"ScrewYourWater","species":"ninetales","item":"heatrock","ability":"Drought","moves":["energyball","extrasensory","nastyplot","fireblast"],"nature":"Timid","evs":{"hp":0,"atk":0,"def":0,"spa":252,"spd":4,"spe":252},"ivs":{"hp":31,"atk":31,"def":31,"spa":31,"spd":31,"spe":31}},{"name":"PlzNoRockz","species":"charizard","item":"charizarditey","ability":"Blaze","moves":["airslash","dragonpulse","flamethrower","solarbeam"],"nature":"Timid","evs":{"hp":0,"atk":0,"def":0,"spa":252,"spd":4,"spe":252},"shiny":true,"ivs":{"hp":31,"atk":31,"def":31,"spa":31,"spd":31,"spe":31}},{"name":"GuessMySet","species":"arcanine","item":"choiceband","ability":"Intimidate","moves":["ironhead","flareblitz","extremespeed","outrage"],"nature":"Adamant","evs":{"hp":248,"atk":252,"def":0,"spa":0,"spd":8,"spe":0},"ivs":{"hp":31,"atk":31,"def":31,"spa":31,"spd":31,"spe":31}},{"name":"MyOnlyUseHere","species":"torkoal","item":"leftovers","ability":"White Smoke","moves":["lavaplume","rapidspin","stealthrock","yawn"],"nature":"Bold","evs":{"hp":252,"atk":0,"def":252,"spa":4,"spd":0,"spe":0},"shiny":true,"ivs":{"hp":31,"atk":31,"def":31,"spa":31,"spd":31,"spe":31}},{"name":"SweepEm&Weep","species":"victini","item":"choicescarf","ability":"Victory Star","moves":["vcreate","zenheadbutt","boltstrike","uturn"],"nature":"Jolly","evs":{"hp":0,"atk":252,"def":0,"spa":0,"spd":4,"spe":252},"ivs":{"hp":31,"atk":31,"def":31,"spa":31,"spd":31,"spe":31}},{"name":"Poor&IrishFlareon","species":"flareon","item":"leftovers","ability":"Guts","moves":["flareblitz","healbell","wish","roar"],"nature":"Careful","evs":{"hp":252,"atk":4,"def":0,"spa":0,"spd":252,"spe":0},"ivs":{"hp":31,"atk":31,"def":31,"spa":31,"spd":31,"spe":31}}],"log":["|player|p1|Void KGBeast|25","|player|p2|BreadBites|52","|gametype|singles","|gen|6","|tier|Monotype","|rated","|rule|Baton Pass Clause: Limit one Baton Passer, can't pass Spe and other stats simultaneously","|rule|Swagger Clause: Swagger is banned","|rule|Same Type Clause: Pokémon in a team must share a type","|clearpoke","|poke|p1|Charizard, M","|poke|p1|Darmanitan, M","|poke|p1|Torkoal, M","|poke|p1|Rotom-Heat","|poke|p1|Heatran, F","|poke|p1|Emboar, M","|poke|p2|Ninetales, M","|poke|p2|Charizard, M, shiny","|poke|p2|Arcanine, M","|poke|p2|Torkoal, M, shiny","|poke|p2|Victini","|poke|p2|Flareon, F","|rule|Sleep Clause Mod: Limit one foe put to sleep","|rule|Species Clause: Limit one of each Pokémon","|rule|OHKO Clause: OHKO moves are banned","|rule|Moody Clause: Moody is banned","|rule|Evasion Moves Clause: Evasion moves are banned","|rule|Endless Battle Clause: Forcing endless battles is banned","|rule|HP Percentage Mod: HP is shown in percentages","|teampreview","|","|start","|switch|p1a: Rotom-Heat|Rotom-Heat|241/241","|switch|p2a: MyOnlyUseHere|Torkoal, M, shiny|344/344","|turn|1","|","|move|p1a: Rotom-Heat|Volt Switch|p2a: MyOnlyUseHere","|-damage|p2a: MyOnlyUseHere|190/344","|","|switch|p1a: Torkoal|Torkoal, M|343/343","|move|p2a: MyOnlyUseHere|Yawn|p1a: Torkoal","|-start|p1a: Torkoal|move: Yawn|[of] p2a: MyOnlyUseHere","|","|-heal|p2a: MyOnlyUseHere|211/344|[from] item: Leftovers","|turn|2","|","|switch|p1a: Emboar|Emboar, M|361/361","|move|p2a: MyOnlyUseHere|Stealth Rock|p1a: Emboar","|-sidestart|p1: Void KGBeast|move: Stealth Rock","|","|-heal|p2a: MyOnlyUseHere|232/344|[from] item: Leftovers","|turn|3","|","|move|p1a: Emboar|Head Smash|p2a: MyOnlyUseHere","|-supereffective|p2a: MyOnlyUseHere","|-damage|p2a: MyOnlyUseHere|0 fnt","|-damage|p1a: Emboar|245/361|[from] recoil|[of] p2a: MyOnlyUseHere","|faint|p2a: MyOnlyUseHere","|","|","|switch|p2a: SweepEm&Weep|Victini|341/341","|turn|4","|","|switch|p1a: Charizard|Charizard, M|297/297","|-damage|p1a: Charizard|149/297|[from] Stealth Rock","|move|p2a: SweepEm&Weep|Zen Headbutt|p1a: Charizard","|-damage|p1a: Charizard|0 fnt","|faint|p1a: Charizard","|","|","|switch|p1a: Torkoal|Torkoal, M|343/343","|-damage|p1a: Torkoal|258/343|[from] Stealth Rock","|turn|5","|","|switch|p2a: PlzNoRockz|Charizard, M, shiny|297/297","|move|p1a: Torkoal|Rapid Spin|p2a: PlzNoRockz","|-crit|p2a: PlzNoRockz","|-damage|p2a: PlzNoRockz|276/297","|-sideend|p1: Void KGBeast|Stealth Rock|[from] move: Rapid Spin|[of] p1a: Torkoal","|","|-heal|p1a: Torkoal|279/343|[from] item: Leftovers","|turn|6","|","|switch|p1a: Rotom-Heat|Rotom-Heat|241/241","|detailschange|p2a: PlzNoRockz|Charizard-Mega-Y, M, shiny","|-mega|p2a: PlzNoRockz|Charizard|Charizardite Y","|-weather|SunnyDay","|move|p2a: PlzNoRockz|Air Slash|p1a: Rotom-Heat","|-resisted|p1a: Rotom-Heat","|-damage|p1a: Rotom-Heat|166/241","|","|-weather|SunnyDay|[upkeep]","|turn|7","|","|switch|p2a: Poor&IrishFlareon|Flareon, F|334/334","|move|p1a: Rotom-Heat|Thunderbolt|p2a: Poor&IrishFlareon","|-damage|p2a: Poor&IrishFlareon|244/334","|","|-weather|SunnyDay|[upkeep]","|-heal|p2a: Poor&IrishFlareon|264/334|[from] item: Leftovers","|turn|8","|","|switch|p1a: Heatran|Heatran, F|385/385","|move|p2a: Poor&IrishFlareon|Wish|p2a: Poor&IrishFlareon","|","|-weather|SunnyDay|[upkeep]","|-heal|p2a: Poor&IrishFlareon|284/334|[from] item: Leftovers","|turn|9","|","|switch|p1a: Torkoal|Torkoal, M|279/343","|switch|p2a: GuessMySet|Arcanine, M|383/383","|-ability|p2a: GuessMySet|Intimidate","|-fail|p1a: Torkoal|unboost|[from] ability: White Smoke|[of] p1a: Torkoal","|","|-weather|SunnyDay|[upkeep]","|-heal|p1a: Torkoal|300/343|[from] item: Leftovers","|turn|10","|","|switch|p2a: ScrewYourWater|Ninetales, M|287/287","|move|p1a: Torkoal|Stealth Rock|p2a: ScrewYourWater","|-sidestart|p2: BreadBites|move: Stealth Rock","|","|-weather|none","|-heal|p1a: Torkoal|321/343|[from] item: Leftovers","|turn|11","|","|switch|p1a: Heatran|Heatran, F|385/385","|move|p2a: ScrewYourWater|Nasty Plot|p2a: ScrewYourWater","|-boost|p2a: ScrewYourWater|spa|2","|","|turn|12","|","|move|p2a: ScrewYourWater|Extrasensory|p1a: Heatran","|-resisted|p1a: Heatran","|-damage|p1a: Heatran|338/385","|move|p1a: Heatran|Toxic|p2a: ScrewYourWater","|-status|p2a: ScrewYourWater|tox","|","|-heal|p1a: Heatran|362/385|[from] item: Leftovers","|-damage|p2a: ScrewYourWater|270/287 tox|[from] psn","|turn|13","|","|switch|p2a: Poor&IrishFlareon|Flareon, F|284/334","|-damage|p2a: Poor&IrishFlareon|201/334|[from] Stealth Rock","|move|p1a: Heatran|Earth Power|p2a: Poor&IrishFlareon","|-supereffective|p2a: Poor&IrishFlareon","|-damage|p2a: Poor&IrishFlareon|73/334","|","|-heal|p1a: Heatran|385/385|[from] item: Leftovers","|-heal|p2a: Poor&IrishFlareon|93/334|[from] item: Leftovers","|turn|14","|","|move|p1a: Heatran|Earth Power|p2a: Poor&IrishFlareon","|-supereffective|p2a: Poor&IrishFlareon","|-damage|p2a: Poor&IrishFlareon|0 fnt","|faint|p2a: Poor&IrishFlareon","|","|","|switch|p2a: GuessMySet|Arcanine, M|383/383","|-damage|p2a: GuessMySet|288/383|[from] Stealth Rock","|-ability|p2a: GuessMySet|Intimidate","|-unboost|p1a: Heatran|atk|1","|turn|15","|","|move|p2a: GuessMySet|Outrage|p1a: Heatran","|-resisted|p1a: Heatran","|-damage|p1a: Heatran|281/385","|move|p1a: Heatran|Earth Power|p2a: GuessMySet","|-supereffective|p2a: GuessMySet","|-damage|p2a: GuessMySet|88/383","|","|-heal|p1a: Heatran|305/385|[from] item: Leftovers","|turn|16","|","|move|p2a: GuessMySet|Outrage|p1a: Heatran|[from]lockedmove","|-crit|p1a: Heatran","|-resisted|p1a: Heatran","|-damage|p1a: Heatran|151/385","|-start|p2a: GuessMySet|confusion|[fatigue]","|move|p1a: Heatran|Earth Power|p2a: GuessMySet","|-supereffective|p2a: GuessMySet","|-damage|p2a: GuessMySet|0 fnt","|faint|p2a: GuessMySet","|","|-heal|p1a: Heatran|175/385|[from] item: Leftovers","|","|switch|p2a: SweepEm&Weep|Victini|341/341","|-damage|p2a: SweepEm&Weep|256/341|[from] Stealth Rock","|turn|17","|","|switch|p1a: Torkoal|Torkoal, M|321/343","|move|p2a: SweepEm&Weep|Bolt Strike|p1a: Torkoal","|-damage|p1a: Torkoal|252/343","|","|-heal|p1a: Torkoal|273/343|[from] item: Leftovers","|turn|18","|","|switch|p2a: PlzNoRockz|Charizard-Mega-Y, M, shiny|276/297","|-damage|p2a: PlzNoRockz|128/297|[from] Stealth Rock","|-weather|SunnyDay","|move|p1a: Torkoal|Lava Plume|p2a: PlzNoRockz","|-resisted|p2a: PlzNoRockz","|-damage|p2a: PlzNoRockz|69/297","|","|-weather|SunnyDay|[upkeep]","|-heal|p1a: Torkoal|294/343|[from] item: Leftovers","|turn|19","|","|switch|p1a: Rotom-Heat|Rotom-Heat|166/241","|move|p2a: PlzNoRockz|Air Slash|p1a: Rotom-Heat","|-resisted|p1a: Rotom-Heat","|-damage|p1a: Rotom-Heat|93/241","|","|-weather|SunnyDay|[upkeep]","|turn|20","|","|move|p1a: Rotom-Heat|Volt Switch|p2a: PlzNoRockz","|-crit|p2a: PlzNoRockz","|-supereffective|p2a: PlzNoRockz","|-damage|p2a: PlzNoRockz|0 fnt","|faint|p2a: PlzNoRockz","|","|win|Void KGBeast"],"p1rating":{"entryid":"129714","serverid":"eos","formatid":"monotype","userid":"voidkgbeast","username":"Void KGBeast","w":6,"l":"4","t":"0","gxe":55.3,"r":"1500","rd":"130","sigma":"0","rptime":"1439974800","rpr":1541.1289617605,"rprd":87.983384317738,"rpsigma":"0","acre":1154.2986412232,"lacre":1154.2986412232,"oldacre":"1135.7042331822"},"p2rating":{"entryid":"69014","serverid":"eos","formatid":"monotype","userid":"breadbites","username":"BreadBites","w":"2","l":5,"t":"0","gxe":39.9,"r":"1418.4403493296","rd":"102.81642976596","sigma":"0","rptime":"1439974800","rpr":1419.9258433982,"rprd":95.909876839127,"rpsigma":"0","acre":1032.2346884117,"lacre":1032.2346884117,"oldacre":"1044.65438248"},"endType":"forfeit"}