{"seed":[33806,8324,4822,34343],"turns":24,"p1":"SWL Neßki","p2":"Void Chrono","p1team":[{"name":"Deoxys-Speed","species":"Deoxys-Speed","item":"lightclay","ability":"Pressure","moves":["taunt","stealthrock","lightscreen","reflect"],"nature":"Timid","evs":{"hp":248,"atk":0,"def":0,"spa":0,"spd":8,"spe":252},"ivs":{"hp":31,"atk":0,"def":31,"spa":31,"spd":31,"spe":31}},{"name":"Gardevoir","species":"Gardevoir","item":"gardevoirite","ability":"Trace","moves":["substitute","hypervoice","psyshock","thunderbolt"],"nature":"Timid","evs":{"hp":0,"atk":0,"def":0,"spa":252,"spd":4,"spe":252},"ivs":{"hp":31,"atk":0,"def":31,"spa":31,"spd":31,"spe":31}},{"name":"Victini","species":"Victini","item":"choicescarf","ability":"Victory Star","moves":["vcreate","uturn","boltstrike","blueflare"],"nature":"Naive","evs":{"hp":0,"atk":252,"def":0,"spa":4,"spd":0,"spe":252},"ivs":{"hp":31,"atk":31,"def":31,"spa":31,"spd":31,"spe":31}},{"name":"Mew","species":"Mew","item":"sitrusberry","ability":"Synchronize","moves":["nastyplot","vacuumwave","flamethrower","psyshock"],"nature":"Modest","evs":{"hp":148,"atk":0,"def":0,"spa":252,"spd":0,"spe":108},"ivs":{"hp":31,"atk":0,"def":31,"spa":31,"spd":31,"spe":31}},{"name":"Meloetta","species":"Meloetta","item":"assaultvest","ability":"Serene Grace","moves":["thunderbolt","energyball","shadowball","hypervoice"],"nature":"Modest","evs":{"hp":248,"atk":0,"def":0,"spa":252,"spd":8,"spe":0},"ivs":{"hp":31,"atk":0,"def":31,"spa":31,"spd":31,"spe":31}},{"name":"Hoopa-Unbound","species":"Hoopa-Unbound","item":"dreadplate","ability":"Magician","moves":["darkpulse","firepunch","knockoff","gunkshot"],"nature":"Lonely","evs":{"hp":248,"atk":252,"def":0,"spa":0,"spd":0,"spe":8},"ivs":{"hp":31,"atk":31,"def":31,"spa":31,"spd":31,"spe":31}}],"p2team":[{"name":"Traitor","species":"sableye","item":"sablenite","ability":"Prankster","moves":["foulplay","metalburst","recover","willowisp"],"nature":"Impish","evs":{"hp":252,"atk":4,"def":252,"spa":0,"spd":0,"spe":0},"ivs":{"hp":31,"atk":0,"def":31,"spa":31,"spd":31,"spe":31}},{"name":"Rebel","species":"umbreon","item":"leftovers","ability":"Synchronize","moves":["protect","wish","healbell","foulplay"],"nature":"Calm","evs":{"hp":252,"atk":0,"def":64,"spa":0,"spd":192,"spe":0},"ivs":{"hp":31,"atk":31,"def":31,"spa":31,"spd":31,"spe":31}},{"name":"Fugitive","species":"mandibuzz","item":"rockyhelmet","ability":"Overcoat","moves":["roost","toxic","foulplay","defog"],"nature":"Impish","evs":{"hp":252,"atk":0,"def":252,"spa":0,"spd":4,"spe":0},"ivs":{"hp":31,"atk":31,"def":31,"spa":31,"spd":31,"spe":31}},{"name":"Defector","species":"tyranitar","item":"assaultvest","ability":"Sand Stream","moves":["stoneedge","earthquake","fireblast","icebeam"],"nature":"Sassy","evs":{"hp":230,"atk":0,"def":0,"spa":24,"spd":252,"spe":4},"ivs":{"hp":31,"atk":31,"def":31,"spa":31,"spd":31,"spe":31}},{"name":"Turncoat","species":"bisharp","item":"focussash","ability":"Defiant","moves":["swordsdance","suckerpunch","knockoff","ironhead"],"nature":"Adamant","evs":{"hp":4,"atk":252,"def":0,"spa":0,"spd":0,"spe":252},"ivs":{"hp":31,"atk":31,"def":31,"spa":31,"spd":31,"spe":31}},{"name":"Renegade","species":"hoopaunbound","item":"choicescarf","ability":"Magician","moves":["hyperspacehole","hyperspacefury","gunkshot","icepunch"],"nature":"Hasty","evs":{"hp":0,"atk":192,"def":0,"spa":64,"spd":0,"spe":252},"ivs":{"hp":31,"atk":31,"def":31,"spa":31,"spd":31,"spe":31}}],"log":["|player|p1|SWL Neßki|swlneki.png","|player|p2|Void Chrono|voidchrono.png","|gametype|singles","|gen|6","|tier|Monotype","|rated","|rule|Baton Pass Clause: Limit one Baton Passer, can't pass Spe and other stats simultaneously","|rule|Swagger Clause: Swagger is banned","|rule|Same Type Clause: Pokémon in a team must share a type","|clearpoke","|poke|p1|Deoxys-Speed","|poke|p1|Gardevoir, F","|poke|p1|Victini","|poke|p1|Mew","|poke|p1|Meloetta","|poke|p1|Hoopa-Unbound","|poke|p2|Sableye, F","|poke|p2|Umbreon, M","|poke|p2|Mandibuzz, F","|poke|p2|Tyranitar, M","|poke|p2|Bisharp, F","|poke|p2|Hoopa-Unbound","|rule|Sleep Clause Mod: Limit one foe put to sleep","|rule|Species Clause: Limit one of each Pokémon","|rule|OHKO Clause: OHKO moves are banned","|rule|Moody Clause: Moody is banned","|rule|Evasion Moves Clause: Evasion moves are banned","|rule|Endless Battle Clause: Forcing endless battles is banned","|rule|HP Percentage Mod: HP is shown in percentages","|teampreview","|","|start","|switch|p1a: Deoxys-Speed|Deoxys-Speed|303/303","|switch|p2a: Turncoat|Bisharp, F|272/272","|-ability|p1a: Deoxys-Speed|Pressure","|turn|1","|","|move|p1a: Deoxys-Speed|Taunt|p2a: Turncoat","|-start|p2a: Turncoat|move: Taunt","|move|p2a: Turncoat|Knock Off|p1a: Deoxys-Speed","|-supereffective|p1a: Deoxys-Speed","|-damage|p1a: Deoxys-Speed|0 fnt","|-enditem|p1a: Deoxys-Speed|Light Clay|[from] move: Knock Off|[of] p2a: Turncoat","|faint|p1a: Deoxys-Speed","|","|","|switch|p1a: Mew|Mew|378/378","|turn|2","|","|switch|p2a: Rebel|Umbreon, M|394/394","|move|p1a: Mew|Flamethrower|p2a: Rebel","|-crit|p2a: Rebel","|-damage|p2a: Rebel|300/394","|","|-heal|p2a: Rebel|324/394|[from] item: Leftovers","|turn|3","|","|move|p1a: Mew|Nasty Plot|p1a: Mew","|-boost|p1a: Mew|spa|2","|move|p2a: Rebel|Wish|p2a: Rebel","|","|-heal|p2a: Rebel|348/394|[from] item: Leftovers","|turn|4","|","|move|p1a: Mew|Flamethrower|p2a: Rebel","|-damage|p2a: Rebel|235/394","|move|p2a: Rebel|Foul Play|p1a: Mew","|-crit|p1a: Mew","|-supereffective|p1a: Mew","|-damage|p1a: Mew|132/378","|-enditem|p1a: Mew|Sitrus Berry|[eat]","|-heal|p1a: Mew|226/378|[from] item: Sitrus Berry","|","|-heal|p2a: Rebel|394/394|[from] move: Wish|[wisher] Rebel","|turn|5","|","|move|p1a: Mew|Nasty Plot|p1a: Mew","|-boost|p1a: Mew|spa|2","|move|p2a: Rebel|Wish|p2a: Rebel","|","|turn|6","|","|move|p1a: Mew|Nasty Plot|p1a: Mew","|-boost|p1a: Mew|spa|2","|move|p2a: Rebel|Foul Play|p1a: Mew","|-supereffective|p1a: Mew","|-damage|p1a: Mew|62/378","|","|turn|7","|","|move|p1a: Mew|Vacuum Wave|p2a: Rebel","|-supereffective|p2a: Rebel","|-damage|p2a: Rebel|168/394","|move|p2a: Rebel|Foul Play|p1a: Mew","|-supereffective|p1a: Mew","|-damage|p1a: Mew|0 fnt","|faint|p1a: Mew","|","|-heal|p2a: Rebel|192/394|[from] item: Leftovers","|","|switch|p1a: Gardevoir|Gardevoir, F|277/277","|-ability|p1a: Gardevoir|Synchronize|[from] ability: Trace|[of] p2a: Rebel","|turn|8","|","|detailschange|p1a: Gardevoir|Gardevoir-Mega, F","|-mega|p1a: Gardevoir|Gardevoir|Gardevoirite","|move|p2a: Rebel|Protect|p2a: Rebel","|-singleturn|p2a: Rebel|Protect","|move|p1a: Gardevoir|Hyper Voice|p2a: Rebel","|-activate|p2a: Rebel|Protect","|","|-heal|p2a: Rebel|216/394|[from] item: Leftovers","|turn|9","|","|move|p1a: Gardevoir|Hyper Voice|p2a: Rebel","|-supereffective|p2a: Rebel","|-damage|p2a: Rebel|0 fnt","|faint|p2a: Rebel","|","|","|switch|p2a: Defector|Tyranitar, M|398/398","|-weather|Sandstorm","|turn|10","|","|move|p1a: Gardevoir|Substitute|p1a: Gardevoir","|-start|p1a: Gardevoir|Substitute","|-damage|p1a: Gardevoir|208/277","|move|p2a: Defector|Stone Edge|p1a: Gardevoir","|-end|p1a: Gardevoir|Substitute","|","|-weather|Sandstorm|[upkeep]","|-damage|p1a: Gardevoir|191/277|[from] sandstorm","|turn|11","|","|move|p1a: Gardevoir|Substitute|p1a: Gardevoir","|-start|p1a: Gardevoir|Substitute","|-damage|p1a: Gardevoir|122/277","|move|p2a: Defector|Earthquake|p1a: Gardevoir","|-end|p1a: Gardevoir|Substitute","|","|-weather|Sandstorm|[upkeep]","|-damage|p1a: Gardevoir|105/277|[from] sandstorm","|turn|12","|","|move|p1a: Gardevoir|Substitute|p1a: Gardevoir","|-start|p1a: Gardevoir|Substitute","|-damage|p1a: Gardevoir|36/277","|move|p2a: Defector|Earthquake|p1a: Gardevoir","|-end|p1a: Gardevoir|Substitute","|","|-weather|Sandstorm|[upkeep]","|-damage|p1a: Gardevoir|19/277|[from] sandstorm","|turn|13","|","|move|p1a: Gardevoir|Substitute|p1a: Gardevoir","|-fail|p1a: Gardevoir|move: Substitute|[weak]","|move|p2a: Defector|Earthquake|p1a: Gardevoir","|-damage|p1a: Gardevoir|0 fnt","|faint|p1a: Gardevoir","|","|-weather|Sandstorm|[upkeep]","|","|switch|p1a: Victini|Victini|341/341","|turn|14","|","|switch|p2a: Fugitive|Mandibuzz, F|424/424","|move|p1a: Victini|Blue Flare|p2a: Fugitive","|-damage|p2a: Fugitive|265/424","|","|-weather|none","|turn|15","|","|move|p1a: Victini|Blue Flare|p2a: Fugitive","|-damage|p2a: Fugitive|115/424","|-status|p2a: Fugitive|brn","|move|p2a: Fugitive|Roost|p2a: Fugitive","|-heal|p2a: Fugitive|327/424 brn","|","|-damage|p2a: Fugitive|274/424 brn|[from] brn","|turn|16","|","|move|p1a: Victini|Blue Flare|p2a: Fugitive","|-damage|p2a: Fugitive|117/424 brn","|move|p2a: Fugitive|Roost|p2a: Fugitive","|-heal|p2a: Fugitive|329/424 brn","|","|-damage|p2a: Fugitive|276/424 brn|[from] brn","|turn|17","|","|move|p1a: Victini|Blue Flare|p2a: Fugitive","|-damage|p2a: Fugitive|116/424 brn","|move|p2a: Fugitive|Roost|p2a: Fugitive","|-heal|p2a: Fugitive|328/424 brn","|","|-damage|p2a: Fugitive|275/424 brn|[from] brn","|turn|18","|","|move|p1a: Victini|Blue Flare|p2a: Fugitive","|-crit|p2a: Fugitive","|-damage|p2a: Fugitive|14/424 brn","|move|p2a: Fugitive|Roost|p2a: Fugitive","|-heal|p2a: Fugitive|226/424 brn","|","|-damage|p2a: Fugitive|173/424 brn|[from] brn","|turn|19","|","|move|p1a: Victini|Blue Flare|p2a: Fugitive","|-crit|p2a: Fugitive","|-damage|p2a: Fugitive|0 fnt","|faint|p2a: Fugitive","|","|","|switch|p2a: Traitor|Sableye, F|304/304","|turn|20","|","|detailschange|p2a: Traitor|Sableye-Mega, F","|-mega|p2a: Traitor|Sableye|Sablenite","|move|p1a: Victini|Blue Flare|p2a: Traitor","|-damage|p2a: Traitor|159/304","|move|p2a: Traitor|Metal Burst|p1a: Victini","|-damage|p1a: Victini|124/341","|","|turn|21","|","|move|p1a: Victini|Blue Flare|p2a: Traitor|[miss]","|-miss|p1a: Victini|p2a: Traitor","|move|p2a: Traitor|Foul Play|p1a: Victini","|-supereffective|p1a: Victini","|-damage|p1a: Victini|0 fnt","|faint|p1a: Victini","|","|","|switch|p1a: Hoopa-Unbound|Hoopa-Unbound|363/363","|turn|22","|","|move|p1a: Hoopa-Unbound|Dark Pulse|p2a: Traitor","|-damage|p2a: Traitor|0 fnt","|faint|p2a: Traitor","|","|","|switch|p2a: Defector|Tyranitar, M|398/398","|-weather|Sandstorm","|turn|23","|","|move|p1a: Hoopa-Unbound|Knock Off|p2a: Defector","|-resisted|p2a: Defector","|-damage|p2a: Defector|281/398","|-enditem|p2a: Defector|Assault Vest|[from] move: Knock Off|[of] p1a: Hoopa-Unbound","|move|p2a: Defector|Stone Edge|p1a: Hoopa-Unbound","|-damage|p1a: Hoopa-Unbound|105/363","|","|-weather|Sandstorm|[upkeep]","|-damage|p1a: Hoopa-Unbound|83/363|[from] sandstorm","|turn|24","|","|move|p1a: Hoopa-Unbound|Gunk Shot|p2a: Defector","|-resisted|p2a: Defector","|-damage|p2a: Defector|192/398","|move|p2a: Defector|Earthquake|p1a: Hoopa-Unbound","|-damage|p1a: Hoopa-Unbound|0 fnt","|faint|p1a: Hoopa-Unbound","|","|-weather|Sandstorm|[upkeep]","|","|win|Void Chrono"],"p1rating":{"entryid":"388","serverid":"eos","formatid":"monotype","userid":"swlneki","username":"SWL Neßki","w":"12","l":3,"t":"0","gxe":67.9,"r":"1633.4747851943","rd":"86.012947461341","sigma":"0","rptime":"1439974800","rpr":1644.6393068829,"rprd":78.855717185788,"rpsigma":"0","acre":1179.6910519798,"lacre":1179.6910519798,"oldacre":"1218.6297332602"},"p2rating":{"entryid":"75443","serverid":"eos","formatid":"monotype","userid":"voidchrono","username":"Void Chrono","w":1,"l":"1","t":"0","gxe":51.9,"r":"1459.8393856612","rd":"122.8583080769","sigma":"0","rptime":"1439974800","rpr":1515.359496048,"rprd":117.51415921155,"rpsigma":"0","acre":1062.3018900487,"lacre":1062.3018900487,"oldacre":"1000"},"endType":"forfeit"}