{"seed":[44291,25460,2865,61516],"turns":35,"p1":"Rain ☆ S.Herbs","p2":"Apex Salamence","p1team":[{"name":"Hippowdon","species":"Hippowdon","item":"leftovers","ability":"Sand Stream","moves":["earthquake","stealthrock","slackoff","toxic"],"nature":"Careful","evs":{"hp":252,"atk":4,"def":252,"spa":0,"spd":0,"spe":0},"shiny":true,"ivs":{"hp":31,"atk":31,"def":31,"spa":31,"spd":31,"spe":31}},{"name":"Landorus","species":"Landorus","item":"assaultvest","ability":"Sheer Force","moves":["sludgewave","earthpower","stoneedge","grassknot"],"nature":"Naive","evs":{"hp":0,"atk":4,"def":0,"spa":252,"spd":0,"spe":252},"shiny":true,"ivs":{"hp":31,"atk":31,"def":31,"spa":31,"spd":31,"spe":31}},{"name":"Gliscor","species":"Gliscor","item":"toxicorb","ability":"Poison Heal","moves":["swordsdance","earthquake","knockoff","poisonjab"],"nature":"Careful","evs":{"hp":244,"atk":0,"def":8,"spa":0,"spd":200,"spe":56},"shiny":true,"ivs":{"hp":31,"atk":31,"def":31,"spa":31,"spd":31,"spe":31}},{"name":"Garchomp","species":"Garchomp","item":"garchompite","ability":"Rough Skin","moves":["dracometeor","earthquake","flamethrower","ironhead"],"nature":"Naive","evs":{"hp":0,"atk":4,"def":0,"spa":252,"spd":0,"spe":252},"shiny":true,"ivs":{"hp":31,"atk":31,"def":31,"spa":31,"spd":31,"spe":31}},{"name":"Excadrill","species":"Excadrill","item":"airballoon","ability":"Sand Rush","moves":["earthquake","ironhead","rockslide","swordsdance"],"nature":"Adamant","evs":{"hp":248,"atk":0,"def":0,"spa":8,"spd":8,"spe":0},"shiny":true,"ivs":{"hp":31,"atk":31,"def":31,"spa":31,"spd":31,"spe":31}},{"name":"Mamoswine","species":"Mamoswine","item":"assaultvest","ability":"Thick Fat","moves":["iceshard","earthquake","ironhead","freezedry"],"nature":"Naive","evs":{"hp":0,"atk":244,"def":0,"spa":12,"spd":0,"spe":252},"ivs":{"hp":31,"atk":31,"def":31,"spa":31,"spd":31,"spe":31}}],"p2team":[{"name":"BIRD JESUS","species":"pidgeot","item":"pidgeotite","ability":"Big Pecks","moves":["heatwave","hurricane","hiddenpowerground","protect"],"nature":"Timid","evs":{"hp":0,"atk":0,"def":0,"spa":252,"spd":4,"spe":252},"gender":"M","ivs":{"hp":31,"atk":31,"def":31,"spa":30,"spd":30,"spe":31},"shiny":true},{"name":"Gaea","species":"landorus","item":"lifeorb","ability":"Sheer Force","moves":["earthpower","stealthrock","psychic","rockpolish"],"nature":"Modest","evs":{"hp":0,"atk":0,"def":0,"spa":252,"spd":4,"spe":252},"shiny":true,"ivs":{"hp":31,"atk":31,"def":31,"spa":31,"spd":31,"spe":31}},{"name":"BoneZ","species":"mandibuzz","item":"leftovers","ability":"Overcoat","moves":["foulplay","roost","taunt","defog"],"nature":"Bold","evs":{"hp":248,"atk":0,"def":136,"spa":0,"spd":108,"spe":16},"shiny":true,"ivs":{"hp":31,"atk":31,"def":31,"spa":31,"spd":31,"spe":31}},{"name":"Porunga","species":"dragonite","item":"weaknesspolicy","ability":"Multiscale","moves":["dragondance","dragonclaw","extremespeed","firepunch"],"nature":"Adamant","evs":{"hp":0,"atk":252,"def":0,"spa":0,"spd":4,"spe":252},"gender":"M","shiny":true,"ivs":{"hp":31,"atk":31,"def":31,"spa":31,"spd":31,"spe":31}},{"name":"Jupiter","species":"thundurus","item":"sitrusberry","ability":"Prankster","moves":["taunt","thunderwave","thunderbolt","hiddenpowerice"],"nature":"Timid","evs":{"hp":0,"atk":0,"def":0,"spa":252,"spd":4,"spe":252},"ivs":{"hp":31,"atk":30,"def":30,"spa":31,"spd":31,"spe":31},"shiny":true},{"name":"Raptor","species":"staraptor","item":"choicescarf","ability":"Reckless","moves":["bravebird","doubleedge","uturn","closecombat"],"nature":"Jolly","evs":{"hp":0,"atk":252,"def":0,"spa":0,"spd":4,"spe":252},"gender":"M","shiny":true,"ivs":{"hp":31,"atk":31,"def":31,"spa":31,"spd":31,"spe":31}}],"log":["|player|p1|Rain ☆ S.Herbs|154","|player|p2|Apex Salamence|265","|gametype|singles","|gen|6","|tier|Monotype","|rated","|rule|Baton Pass Clause: Limit one Baton Passer, can't pass Spe and other stats simultaneously","|rule|Swagger Clause: Swagger is banned","|rule|Same Type Clause: Pokémon in a team must share a type","|clearpoke","|poke|p1|Hippowdon, M, shiny","|poke|p1|Landorus, M, shiny","|poke|p1|Gliscor, F, shiny","|poke|p1|Garchomp, F, shiny","|poke|p1|Excadrill, F, shiny","|poke|p1|Mamoswine, M","|poke|p2|Pidgeot, M, shiny","|poke|p2|Landorus, M, shiny","|poke|p2|Mandibuzz, F, shiny","|poke|p2|Dragonite, M, shiny","|poke|p2|Thundurus, M, shiny","|poke|p2|Staraptor, M, shiny","|rule|Sleep Clause Mod: Limit one foe put to sleep","|rule|Species Clause: Limit one of each Pokémon","|rule|OHKO Clause: OHKO moves are banned","|rule|Moody Clause: Moody is banned","|rule|Evasion Moves Clause: Evasion moves are banned","|rule|Endless Battle Clause: Forcing endless battles is banned","|rule|HP Percentage Mod: HP is shown in percentages","|teampreview","|","|start","|switch|p1a: Hippowdon|Hippowdon, M, shiny|420/420","|switch|p2a: Jupiter|Thundurus, M, shiny|299/299","|-weather|Sandstorm","|turn|1","|","|move|p2a: Jupiter|Taunt|p1a: Hippowdon","|-start|p1a: Hippowdon|move: Taunt","|cant|p1a: Hippowdon|move: Taunt|Toxic","|","|-weather|Sandstorm|[upkeep]","|-damage|p2a: Jupiter|281/299|[from] sandstorm","|turn|2","|","|switch|p1a: Excadrill|Excadrill, F, shiny|423/423","|-item|p1a: Excadrill|Air Balloon","|move|p2a: Jupiter|Hidden Power|p1a: Excadrill","|-damage|p1a: Excadrill|320/423","|-enditem|p1a: Excadrill|Air Balloon","|","|-weather|Sandstorm|[upkeep]","|-damage|p2a: Jupiter|263/299|[from] sandstorm","|turn|3","|","|move|p1a: Excadrill|Iron Head|p2a: Jupiter","|-resisted|p2a: Jupiter","|-damage|p2a: Jupiter|170/299","|move|p2a: Jupiter|Hidden Power|p1a: Excadrill","|-damage|p1a: Excadrill|221/423","|","|-weather|Sandstorm|[upkeep]","|-damage|p2a: Jupiter|152/299|[from] sandstorm","|turn|4","|","|move|p1a: Excadrill|Rock Slide|p2a: Jupiter","|-supereffective|p2a: Jupiter","|-damage|p2a: Jupiter|0 fnt","|faint|p2a: Jupiter","|","|-weather|Sandstorm|[upkeep]","|","|switch|p2a: Porunga|Dragonite, M, shiny|323/323","|turn|5","|","|switch|p1a: Hippowdon|Hippowdon, M, shiny|420/420","|move|p2a: Porunga|Fire Punch|p1a: Hippowdon","|-damage|p1a: Hippowdon|348/420","|","|-weather|none","|-heal|p1a: Hippowdon|374/420|[from] item: Leftovers","|turn|6","|","|move|p2a: Porunga|Dragon Dance|p2a: Porunga","|-boost|p2a: Porunga|atk|1","|-boost|p2a: Porunga|spe|1","|move|p1a: Hippowdon|Toxic|p2a: Porunga","|-status|p2a: Porunga|tox","|","|-heal|p1a: Hippowdon|400/420|[from] item: Leftovers","|-damage|p2a: Porunga|303/323 tox|[from] psn","|turn|7","|","|move|p2a: Porunga|Dragon Claw|p1a: Hippowdon","|-damage|p1a: Hippowdon|235/420","|move|p1a: Hippowdon|Stealth Rock|p2a: Porunga","|-sidestart|p2: Apex Salamence|move: Stealth Rock","|","|-heal|p1a: Hippowdon|261/420|[from] item: Leftovers","|-damage|p2a: Porunga|263/323 tox|[from] psn","|turn|8","|","|move|p2a: Porunga|Dragon Claw|p1a: Hippowdon","|-damage|p1a: Hippowdon|77/420","|move|p1a: Hippowdon|Slack Off|p1a: Hippowdon","|-heal|p1a: Hippowdon|287/420","|","|-heal|p1a: Hippowdon|313/420|[from] item: Leftovers","|-damage|p2a: Porunga|203/323 tox|[from] psn","|turn|9","|","|move|p2a: Porunga|Dragon Dance|p2a: Porunga","|-boost|p2a: Porunga|atk|1","|-boost|p2a: Porunga|spe|1","|move|p1a: Hippowdon|Slack Off|p1a: Hippowdon","|-heal|p1a: Hippowdon|420/420","|","|-damage|p2a: Porunga|123/323 tox|[from] psn","|turn|10","|","|move|p2a: Porunga|Dragon Claw|p1a: Hippowdon","|-damage|p1a: Hippowdon|198/420","|move|p1a: Hippowdon|Slack Off|p1a: Hippowdon","|-heal|p1a: Hippowdon|408/420","|","|-heal|p1a: Hippowdon|420/420|[from] item: Leftovers","|-damage|p2a: Porunga|23/323 tox|[from] psn","|turn|11","|","|move|p2a: Porunga|Dragon Claw|p1a: Hippowdon","|-damage|p1a: Hippowdon|191/420","|move|p1a: Hippowdon|Slack Off|p1a: Hippowdon","|-heal|p1a: Hippowdon|401/420","|","|-heal|p1a: Hippowdon|420/420|[from] item: Leftovers","|-damage|p2a: Porunga|0 fnt|[from] psn","|faint|p2a: Porunga","|","|switch|p2a: BoneZ|Mandibuzz, F, shiny|423/423","|-damage|p2a: BoneZ|318/423|[from] Stealth Rock","|turn|12","|","|switch|p1a: Gliscor|Gliscor, F, shiny|352/352","|move|p2a: BoneZ|Defog|p1a: Gliscor","|-unboost|p1a: Gliscor|evasion|1","|-sideend|p2: Apex Salamence|Stealth Rock|[from] move: Defog|[of] p2a: BoneZ","|","|-heal|p2a: BoneZ|344/423|[from] item: Leftovers","|-status|p1a: Gliscor|tox|[from] item: Toxic Orb","|turn|13","|","|move|p1a: Gliscor|Knock Off|p2a: BoneZ","|-resisted|p2a: BoneZ","|-damage|p2a: BoneZ|315/423","|-enditem|p2a: BoneZ|Leftovers|[from] move: Knock Off|[of] p1a: Gliscor","|move|p2a: BoneZ|Foul Play|p1a: Gliscor","|-damage|p1a: Gliscor|262/352 tox","|","|-heal|p1a: Gliscor|306/352 tox|[from] ability: Poison Heal","|turn|14","|","|switch|p1a: Hippowdon|Hippowdon, M, shiny|420/420","|-weather|Sandstorm","|move|p2a: BoneZ|Taunt|p1a: Hippowdon","|-start|p1a: Hippowdon|move: Taunt","|","|-weather|Sandstorm|[upkeep]","|turn|15","|","|switch|p1a: Landorus|Landorus, M, shiny|319/319","|move|p2a: BoneZ|Foul Play|p1a: Landorus","|-damage|p1a: Landorus|165/319","|","|-weather|Sandstorm|[upkeep]","|turn|16","|","|move|p1a: Landorus|Sludge Wave|p2a: BoneZ","|-damage|p2a: BoneZ|181/423","|move|p2a: BoneZ|Foul Play|p1a: Landorus","|-damage|p1a: Landorus|6/319","|","|-weather|Sandstorm|[upkeep]","|turn|17","|","|move|p1a: Landorus|Sludge Wave|p2a: BoneZ","|-damage|p2a: BoneZ|50/423","|move|p2a: BoneZ|Foul Play|p1a: Landorus","|-damage|p1a: Landorus|0 fnt","|faint|p1a: Landorus","|","|-weather|Sandstorm|[upkeep]","|","|switch|p1a: Excadrill|Excadrill, F, shiny|221/423","|turn|18","|","|move|p1a: Excadrill|Rock Slide|p2a: BoneZ","|-supereffective|p2a: BoneZ","|-damage|p2a: BoneZ|0 fnt","|faint|p2a: BoneZ","|","|-weather|none","|","|switch|p2a: Gaea|Landorus, M, shiny|319/319","|turn|19","|","|switch|p1a: Hippowdon|Hippowdon, M, shiny|420/420","|-weather|Sandstorm","|move|p2a: Gaea|Earth Power|p1a: Hippowdon","|-damage|p1a: Hippowdon|92/420","|","|-weather|Sandstorm|[upkeep]","|-heal|p1a: Hippowdon|118/420|[from] item: Leftovers","|turn|20","|","|switch|p1a: Gliscor|Gliscor, F, shiny|306/352 tox","|move|p2a: Gaea|Earth Power|p1a: Gliscor","|-immune|p1a: Gliscor|[msg]","|","|-weather|Sandstorm|[upkeep]","|-heal|p1a: Gliscor|350/352 tox|[from] ability: Poison Heal","|turn|21","|","|move|p2a: Gaea|Rock Polish|p2a: Gaea","|-boost|p2a: Gaea|spe|2","|move|p1a: Gliscor|Knock Off|p2a: Gaea","|-damage|p2a: Gaea|239/319","|-enditem|p2a: Gaea|Life Orb|[from] move: Knock Off|[of] p1a: Gliscor","|","|-weather|Sandstorm|[upkeep]","|-heal|p1a: Gliscor|352/352 tox|[from] ability: Poison Heal","|turn|22","|","|move|p2a: Gaea|Psychic|p1a: Gliscor","|-damage|p1a: Gliscor|234/352 tox","|move|p1a: Gliscor|Poison Jab|p2a: Gaea","|-resisted|p2a: Gaea","|-damage|p2a: Gaea|204/319","|-status|p2a: Gaea|psn","|","|-weather|Sandstorm|[upkeep]","|-damage|p2a: Gaea|165/319 psn|[from] psn","|-heal|p1a: Gliscor|278/352 tox|[from] ability: Poison Heal","|turn|23","|","|move|p2a: Gaea|Psychic|p1a: Gliscor","|-damage|p1a: Gliscor|146/352 tox","|move|p1a: Gliscor|Poison Jab|p2a: Gaea","|-resisted|p2a: Gaea","|-damage|p2a: Gaea|130/319 psn","|","|-weather|none","|-damage|p2a: Gaea|91/319 psn|[from] psn","|-heal|p1a: Gliscor|190/352 tox|[from] ability: Poison Heal","|turn|24","|","|move|p2a: Gaea|Psychic|p1a: Gliscor","|-damage|p1a: Gliscor|73/352 tox","|move|p1a: Gliscor|Swords Dance|p1a: Gliscor","|-boost|p1a: Gliscor|atk|2","|","|-damage|p2a: Gaea|52/319 psn|[from] psn","|-heal|p1a: Gliscor|117/352 tox|[from] ability: Poison Heal","|turn|25","|","|move|p2a: Gaea|Psychic|p1a: Gliscor","|-damage|p1a: Gliscor|0 fnt","|faint|p1a: Gliscor","|","|-damage|p2a: Gaea|13/319 psn|[from] psn","|","|switch|p1a: Mamoswine|Mamoswine, M|361/361","|turn|26","|","|move|p1a: Mamoswine|Ice Shard|p2a: Gaea","|-supereffective|p2a: Gaea","|-damage|p2a: Gaea|0 fnt","|faint|p2a: Gaea","|","|","|switch|p2a: BIRD JESUS|Pidgeot, M, shiny|307/307","|turn|27","|","|detailschange|p2a: BIRD JESUS|Pidgeot-Mega, M, shiny","|-mega|p2a: BIRD JESUS|Pidgeot|Pidgeotite","|move|p2a: BIRD JESUS|Protect|p2a: BIRD JESUS","|-singleturn|p2a: BIRD JESUS|Protect","|move|p1a: Mamoswine|Freeze-Dry|p2a: BIRD JESUS","|-activate|p2a: BIRD JESUS|Protect","|","|turn|28","|","|move|p2a: BIRD JESUS|Hidden Power|p1a: Mamoswine","|-damage|p1a: Mamoswine|281/361","|move|p1a: Mamoswine|Iron Head|p2a: BIRD JESUS","|-damage|p2a: BIRD JESUS|190/307","|","|turn|29","|","|move|p2a: BIRD JESUS|Protect|p2a: BIRD JESUS","|-singleturn|p2a: BIRD JESUS|Protect","|move|p1a: Mamoswine|Ice Shard|p2a: BIRD JESUS","|-activate|p2a: BIRD JESUS|Protect","|","|turn|30","|","|switch|p1a: Hippowdon|Hippowdon, M, shiny|118/420","|-weather|Sandstorm","|move|p2a: BIRD JESUS|Heat Wave|p1a: Hippowdon","|-crit|p1a: Hippowdon","|-damage|p1a: Hippowdon|0 fnt","|faint|p1a: Hippowdon","|","|-weather|Sandstorm|[upkeep]","|-damage|p2a: BIRD JESUS|171/307|[from] sandstorm","|","|switch|p1a: Excadrill|Excadrill, F, shiny|221/423","|turn|31","|","|move|p2a: BIRD JESUS|Protect|p2a: BIRD JESUS","|-singleturn|p2a: BIRD JESUS|Protect","|move|p1a: Excadrill|Swords Dance|p1a: Excadrill","|-boost|p1a: Excadrill|atk|2","|","|-weather|Sandstorm|[upkeep]","|-damage|p2a: BIRD JESUS|152/307|[from] sandstorm","|turn|32","|","|move|p1a: Excadrill|Rock Slide|p2a: BIRD JESUS","|-supereffective|p2a: BIRD JESUS","|-damage|p2a: BIRD JESUS|0 fnt","|faint|p2a: BIRD JESUS","|","|-weather|Sandstorm|[upkeep]","|","|switch|p2a: Raptor|Staraptor, M, shiny|311/311","|turn|33","|","|move|p2a: Raptor|Close Combat|p1a: Excadrill","|-supereffective|p1a: Excadrill","|-damage|p1a: Excadrill|0 fnt","|-unboost|p2a: Raptor|def|1","|-unboost|p2a: Raptor|spd|1","|faint|p1a: Excadrill","|","|-weather|Sandstorm|[upkeep]","|-damage|p2a: Raptor|292/311|[from] sandstorm","|","|switch|p1a: Garchomp|Garchomp, F, shiny|357/357","|turn|34","|","|detailschange|p1a: Garchomp|Garchomp-Mega, F, shiny","|-mega|p1a: Garchomp|Garchomp|Garchompite","|move|p2a: Raptor|Close Combat|p1a: Garchomp","|-damage|p1a: Garchomp|247/357","|-unboost|p2a: Raptor|def|1","|-unboost|p2a: Raptor|spd|1","|move|p1a: Garchomp|Draco Meteor|p2a: Raptor|[miss]","|-miss|p1a: Garchomp|p2a: Raptor","|","|-weather|none","|turn|35","|","|move|p2a: Raptor|Close Combat|p1a: Garchomp","|-damage|p1a: Garchomp|120/357","|-unboost|p2a: Raptor|def|1","|-unboost|p2a: Raptor|spd|1","|move|p1a: Garchomp|Iron Head|p2a: Raptor","|-damage|p2a: Raptor|0 fnt","|faint|p2a: Raptor","|","|win|Rain ☆ S.Herbs"],"p1rating":{"entryid":"61538","serverid":"eos","formatid":"monotype","userid":"rainsherbs","username":"Rain ☆ S.Herbs","w":7,"l":"5","t":"0","gxe":53.2,"r":"1504.8703522833","rd":"85.519138255022","sigma":"0","rptime":"1439974800","rpr":1524.9300390255,"rprd":83.226082096053,"rpsigma":"0","acre":1090.995221084,"lacre":1090.995221084,"oldacre":"1053.6026296193"},"p2rating":{"entryid":"1755","serverid":"eos","formatid":"monotype","userid":"apexsalamence","username":"Apex Salamence","w":"5","l":5,"t":"0","gxe":49.9,"r":"1521.7686242208","rd":"90.329912156882","sigma":"0","rptime":"1439974800","rpr":1499.4430619358,"rprd":87.619744302973,"rpsigma":"0","acre":1083.9942063633,"lacre":1083.9942063633,"oldacre":"1113.2440913453"},"endType":"normal"}