{"seed":[24744,21869,46144,9233],"turns":31,"p1":"SL JRBY","p2":"Swagman7834","p1team":[{"name":"Deoxys-Attack","species":"Deoxys-Attack","item":"focussash","ability":"Pressure","moves":["psychoboost","superpower","knockoff","extremespeed"],"nature":"Naive","evs":{"hp":0,"atk":4,"def":0,"spa":252,"spd":0,"spe":252},"ivs":{"hp":31,"atk":31,"def":31,"spa":31,"spd":31,"spe":31}},{"name":"Giratina-Origin","species":"Giratina-Origin","item":"griseousorb","ability":"Levitate","moves":["defog","shadowsneak","dragontail","shadowclaw"],"nature":"Adamant","evs":{"hp":0,"atk":248,"def":248,"spa":0,"spd":0,"spe":12},"ivs":{"hp":31,"atk":31,"def":31,"spa":31,"spd":31,"spe":31}},{"name":"Rayquaza","species":"Rayquaza","item":"focussash","ability":"Air Lock","moves":["dracometeor","stoneedge","dragonascent","extremespeed"],"nature":"Naive","evs":{"hp":0,"atk":252,"def":0,"spa":40,"spd":0,"spe":216},"ivs":{"hp":31,"atk":31,"def":31,"spa":31,"spd":31,"spe":31}},{"name":"Mewtwo","species":"Mewtwo","item":"mewtwonitey","ability":"Pressure","moves":["psystrike","aurasphere","icebeam","fireblast"],"nature":"Timid","evs":{"hp":4,"atk":0,"def":0,"spa":252,"spd":0,"spe":252},"ivs":{"hp":31,"atk":31,"def":31,"spa":31,"spd":31,"spe":31}},{"name":"Arceus-Steel","species":"Arceus-Steel","item":"ironplate","ability":"Multitype","moves":["calmmind","judgment","recover","willowisp"],"nature":"Timid","evs":{"hp":252,"atk":0,"def":4,"spa":0,"spd":0,"spe":252},"ivs":{"hp":31,"atk":31,"def":31,"spa":31,"spd":31,"spe":31}},{"name":"Shuckle","species":"Shuckle","item":"mentalherb","ability":"Sturdy","moves":["infestation","toxic","encore","stickyweb"],"nature":"Bold","evs":{"hp":252,"atk":0,"def":128,"spa":0,"spd":128,"spe":0},"ivs":{"hp":31,"atk":31,"def":31,"spa":31,"spd":31,"spe":31}}],"p2team":[{"name":"Groudon","species":"Groudon","item":"redorb","ability":"Drought","moves":["earthquake","stealthrock","firepunch","stoneedge"],"nature":"Adamant","evs":{"hp":196,"atk":168,"def":116,"spa":0,"spd":28,"spe":0},"ivs":{"hp":31,"atk":31,"def":31,"spa":31,"spd":31,"spe":31}},{"name":"Xerneas","species":"Xerneas","item":"powerherb","ability":"Fairy Aura","moves":["geomancy","moonblast","focusblast","hiddenpowerfire"],"nature":"Timid","evs":{"hp":0,"atk":0,"def":0,"spa":252,"spd":4,"spe":252},"ivs":{"hp":31,"atk":30,"def":31,"spa":30,"spd":31,"spe":30}},{"name":"Arceus","species":"Arceus","item":"lifeorb","ability":"Multitype","moves":["swordsdance","recover","extremespeed","shadowclaw"],"nature":"Adamant","evs":{"hp":248,"atk":252,"def":0,"spa":0,"spd":8,"spe":0},"ivs":{"hp":31,"atk":31,"def":31,"spa":31,"spd":31,"spe":31}},{"name":"Zekrom","species":"Zekrom","item":"choicescarf","ability":"Teravolt","moves":["boltstrike","outrage","crunch","stoneedge"],"nature":"Jolly","evs":{"hp":0,"atk":252,"def":0,"spa":0,"spd":4,"spe":252},"ivs":{"hp":31,"atk":31,"def":31,"spa":31,"spd":31,"spe":31}},{"name":"Genesect","species":"Genesect","item":"choicescarf","ability":"Download","moves":["ironhead","extremespeed","uturn","blazekick"],"nature":"Hasty","evs":{"hp":0,"atk":252,"def":0,"spa":0,"spd":4,"spe":252},"shiny":true,"ivs":{"hp":31,"atk":31,"def":31,"spa":31,"spd":31,"spe":31}},{"name":"Yveltal","species":"Yveltal","item":"lifeorb","ability":"Dark Aura","moves":["oblivionwing","darkpulse","suckerpunch","heatwave"],"nature":"Hasty","evs":{"hp":0,"atk":4,"def":0,"spa":252,"spd":0,"spe":252},"ivs":{"hp":31,"atk":31,"def":31,"spa":31,"spd":31,"spe":31}}],"log":["|player|p1|SL JRBY|290","|player|p2|Swagman7834|134","|gametype|singles","|gen|6","|tier|Ubers","|rated","|rule|Swagger Clause: Swagger is banned","|clearpoke","|poke|p1|Deoxys-Attack","|poke|p1|Giratina-Origin","|poke|p1|Rayquaza","|poke|p1|Mewtwo","|poke|p1|Arceus-*","|poke|p1|Shuckle, F","|poke|p2|Groudon","|poke|p2|Xerneas","|poke|p2|Arceus-*","|poke|p2|Zekrom","|poke|p2|Genesect-*, shiny","|poke|p2|Yveltal","|rule|Mega Rayquaza Clause: You cannot mega evolve Rayquaza","|rule|Sleep Clause Mod: Limit one foe put to sleep","|rule|Species Clause: Limit one of each Pokémon","|rule|OHKO Clause: OHKO moves are banned","|rule|Moody Clause: Moody is banned","|rule|Evasion Moves Clause: Evasion moves are banned","|rule|Endless Battle Clause: Forcing endless battles is banned","|rule|HP Percentage Mod: HP is shown in percentages","|teampreview","|","|start","|switch|p1a: Shuckle|Shuckle, F|244/244","|switch|p2a: Groudon|Groudon|390/390","|detailschange|p2a: Groudon|Groudon-Primal","|message|Groudon's Primal Reversion! It reverted to its primal form!","|-weather|DesolateLand","|turn|1","|","|move|p2a: Groudon|Stealth Rock|p1a: Shuckle","|-sidestart|p1: SL JRBY|move: Stealth Rock","|move|p1a: Shuckle|Encore|p2a: Groudon","|-start|p2a: Groudon|Encore","|","|-weather|DesolateLand|[upkeep]","|turn|2","|","|-weather|none","|switch|p2a: Genesect|Genesect, shiny|283/283","|-boost|p2a: Genesect|spa|1|[from] ability: Download","|move|p1a: Shuckle|Sticky Web|p2a: Genesect","|-sidestart|p2: Swagman7834|move: Sticky Web","|","|turn|3","|","|move|p2a: Genesect|Iron Head|p1a: Shuckle","|-supereffective|p1a: Shuckle","|-damage|p1a: Shuckle|140/244","|move|p1a: Shuckle|Encore|p2a: Genesect","|-start|p2a: Genesect|Encore","|","|turn|4","|","|switch|p1a: Arceus-Steel|Arceus-Steel|444/444","|-damage|p1a: Arceus-Steel|417/444|[from] Stealth Rock","|move|p2a: Genesect|Iron Head|p1a: Arceus-Steel","|-resisted|p1a: Arceus-Steel","|-damage|p1a: Arceus-Steel|362/444","|","|turn|5","|","|switch|p2a: Groudon|Groudon-Primal|390/390","|-activate|p2a: Groudon|move: Sticky Web","|-unboost|p2a: Groudon|spe|1","|-weather|DesolateLand","|move|p1a: Arceus-Steel|Will-O-Wisp|p2a: Groudon","|-immune|p2a: Groudon|[msg]","|","|-weather|DesolateLand|[upkeep]","|turn|6","|","|switch|p1a: Giratina-Origin|Giratina-Origin|441/441","|-damage|p1a: Giratina-Origin|386/441|[from] Stealth Rock","|-weather|none","|switch|p2a: Zekrom|Zekrom|341/341","|-activate|p2a: Zekrom|move: Sticky Web","|-unboost|p2a: Zekrom|spe|1","|-ability|p2a: Zekrom|Teravolt","|","|turn|7","|","|move|p2a: Zekrom|Outrage|p1a: Giratina-Origin","|-supereffective|p1a: Giratina-Origin","|-damage|p1a: Giratina-Origin|20/441","|move|p1a: Giratina-Origin|Defog|p2a: Zekrom","|-unboost|p2a: Zekrom|evasion|1","|-sideend|p2: Swagman7834|Sticky Web|[from] move: Defog|[of] p2a: Zekrom","|-sideend|p1: SL JRBY|Stealth Rock|[from] move: Defog|[of] p1a: Giratina-Origin","|","|turn|8","|","|switch|p1a: Arceus-Steel|Arceus-Steel|362/444","|move|p2a: Zekrom|Outrage|p1a: Arceus-Steel|[from]lockedmove","|-resisted|p1a: Arceus-Steel","|-damage|p1a: Arceus-Steel|263/444","|","|turn|9","|","|move|p1a: Arceus-Steel|Will-O-Wisp|p2a: Zekrom","|-status|p2a: Zekrom|brn","|move|p2a: Zekrom|Outrage|p1a: Arceus-Steel|[from]lockedmove","|-resisted|p1a: Arceus-Steel","|-damage|p1a: Arceus-Steel|211/444","|-start|p2a: Zekrom|confusion|[fatigue]","|","|-damage|p2a: Zekrom|299/341 brn|[from] brn","|turn|10","|","|switch|p1a: Deoxys-Attack|Deoxys-Attack|241/241","|-ability|p1a: Deoxys-Attack|Pressure","|switch|p2a: Groudon|Groudon-Primal|390/390","|-weather|DesolateLand","|","|-weather|DesolateLand|[upkeep]","|turn|11","|","|move|p1a: Deoxys-Attack|Psycho Boost|p2a: Groudon","|-damage|p2a: Groudon|77/390","|-unboost|p1a: Deoxys-Attack|spa|2","|move|p2a: Groudon|Stealth Rock|p1a: Deoxys-Attack","|-sidestart|p1: SL JRBY|move: Stealth Rock","|","|-weather|DesolateLand|[upkeep]","|turn|12","|","|move|p1a: Deoxys-Attack|Psycho Boost|p2a: Groudon","|-damage|p2a: Groudon|0 fnt","|-unboost|p1a: Deoxys-Attack|spa|2","|faint|p2a: Groudon","|-weather|none","|","|","|switch|p2a: Arceus|Arceus|443/443","|turn|13","|","|move|p1a: Deoxys-Attack|Superpower|p2a: Arceus","|-supereffective|p2a: Arceus","|-damage|p2a: Arceus|179/443","|-unboost|p1a: Deoxys-Attack|atk|1","|-unboost|p1a: Deoxys-Attack|def|1","|move|p2a: Arceus|Swords Dance|p2a: Arceus","|-boost|p2a: Arceus|atk|2","|","|turn|14","|","|move|p1a: Deoxys-Attack|Superpower|p2a: Arceus","|-supereffective|p2a: Arceus","|-damage|p2a: Arceus|9/443","|-unboost|p1a: Deoxys-Attack|atk|1","|-unboost|p1a: Deoxys-Attack|def|1","|move|p2a: Arceus|Recover|p2a: Arceus","|-heal|p2a: Arceus|231/443","|","|turn|15","|","|switch|p1a: Arceus-Steel|Arceus-Steel|211/444","|-damage|p1a: Arceus-Steel|184/444|[from] Stealth Rock","|move|p2a: Arceus|Recover|p2a: Arceus","|-heal|p2a: Arceus|443/443","|","|turn|16","|","|switch|p2a: Yveltal|Yveltal|393/393","|-ability|p2a: Yveltal|Dark Aura","|move|p1a: Arceus-Steel|Will-O-Wisp|p2a: Yveltal","|-status|p2a: Yveltal|brn","|","|-damage|p2a: Yveltal|344/393 brn|[from] brn","|turn|17","|","|move|p1a: Arceus-Steel|Recover|p1a: Arceus-Steel","|-heal|p1a: Arceus-Steel|406/444","|move|p2a: Yveltal|Heat Wave|p1a: Arceus-Steel","|-miss|p2a: Yveltal|p1a: Arceus-Steel","|","|-damage|p2a: Yveltal|295/393 brn|[from] brn","|turn|18","|","|move|p1a: Arceus-Steel|Calm Mind|p1a: Arceus-Steel","|-boost|p1a: Arceus-Steel|spa|1","|-boost|p1a: Arceus-Steel|spd|1","|move|p2a: Yveltal|Heat Wave|p1a: Arceus-Steel","|-supereffective|p1a: Arceus-Steel","|-damage|p1a: Arceus-Steel|247/444","|-damage|p2a: Yveltal|256/393 brn|[from] item: Life Orb","|","|-damage|p2a: Yveltal|207/393 brn|[from] brn","|turn|19","|","|switch|p2a: Genesect|Genesect, shiny|283/283","|-boost|p2a: Genesect|atk|1|[from] ability: Download","|move|p1a: Arceus-Steel|Recover|p1a: Arceus-Steel","|-heal|p1a: Arceus-Steel|444/444","|","|turn|20","|","|move|p2a: Genesect|Blaze Kick|p1a: Arceus-Steel","|-supereffective|p1a: Arceus-Steel","|-damage|p1a: Arceus-Steel|200/444","|move|p1a: Arceus-Steel|Will-O-Wisp|p2a: Genesect","|-status|p2a: Genesect|brn","|","|-damage|p2a: Genesect|248/283 brn|[from] brn","|turn|21","|","|move|p2a: Genesect|Blaze Kick|p1a: Arceus-Steel","|-supereffective|p1a: Arceus-Steel","|-damage|p1a: Arceus-Steel|71/444","|move|p1a: Arceus-Steel|Recover|p1a: Arceus-Steel","|-heal|p1a: Arceus-Steel|293/444","|","|-damage|p2a: Genesect|213/283 brn|[from] brn","|turn|22","|","|move|p2a: Genesect|Blaze Kick|p1a: Arceus-Steel","|-supereffective|p1a: Arceus-Steel","|-damage|p1a: Arceus-Steel|171/444","|move|p1a: Arceus-Steel|Recover|p1a: Arceus-Steel","|-heal|p1a: Arceus-Steel|393/444","|","|-damage|p2a: Genesect|178/283 brn|[from] brn","|turn|23","|","|move|p2a: Genesect|Blaze Kick|p1a: Arceus-Steel","|-supereffective|p1a: Arceus-Steel","|-damage|p1a: Arceus-Steel|263/444","|move|p1a: Arceus-Steel|Calm Mind|p1a: Arceus-Steel","|-boost|p1a: Arceus-Steel|spa|1","|-boost|p1a: Arceus-Steel|spd|1","|","|-damage|p2a: Genesect|143/283 brn|[from] brn","|turn|24","|","|move|p2a: Genesect|Blaze Kick|p1a: Arceus-Steel","|-supereffective|p1a: Arceus-Steel","|-damage|p1a: Arceus-Steel|143/444","|move|p1a: Arceus-Steel|Recover|p1a: Arceus-Steel","|-heal|p1a: Arceus-Steel|365/444","|","|-damage|p2a: Genesect|108/283 brn|[from] brn","|turn|25","|","|move|p2a: Genesect|Blaze Kick|p1a: Arceus-Steel","|-supereffective|p1a: Arceus-Steel","|-damage|p1a: Arceus-Steel|248/444","|move|p1a: Arceus-Steel|Calm Mind|p1a: Arceus-Steel","|-boost|p1a: Arceus-Steel|spa|1","|-boost|p1a: Arceus-Steel|spd|1","|","|-damage|p2a: Genesect|73/283 brn|[from] brn","|turn|26","|","|move|p2a: Genesect|Blaze Kick|p1a: Arceus-Steel","|-crit|p1a: Arceus-Steel","|-supereffective|p1a: Arceus-Steel","|-damage|p1a: Arceus-Steel|56/444","|move|p1a: Arceus-Steel|Recover|p1a: Arceus-Steel","|-heal|p1a: Arceus-Steel|278/444","|","|-damage|p2a: Genesect|38/283 brn|[from] brn","|turn|27","|","|move|p2a: Genesect|Blaze Kick|p1a: Arceus-Steel","|-supereffective|p1a: Arceus-Steel","|-damage|p1a: Arceus-Steel|157/444","|move|p1a: Arceus-Steel|Recover|p1a: Arceus-Steel","|-heal|p1a: Arceus-Steel|379/444","|","|-damage|p2a: Genesect|3/283 brn|[from] brn","|turn|28","|","|move|p2a: Genesect|Blaze Kick|p1a: Arceus-Steel","|-supereffective|p1a: Arceus-Steel","|-damage|p1a: Arceus-Steel|258/444","|move|p1a: Arceus-Steel|Recover|p1a: Arceus-Steel","|-heal|p1a: Arceus-Steel|444/444","|","|-damage|p2a: Genesect|0 fnt|[from] brn","|faint|p2a: Genesect","|","|switch|p2a: Arceus|Arceus|443/443","|turn|29","|","|move|p1a: Arceus-Steel|Will-O-Wisp|p2a: Arceus","|-status|p2a: Arceus|brn","|move|p2a: Arceus|Swords Dance|p2a: Arceus","|-boost|p2a: Arceus|atk|2","|","|-damage|p2a: Arceus|388/443 brn|[from] brn","|turn|30","|","|move|p1a: Arceus-Steel|Judgment|p2a: Arceus","|-damage|p2a: Arceus|37/443 brn","|move|p2a: Arceus|Swords Dance|p2a: Arceus","|-boost|p2a: Arceus|atk|2","|","|-damage|p2a: Arceus|0 fnt|[from] brn","|faint|p2a: Arceus","|","|switch|p2a: Yveltal|Yveltal|207/393 brn","|-ability|p2a: Yveltal|Dark Aura","|turn|31","|","|win|SL JRBY"],"p1rating":{"entryid":"7497071","serverid":"eos","formatid":"ubers","userid":"sljrby","username":"SL JRBY","w":2,"l":"0","t":"0","gxe":59,"r":"1500","rd":"130","sigma":"0","rptime":"1439024400","rpr":1572.5671258289,"rprd":116.77753930647,"rpsigma":"0","acre":1070.1028089042,"lacre":1070.1028089042,"oldacre":"1040"},"p2rating":{"entryid":7497440,"formatid":"ubers","userid":"swagman7834","username":"Swagman7834","r":1500,"rd":130,"sigma":0,"rpr":1459.8393856612,"rprd":122.8583080769,"rpsigma":0,"rptime":1439024400,"w":0,"l":1,"t":0,"gxe":45,"acre":1000,"lacre":1000,"oldacre":1000},"endType":"forfeit"}