{"seed":[15123,56763,61779,45893],"turns":28,"p1":"Guard Choppah","p2":"Seven Swell","p1team":[{"name":"Altaria","species":"Altaria","item":"altarianite","ability":"Natural Cure","moves":["dragondance","earthquake","return","roost"],"nature":"Adamant","evs":{"hp":0,"atk":252,"def":0,"spa":0,"spd":4,"spe":252},"ivs":{"hp":31,"atk":31,"def":31,"spa":31,"spd":31,"spe":31}},{"name":"Dragonite","species":"Dragonite","item":"choiceband","ability":"Multiscale","moves":["extremespeed","earthquake","outrage","firepunch"],"nature":"Adamant","evs":{"hp":0,"atk":252,"def":0,"spa":0,"spd":4,"spe":252},"ivs":{"hp":31,"atk":31,"def":31,"spa":31,"spd":31,"spe":31}},{"name":"Garchomp","species":"Garchomp","item":"rockyhelmet","ability":"Rough Skin","moves":["earthquake","outrage","fireblast","stealthrock"],"nature":"Lax","evs":{"hp":252,"atk":4,"def":252,"spa":0,"spd":0,"spe":0},"ivs":{"hp":31,"atk":31,"def":31,"spa":31,"spd":31,"spe":31}},{"name":"Kyurem-Black","species":"Kyurem-Black","item":"leftovers","ability":"Teravolt","moves":["outrage","fusionbolt","substitute","ironhead"],"nature":"Adamant","evs":{"hp":252,"atk":252,"def":0,"spa":0,"spd":4,"spe":0},"ivs":{"hp":31,"atk":31,"def":31,"spa":31,"spd":31,"spe":31}},{"name":"Latios","species":"Latios","item":"choicescarf","ability":"Levitate","moves":["dracometeor","energyball","psyshock","dragonpulse"],"nature":"Modest","evs":{"hp":0,"atk":0,"def":0,"spa":252,"spd":4,"spe":252},"ivs":{"hp":31,"atk":31,"def":31,"spa":31,"spd":31,"spe":31}},{"name":"Latias","species":"Latias","item":"choicescarf","ability":"Levitate","moves":["thunderbolt","dragonpulse","psyshock","healingwish"],"nature":"Modest","evs":{"hp":0,"atk":0,"def":0,"spa":252,"spd":4,"spe":252},"ivs":{"hp":31,"atk":31,"def":31,"spa":31,"spd":31,"spe":31}}],"p2team":[{"name":"Mew","species":"Mew","item":"leftovers","ability":"Synchronize","moves":["roost","toxic","healbell","aurasphere"],"nature":"Calm","evs":{"hp":252,"atk":0,"def":0,"spa":4,"spd":252,"spe":0},"ivs":{"hp":31,"atk":31,"def":31,"spa":31,"spd":31,"spe":31}},{"name":"Slowbro","species":"Slowbro","item":"rockyhelmet","ability":"Regenerator","moves":["scald","yawn","flamethrower","slackoff"],"nature":"Bold","evs":{"hp":252,"atk":0,"def":252,"spa":4,"spd":0,"spe":0},"ivs":{"hp":31,"atk":31,"def":31,"spa":31,"spd":31,"spe":31}},{"name":"Deoxys-Speed","species":"Deoxys-Speed","item":"focussash","ability":"Pressure","moves":["stealthrock","thunderbolt","thunderwave","icebeam"],"nature":"Timid","evs":{"hp":252,"atk":0,"def":44,"spa":0,"spd":0,"spe":212},"ivs":{"hp":31,"atk":31,"def":31,"spa":31,"spd":31,"spe":31}},{"name":"Gardevoir","species":"Gardevoir","item":"gardevoirite","ability":"Trace","moves":["hypervoice","psyshock","destinybond","thunderbolt"],"nature":"Timid","evs":{"hp":0,"atk":0,"def":4,"spa":252,"spd":0,"spe":252},"ivs":{"hp":31,"atk":0,"def":31,"spa":31,"spd":31,"spe":31}},{"name":"Latias","species":"Latias","item":"leftovers","ability":"Levitate","moves":["dracometeor","psyshock","roost","defog"],"nature":"Timid","evs":{"hp":252,"atk":0,"def":0,"spa":4,"spd":0,"spe":252},"ivs":{"hp":31,"atk":31,"def":31,"spa":31,"spd":31,"spe":31}},{"name":"Hoopa-Unbound","species":"Hoopa-Unbound","item":"focussash","ability":"Magician","moves":["hyperspacefury","drainpunch","firepunch","gunkshot"],"nature":"Adamant","evs":{"hp":0,"atk":252,"def":0,"spa":0,"spd":4,"spe":252},"ivs":{"hp":31,"atk":31,"def":31,"spa":31,"spd":31,"spe":31}}],"log":["|player|p1|Guard Choppah|146","|player|p2|Seven Swell|sevenswell.png","|gametype|singles","|gen|6","|tier|Monotype","|rated","|rule|Baton Pass Clause: Limit one Baton Passer, can't pass Spe and other stats simultaneously","|rule|Swagger Clause: Swagger is banned","|rule|Same Type Clause: Pokémon in a team must share a type","|clearpoke","|poke|p1|Altaria, M","|poke|p1|Dragonite, M","|poke|p1|Garchomp, F","|poke|p1|Kyurem-Black","|poke|p1|Latios, M","|poke|p1|Latias, F","|poke|p2|Mew","|poke|p2|Slowbro, M","|poke|p2|Deoxys-Speed","|poke|p2|Gardevoir, M","|poke|p2|Latias, F","|poke|p2|Hoopa-Unbound","|rule|Sleep Clause Mod: Limit one foe put to sleep","|rule|Species Clause: Limit one of each Pokémon","|rule|OHKO Clause: OHKO moves are banned","|rule|Moody Clause: Moody is banned","|rule|Evasion Moves Clause: Evasion moves are banned","|rule|Endless Battle Clause: Forcing endless battles is banned","|rule|HP Percentage Mod: HP is shown in percentages","|teampreview","|","|start","|switch|p1a: Latias|Latias, F|301/301","|switch|p2a: Deoxys-Speed|Deoxys-Speed|304/304","|-ability|p2a: Deoxys-Speed|Pressure","|turn|1","|","|move|p2a: Deoxys-Speed|Thunder Wave|p1a: Latias","|-status|p1a: Latias|par","|cant|p1a: Latias|par","|","|turn|2","|","|switch|p2a: Gardevoir|Gardevoir, M|277/277","|-ability|p2a: Gardevoir|Levitate|[from] ability: Trace|[of] p1a: Latias","|move|p1a: Latias|Thunderbolt|p2a: Gardevoir","|-damage|p2a: Gardevoir|189/277","|","|turn|3","|","|detailschange|p2a: Gardevoir|Gardevoir-Mega, M","|-mega|p2a: Gardevoir|Gardevoir|Gardevoirite","|move|p2a: Gardevoir|Hyper Voice|p1a: Latias","|-crit|p1a: Latias","|-supereffective|p1a: Latias","|-damage|p1a: Latias|0 fnt","|faint|p1a: Latias","|","|","|switch|p1a: Dragonite|Dragonite, M|323/323","|turn|4","|","|switch|p2a: Slowbro|Slowbro, M|394/394","|move|p1a: Dragonite|Extreme Speed|p2a: Slowbro","|-damage|p2a: Slowbro|280/394","|-damage|p1a: Dragonite|270/323|[from] item: Rocky Helmet|[of] p2a: Slowbro","|","|turn|5","|","|switch|p1a: Kyurem-Black|Kyurem-Black|454/454","|-ability|p1a: Kyurem-Black|Teravolt","|move|p2a: Slowbro|Scald|p1a: Kyurem-Black","|-resisted|p1a: Kyurem-Black","|-damage|p1a: Kyurem-Black|403/454","|-status|p1a: Kyurem-Black|brn","|","|-heal|p1a: Kyurem-Black|431/454 brn|[from] item: Leftovers","|-damage|p1a: Kyurem-Black|375/454 brn|[from] brn","|turn|6","|","|move|p1a: Kyurem-Black|Fusion Bolt|p2a: Slowbro","|-supereffective|p2a: Slowbro","|-damage|p2a: Slowbro|173/394","|move|p2a: Slowbro|Slack Off|p2a: Slowbro","|-heal|p2a: Slowbro|370/394","|","|-heal|p1a: Kyurem-Black|403/454 brn|[from] item: Leftovers","|-damage|p1a: Kyurem-Black|347/454 brn|[from] brn","|turn|7","|","|switch|p2a: Latias|Latias, F|364/364","|move|p1a: Kyurem-Black|Fusion Bolt|p2a: Latias","|-resisted|p2a: Latias","|-damage|p2a: Latias|323/364","|","|-heal|p2a: Latias|345/364|[from] item: Leftovers","|-heal|p1a: Kyurem-Black|375/454 brn|[from] item: Leftovers","|-damage|p1a: Kyurem-Black|319/454 brn|[from] brn","|turn|8","|","|move|p2a: Latias|Draco Meteor|p1a: Kyurem-Black","|-supereffective|p1a: Kyurem-Black","|-damage|p1a: Kyurem-Black|0 fnt","|-unboost|p2a: Latias|spa|2","|faint|p1a: Kyurem-Black","|","|-heal|p2a: Latias|364/364|[from] item: Leftovers","|","|switch|p1a: Altaria|Altaria, M|291/291","|turn|9","|","|switch|p2a: Slowbro|Slowbro, M|394/394","|detailschange|p1a: Altaria|Altaria-Mega, M","|-mega|p1a: Altaria|Altaria|Altarianite","|move|p1a: Altaria|Dragon Dance|p1a: Altaria","|-boost|p1a: Altaria|atk|1","|-boost|p1a: Altaria|spe|1","|","|turn|10","|","|move|p1a: Altaria|Dragon Dance|p1a: Altaria","|-boost|p1a: Altaria|atk|1","|-boost|p1a: Altaria|spe|1","|move|p2a: Slowbro|Yawn|p1a: Altaria","|-start|p1a: Altaria|move: Yawn|[of] p2a: Slowbro","|","|turn|11","|","|move|p1a: Altaria|Return|p2a: Slowbro","|-damage|p2a: Slowbro|84/394","|-damage|p1a: Altaria|243/291|[from] item: Rocky Helmet|[of] p2a: Slowbro","|move|p2a: Slowbro|Slack Off|p2a: Slowbro","|-heal|p2a: Slowbro|281/394","|","|-end|p1a: Altaria|move: Yawn|[silent]","|-status|p1a: Altaria|slp","|turn|12","|","|switch|p2a: Gardevoir|Gardevoir-Mega, M|189/277","|cant|p1a: Altaria|slp","|","|turn|13","|","|cant|p1a: Altaria|slp","|move|p2a: Gardevoir|Hyper Voice|p1a: Altaria","|-supereffective|p1a: Altaria","|-damage|p1a: Altaria|0 fnt","|faint|p1a: Altaria","|","|","|switch|p1a: Dragonite|Dragonite, M|270/323","|turn|14","|","|switch|p2a: Slowbro|Slowbro, M|394/394","|move|p1a: Dragonite|Extreme Speed|p2a: Slowbro","|-damage|p2a: Slowbro|295/394","|-damage|p1a: Dragonite|217/323|[from] item: Rocky Helmet|[of] p2a: Slowbro","|","|turn|15","|","|switch|p1a: Latios|Latios, M|301/301","|move|p2a: Slowbro|Scald|p1a: Latios","|-resisted|p1a: Latios","|-damage|p1a: Latios|262/301","|-status|p1a: Latios|brn","|","|-damage|p1a: Latios|225/301 brn|[from] brn","|turn|16","|","|switch|p2a: Mew|Mew|404/404","|move|p1a: Latios|Energy Ball|p2a: Mew","|-damage|p2a: Mew|315/404","|","|-heal|p2a: Mew|340/404|[from] item: Leftovers","|-damage|p1a: Latios|188/301 brn|[from] brn","|turn|17","|","|switch|p1a: Garchomp|Garchomp, F|420/420","|move|p2a: Mew|Toxic|p1a: Garchomp|[miss]","|-miss|p2a: Mew|p1a: Garchomp","|","|-heal|p2a: Mew|365/404|[from] item: Leftovers","|turn|18","|","|switch|p2a: Deoxys-Speed|Deoxys-Speed|304/304","|-ability|p2a: Deoxys-Speed|Pressure","|move|p1a: Garchomp|Stealth Rock|p2a: Deoxys-Speed","|-sidestart|p2: Seven Swell|move: Stealth Rock","|","|turn|19","|","|move|p2a: Deoxys-Speed|Ice Beam|p1a: Garchomp","|-supereffective|p1a: Garchomp","|-damage|p1a: Garchomp|104/420","|move|p1a: Garchomp|Earthquake|p2a: Deoxys-Speed","|-damage|p2a: Deoxys-Speed|147/304","|","|turn|20","|","|move|p2a: Deoxys-Speed|Ice Beam|p1a: Garchomp","|-supereffective|p1a: Garchomp","|-damage|p1a: Garchomp|0 fnt","|faint|p1a: Garchomp","|","|","|switch|p1a: Dragonite|Dragonite, M|217/323","|turn|21","|","|move|p1a: Dragonite|Extreme Speed|p2a: Deoxys-Speed","|-damage|p2a: Deoxys-Speed|0 fnt","|faint|p2a: Deoxys-Speed","|","|","|switch|p2a: Slowbro|Slowbro, M|394/394","|-damage|p2a: Slowbro|345/394|[from] Stealth Rock","|turn|22","|","|switch|p1a: Latios|Latios, M|188/301 brn","|move|p2a: Slowbro|Scald|p1a: Latios","|-resisted|p1a: Latios","|-damage|p1a: Latios|148/301 brn","|","|-damage|p1a: Latios|111/301 brn|[from] brn","|turn|23","|","|switch|p2a: Mew|Mew|365/404","|-damage|p2a: Mew|315/404|[from] Stealth Rock","|move|p1a: Latios|Draco Meteor|p2a: Mew","|-damage|p2a: Mew|137/404","|-unboost|p1a: Latios|spa|2","|","|-heal|p2a: Mew|162/404|[from] item: Leftovers","|-damage|p1a: Latios|74/301 brn|[from] brn","|turn|24","|","|switch|p1a: Dragonite|Dragonite, M|217/323","|move|p2a: Mew|Roost|p2a: Mew","|-heal|p2a: Mew|364/404","|","|-heal|p2a: Mew|389/404|[from] item: Leftovers","|turn|25","|","|move|p1a: Dragonite|Outrage|p2a: Mew","|-damage|p2a: Mew|40/404","|move|p2a: Mew|Toxic|p1a: Dragonite","|-status|p1a: Dragonite|tox","|","|-heal|p2a: Mew|65/404|[from] item: Leftovers","|-damage|p1a: Dragonite|197/323 tox|[from] psn","|turn|26","|","|switch|p2a: Gardevoir|Gardevoir-Mega, M|189/277","|-damage|p2a: Gardevoir|155/277|[from] Stealth Rock","|move|p1a: Dragonite|Outrage|p2a: Gardevoir|[from]lockedmove","|-immune|p2a: Gardevoir|[msg]","|-start|p1a: Dragonite|confusion|[fatigue]","|","|-damage|p1a: Dragonite|157/323 tox|[from] psn","|turn|27","|","|switch|p1a: Latios|Latios, M|74/301 brn","|move|p2a: Gardevoir|Hyper Voice|p1a: Latios","|-crit|p1a: Latios","|-supereffective|p1a: Latios","|-damage|p1a: Latios|0 fnt","|faint|p1a: Latios","|","|","|switch|p1a: Dragonite|Dragonite, M|157/323 tox","|turn|28","|","|move|p2a: Gardevoir|Hyper Voice|p1a: Dragonite","|-supereffective|p1a: Dragonite","|-damage|p1a: Dragonite|0 fnt","|faint|p1a: Dragonite","|","|win|Seven Swell"],"p1rating":{"entryid":"7425426","serverid":"eos","formatid":"monotype","userid":"guardchoppah","username":"Guard Choppah","w":"33","l":9,"t":"0","gxe":76.6,"r":"1717.0492759724","rd":"59.865209015899","sigma":"0","rptime":"1439110800","rpr":1725.6703662881,"rprd":54.599532749211,"rpsigma":"0","acre":1357.9760511113,"lacre":1357.9760511113,"oldacre":"1383.7580601183"},"p2rating":{"entryid":"7267988","serverid":"eos","formatid":"monotype","userid":"sevenswell","username":"Seven Swell","w":41,"l":"24","t":"0","gxe":65.5,"r":"1609.0070414774","rd":"47.069548194523","sigma":"0","rptime":"1439110800","rpr":1621.4833802968,"rprd":44.971596831651,"rpsigma":"0","acre":1312.5941629698,"lacre":1312.5941629698,"oldacre":"1280.3666517111"},"endType":"normal"}