{"seed":[36403,10898,50936,14294],"turns":38,"p1":"D Cj","p2":"Crystl Sabo","p1team":[{"name":"Krookodile","species":"Krookodile","item":"choicescarf","ability":"Moxie","moves":["outrage","earthquake","superpower","stoneedge"],"nature":"Jolly","evs":{"hp":0,"atk":252,"def":0,"spa":0,"spd":4,"spe":252},"ivs":{"hp":31,"atk":31,"def":31,"spa":31,"spd":31,"spe":31}},{"name":"Claydol","species":"Claydol","item":"lightclay","ability":"Levitate","moves":["reflect","lightscreen","explosion","toxic"],"nature":"Careful","evs":{"hp":248,"atk":0,"def":252,"spa":0,"spd":8,"spe":0},"ivs":{"hp":31,"atk":31,"def":31,"spa":31,"spd":31,"spe":31}},{"name":"Gastrodon","species":"Gastrodon","item":"leftovers","ability":"Storm Drain","moves":["scald","earthpower","toxic","recover"],"nature":"Calm","evs":{"hp":252,"atk":0,"def":0,"spa":4,"spd":252,"spe":0},"ivs":{"hp":31,"atk":31,"def":31,"spa":31,"spd":31,"spe":31}},{"name":"Nidoking","species":"Nidoking","item":"choicescarf","ability":"Sheer Force","moves":["fireblast","icebeam","earthpower","sludgewave"],"nature":"Timid","evs":{"hp":0,"atk":0,"def":0,"spa":252,"spd":4,"spe":252},"ivs":{"hp":31,"atk":31,"def":31,"spa":31,"spd":31,"spe":31}},{"name":"Donphan","species":"Donphan","item":"assaultvest","ability":"Sturdy","moves":["earthquake","knockoff","stoneedge","iceshard"],"nature":"Careful","evs":{"hp":248,"atk":8,"def":0,"spa":0,"spd":252,"spe":0},"ivs":{"hp":31,"atk":31,"def":31,"spa":31,"spd":31,"spe":31}},{"name":"Zygarde","species":"Zygarde","item":"leftovers","ability":"Aura Break","moves":["glare","substitute","dragontail","earthquake"],"nature":"Impish","evs":{"hp":248,"atk":8,"def":252,"spa":0,"spd":0,"spe":0},"ivs":{"hp":31,"atk":31,"def":31,"spa":31,"spd":31,"spe":31}}],"p2team":[{"name":"Cradily","species":"Cradily","item":"leftovers","ability":"Storm Drain","moves":["stockpile","recover","toxic","gigadrain"],"nature":"Calm","evs":{"hp":236,"atk":0,"def":0,"spa":40,"spd":232,"spe":0},"shiny":true,"ivs":{"hp":31,"atk":31,"def":31,"spa":31,"spd":31,"spe":31}},{"name":"Rhydon","species":"Rhydon","item":"eviolite","ability":"Rock Head","moves":["swordsdance","avalanche","stoneedge","earthquake"],"nature":"Impish","evs":{"hp":248,"atk":0,"def":8,"spa":0,"spd":252,"spe":0},"shiny":true,"ivs":{"hp":31,"atk":31,"def":31,"spa":31,"spd":31,"spe":31}},{"name":"Tyranitar","species":"Tyranitar","item":"choicescarf","ability":"Sand Stream","moves":["stoneedge","hiddenpowergrass","superpower","earthquake"],"nature":"Serious","evs":{"hp":0,"atk":252,"def":0,"spa":0,"spd":0,"spe":252},"ivs":{"hp":31,"atk":30,"def":31,"spa":30,"spd":31,"spe":31},"shiny":true},{"name":"Aerodactyl","species":"Aerodactyl","item":"aerodactylite","ability":"Pressure","moves":["stoneedge","earthquake","aerialace","taunt"],"nature":"Jolly","evs":{"hp":0,"atk":252,"def":0,"spa":0,"spd":4,"spe":252},"ivs":{"hp":31,"atk":31,"def":31,"spa":31,"spd":31,"spe":31}},{"name":"Terrakion","species":"Terrakion","item":"choicescarf","ability":"Justified","moves":["earthquake","closecombat","stoneedge","poisonjab"],"nature":"Jolly","evs":{"hp":0,"atk":252,"def":0,"spa":0,"spd":4,"spe":252},"shiny":true,"ivs":{"hp":31,"atk":31,"def":31,"spa":31,"spd":31,"spe":31}},{"name":"Omastar","species":"Omastar","item":"focussash","ability":"Weak Armor","moves":["shellsmash","hydropump","icebeam","stoneedge"],"nature":"Rash","evs":{"hp":0,"atk":4,"def":0,"spa":252,"spd":0,"spe":252},"ivs":{"hp":31,"atk":31,"def":31,"spa":31,"spd":31,"spe":31}}],"log":["|player|p1|D Cj|101","|player|p2|Crystl Sabo|crystlsabo.png","|gametype|singles","|gen|6","|tier|Monotype","|rated","|rule|Baton Pass Clause: Limit one Baton Passer, can't pass Spe and other stats simultaneously","|rule|Swagger Clause: Swagger is banned","|rule|Same Type Clause: Pokémon in a team must share a type","|clearpoke","|poke|p1|Krookodile, F","|poke|p1|Claydol","|poke|p1|Gastrodon, M","|poke|p1|Nidoking, M","|poke|p1|Donphan, M","|poke|p1|Zygarde","|poke|p2|Cradily, F, shiny","|poke|p2|Rhydon, F, shiny","|poke|p2|Tyranitar, F, shiny","|poke|p2|Aerodactyl, M","|poke|p2|Terrakion, shiny","|poke|p2|Omastar, M","|rule|Sleep Clause Mod: Limit one foe put to sleep","|rule|Species Clause: Limit one of each Pokémon","|rule|OHKO Clause: OHKO moves are banned","|rule|Moody Clause: Moody is banned","|rule|Evasion Moves Clause: Evasion moves are banned","|rule|Endless Battle Clause: Forcing endless battles is banned","|rule|HP Percentage Mod: HP is shown in percentages","|teampreview","|","|start","|switch|p1a: Zygarde|Zygarde|419/419","|switch|p2a: Aerodactyl|Aerodactyl, M|301/301","|-ability|p2a: Aerodactyl|Pressure","|-ability|p1a: Zygarde|Aura Break","|turn|1","|","|detailschange|p2a: Aerodactyl|Aerodactyl-Mega, M","|-mega|p2a: Aerodactyl|Aerodactyl|Aerodactylite","|move|p2a: Aerodactyl|Taunt|p1a: Zygarde","|-start|p1a: Zygarde|move: Taunt","|cant|p1a: Zygarde|move: Taunt|Glare","|","|turn|2","|","|switch|p2a: Rhydon|Rhydon, F, shiny|413/413","|switch|p1a: Claydol|Claydol|323/323","|","|turn|3","|","|move|p1a: Claydol|Reflect|p1a: Claydol","|-sidestart|p1: D Cj|Reflect","|move|p2a: Rhydon|Swords Dance|p2a: Rhydon","|-boost|p2a: Rhydon|atk|2","|","|turn|4","|","|move|p1a: Claydol|Toxic|p2a: Rhydon","|-status|p2a: Rhydon|tox","|move|p2a: Rhydon|Swords Dance|p2a: Rhydon","|-boost|p2a: Rhydon|atk|2","|","|-damage|p2a: Rhydon|388/413 tox|[from] psn","|turn|5","|","|switch|p1a: Zygarde|Zygarde|419/419","|-ability|p1a: Zygarde|Aura Break","|move|p2a: Rhydon|Avalanche|p1a: Zygarde","|-supereffective|p1a: Zygarde","|-damage|p1a: Zygarde|203/419","|","|-heal|p1a: Zygarde|229/419|[from] item: Leftovers","|-damage|p2a: Rhydon|338/413 tox|[from] psn","|turn|6","|","|move|p1a: Zygarde|Earthquake|p2a: Rhydon","|-supereffective|p2a: Rhydon","|-damage|p2a: Rhydon|204/413 tox","|move|p2a: Rhydon|Avalanche|p1a: Zygarde","|-supereffective|p1a: Zygarde","|-damage|p1a: Zygarde|0 fnt","|faint|p1a: Zygarde","|","|-damage|p2a: Rhydon|129/413 tox|[from] psn","|","|switch|p1a: Donphan|Donphan, M|383/383","|turn|7","|","|move|p1a: Donphan|Earthquake|p2a: Rhydon","|-supereffective|p2a: Rhydon","|-damage|p2a: Rhydon|0 fnt","|faint|p2a: Rhydon","|","|","|switch|p2a: Omastar|Omastar, M|281/281","|turn|8","|","|move|p2a: Omastar|Hydro Pump|p1a: Donphan","|-supereffective|p1a: Donphan","|-damage|p1a: Donphan|131/383","|move|p1a: Donphan|Earthquake|p2a: Omastar","|-supereffective|p2a: Omastar","|-damage|p2a: Omastar|39/281","|-unboost|p2a: Omastar|def|1|[from] ability: Weak Armor","|-boost|p2a: Omastar|spe|1|[from] ability: Weak Armor","|","|turn|9","|","|move|p1a: Donphan|Ice Shard|p2a: Omastar","|-resisted|p2a: Omastar","|-damage|p2a: Omastar|14/281","|-unboost|p2a: Omastar|def|1|[from] ability: Weak Armor","|-boost|p2a: Omastar|spe|1|[from] ability: Weak Armor","|move|p2a: Omastar|Ice Beam|p1a: Donphan","|-supereffective|p1a: Donphan","|-damage|p1a: Donphan|0 fnt","|faint|p1a: Donphan","|","|","|switch|p1a: Krookodile|Krookodile, F|331/331","|turn|10","|","|move|p1a: Krookodile|Superpower|p2a: Omastar","|-supereffective|p2a: Omastar","|-damage|p2a: Omastar|0 fnt","|-unboost|p1a: Krookodile|atk|1","|-unboost|p1a: Krookodile|def|1","|faint|p2a: Omastar","|-boost|p1a: Krookodile|atk|1|[from] ability: Moxie","|","|-sideend|p1: D Cj|Reflect","|","|switch|p2a: Terrakion|Terrakion, shiny|323/323","|turn|11","|","|switch|p1a: Claydol|Claydol|323/323","|move|p2a: Terrakion|Close Combat|p1a: Claydol","|-resisted|p1a: Claydol","|-damage|p1a: Claydol|245/323","|-unboost|p2a: Terrakion|def|1","|-unboost|p2a: Terrakion|spd|1","|","|turn|12","|","|switch|p2a: Tyranitar|Tyranitar, F, shiny|341/341","|-weather|Sandstorm","|move|p1a: Claydol|Reflect|p1a: Claydol","|-sidestart|p1: D Cj|Reflect","|","|-weather|Sandstorm|[upkeep]","|turn|13","|","|move|p2a: Tyranitar|Hidden Power|p1a: Claydol","|-supereffective|p1a: Claydol","|-damage|p1a: Claydol|173/323","|move|p1a: Claydol|Light Screen|p1a: Claydol","|-sidestart|p1: D Cj|move: Light Screen","|","|-weather|Sandstorm|[upkeep]","|turn|14","|","|switch|p2a: Cradily|Cradily, F, shiny|372/372","|switch|p1a: Krookodile|Krookodile, F|331/331","|","|-weather|Sandstorm|[upkeep]","|turn|15","|","|move|p1a: Krookodile|Superpower|p2a: Cradily","|-supereffective|p2a: Cradily","|-damage|p2a: Cradily|108/372","|-unboost|p1a: Krookodile|atk|1","|-unboost|p1a: Krookodile|def|1","|move|p2a: Cradily|Giga Drain|p1a: Krookodile","|-supereffective|p1a: Krookodile","|-damage|p1a: Krookodile|220/331","|-heal|p2a: Cradily|164/372|[from] drain|[of] p1a: Krookodile","|","|-weather|Sandstorm|[upkeep]","|-heal|p2a: Cradily|187/372|[from] item: Leftovers","|turn|16","|","|switch|p1a: Nidoking|Nidoking, M|303/303","|switch|p2a: Aerodactyl|Aerodactyl-Mega, M|301/301","|","|-weather|none","|turn|17","|","|move|p1a: Nidoking|Ice Beam|p2a: Aerodactyl","|-supereffective|p2a: Aerodactyl","|-damage|p2a: Aerodactyl|75/301","|move|p2a: Aerodactyl|Earthquake|p1a: Nidoking","|-supereffective|p1a: Nidoking","|-damage|p1a: Nidoking|160/303","|","|turn|18","|","|switch|p2a: Tyranitar|Tyranitar, F, shiny|341/341","|-weather|Sandstorm","|move|p1a: Nidoking|Ice Beam|p2a: Tyranitar","|-damage|p2a: Tyranitar|276/341","|","|-weather|Sandstorm|[upkeep]","|turn|19","|","|switch|p1a: Krookodile|Krookodile, F|220/331","|move|p2a: Tyranitar|Earthquake|p1a: Krookodile","|-damage|p1a: Krookodile|146/331","|","|-weather|Sandstorm|[upkeep]","|-sideend|p1: D Cj|Reflect","|turn|20","|","|switch|p2a: Cradily|Cradily, F, shiny|187/372","|move|p1a: Krookodile|Earthquake|p2a: Cradily","|-damage|p2a: Cradily|3/372","|","|-weather|Sandstorm|[upkeep]","|-heal|p2a: Cradily|26/372|[from] item: Leftovers","|-sideend|p1: D Cj|move: Light Screen","|turn|21","|","|switch|p2a: Aerodactyl|Aerodactyl-Mega, M|75/301","|move|p1a: Krookodile|Earthquake|p2a: Aerodactyl","|-immune|p2a: Aerodactyl|[msg]","|","|-weather|Sandstorm|[upkeep]","|turn|22","|","|switch|p1a: Gastrodon|Gastrodon, M|426/426","|move|p2a: Aerodactyl|Aerial Ace|p1a: Gastrodon","|-damage|p1a: Gastrodon|221/426","|","|-weather|none","|-heal|p1a: Gastrodon|247/426|[from] item: Leftovers","|turn|23","|","|switch|p2a: Cradily|Cradily, F, shiny|26/372","|move|p1a: Gastrodon|Recover|p1a: Gastrodon","|-heal|p1a: Gastrodon|426/426","|","|-heal|p2a: Cradily|49/372|[from] item: Leftovers","|turn|24","|","|switch|p1a: Nidoking|Nidoking, M|160/303","|move|p2a: Cradily|Recover|p2a: Cradily","|-heal|p2a: Cradily|235/372","|","|-heal|p2a: Cradily|258/372|[from] item: Leftovers","|turn|25","|","|move|p1a: Nidoking|Sludge Wave|p2a: Cradily","|-damage|p2a: Cradily|146/372","|move|p2a: Cradily|Giga Drain|p1a: Nidoking","|-damage|p1a: Nidoking|52/303","|-heal|p2a: Cradily|200/372|[from] drain|[of] p1a: Nidoking","|","|-heal|p2a: Cradily|223/372|[from] item: Leftovers","|turn|26","|","|move|p1a: Nidoking|Sludge Wave|p2a: Cradily","|-damage|p2a: Cradily|114/372","|move|p2a: Cradily|Giga Drain|p1a: Nidoking","|-damage|p1a: Nidoking|0 fnt","|-heal|p2a: Cradily|140/372|[from] drain|[of] p1a: Nidoking","|faint|p1a: Nidoking","|","|-heal|p2a: Cradily|163/372|[from] item: Leftovers","|","|switch|p1a: Krookodile|Krookodile, F|146/331","|turn|27","|","|move|p1a: Krookodile|Superpower|p2a: Cradily","|-supereffective|p2a: Cradily","|-damage|p2a: Cradily|0 fnt","|-unboost|p1a: Krookodile|atk|1","|-unboost|p1a: Krookodile|def|1","|faint|p2a: Cradily","|-boost|p1a: Krookodile|atk|1|[from] ability: Moxie","|","|","|switch|p2a: Terrakion|Terrakion, shiny|323/323","|turn|28","|","|switch|p1a: Claydol|Claydol|173/323","|move|p2a: Terrakion|Close Combat|p1a: Claydol","|-resisted|p1a: Claydol","|-damage|p1a: Claydol|92/323","|-unboost|p2a: Terrakion|def|1","|-unboost|p2a: Terrakion|spd|1","|","|turn|29","|","|switch|p2a: Tyranitar|Tyranitar, F, shiny|276/341","|-weather|Sandstorm","|move|p1a: Claydol|Reflect|p1a: Claydol","|-sidestart|p1: D Cj|Reflect","|","|-weather|Sandstorm|[upkeep]","|turn|30","|","|move|p2a: Tyranitar|Hidden Power|p1a: Claydol","|-supereffective|p1a: Claydol","|-damage|p1a: Claydol|20/323","|move|p1a: Claydol|Light Screen|p1a: Claydol","|-sidestart|p1: D Cj|move: Light Screen","|","|-weather|Sandstorm|[upkeep]","|turn|31","|","|move|p2a: Tyranitar|Hidden Power|p1a: Claydol","|-supereffective|p1a: Claydol","|-damage|p1a: Claydol|0 fnt","|faint|p1a: Claydol","|","|-weather|Sandstorm|[upkeep]","|","|switch|p1a: Krookodile|Krookodile, F|146/331","|turn|32","|","|switch|p2a: Aerodactyl|Aerodactyl-Mega, M|75/301","|move|p1a: Krookodile|Superpower|p2a: Aerodactyl","|-crit|p2a: Aerodactyl","|-damage|p2a: Aerodactyl|0 fnt","|-unboost|p1a: Krookodile|atk|1","|-unboost|p1a: Krookodile|def|1","|faint|p2a: Aerodactyl","|-boost|p1a: Krookodile|atk|1|[from] ability: Moxie","|","|-weather|Sandstorm|[upkeep]","|","|switch|p2a: Terrakion|Terrakion, shiny|323/323","|turn|33","|","|move|p2a: Terrakion|Close Combat|p1a: Krookodile","|-supereffective|p1a: Krookodile","|-damage|p1a: Krookodile|0 fnt","|-unboost|p2a: Terrakion|def|1","|-unboost|p2a: Terrakion|spd|1","|faint|p1a: Krookodile","|","|-weather|none","|","|switch|p1a: Gastrodon|Gastrodon, M|426/426","|turn|34","|","|move|p2a: Terrakion|Close Combat|p1a: Gastrodon","|-damage|p1a: Gastrodon|273/426","|-unboost|p2a: Terrakion|def|1","|-unboost|p2a: Terrakion|spd|1","|move|p1a: Gastrodon|Earth Power|p2a: Terrakion","|-supereffective|p2a: Terrakion","|-damage|p2a: Terrakion|0 fnt","|faint|p2a: Terrakion","|","|-heal|p1a: Gastrodon|299/426|[from] item: Leftovers","|","|switch|p2a: Tyranitar|Tyranitar, F, shiny|276/341","|-weather|Sandstorm","|turn|35","|","|move|p2a: Tyranitar|Hidden Power|p1a: Gastrodon","|-supereffective|p1a: Gastrodon","|-damage|p1a: Gastrodon|223/426","|move|p1a: Gastrodon|Toxic|p2a: Tyranitar","|-status|p2a: Tyranitar|tox","|","|-weather|Sandstorm|[upkeep]","|-heal|p1a: Gastrodon|249/426|[from] item: Leftovers","|-damage|p2a: Tyranitar|255/341 tox|[from] psn","|turn|36","|","|move|p2a: Tyranitar|Hidden Power|p1a: Gastrodon","|-supereffective|p1a: Gastrodon","|-damage|p1a: Gastrodon|173/426","|move|p1a: Gastrodon|Recover|p1a: Gastrodon","|-heal|p1a: Gastrodon|386/426","|","|-weather|Sandstorm|[upkeep]","|-heal|p1a: Gastrodon|412/426|[from] item: Leftovers","|-damage|p2a: Tyranitar|213/341 tox|[from] psn","|-sideend|p1: D Cj|Reflect","|turn|37","|","|move|p2a: Tyranitar|Hidden Power|p1a: Gastrodon","|-supereffective|p1a: Gastrodon","|-damage|p1a: Gastrodon|336/426","|move|p1a: Gastrodon|Earth Power|p2a: Tyranitar","|-supereffective|p2a: Tyranitar","|-damage|p2a: Tyranitar|75/341 tox","|","|-weather|Sandstorm|[upkeep]","|-heal|p1a: Gastrodon|362/426|[from] item: Leftovers","|-damage|p2a: Tyranitar|12/341 tox|[from] psn","|-sideend|p1: D Cj|move: Light Screen","|turn|38","|","|move|p2a: Tyranitar|Hidden Power|p1a: Gastrodon","|-supereffective|p1a: Gastrodon","|-damage|p1a: Gastrodon|198/426","|move|p1a: Gastrodon|Scald|p2a: Tyranitar","|-supereffective|p2a: Tyranitar","|-damage|p2a: Tyranitar|0 fnt","|faint|p2a: Tyranitar","|","|win|D Cj"],"p1rating":{"entryid":"6457520","serverid":"eos","formatid":"monotype","userid":"dcj","username":"D Cj","w":39,"l":"33","t":"0","gxe":54.1,"r":"1524.5015816634","rd":"49.705088147264","sigma":"0","rptime":"1439110800","rpr":1531.4033933055,"rprd":49.212078775171,"rpsigma":"0","acre":1186.5514822719,"lacre":1186.5514822719,"oldacre":"1161.5163147659"},"p2rating":{"entryid":"5846197","serverid":"eos","formatid":"monotype","userid":"crystlsabo","username":"Crystl Sabo","w":"61","l":55,"t":"0","gxe":53.1,"r":"1523.8795952826","rd":"40.361617326138","sigma":"0","rptime":"1439110800","rpr":1523.1496328307,"rprd":39.331289971991,"rpsigma":"0","acre":1136.9698853044,"lacre":1136.9698853044,"oldacre":"1162.0050528104"},"endType":"normal"}