{"seed":[24015,8320,60072,35511],"turns":30,"p1":"Zukushiku","p2":"Jumeaux쌍둥이","p1team":[{"name":"Venomoth","species":"Venomoth","item":"blacksludge","ability":"Tinted Lens","moves":["substitute","quiverdance","bugbuzz","sleeppowder"],"nature":"Modest","evs":{"hp":0,"atk":0,"def":0,"spa":252,"spd":4,"spe":252},"shiny":true,"ivs":{"hp":31,"atk":31,"def":31,"spa":31,"spd":31,"spe":31}},{"name":"Nidoking","species":"Nidoking","item":"lifeorb","ability":"Sheer Force","moves":["earthpower","sludgewave","icebeam","fireblast"],"nature":"Timid","evs":{"hp":0,"atk":0,"def":0,"spa":252,"spd":4,"spe":252},"ivs":{"hp":31,"atk":31,"def":31,"spa":31,"spd":31,"spe":31}},{"name":"Golbat","species":"Golbat","item":"eviolite","ability":"Infiltrator","moves":["roost","defog","bravebird","toxic"],"nature":"Impish","evs":{"hp":248,"atk":8,"def":252,"spa":0,"spd":0,"spe":0},"ivs":{"hp":31,"atk":31,"def":31,"spa":31,"spd":31,"spe":31}},{"name":"Venusaur","species":"Venusaur","item":"venusaurite","ability":"Chlorophyll","moves":["gigadrain","sludgebomb","synthesis","hiddenpowerfire"],"nature":"Bold","evs":{"hp":248,"atk":0,"def":96,"spa":0,"spd":144,"spe":20},"ivs":{"atk":30,"spa":30,"spe":30,"hp":31,"def":31,"spd":31}},{"name":"Gengar","species":"Gengar","item":"lifeorb","ability":"Levitate","moves":["shadowball","focusblast","sludgewave","taunt"],"nature":"Timid","evs":{"hp":0,"atk":0,"def":0,"spa":252,"spd":4,"spe":252},"ivs":{"hp":31,"atk":31,"def":31,"spa":31,"spd":31,"spe":31}},{"name":"Drapion","species":"Drapion","item":"assaultvest","ability":"Battle Armor","moves":["pursuit","knockoff","earthquake","rockslide"],"nature":"Adamant","evs":{"hp":248,"atk":8,"def":0,"spa":0,"spd":252,"spe":0},"ivs":{"hp":31,"atk":31,"def":31,"spa":31,"spd":31,"spe":31}}],"p2team":[{"name":"ラティオス","species":"latios","item":"choicescarf","ability":"Levitate","moves":["shadowball","dragonpulse","psyshock","icebeam"],"nature":"Timid","evs":{"hp":0,"atk":0,"def":4,"spa":252,"spd":0,"spe":252},"ivs":{"hp":31,"atk":0,"def":31,"spa":31,"spd":31,"spe":31}},{"name":"キュレム","species":"kyuremblack","item":"lifeorb","ability":"Teravolt","moves":["icebeam","outrage","fusionbolt","ironhead"],"nature":"Naive","evs":{"hp":0,"atk":100,"def":0,"spa":180,"spd":0,"spe":228},"shiny":true,"ivs":{"hp":31,"atk":31,"def":31,"spa":31,"spd":31,"spe":31}},{"name":"ボーマンダ","species":"salamence","item":"choicescarf","ability":"Moxie","moves":["outrage","aerialace","steelwing","earthquake"],"nature":"Jolly","evs":{"hp":0,"atk":252,"def":4,"spa":0,"spd":0,"spe":252},"ivs":{"hp":31,"atk":31,"def":31,"spa":31,"spd":31,"spe":31}},{"name":"サザンドラ","species":"hydreigon","item":"choicespecs","ability":"Levitate","moves":["darkpulse","flamethrower","dracometeor","flashcannon"],"nature":"Modest","evs":{"hp":0,"atk":0,"def":4,"spa":252,"spd":0,"spe":252},"shiny":true,"ivs":{"hp":31,"atk":31,"def":31,"spa":31,"spd":31,"spe":31}},{"name":"ガブリアス","species":"garchomp","item":"rockyhelmet","ability":"Rough Skin","moves":["stealthrock","earthquake","dragontail","endure"],"nature":"Impish","evs":{"hp":252,"atk":0,"def":232,"spa":0,"spd":24,"spe":0},"ivs":{"hp":31,"atk":31,"def":31,"spa":31,"spd":31,"spe":31}},{"name":"ラティアス","species":"latias","item":"latiasite","ability":"Levitate","moves":["calmmind","recover","psyshock","dragonbreath"],"nature":"Bold","evs":{"hp":252,"atk":0,"def":224,"spa":0,"spd":0,"spe":32},"ivs":{"hp":31,"atk":0,"def":31,"spa":31,"spd":31,"spe":31}}],"log":["|player|p1|Zukushiku|zukushiku.png","|player|p2|Jumeaux쌍둥이|alliancewutang.png","|gametype|singles","|gen|6","|tier|Monotype","|rated","|rule|Baton Pass Clause: Limit one Baton Passer, can't pass Spe and other stats simultaneously","|rule|Swagger Clause: Swagger is banned","|rule|Same Type Clause: Pokémon in a team must share a type","|clearpoke","|poke|p1|Venomoth, F, shiny","|poke|p1|Nidoking, M","|poke|p1|Golbat, F","|poke|p1|Venusaur, F","|poke|p1|Gengar, M","|poke|p1|Drapion, F","|poke|p2|Latios, M","|poke|p2|Kyurem-Black, shiny","|poke|p2|Salamence, F","|poke|p2|Hydreigon, F, shiny","|poke|p2|Garchomp, M","|poke|p2|Latias, F","|rule|Sleep Clause Mod: Limit one foe put to sleep","|rule|Species Clause: Limit one of each Pokémon","|rule|OHKO Clause: OHKO moves are banned","|rule|Moody Clause: Moody is banned","|rule|Evasion Moves Clause: Evasion moves are banned","|rule|Endless Battle Clause: Forcing endless battles is banned","|rule|HP Percentage Mod: HP is shown in percentages","|teampreview","|","|start","|switch|p1a: Nidoking|Nidoking, M|303/303","|switch|p2a: ボーマンダ|Salamence, F|331/331","|turn|1","|","|switch|p1a: Golbat|Golbat, F|353/353","|move|p2a: ボーマンダ|Earthquake|p1a: Golbat","|-immune|p1a: Golbat|[msg]","|","|turn|2","|","|switch|p2a: ガブリアス|Garchomp, M|420/420","|switch|p1a: Gengar|Gengar, M|261/261","|","|turn|3","|","|move|p1a: Gengar|Taunt|p2a: ガブリアス","|-start|p2a: ガブリアス|move: Taunt","|cant|p2a: ガブリアス|move: Taunt|Stealth Rock","|","|turn|4","|","|move|p1a: Gengar|Shadow Ball|p2a: ガブリアス","|-damage|p2a: ガブリアス|202/420","|-damage|p1a: Gengar|235/261|[from] item: Life Orb","|move|p2a: ガブリアス|Dragon Tail|p1a: Gengar","|-damage|p1a: Gengar|109/261","|drag|p1a: Nidoking|Nidoking, M|303/303","|","|turn|5","|","|switch|p2a: キュレム|Kyurem-Black, shiny|391/391","|-ability|p2a: キュレム|Teravolt","|move|p1a: Nidoking|Ice Beam|p2a: キュレム","|-damage|p2a: キュレム|239/391","|","|turn|6","|","|move|p2a: キュレム|Ice Beam|p1a: Nidoking","|-supereffective|p1a: Nidoking","|-damage|p1a: Nidoking|0 fnt","|-damage|p2a: キュレム|200/391|[from] item: Life Orb","|faint|p1a: Nidoking","|","|","|switch|p1a: Gengar|Gengar, M|109/261","|turn|7","|","|switch|p2a: ボーマンダ|Salamence, F|331/331","|move|p1a: Gengar|Sludge Wave|p2a: ボーマンダ","|-damage|p2a: ボーマンダ|70/331","|-damage|p1a: Gengar|83/261|[from] item: Life Orb","|","|turn|8","|","|switch|p1a: Golbat|Golbat, F|353/353","|move|p2a: ボーマンダ|Aerial Ace|p1a: Golbat","|-damage|p1a: Golbat|292/353","|","|turn|9","|","|switch|p2a: ガブリアス|Garchomp, M|202/420","|move|p1a: Golbat|Toxic|p2a: ガブリアス","|-status|p2a: ガブリアス|tox","|","|-damage|p2a: ガブリアス|176/420 tox|[from] psn","|turn|10","|","|move|p2a: ガブリアス|Stealth Rock|p1a: Golbat","|-sidestart|p1: Zukushiku|move: Stealth Rock","|move|p1a: Golbat|Defog|p2a: ガブリアス","|-unboost|p2a: ガブリアス|evasion|1","|-sideend|p1: Zukushiku|Stealth Rock|[from] move: Defog|[of] p1a: Golbat","|","|-damage|p2a: ガブリアス|124/420 tox|[from] psn","|turn|11","|","|move|p1a: Golbat|Defog|p2a: ガブリアス","|-unboost|p2a: ガブリアス|evasion|1","|move|p2a: ガブリアス|Dragon Tail|p1a: Golbat|[miss]","|-miss|p2a: ガブリアス|p1a: Golbat","|","|-damage|p2a: ガブリアス|46/420 tox|[from] psn","|turn|12","|","|move|p2a: ガブリアス|Stealth Rock|p1a: Golbat","|-sidestart|p1: Zukushiku|move: Stealth Rock","|move|p1a: Golbat|Defog|p2a: ガブリアス","|-unboost|p2a: ガブリアス|evasion|1","|-sideend|p1: Zukushiku|Stealth Rock|[from] move: Defog|[of] p1a: Golbat","|","|-damage|p2a: ガブリアス|0 fnt|[from] psn","|faint|p2a: ガブリアス","|","|switch|p2a: キュレム|Kyurem-Black, shiny|200/391","|-ability|p2a: キュレム|Teravolt","|turn|13","|","|switch|p1a: Venomoth|Venomoth, F, shiny|281/281","|move|p2a: キュレム|Ice Beam|p1a: Venomoth","|-damage|p1a: Venomoth|57/281","|-damage|p2a: キュレム|161/391|[from] item: Life Orb","|","|-heal|p1a: Venomoth|74/281|[from] item: Black Sludge","|turn|14","|","|switch|p2a: ボーマンダ|Salamence, F|70/331","|move|p1a: Venomoth|Bug Buzz|p2a: ボーマンダ","|-resisted|p2a: ボーマンダ","|-damage|p2a: ボーマンダ|0 fnt","|faint|p2a: ボーマンダ","|","|-heal|p1a: Venomoth|91/281|[from] item: Black Sludge","|","|switch|p2a: ラティオス|Latios, M|301/301","|turn|15","|","|switch|p1a: Golbat|Golbat, F|292/353","|move|p2a: ラティオス|Dragon Pulse|p1a: Golbat","|-damage|p1a: Golbat|171/353","|","|turn|16","|","|switch|p2a: サザンドラ|Hydreigon, F, shiny|325/325","|move|p1a: Golbat|Roost|p1a: Golbat","|-heal|p1a: Golbat|348/353","|","|turn|17","|","|move|p2a: サザンドラ|Dark Pulse|p1a: Golbat","|-damage|p1a: Golbat|147/353","|cant|p1a: Golbat|flinch","|","|turn|18","|","|switch|p1a: Drapion|Drapion, F|343/343","|move|p2a: サザンドラ|Dark Pulse|p1a: Drapion","|-resisted|p1a: Drapion","|-damage|p1a: Drapion|270/343","|","|turn|19","|","|switch|p2a: ラティオス|Latios, M|301/301","|move|p1a: Drapion|Knock Off|p2a: ラティオス","|-supereffective|p2a: ラティオス","|-damage|p2a: ラティオス|47/301","|-enditem|p2a: ラティオス|Choice Scarf|[from] move: Knock Off|[of] p1a: Drapion","|","|turn|20","|","|move|p2a: ラティオス|Ice Beam|p1a: Drapion","|-damage|p1a: Drapion|202/343","|move|p1a: Drapion|Knock Off|p2a: ラティオス","|-supereffective|p2a: ラティオス","|-damage|p2a: ラティオス|0 fnt","|faint|p2a: ラティオス","|","|","|switch|p2a: ラティアス|Latias, F|364/364","|turn|21","|","|switch|p1a: Golbat|Golbat, F|147/353","|detailschange|p2a: ラティアス|Latias-Mega, F","|-mega|p2a: ラティアス|Latias|Latiasite","|move|p2a: ラティアス|Calm Mind|p2a: ラティアス","|-boost|p2a: ラティアス|spa|1","|-boost|p2a: ラティアス|spd|1","|","|turn|22","|","|move|p2a: ラティアス|Calm Mind|p2a: ラティアス","|-boost|p2a: ラティアス|spa|1","|-boost|p2a: ラティアス|spd|1","|move|p1a: Golbat|Toxic|p2a: ラティアス","|-status|p2a: ラティアス|tox","|","|-damage|p2a: ラティアス|342/364 tox|[from] psn","|turn|23","|","|move|p2a: ラティアス|Psyshock|p1a: Golbat","|-supereffective|p1a: Golbat","|-damage|p1a: Golbat|0 fnt","|faint|p1a: Golbat","|","|-damage|p2a: ラティアス|298/364 tox|[from] psn","|","|switch|p1a: Drapion|Drapion, F|202/343","|turn|24","|","|move|p2a: ラティアス|Dragon Breath|p1a: Drapion","|-damage|p1a: Drapion|90/343","|move|p1a: Drapion|Knock Off|p2a: ラティアス","|-supereffective|p2a: ラティアス","|-damage|p2a: ラティアス|200/364 tox","|","|-damage|p2a: ラティアス|134/364 tox|[from] psn","|turn|25","|","|switch|p1a: Venomoth|Venomoth, F, shiny|91/281","|move|p2a: ラティアス|Dragon Breath|p1a: Venomoth","|-damage|p1a: Venomoth|0 fnt","|faint|p1a: Venomoth","|","|-damage|p2a: ラティアス|46/364 tox|[from] psn","|","|switch|p1a: Drapion|Drapion, F|90/343","|turn|26","|","|move|p2a: ラティアス|Dragon Breath|p1a: Drapion","|-damage|p1a: Drapion|0 fnt","|faint|p1a: Drapion","|","|-damage|p2a: ラティアス|0 fnt|[from] psn","|faint|p2a: ラティアス","|","|switch|p1a: Gengar|Gengar, M|83/261","|switch|p2a: サザンドラ|Hydreigon, F, shiny|325/325","|turn|27","|","|move|p1a: Gengar|Focus Blast|p2a: サザンドラ|[miss]","|-miss|p1a: Gengar|p2a: サザンドラ","|move|p2a: サザンドラ|Dark Pulse|p1a: Gengar","|-supereffective|p1a: Gengar","|-damage|p1a: Gengar|0 fnt","|faint|p1a: Gengar","|","|","|switch|p1a: Venusaur|Venusaur, F|363/363","|turn|28","|","|detailschange|p1a: Venusaur|Venusaur-Mega, F","|-mega|p1a: Venusaur|Venusaur|Venusaurite","|move|p2a: サザンドラ|Dark Pulse|p1a: Venusaur","|-damage|p1a: Venusaur|195/363","|cant|p1a: Venusaur|flinch","|","|turn|29","|","|switch|p2a: キュレム|Kyurem-Black, shiny|161/391","|-ability|p2a: キュレム|Teravolt","|move|p1a: Venusaur|Synthesis|p1a: Venusaur","|-heal|p1a: Venusaur|363/363","|","|turn|30","|","|win|Jumeaux쌍둥이"],"p1rating":{"entryid":"7076911","serverid":"eos","formatid":"monotype","userid":"zukushiku","username":"Zukushiku","w":"39","l":18,"t":"0","gxe":68,"r":"1644.5841694678","rd":"50.568513403167","sigma":"0","rptime":"1439024400","rpr":1642.9079732408,"rprd":47.521858273886,"rpsigma":"0","acre":1307.6715438472,"lacre":1307.6715438472,"oldacre":"1328.6262275508"},"p2rating":{"entryid":"7501166","serverid":"eos","formatid":"monotype","userid":"jumeaux","username":"Jumeaux쌍둥이","w":17,"l":"3","t":"0","gxe":75,"r":"1500","rd":"130","sigma":"0","rptime":"1439024400","rpr":1710.8505920801,"rprd":69.462419193222,"rpsigma":"0","acre":1332.9837431696,"lacre":1332.9837431696,"oldacre":"1312.029059466"},"endType":"forfeit"}