{"seed":[5761,21941,45787,39392],"turns":19,"p1":"nick151","p2":"Grass Photon","p1team":[{"name":"Amoonguss","species":"Amoonguss","item":"chestoberry","ability":"Effect Spore","moves":["gigadrain","rest","sleeptalk","spore"],"nature":"","evs":{"hp":252,"atk":0,"def":4,"spa":0,"spd":252,"spe":0},"ivs":{"hp":31,"atk":31,"def":31,"spa":31,"spd":31,"spe":31}},{"name":"Venusaur","species":"Venusaur","item":"leftovers","ability":"Overgrow","moves":["leechseed","gigadrain","protect","earthquake"],"nature":"Gentle","evs":{"hp":248,"atk":8,"def":0,"spa":0,"spd":252,"spe":0},"ivs":{"hp":31,"atk":31,"def":31,"spa":31,"spd":31,"spe":31}},{"name":"Beedrill","species":"Beedrill","item":"beedrillite","ability":"Swarm","moves":["uturn","drillrun","knockoff","poisonjab"],"nature":"Jolly","evs":{"hp":0,"atk":252,"def":0,"spa":0,"spd":4,"spe":252},"ivs":{"hp":31,"atk":31,"def":31,"spa":31,"spd":31,"spe":31}},{"name":"Scolipede","species":"Scolipede","item":"focussash","ability":"Speed Boost","moves":["protect","swordsdance","poisonjab","megahorn"],"nature":"Adamant","evs":{"hp":0,"atk":252,"def":0,"spa":0,"spd":4,"spe":252},"ivs":{"hp":31,"atk":31,"def":31,"spa":31,"spd":31,"spe":31}},{"name":"Drapion","species":"Drapion","item":"","ability":"Battle Armor","moves":["crunch","toxicspikes","earthquake","honeclaws"],"nature":"Adamant","evs":{"hp":248,"atk":252,"def":0,"spa":0,"spd":8,"spe":0},"ivs":{"hp":31,"atk":31,"def":31,"spa":31,"spd":31,"spe":31}},{"name":"Crobat","species":"Crobat","item":"expertbelt","ability":"Infiltrator","moves":["bravebird","darkpulse","nastyplot","heatwave"],"nature":"Hasty","evs":{"hp":0,"atk":156,"def":0,"spa":100,"spd":0,"spe":252},"ivs":{"hp":31,"atk":31,"def":31,"spa":31,"spd":31,"spe":31}}],"p2team":[{"name":"Venusaur","species":"Venusaur","item":"venusaurite","ability":"Overgrow","moves":["earthquake","powerwhip","curse","synthesis"],"nature":"Adamant","evs":{"hp":216,"atk":252,"def":40,"spa":0,"spd":0,"spe":0},"ivs":{"hp":31,"atk":30,"def":30,"spa":31,"spd":31,"spe":31}},{"name":"Celebi","species":"Celebi","item":"lifeorb","ability":"Natural Cure","moves":["gigadrain","earthpower","recover","psychic"],"nature":"Calm","evs":{"hp":248,"atk":0,"def":0,"spa":0,"spd":224,"spe":36},"ivs":{"hp":31,"atk":31,"def":31,"spa":31,"spd":31,"spe":31}},{"name":"Ludicolo","species":"Ludicolo","item":"choicespecs","ability":"Swift Swim","moves":["energyball","hiddenpowerfire","surf","icebeam"],"nature":"Modest","evs":{"hp":0,"atk":0,"def":0,"spa":252,"spd":4,"spe":252},"ivs":{"hp":31,"atk":30,"def":31,"spa":30,"spd":31,"spe":30}},{"name":"Ferrothorn","species":"Ferrothorn","item":"rockyhelmet","ability":"Iron Barbs","moves":["leechseed","stealthrock","thunderwave","gyroball"],"nature":"Relaxed","evs":{"hp":252,"atk":0,"def":252,"spa":0,"spd":0,"spe":0},"ivs":{"hp":31,"atk":31,"def":31,"spa":31,"spd":31,"spe":0}},{"name":"Cradily","species":"Cradily","item":"leftovers","ability":"Suction Cups","moves":["stoneedge","recover","toxic","stealthrock"],"nature":"Careful","evs":{"hp":0,"atk":0,"def":0,"spa":252,"spd":0,"spe":252},"ivs":{"hp":31,"atk":31,"def":31,"spa":31,"spd":31,"spe":31}},{"name":"Roserade","species":"Roserade","item":"choicescarf","ability":"Technician","moves":["sludgebomb","energyball","hiddenpowerice","shadowball"],"nature":"Modest","evs":{"hp":0,"atk":0,"def":0,"spa":252,"spd":0,"spe":252},"ivs":{"hp":31,"atk":30,"def":30,"spa":31,"spd":31,"spe":31}}],"log":["|player|p1|nick151|nick151.gif","|player|p2|Grass Photon|66","|gametype|singles","|gen|6","|tier|Monotype","|rated","|rule|Baton Pass Clause: Limit one Baton Passer, can't pass Spe and other stats simultaneously","|rule|Swagger Clause: Swagger is banned","|rule|Same Type Clause: Pokémon in a team must share a type","|clearpoke","|poke|p1|Amoonguss, F","|poke|p1|Venusaur, M","|poke|p1|Beedrill, F","|poke|p1|Scolipede, M","|poke|p1|Drapion, M","|poke|p1|Crobat, F","|poke|p2|Venusaur, M","|poke|p2|Celebi","|poke|p2|Ludicolo, M","|poke|p2|Ferrothorn, F","|poke|p2|Cradily, M","|poke|p2|Roserade, M","|rule|Sleep Clause Mod: Limit one foe put to sleep","|rule|Species Clause: Limit one of each Pokémon","|rule|OHKO Clause: OHKO moves are banned","|rule|Moody Clause: Moody is banned","|rule|Evasion Moves Clause: Evasion moves are banned","|rule|Endless Battle Clause: Forcing endless battles is banned","|rule|HP Percentage Mod: HP is shown in percentages","|teampreview","|","|start","|switch|p1a: Scolipede|Scolipede, M|261/261","|switch|p2a: Ferrothorn|Ferrothorn, F|352/352","|turn|1","|","|move|p1a: Scolipede|Swords Dance|p1a: Scolipede","|-boost|p1a: Scolipede|atk|2","|move|p2a: Ferrothorn|Stealth Rock|p1a: Scolipede","|-sidestart|p1: nick151|move: Stealth Rock","|","|-boost|p1a: Scolipede|spe|1|[from] ability: Speed Boost","|turn|2","|","|move|p1a: Scolipede|Swords Dance|p1a: Scolipede","|-boost|p1a: Scolipede|atk|2","|move|p2a: Ferrothorn|Gyro Ball|p1a: Scolipede","|-damage|p1a: Scolipede|62/261","|","|-boost|p1a: Scolipede|spe|1|[from] ability: Speed Boost","|turn|3","|","|move|p1a: Scolipede|Protect|p1a: Scolipede","|-singleturn|p1a: Scolipede|Protect","|move|p2a: Ferrothorn|Gyro Ball|p1a: Scolipede","|-activate|p1a: Scolipede|Protect","|","|-boost|p1a: Scolipede|spe|1|[from] ability: Speed Boost","|turn|4","|","|move|p1a: Scolipede|Megahorn|p2a: Ferrothorn","|-damage|p2a: Ferrothorn|30/352","|-damage|p1a: Scolipede|30/261|[from] ability: Iron Barbs|[of] p2a: Ferrothorn","|-damage|p1a: Scolipede|0 fnt|[from] item: Rocky Helmet|[of] p2a: Ferrothorn","|faint|p1a: Scolipede","|move|p2a: Ferrothorn|Gyro Ball|p1: Scolipede|[notarget]","|-notarget","|","|","|switch|p1a: Beedrill|Beedrill, F|271/271","|-damage|p1a: Beedrill|204/271|[from] Stealth Rock","|turn|5","|","|move|p1a: Beedrill|U-turn|p2a: Ferrothorn","|-damage|p2a: Ferrothorn|0 fnt","|-damage|p1a: Beedrill|171/271|[from] ability: Iron Barbs|[of] p2a: Ferrothorn","|-damage|p1a: Beedrill|126/271|[from] item: Rocky Helmet|[of] p2a: Ferrothorn","|faint|p2a: Ferrothorn","|","|switch|p1a: Crobat|Crobat, F|311/311","|-damage|p1a: Crobat|234/311|[from] Stealth Rock","|","|","|switch|p2a: Cradily|Cradily, M|313/313","|turn|6","|","|move|p1a: Crobat|Heat Wave|p2a: Cradily","|-damage|p2a: Cradily|261/313","|move|p2a: Cradily|Stone Edge|p1a: Crobat","|-supereffective|p1a: Crobat","|-damage|p1a: Crobat|0 fnt","|faint|p1a: Crobat","|","|-heal|p2a: Cradily|280/313|[from] item: Leftovers","|","|switch|p1a: Beedrill|Beedrill, F|126/271","|-damage|p1a: Beedrill|59/271|[from] Stealth Rock","|turn|7","|","|detailschange|p1a: Beedrill|Beedrill-Mega, F","|-mega|p1a: Beedrill|Beedrill|Beedrillite","|move|p1a: Beedrill|Drill Run|p2a: Cradily","|-damage|p2a: Cradily|177/313","|move|p2a: Cradily|Stone Edge|p1a: Beedrill","|-supereffective|p1a: Beedrill","|-damage|p1a: Beedrill|0 fnt","|faint|p1a: Beedrill","|","|-heal|p2a: Cradily|196/313|[from] item: Leftovers","|","|switch|p1a: Drapion|Drapion, M|343/343","|-damage|p1a: Drapion|301/343|[from] Stealth Rock","|turn|8","|","|move|p1a: Drapion|Toxic Spikes|p2a: Cradily","|-sidestart|p2: Grass Photon|move: Toxic Spikes","|move|p2a: Cradily|Stone Edge|p1a: Drapion","|-damage|p1a: Drapion|205/343","|","|-heal|p2a: Cradily|215/313|[from] item: Leftovers","|turn|9","|","|move|p1a: Drapion|Crunch|p2a: Cradily","|-damage|p2a: Cradily|83/313","|move|p2a: Cradily|Stone Edge|p1a: Drapion","|-damage|p1a: Drapion|112/343","|","|-heal|p2a: Cradily|102/313|[from] item: Leftovers","|turn|10","|","|move|p1a: Drapion|Crunch|p2a: Cradily","|-damage|p2a: Cradily|0 fnt","|faint|p2a: Cradily","|","|","|switch|p2a: Venusaur|Venusaur, M|355/355","|-sideend|p2: Grass Photon|move: Toxic Spikes|[of] p2a: Venusaur","|turn|11","|","|detailschange|p2a: Venusaur|Venusaur-Mega, M","|-mega|p2a: Venusaur|Venusaur|Venusaurite","|move|p1a: Drapion|Hone Claws|p1a: Drapion","|-boost|p1a: Drapion|atk|1","|-boost|p1a: Drapion|accuracy|1","|move|p2a: Venusaur|Earthquake|p1a: Drapion","|-supereffective|p1a: Drapion","|-damage|p1a: Drapion|0 fnt","|faint|p1a: Drapion","|","|","|switch|p1a: Venusaur|Venusaur, M|363/363","|-damage|p1a: Venusaur|318/363|[from] Stealth Rock","|turn|12","|","|move|p2a: Venusaur|Curse|p2a: Venusaur","|-unboost|p2a: Venusaur|spe|1","|-boost|p2a: Venusaur|atk|1","|-boost|p2a: Venusaur|def|1","|move|p1a: Venusaur|Giga Drain|p2a: Venusaur","|-resisted|p2a: Venusaur","|-damage|p2a: Venusaur|335/355","|-heal|p1a: Venusaur|328/363|[from] drain|[of] p2a: Venusaur","|","|-heal|p1a: Venusaur|350/363|[from] item: Leftovers","|turn|13","|","|move|p1a: Venusaur|Earthquake|p2a: Venusaur","|-damage|p2a: Venusaur|298/355","|move|p2a: Venusaur|Curse|p2a: Venusaur","|-unboost|p2a: Venusaur|spe|1","|-boost|p2a: Venusaur|atk|1","|-boost|p2a: Venusaur|def|1","|","|-heal|p1a: Venusaur|363/363|[from] item: Leftovers","|turn|14","|","|move|p1a: Venusaur|Giga Drain|p2a: Venusaur","|-resisted|p2a: Venusaur","|-damage|p2a: Venusaur|280/355","|move|p2a: Venusaur|Curse|p2a: Venusaur","|-unboost|p2a: Venusaur|spe|1","|-boost|p2a: Venusaur|atk|1","|-boost|p2a: Venusaur|def|1","|","|turn|15","|","|move|p1a: Venusaur|Giga Drain|p2a: Venusaur","|-resisted|p2a: Venusaur","|-damage|p2a: Venusaur|261/355","|move|p2a: Venusaur|Earthquake|p1a: Venusaur","|-damage|p1a: Venusaur|0 fnt","|faint|p1a: Venusaur","|","|","|switch|p1a: Amoonguss|Amoonguss, F|432/432","|-damage|p1a: Amoonguss|378/432|[from] Stealth Rock","|turn|16","|","|move|p1a: Amoonguss|Spore|p2a: Venusaur","|-immune|p2a: Venusaur|[msg]","|move|p2a: Venusaur|Earthquake|p1a: Amoonguss","|-damage|p1a: Amoonguss|17/432","|","|turn|17","|","|move|p1a: Amoonguss|Rest|p1a: Amoonguss","|-status|p1a: Amoonguss|slp","|-heal|p1a: Amoonguss|432/432 slp|[silent]","|-status|p1a: Amoonguss|slp|[from] move: Rest","|-enditem|p1a: Amoonguss|Chesto Berry|[eat]","|-curestatus|p1a: Amoonguss|slp","|move|p2a: Venusaur|Earthquake|p1a: Amoonguss","|-damage|p1a: Amoonguss|98/432","|","|turn|18","|","|move|p1a: Amoonguss|Rest|p1a: Amoonguss","|-status|p1a: Amoonguss|slp","|-heal|p1a: Amoonguss|432/432 slp|[silent]","|-status|p1a: Amoonguss|slp|[from] move: Rest","|move|p2a: Venusaur|Earthquake|p1a: Amoonguss","|-damage|p1a: Amoonguss|79/432 slp","|","|turn|19","|","|cant|p1a: Amoonguss|slp","|move|p1a: Amoonguss|Sleep Talk|p1a: Amoonguss","|move|p1a: Amoonguss|Spore|p2a: Venusaur|[from]Sleep Talk","|-immune|p2a: Venusaur|[msg]","|move|p2a: Venusaur|Earthquake|p1a: Amoonguss","|-damage|p1a: Amoonguss|0 fnt","|faint|p1a: Amoonguss","|","|win|Grass Photon"],"p1rating":{"entryid":"7293154","serverid":"eos","formatid":"monotype","userid":"nick151","username":"nick151","w":"1","l":9,"t":"0","gxe":28.3,"r":"1391.2875181433","rd":"112.17182896597","sigma":"0","rptime":"1439110800","rpr":1319.1535712567,"rprd":89.710703534091,"rpsigma":"0","acre":1004.0835198316,"lacre":1004.0835198316,"oldacre":"1013.2707957845"},"p2rating":{"entryid":"7519849","serverid":"eos","formatid":"monotype","userid":"grassphoton","username":"Grass Photon","w":7,"l":"6","t":"0","gxe":50.9,"r":"1500","rd":"130","sigma":"0","rptime":"1439110800","rpr":1507.2932715806,"rprd":80.848281820922,"rpsigma":"0","acre":1115.6413189291,"lacre":1115.6413189291,"oldacre":"1096.0299000168"},"endType":"normal"}