{"seed":[37009,11254,2693,60327],"turns":21,"p1":"Grass Photon","p2":"Jake1079","p1team":[{"name":"Venusaur","species":"Venusaur","item":"venusaurite","ability":"Overgrow","moves":["earthquake","powerwhip","curse","synthesis"],"nature":"Adamant","evs":{"hp":216,"atk":252,"def":40,"spa":0,"spd":0,"spe":0},"ivs":{"hp":31,"atk":30,"def":30,"spa":31,"spd":31,"spe":31}},{"name":"Celebi","species":"Celebi","item":"lifeorb","ability":"Natural Cure","moves":["thunderwave","calmmind","recover","gigadrain"],"nature":"Bold","evs":{"hp":252,"atk":0,"def":220,"spa":0,"spd":0,"spe":36},"ivs":{"hp":31,"atk":31,"def":31,"spa":31,"spd":31,"spe":31}},{"name":"Ludicolo","species":"Ludicolo","item":"choicespecs","ability":"Swift Swim","moves":["energyball","hiddenpowerfire","surf","icebeam"],"nature":"Modest","evs":{"hp":0,"atk":0,"def":0,"spa":252,"spd":4,"spe":252},"ivs":{"hp":31,"atk":30,"def":31,"spa":30,"spd":31,"spe":30}},{"name":"Ferrothorn","species":"Ferrothorn","item":"rockyhelmet","ability":"Iron Barbs","moves":["leechseed","stealthrock","thunderwave","gyroball"],"nature":"Relaxed","evs":{"hp":252,"atk":0,"def":252,"spa":0,"spd":0,"spe":0},"ivs":{"hp":31,"atk":31,"def":31,"spa":31,"spd":31,"spe":0}},{"name":"Cradily","species":"Cradily","item":"leftovers","ability":"Suction Cups","moves":["stoneedge","recover","toxic","stealthrock"],"nature":"Careful","evs":{"hp":0,"atk":0,"def":0,"spa":252,"spd":0,"spe":252},"ivs":{"hp":31,"atk":31,"def":31,"spa":31,"spd":31,"spe":31}},{"name":"Roserade","species":"Roserade","item":"choicescarf","ability":"Technician","moves":["sludgebomb","energyball","hiddenpowerice","shadowball"],"nature":"Modest","evs":{"hp":0,"atk":0,"def":0,"spa":252,"spd":0,"spe":252},"ivs":{"hp":31,"atk":30,"def":30,"spa":31,"spd":31,"spe":31}}],"p2team":[{"name":"Aggron","species":"Aggron","item":"aggronite","ability":"Sturdy","moves":["thunderwave","earthquake","ironhead","endeavor"],"nature":"Adamant","evs":{"hp":252,"atk":68,"def":12,"spa":0,"spd":176,"spe":0},"ivs":{"hp":31,"atk":31,"def":31,"spa":31,"spd":31,"spe":31}},{"name":"Empoleon","species":"Empoleon","item":"choicespecs","ability":"Torrent","moves":["icebeam","scald","flashcannon","hiddenpowerfire"],"nature":"Modest","evs":{"hp":252,"atk":0,"def":0,"spa":252,"spd":4,"spe":0},"ivs":{"hp":31,"atk":30,"def":31,"spa":30,"spd":31,"spe":30}},{"name":"Heatran","species":"Heatran","item":"airballoon","ability":"Flash Fire","moves":["darkpulse","earthpower","flamethrower","flashcannon"],"nature":"Modest","evs":{"hp":252,"atk":0,"def":0,"spa":252,"spd":4,"spe":0},"ivs":{"hp":31,"atk":31,"def":31,"spa":31,"spd":31,"spe":31}},{"name":"Excadrill","species":"Excadrill","item":"choicescarf","ability":"Mold Breaker","moves":["earthquake","rockslide","xscissor","ironhead"],"nature":"Jolly","evs":{"hp":0,"atk":252,"def":0,"spa":0,"spd":4,"spe":252},"ivs":{"hp":31,"atk":31,"def":31,"spa":31,"spd":31,"spe":31}},{"name":"Doublade","species":"Doublade","item":"eviolite","ability":"No Guard","moves":["swordsdance","shadowsneak","sacredsword","shadowclaw"],"nature":"Adamant","evs":{"hp":248,"atk":252,"def":0,"spa":0,"spd":8,"spe":0},"ivs":{"hp":31,"atk":31,"def":31,"spa":31,"spd":31,"spe":31}},{"name":"Ferrothorn","species":"Ferrothorn","item":"rockyhelmet","ability":"Iron Barbs","moves":["gyroball","leechseed","stealthrock","protect"],"nature":"Relaxed","evs":{"hp":248,"atk":8,"def":252,"spa":0,"spd":0,"spe":0},"ivs":{"hp":31,"atk":31,"def":31,"spa":31,"spd":31,"spe":0}}],"log":["|player|p1|Grass Photon|66","|player|p2|Jake1079|150","|gametype|singles","|gen|6","|tier|Monotype","|rated","|rule|Baton Pass Clause: Limit one Baton Passer, can't pass Spe and other stats simultaneously","|rule|Swagger Clause: Swagger is banned","|rule|Same Type Clause: Pokémon in a team must share a type","|clearpoke","|poke|p1|Venusaur, F","|poke|p1|Celebi","|poke|p1|Ludicolo, F","|poke|p1|Ferrothorn, M","|poke|p1|Cradily, F","|poke|p1|Roserade, F","|poke|p2|Aggron, M","|poke|p2|Empoleon, M","|poke|p2|Heatran, F","|poke|p2|Excadrill, M","|poke|p2|Doublade, M","|poke|p2|Ferrothorn, F","|rule|Sleep Clause Mod: Limit one foe put to sleep","|rule|Species Clause: Limit one of each Pokémon","|rule|OHKO Clause: OHKO moves are banned","|rule|Moody Clause: Moody is banned","|rule|Evasion Moves Clause: Evasion moves are banned","|rule|Endless Battle Clause: Forcing endless battles is banned","|rule|HP Percentage Mod: HP is shown in percentages","|teampreview","|","|start","|switch|p1a: Ludicolo|Ludicolo, F|301/301","|switch|p2a: Aggron|Aggron, M|344/344","|turn|1","|","|detailschange|p2a: Aggron|Aggron-Mega, M","|-mega|p2a: Aggron|Aggron|Aggronite","|move|p1a: Ludicolo|Hidden Power|p2a: Aggron","|-supereffective|p2a: Aggron","|-damage|p2a: Aggron|215/344","|move|p2a: Aggron|Thunder Wave|p1a: Ludicolo","|-status|p1a: Ludicolo|par","|","|turn|2","|","|move|p2a: Aggron|Iron Head|p1a: Ludicolo","|-resisted|p1a: Ludicolo","|-damage|p1a: Ludicolo|200/301 par","|cant|p1a: Ludicolo|par","|","|turn|3","|","|switch|p1a: Ferrothorn|Ferrothorn, M|352/352","|move|p2a: Aggron|Iron Head|p1a: Ferrothorn","|-resisted|p1a: Ferrothorn","|-damage|p1a: Ferrothorn|306/352","|-damage|p2a: Aggron|172/344|[from] ability: Iron Barbs|[of] p1a: Ferrothorn","|-damage|p2a: Aggron|115/344|[from] item: Rocky Helmet|[of] p1a: Ferrothorn","|","|turn|4","|","|move|p2a: Aggron|Endeavor|p1a: Ferrothorn","|-damage|p1a: Ferrothorn|115/352","|-damage|p2a: Aggron|72/344|[from] ability: Iron Barbs|[of] p1a: Ferrothorn","|-damage|p2a: Aggron|15/344|[from] item: Rocky Helmet|[of] p1a: Ferrothorn","|move|p1a: Ferrothorn|Stealth Rock|p2a: Aggron","|-sidestart|p2: Jake1079|move: Stealth Rock","|","|turn|5","|","|switch|p2a: Heatran|Heatran, F|386/386","|-damage|p2a: Heatran|338/386|[from] Stealth Rock","|-item|p2a: Heatran|Air Balloon","|move|p1a: Ferrothorn|Leech Seed|p2a: Heatran","|-start|p2a: Heatran|move: Leech Seed","|","|-damage|p2a: Heatran|290/386|[from] Leech Seed|[of] p1a: Ferrothorn","|-heal|p1a: Ferrothorn|163/352|[silent]","|turn|6","|","|switch|p1a: Cradily|Cradily, F|313/313","|move|p2a: Heatran|Flamethrower|p1a: Cradily","|-damage|p1a: Cradily|153/313","|","|-heal|p1a: Cradily|172/313|[from] item: Leftovers","|-damage|p2a: Heatran|242/386|[from] Leech Seed|[of] p1a: Cradily","|-heal|p1a: Cradily|220/313|[silent]","|turn|7","|","|move|p2a: Heatran|Flamethrower|p1a: Cradily","|-damage|p1a: Cradily|78/313","|-status|p1a: Cradily|brn","|move|p1a: Cradily|Recover|p1a: Cradily","|-heal|p1a: Cradily|235/313 brn","|","|-heal|p1a: Cradily|254/313 brn|[from] item: Leftovers","|-damage|p2a: Heatran|194/386|[from] Leech Seed|[of] p1a: Cradily","|-heal|p1a: Cradily|302/313 brn|[silent]","|-damage|p1a: Cradily|263/313 brn|[from] brn","|turn|8","|","|move|p2a: Heatran|Flash Cannon|p1a: Cradily","|-supereffective|p1a: Cradily","|-damage|p1a: Cradily|9/313 brn","|move|p1a: Cradily|Recover|p1a: Cradily","|-heal|p1a: Cradily|166/313 brn","|","|-heal|p1a: Cradily|185/313 brn|[from] item: Leftovers","|-damage|p2a: Heatran|146/386|[from] Leech Seed|[of] p1a: Cradily","|-heal|p1a: Cradily|233/313 brn|[silent]","|-damage|p1a: Cradily|194/313 brn|[from] brn","|turn|9","|","|move|p2a: Heatran|Flash Cannon|p1a: Cradily","|-supereffective|p1a: Cradily","|-damage|p1a: Cradily|0 fnt","|faint|p1a: Cradily","|","|","|switch|p1a: Venusaur|Venusaur, F|355/355","|turn|10","|","|detailschange|p1a: Venusaur|Venusaur-Mega, F","|-mega|p1a: Venusaur|Venusaur|Venusaurite","|move|p1a: Venusaur|Power Whip|p2a: Heatran","|-resisted|p2a: Heatran","|-damage|p2a: Heatran|102/386","|-enditem|p2a: Heatran|Air Balloon","|move|p2a: Heatran|Flamethrower|p1a: Venusaur","|-supereffective|p1a: Venusaur","|-damage|p1a: Venusaur|215/355","|","|-damage|p2a: Heatran|54/386|[from] Leech Seed|[of] p1a: Venusaur","|-heal|p1a: Venusaur|263/355|[silent]","|turn|11","|","|move|p1a: Venusaur|Curse|p1a: Venusaur","|-unboost|p1a: Venusaur|spe|1","|-boost|p1a: Venusaur|atk|1","|-boost|p1a: Venusaur|def|1","|move|p2a: Heatran|Earth Power|p1a: Venusaur","|-damage|p1a: Venusaur|156/355","|","|-damage|p2a: Heatran|6/386|[from] Leech Seed|[of] p1a: Venusaur","|-heal|p1a: Venusaur|204/355|[silent]","|turn|12","|","|move|p2a: Heatran|Flamethrower|p1a: Venusaur","|-supereffective|p1a: Venusaur","|-damage|p1a: Venusaur|48/355","|move|p1a: Venusaur|Synthesis|p1a: Venusaur","|-heal|p1a: Venusaur|225/355","|","|-damage|p2a: Heatran|0 fnt|[from] Leech Seed|[of] p1a: Venusaur","|-heal|p1a: Venusaur|231/355|[silent]","|faint|p2a: Heatran","|","|switch|p2a: Excadrill|Excadrill, M|361/361","|-damage|p2a: Excadrill|350/361|[from] Stealth Rock","|-ability|p2a: Excadrill|Mold Breaker","|turn|13","|","|move|p2a: Excadrill|Earthquake|p1a: Venusaur","|-damage|p1a: Venusaur|134/355","|move|p1a: Venusaur|Synthesis|p1a: Venusaur","|-heal|p1a: Venusaur|311/355","|","|turn|14","|","|move|p2a: Excadrill|Earthquake|p1a: Venusaur","|-damage|p1a: Venusaur|217/355","|move|p1a: Venusaur|Curse|p1a: Venusaur","|-unboost|p1a: Venusaur|spe|1","|-boost|p1a: Venusaur|atk|1","|-boost|p1a: Venusaur|def|1","|","|turn|15","|","|switch|p2a: Aggron|Aggron-Mega, M|15/344","|-damage|p2a: Aggron|0 fnt|[from] Stealth Rock","|faint|p2a: Aggron","|move|p1a: Venusaur|Synthesis|p1a: Venusaur","|-heal|p1a: Venusaur|355/355","|","|","|switch|p2a: Ferrothorn|Ferrothorn, F|351/351","|-damage|p2a: Ferrothorn|330/351|[from] Stealth Rock","|turn|16","|","|move|p1a: Venusaur|Curse|p1a: Venusaur","|-unboost|p1a: Venusaur|spe|1","|-boost|p1a: Venusaur|atk|1","|-boost|p1a: Venusaur|def|1","|move|p2a: Ferrothorn|Stealth Rock|p1a: Venusaur","|-sidestart|p1: Grass Photon|move: Stealth Rock","|","|turn|17","|","|move|p1a: Venusaur|Curse|p1a: Venusaur","|-unboost|p1a: Venusaur|spe|1","|-boost|p1a: Venusaur|atk|1","|-boost|p1a: Venusaur|def|1","|move|p2a: Ferrothorn|Gyro Ball|p1a: Venusaur","|-damage|p1a: Venusaur|343/355","|","|turn|18","|","|move|p1a: Venusaur|Earthquake|p2a: Ferrothorn","|-damage|p2a: Ferrothorn|124/351","|move|p2a: Ferrothorn|Gyro Ball|p1a: Venusaur","|-damage|p1a: Venusaur|328/355","|","|turn|19","|","|move|p1a: Venusaur|Earthquake|p2a: Ferrothorn","|-damage|p2a: Ferrothorn|0 fnt","|faint|p2a: Ferrothorn","|","|","|switch|p2a: Empoleon|Empoleon, M|372/372","|-damage|p2a: Empoleon|349/372|[from] Stealth Rock","|turn|20","|","|move|p2a: Empoleon|Ice Beam|p1a: Venusaur","|-supereffective|p1a: Venusaur","|-damage|p1a: Venusaur|182/355","|move|p1a: Venusaur|Earthquake|p2a: Empoleon","|-supereffective|p2a: Empoleon","|-damage|p2a: Empoleon|0 fnt","|faint|p2a: Empoleon","|","|","|switch|p2a: Excadrill|Excadrill, M|350/361","|-damage|p2a: Excadrill|339/361|[from] Stealth Rock","|-ability|p2a: Excadrill|Mold Breaker","|turn|21","|","|win|Grass Photon"],"p1rating":{"entryid":"7519849","serverid":"eos","formatid":"monotype","userid":"grassphoton","username":"Grass Photon","w":3,"l":"3","t":"0","gxe":48.9,"r":"1500","rd":"130","sigma":"0","rptime":"1439110800","rpr":1491.5714191902,"rprd":98.604432504255,"rpsigma":"0","acre":1075.4073065925,"lacre":1075.4073065925,"oldacre":"1037.9278537155"},"p2rating":{"entryid":"7429437","serverid":"eos","formatid":"monotype","userid":"jake1079","username":"Jake1079","w":"35","l":50,"t":"0","gxe":44,"r":"1431.2030779181","rd":"44.325998755676","sigma":"0","rptime":"1439110800","rpr":1454.6376691703,"rprd":39.1060085498,"rpsigma":"0","acre":1047.6950102092,"lacre":1047.6950102092,"oldacre":"1070.1054850625"},"endType":"forfeit"}