{"seed":[5948,45600,25754,1540],"turns":26,"p1":"Guard Naruto","p2":"alliance - ed wins","p1team":[{"name":"Ditto","species":"Ditto","item":"choicescarf","ability":"Imposter","moves":["transform"],"nature":"Bold","evs":{"hp":252,"atk":0,"def":252,"spa":0,"spd":6,"spe":0},"ivs":{"hp":31,"atk":31,"def":31,"spa":31,"spd":31,"spe":31}},{"name":"Heliolisk","species":"Heliolisk","item":"assaultvest","ability":"Dry Skin","moves":["thunderbolt","surf","focusblast","paraboliccharge"],"nature":"Bold","evs":{"hp":248,"atk":0,"def":252,"spa":8,"spd":0,"spe":0},"ivs":{"hp":31,"atk":31,"def":31,"spa":31,"spd":31,"spe":31}},{"name":"Kecleon","species":"Kecleon","item":"lifeorb","ability":"Protean","moves":["drainpunch","suckerpunch","shadowsneak","firepunch"],"nature":"Adamant","evs":{"hp":248,"atk":252,"def":0,"spa":0,"spd":8,"spe":0},"ivs":{"hp":31,"atk":31,"def":31,"spa":31,"spd":31,"spe":31}},{"name":"Audino","species":"Audino","item":"audinite","ability":"Regenerator","moves":["calmmind","flamethrower","healbell","drainingkiss"],"nature":"Bold","evs":{"hp":164,"atk":0,"def":252,"spa":40,"spd":52,"spe":0},"ivs":{"hp":31,"atk":31,"def":31,"spa":31,"spd":31,"spe":31}},{"name":"Pyroar","species":"Pyroar","item":"choicespecs","ability":"Unnerve","moves":["flamethrower","darkpulse","hypervoice","overheat"],"nature":"Timid","evs":{"hp":0,"atk":0,"def":0,"spa":252,"spd":4,"spe":252},"ivs":{"hp":31,"atk":31,"def":31,"spa":31,"spd":31,"spe":31}},{"name":"Miltank","species":"Miltank","item":"leftovers","ability":"Thick Fat","moves":["poweruppunch","bodyslam","milkdrink","firepunch"],"nature":"Careful","evs":{"hp":248,"atk":0,"def":60,"spa":0,"spd":200,"spe":0},"ivs":{"hp":31,"atk":31,"def":31,"spa":31,"spd":31,"spe":31}}],"p2team":[{"name":"Generic Fairy V2.1","species":"diancie","item":"leftovers","ability":"Clear Body","moves":["stealthrock","trickroom","diamondstorm","explosion"],"nature":"Brave","evs":{"hp":248,"atk":252,"def":8,"spa":0,"spd":0,"spe":0},"ivs":{"hp":31,"atk":31,"def":31,"spa":31,"spd":31,"spe":0}},{"name":"Anon Twink","species":"sylveon","item":"choicespecs","ability":"Pixilate","moves":["hypervoice","hiddenpowerfire","psyshock","shadowball"],"nature":"Quiet","evs":{"hp":248,"atk":0,"def":8,"spa":252,"spd":0,"spe":0},"gender":"M","ivs":{"hp":31,"atk":0,"def":31,"spa":30,"spd":31,"spe":0}},{"name":"Urine Trouble","species":"azumarill","item":"lifeorb","ability":"Huge Power","moves":["playrough","waterfall","superpower","aquajet"],"nature":"Brave","evs":{"hp":248,"atk":252,"def":0,"spa":0,"spd":8,"spe":0},"gender":"M","ivs":{"hp":31,"atk":31,"def":31,"spa":31,"spd":31,"spe":0},"shiny":true},{"name":"Gardevoir-Senpai","species":"gardevoir","item":"gardevoirite","ability":"Trace","moves":["hypervoice","focusblast","trickroom","healingwish"],"nature":"Quiet","evs":{"hp":248,"atk":0,"def":8,"spa":252,"spd":0,"spe":0},"gender":"M","ivs":{"hp":31,"atk":0,"def":31,"spa":31,"spd":31,"spe":0},"shiny":true},{"name":"Janitors Fren","species":"klefki","item":"lightclay","ability":"Prankster","moves":["reflect","lightscreen","foulplay","spikes"],"nature":"Bold","evs":{"hp":248,"atk":0,"def":252,"spa":0,"spd":8,"spe":0},"ivs":{"hp":31,"atk":0,"def":31,"spa":31,"spd":31,"spe":31}},{"name":"'Murica","species":"togekiss","item":"choicescarf","ability":"Serene Grace","moves":["airslash","fireblast","dazzlinggleam","trick"],"nature":"Timid","evs":{"hp":0,"atk":0,"def":0,"spa":252,"spd":4,"spe":252},"ivs":{"hp":31,"atk":0,"def":31,"spa":31,"spd":31,"spe":31}}],"log":["|player|p1|Guard Naruto|284","|player|p2|alliance - ed wins|102","|gametype|singles","|gen|6","|tier|Monotype","|rated","|rule|Baton Pass Clause: Limit one Baton Passer, can't pass Spe and other stats simultaneously","|rule|Swagger Clause: Swagger is banned","|rule|Same Type Clause: Pokémon in a team must share a type","|clearpoke","|poke|p1|Ditto","|poke|p1|Heliolisk, M","|poke|p1|Kecleon, F","|poke|p1|Audino, F","|poke|p1|Pyroar, F","|poke|p1|Miltank, F","|poke|p2|Diancie","|poke|p2|Sylveon, M","|poke|p2|Azumarill, M, shiny","|poke|p2|Gardevoir, M, shiny","|poke|p2|Klefki, F","|poke|p2|Togekiss, M","|rule|Sleep Clause Mod: Limit one foe put to sleep","|rule|Species Clause: Limit one of each Pokémon","|rule|OHKO Clause: OHKO moves are banned","|rule|Moody Clause: Moody is banned","|rule|Evasion Moves Clause: Evasion moves are banned","|rule|Endless Battle Clause: Forcing endless battles is banned","|rule|HP Percentage Mod: HP is shown in percentages","|teampreview","|","|start","|switch|p1a: Kecleon|Kecleon, F|323/323","|switch|p2a: Anon Twink|Sylveon, M|393/393","|turn|1","|","|move|p1a: Kecleon|Fire Punch|p2a: Anon Twink","|-start|p1a: Kecleon|typechange|Fire|[from] Protean","|-damage|p2a: Anon Twink|185/393","|-damage|p1a: Kecleon|291/323|[from] item: Life Orb","|move|p2a: Anon Twink|Hyper Voice|p1a: Kecleon","|-resisted|p1a: Kecleon","|-damage|p1a: Kecleon|153/323","|","|turn|2","|","|switch|p2a: Urine Trouble|Azumarill, M, shiny|403/403","|move|p1a: Kecleon|Fire Punch|p2a: Urine Trouble","|-resisted|p2a: Urine Trouble","|-damage|p2a: Urine Trouble|313/403","|-damage|p1a: Kecleon|121/323|[from] item: Life Orb","|","|turn|3","|","|move|p1a: Kecleon|Shadow Sneak|p2a: Urine Trouble","|-start|p1a: Kecleon|typechange|Ghost|[from] Protean","|-damage|p2a: Urine Trouble|223/403","|-damage|p1a: Kecleon|89/323|[from] item: Life Orb","|move|p2a: Urine Trouble|Aqua Jet|p1a: Kecleon","|-damage|p1a: Kecleon|0 fnt","|-damage|p2a: Urine Trouble|183/403|[from] item: Life Orb","|faint|p1a: Kecleon","|","|","|switch|p1a: Heliolisk|Heliolisk, M|327/327","|turn|4","|","|switch|p2a: Janitors Fren|Klefki, F|317/317","|move|p1a: Heliolisk|Thunderbolt|p2a: Janitors Fren","|-damage|p2a: Janitors Fren|196/317","|","|turn|5","|","|move|p2a: Janitors Fren|Light Screen|p2a: Janitors Fren","|-sidestart|p2: alliance - ed wins|move: Light Screen","|move|p1a: Heliolisk|Thunderbolt|p2a: Janitors Fren","|-damage|p2a: Janitors Fren|130/317","|-status|p2a: Janitors Fren|par","|","|turn|6","|","|move|p2a: Janitors Fren|Spikes|p1a: Heliolisk","|-sidestart|p1: Guard Naruto|Spikes","|move|p1a: Heliolisk|Thunderbolt|p2a: Janitors Fren","|-damage|p2a: Janitors Fren|61/317 par","|","|turn|7","|","|switch|p2a: Generic Fairy V2.1|Diancie|303/303","|move|p1a: Heliolisk|Thunderbolt|p2a: Generic Fairy V2.1","|-damage|p2a: Generic Fairy V2.1|266/303","|","|-heal|p2a: Generic Fairy V2.1|284/303|[from] item: Leftovers","|turn|8","|","|switch|p1a: Pyroar|Pyroar, F|313/313","|-damage|p1a: Pyroar|274/313|[from] Spikes","|-ability|p1a: Pyroar|Unnerve|p2: alliance - ed wins","|move|p2a: Generic Fairy V2.1|Stealth Rock|p1a: Pyroar","|-sidestart|p1: Guard Naruto|move: Stealth Rock","|","|-heal|p2a: Generic Fairy V2.1|302/303|[from] item: Leftovers","|turn|9","|","|move|p1a: Pyroar|Hyper Voice|p2a: Generic Fairy V2.1","|-resisted|p2a: Generic Fairy V2.1","|-damage|p2a: Generic Fairy V2.1|268/303","|move|p2a: Generic Fairy V2.1|Trick Room|p2a: Generic Fairy V2.1","|-fieldstart|move: Trick Room|[of] p2a: Generic Fairy V2.1","|","|-heal|p2a: Generic Fairy V2.1|286/303|[from] item: Leftovers","|turn|10","|","|move|p2a: Generic Fairy V2.1|Diamond Storm|p1a: Pyroar","|-supereffective|p1a: Pyroar","|-damage|p1a: Pyroar|0 fnt","|faint|p1a: Pyroar","|","|-heal|p2a: Generic Fairy V2.1|303/303|[from] item: Leftovers","|","|switch|p1a: Miltank|Miltank, F|393/393","|-damage|p1a: Miltank|344/393|[from] Spikes","|-damage|p1a: Miltank|295/393|[from] Stealth Rock","|turn|11","|","|move|p2a: Generic Fairy V2.1|Diamond Storm|p1a: Miltank","|-damage|p1a: Miltank|139/393","|-boost|p2a: Generic Fairy V2.1|def|1","|move|p1a: Miltank|Power-Up Punch|p2a: Generic Fairy V2.1","|-damage|p2a: Generic Fairy V2.1|292/303","|-boost|p1a: Miltank|atk|1","|","|-heal|p2a: Generic Fairy V2.1|303/303|[from] item: Leftovers","|-heal|p1a: Miltank|163/393|[from] item: Leftovers","|turn|12","|","|move|p2a: Generic Fairy V2.1|Diamond Storm|p1a: Miltank","|-damage|p1a: Miltank|21/393","|move|p1a: Miltank|Milk Drink|p1a: Miltank","|-heal|p1a: Miltank|218/393","|","|-heal|p1a: Miltank|242/393|[from] item: Leftovers","|-sideend|p2: alliance - ed wins|move: Light Screen","|turn|13","|","|move|p2a: Generic Fairy V2.1|Explosion|p1a: Miltank","|-damage|p1a: Miltank|0 fnt","|faint|p2a: Generic Fairy V2.1","|faint|p1a: Miltank","|","|-fieldend|move: Trick Room","|","|switch|p2a: Gardevoir-Senpai|Gardevoir, M, shiny|339/339","|switch|p1a: Audino|Audino, F|388/388","|-ability|p2a: Gardevoir-Senpai|Regenerator|[from] ability: Trace|[of] p1a: Audino","|-damage|p1a: Audino|340/388|[from] Stealth Rock","|-damage|p1a: Audino|292/388|[from] Spikes","|turn|14","|","|detailschange|p1a: Audino|Audino-Mega, F","|-mega|p1a: Audino|Audino|Audinite","|move|p1a: Audino|Calm Mind|p1a: Audino","|-boost|p1a: Audino|spa|1","|-boost|p1a: Audino|spd|1","|move|p2a: Gardevoir-Senpai|Trick Room|p2a: Gardevoir-Senpai","|-fieldstart|move: Trick Room|[of] p2a: Gardevoir-Senpai","|","|turn|15","|","|move|p1a: Audino|Calm Mind|p1a: Audino","|-boost|p1a: Audino|spa|1","|-boost|p1a: Audino|spd|1","|move|p2a: Gardevoir-Senpai|Healing Wish|p2a: Gardevoir-Senpai","|faint|p2a: Gardevoir-Senpai","|","|","|switch|p2a: Urine Trouble|Azumarill, M, shiny|183/403","|-heal|p2a: Urine Trouble|403/403|[from] move: Healing Wish","|turn|16","|","|move|p2a: Urine Trouble|Play Rough|p1a: Audino|[miss]","|-miss|p2a: Urine Trouble|p1a: Audino","|move|p1a: Audino|Draining Kiss|p2a: Urine Trouble","|-damage|p2a: Urine Trouble|277/403","|-heal|p1a: Audino|387/388|[from] drain|[of] p2a: Urine Trouble","|","|turn|17","|","|move|p2a: Urine Trouble|Play Rough|p1a: Audino","|-damage|p1a: Audino|219/388","|-damage|p2a: Urine Trouble|237/403|[from] item: Life Orb","|move|p1a: Audino|Calm Mind|p1a: Audino","|-boost|p1a: Audino|spa|1","|-boost|p1a: Audino|spd|1","|","|turn|18","|","|move|p2a: Urine Trouble|Waterfall|p1a: Audino","|-damage|p1a: Audino|89/388","|-damage|p2a: Urine Trouble|197/403|[from] item: Life Orb","|move|p1a: Audino|Draining Kiss|p2a: Urine Trouble","|-damage|p2a: Urine Trouble|43/403","|-heal|p1a: Audino|205/388|[from] drain|[of] p2a: Urine Trouble","|","|-fieldend|move: Trick Room","|turn|19","|","|move|p2a: Urine Trouble|Aqua Jet|p1a: Audino","|-damage|p1a: Audino|131/388","|-damage|p2a: Urine Trouble|3/403|[from] item: Life Orb","|move|p1a: Audino|Draining Kiss|p2a: Urine Trouble","|-damage|p2a: Urine Trouble|0 fnt","|-heal|p1a: Audino|134/388|[from] drain|[of] p2a: Urine Trouble","|faint|p2a: Urine Trouble","|","|","|switch|p2a: 'Murica|Togekiss, M|311/311","|turn|20","|","|move|p2a: 'Murica|Air Slash|p1a: Audino","|-damage|p1a: Audino|94/388","|move|p1a: Audino|Draining Kiss|p2a: 'Murica","|-damage|p2a: 'Murica|194/311","|-heal|p1a: Audino|182/388|[from] drain|[of] p2a: 'Murica","|","|turn|21","|","|move|p2a: 'Murica|Air Slash|p1a: Audino","|-damage|p1a: Audino|145/388","|cant|p1a: Audino|flinch","|","|turn|22","|","|move|p2a: 'Murica|Air Slash|p1a: Audino","|-damage|p1a: Audino|108/388","|move|p1a: Audino|Draining Kiss|p2a: 'Murica","|-damage|p2a: 'Murica|77/311","|-heal|p1a: Audino|196/388|[from] drain|[of] p2a: 'Murica","|","|turn|23","|","|move|p2a: 'Murica|Air Slash|p1a: Audino|[miss]","|-miss|p2a: 'Murica|p1a: Audino","|move|p1a: Audino|Draining Kiss|p2a: 'Murica","|-damage|p2a: 'Murica|0 fnt","|-heal|p1a: Audino|254/388|[from] drain|[of] p2a: 'Murica","|faint|p2a: 'Murica","|","|","|switch|p2a: Anon Twink|Sylveon, M|185/393","|turn|24","|","|move|p1a: Audino|Draining Kiss|p2a: Anon Twink","|-crit|p2a: Anon Twink","|-damage|p2a: Anon Twink|31/393","|-heal|p1a: Audino|370/388|[from] drain|[of] p2a: Anon Twink","|move|p2a: Anon Twink|Psyshock|p1a: Audino","|-damage|p1a: Audino|283/388","|","|turn|25","|","|move|p1a: Audino|Draining Kiss|p2a: Anon Twink","|-damage|p2a: Anon Twink|0 fnt","|-heal|p1a: Audino|307/388|[from] drain|[of] p2a: Anon Twink","|faint|p2a: Anon Twink","|","|","|switch|p2a: Janitors Fren|Klefki, F|61/317 par","|turn|26","|","|move|p1a: Audino|Flamethrower|p2a: Janitors Fren","|-supereffective|p2a: Janitors Fren","|-damage|p2a: Janitors Fren|0 fnt","|faint|p2a: Janitors Fren","|","|win|Guard Naruto"],"p1rating":{"entryid":"7460015","serverid":"eos","formatid":"monotype","userid":"guardnaruto","username":"Guard Naruto","w":6,"l":"10","t":"0","gxe":45.4,"r":"1466.0434440081","rd":"122.3574861412","sigma":"0","rptime":"1439024400","rpr":1464.4069117317,"rprd":76.2818127204,"rpsigma":"0","acre":1131.7817998453,"lacre":1131.7817998453,"oldacre":"1092.1457566302"},"p2rating":{"entryid":"7432721","serverid":"eos","formatid":"monotype","userid":"allianceedwins","username":"alliance - ed wins","w":"15","l":4,"t":"0","gxe":71.5,"r":"1673.3762821028","rd":"92.015503405152","sigma":"0","rptime":"1439024400","rpr":1676.9209256086,"rprd":73.702044392138,"rpsigma":"0","acre":1251.731652068,"lacre":1251.731652068,"oldacre":"1289.5838910985"},"endType":"normal"}