{"seed":[9655,18583,27835,9240],"turns":29,"p1":"Guard Choppah","p2":"Jake1079","p1team":[{"name":"Skarmory","species":"Skarmory","item":"rockyhelmet","ability":"Sturdy","moves":["defog","bravebird","roost","whirlwind"],"nature":"Impish","evs":{"hp":252,"atk":4,"def":252,"spa":0,"spd":0,"spe":0},"ivs":{"hp":31,"atk":31,"def":31,"spa":31,"spd":31,"spe":31}},{"name":"Heatran","species":"Heatran","item":"leftovers","ability":"Flash Fire","moves":["toxic","lavaplume","flashcannon","protect"],"nature":"Calm","evs":{"hp":252,"atk":0,"def":0,"spa":4,"spd":252,"spe":0},"ivs":{"hp":31,"atk":31,"def":31,"spa":31,"spd":31,"spe":31}},{"name":"Ferrothorn","species":"Ferrothorn","item":"rockyhelmet","ability":"Iron Barbs","moves":["leechseed","powerwhip","toxic","stealthrock"],"nature":"Careful","evs":{"hp":248,"atk":8,"def":0,"spa":0,"spd":252,"spe":0},"ivs":{"hp":31,"atk":31,"def":31,"spa":31,"spd":31,"spe":31}},{"name":"Scizor","species":"Scizor","item":"scizorite","ability":"Technician","moves":["roost","bulletpunch","swordsdance","aerialace"],"nature":"Impish","evs":{"hp":248,"atk":0,"def":252,"spa":0,"spd":8,"spe":0},"ivs":{"hp":31,"atk":31,"def":31,"spa":31,"spd":31,"spe":31}},{"name":"Bisharp","species":"Bisharp","item":"lifeorb","ability":"Defiant","moves":["knockoff","ironhead","suckerpunch","pursuit"],"nature":"Jolly","evs":{"hp":0,"atk":252,"def":0,"spa":0,"spd":4,"spe":252},"ivs":{"hp":31,"atk":31,"def":31,"spa":31,"spd":31,"spe":31}},{"name":"Magnezone","species":"Magnezone","item":"choicescarf","ability":"Magnet Pull","moves":["thunderbolt","voltswitch","flashcannon","hiddenpowerfire"],"nature":"Timid","evs":{"hp":0,"atk":0,"def":0,"spa":252,"spd":4,"spe":252},"ivs":{"hp":31,"atk":30,"def":31,"spa":30,"spd":31,"spe":30}}],"p2team":[{"name":"Aggron","species":"Aggron","item":"aggronite","ability":"Sturdy","moves":["thunderwave","earthquake","ironhead","endeavor"],"nature":"Adamant","evs":{"hp":252,"atk":68,"def":12,"spa":0,"spd":176,"spe":0},"ivs":{"hp":31,"atk":31,"def":31,"spa":31,"spd":31,"spe":31}},{"name":"Empoleon","species":"Empoleon","item":"choicespecs","ability":"Torrent","moves":["icebeam","scald","flashcannon","hiddenpowerfire"],"nature":"Modest","evs":{"hp":252,"atk":0,"def":0,"spa":252,"spd":4,"spe":0},"ivs":{"hp":31,"atk":30,"def":31,"spa":30,"spd":31,"spe":30}},{"name":"Heatran","species":"Heatran","item":"airballoon","ability":"Flash Fire","moves":["darkpulse","earthpower","flamethrower","flashcannon"],"nature":"Modest","evs":{"hp":252,"atk":0,"def":0,"spa":252,"spd":4,"spe":0},"ivs":{"hp":31,"atk":31,"def":31,"spa":31,"spd":31,"spe":31}},{"name":"Excadrill","species":"Excadrill","item":"choicescarf","ability":"Mold Breaker","moves":["earthquake","rockslide","xscissor","ironhead"],"nature":"Jolly","evs":{"hp":0,"atk":252,"def":0,"spa":0,"spd":4,"spe":252},"ivs":{"hp":31,"atk":31,"def":31,"spa":31,"spd":31,"spe":31}},{"name":"Doublade","species":"Doublade","item":"eviolite","ability":"No Guard","moves":["swordsdance","shadowsneak","sacredsword","shadowclaw"],"nature":"Adamant","evs":{"hp":248,"atk":252,"def":0,"spa":0,"spd":8,"spe":0},"ivs":{"hp":31,"atk":31,"def":31,"spa":31,"spd":31,"spe":31}},{"name":"Ferrothorn","species":"Ferrothorn","item":"rockyhelmet","ability":"Iron Barbs","moves":["gyroball","leechseed","stealthrock","protect"],"nature":"Relaxed","evs":{"hp":248,"atk":8,"def":252,"spa":0,"spd":0,"spe":0},"ivs":{"hp":31,"atk":31,"def":31,"spa":31,"spd":31,"spe":0}}],"log":["|player|p1|Guard Choppah|146","|player|p2|Jake1079|150","|gametype|singles","|gen|6","|tier|Monotype","|rated","|rule|Baton Pass Clause: Limit one Baton Passer, can't pass Spe and other stats simultaneously","|rule|Swagger Clause: Swagger is banned","|rule|Same Type Clause: Pokémon in a team must share a type","|clearpoke","|poke|p1|Skarmory, M","|poke|p1|Heatran, F","|poke|p1|Ferrothorn, F","|poke|p1|Scizor, F","|poke|p1|Bisharp, M","|poke|p1|Magnezone","|poke|p2|Aggron, M","|poke|p2|Empoleon, F","|poke|p2|Heatran, F","|poke|p2|Excadrill, M","|poke|p2|Doublade, F","|poke|p2|Ferrothorn, F","|rule|Sleep Clause Mod: Limit one foe put to sleep","|rule|Species Clause: Limit one of each Pokémon","|rule|OHKO Clause: OHKO moves are banned","|rule|Moody Clause: Moody is banned","|rule|Evasion Moves Clause: Evasion moves are banned","|rule|Endless Battle Clause: Forcing endless battles is banned","|rule|HP Percentage Mod: HP is shown in percentages","|teampreview","|","|start","|switch|p1a: Magnezone|Magnezone|281/281","|switch|p2a: Aggron|Aggron, M|344/344","|turn|1","|","|detailschange|p2a: Aggron|Aggron-Mega, M","|-mega|p2a: Aggron|Aggron|Aggronite","|move|p1a: Magnezone|Volt Switch|p2a: Aggron","|-damage|p2a: Aggron|212/344","|","|switch|p1a: Scizor|Scizor, F|343/343","|move|p2a: Aggron|Earthquake|p1a: Scizor","|-damage|p1a: Scizor|262/343","|","|turn|2","|","|detailschange|p1a: Scizor|Scizor-Mega, F","|-mega|p1a: Scizor|Scizor|Scizorite","|move|p1a: Scizor|Swords Dance|p1a: Scizor","|-boost|p1a: Scizor|atk|2","|move|p2a: Aggron|Thunder Wave|p1a: Scizor","|-status|p1a: Scizor|par","|","|turn|3","|","|move|p2a: Aggron|Iron Head|p1a: Scizor","|-resisted|p1a: Scizor","|-damage|p1a: Scizor|224/343 par","|cant|p1a: Scizor|flinch","|","|turn|4","|","|move|p2a: Aggron|Iron Head|p1a: Scizor","|-resisted|p1a: Scizor","|-damage|p1a: Scizor|184/343 par","|move|p1a: Scizor|Roost|p1a: Scizor","|-heal|p1a: Scizor|343/343 par","|","|turn|5","|","|move|p2a: Aggron|Earthquake|p1a: Scizor","|-damage|p1a: Scizor|275/343 par","|move|p1a: Scizor|Aerial Ace|p2a: Aggron","|-resisted|p2a: Aggron","|-damage|p2a: Aggron|165/344","|","|turn|6","|","|move|p2a: Aggron|Endeavor|p1a: Scizor","|-damage|p1a: Scizor|165/343 par","|cant|p1a: Scizor|par","|","|turn|7","|","|move|p2a: Aggron|Earthquake|p1a: Scizor","|-crit|p1a: Scizor","|-damage|p1a: Scizor|53/343 par","|move|p1a: Scizor|Swords Dance|p1a: Scizor","|-boost|p1a: Scizor|atk|2","|","|turn|8","|","|move|p1a: Scizor|Bullet Punch|p2a: Aggron","|-resisted|p2a: Aggron","|-damage|p2a: Aggron|88/344","|move|p2a: Aggron|Earthquake|p1a: Scizor","|-damage|p1a: Scizor|0 fnt","|faint|p1a: Scizor","|","|","|switch|p1a: Magnezone|Magnezone|281/281","|turn|9","|","|move|p1a: Magnezone|Volt Switch|p2a: Aggron","|-damage|p2a: Aggron|0 fnt","|faint|p2a: Aggron","|","|switch|p1a: Heatran|Heatran, F|386/386","|","|","|switch|p2a: Empoleon|Empoleon, F|372/372","|turn|10","|","|switch|p1a: Ferrothorn|Ferrothorn, F|351/351","|move|p2a: Empoleon|Scald|p1a: Ferrothorn","|-resisted|p1a: Ferrothorn","|-damage|p1a: Ferrothorn|288/351","|","|turn|11","|","|switch|p2a: Excadrill|Excadrill, M|361/361","|-ability|p2a: Excadrill|Mold Breaker","|move|p1a: Ferrothorn|Stealth Rock|p2a: Excadrill","|-sidestart|p2: Jake1079|move: Stealth Rock","|","|turn|12","|","|move|p2a: Excadrill|X-Scissor|p1a: Ferrothorn","|-damage|p1a: Ferrothorn|204/351","|-damage|p2a: Excadrill|316/361|[from] ability: Iron Barbs|[of] p1a: Ferrothorn","|-damage|p2a: Excadrill|256/361|[from] item: Rocky Helmet|[of] p1a: Ferrothorn","|move|p1a: Ferrothorn|Power Whip|p2a: Excadrill","|-damage|p2a: Excadrill|43/361","|","|turn|13","|","|move|p2a: Excadrill|X-Scissor|p1a: Ferrothorn","|-damage|p1a: Ferrothorn|131/351","|-damage|p2a: Excadrill|0 fnt|[from] ability: Iron Barbs|[of] p1a: Ferrothorn","|faint|p2a: Excadrill","|move|p1a: Ferrothorn|Leech Seed|p2: Excadrill|[notarget]","|-notarget","|","|","|switch|p2a: Empoleon|Empoleon, F|372/372","|-damage|p2a: Empoleon|349/372|[from] Stealth Rock","|turn|14","|","|move|p2a: Empoleon|Hidden Power|p1a: Ferrothorn","|-supereffective|p1a: Ferrothorn","|-damage|p1a: Ferrothorn|0 fnt","|faint|p1a: Ferrothorn","|","|","|switch|p1a: Magnezone|Magnezone|281/281","|turn|15","|","|move|p1a: Magnezone|Thunderbolt|p2a: Empoleon","|-supereffective|p2a: Empoleon","|-damage|p2a: Empoleon|25/372","|move|p2a: Empoleon|Hidden Power|p1a: Magnezone","|-supereffective|p1a: Magnezone","|-damage|p1a: Magnezone|51/281","|","|turn|16","|","|move|p1a: Magnezone|Thunderbolt|p2a: Empoleon","|-supereffective|p2a: Empoleon","|-damage|p2a: Empoleon|0 fnt","|faint|p2a: Empoleon","|","|","|switch|p2a: Doublade|Doublade, F|321/321","|-damage|p2a: Doublade|301/321|[from] Stealth Rock","|turn|17","|","|switch|p1a: Skarmory|Skarmory, M|334/334","|move|p2a: Doublade|Shadow Sneak|p1a: Skarmory","|-damage|p1a: Skarmory|295/334","|-damage|p2a: Doublade|248/321|[from] item: Rocky Helmet|[of] p1a: Skarmory","|","|turn|18","|","|switch|p2a: Heatran|Heatran, F|386/386","|-damage|p2a: Heatran|338/386|[from] Stealth Rock","|-item|p2a: Heatran|Air Balloon","|move|p1a: Skarmory|Whirlwind|p2a: Heatran","|drag|p2a: Ferrothorn|Ferrothorn, F|351/351","|-damage|p2a: Ferrothorn|330/351|[from] Stealth Rock","|","|turn|19","|","|switch|p1a: Heatran|Heatran, F|386/386","|move|p2a: Ferrothorn|Leech Seed|p1a: Heatran","|-start|p1a: Heatran|move: Leech Seed","|","|-damage|p1a: Heatran|338/386|[from] Leech Seed|[of] p2a: Ferrothorn","|-heal|p2a: Ferrothorn|351/351|[silent]","|turn|20","|","|switch|p1a: Bisharp|Bisharp, M|271/271","|move|p2a: Ferrothorn|Protect|p2a: Ferrothorn","|-fail|p2a: Ferrothorn","|","|turn|21","|","|switch|p1a: Heatran|Heatran, F|338/386","|move|p2a: Ferrothorn|Stealth Rock|p1a: Heatran","|-sidestart|p1: Guard Choppah|move: Stealth Rock","|","|-heal|p1a: Heatran|362/386|[from] item: Leftovers","|turn|22","|","|move|p1a: Heatran|Lava Plume|p2a: Ferrothorn","|-supereffective|p2a: Ferrothorn","|-damage|p2a: Ferrothorn|0 fnt","|faint|p2a: Ferrothorn","|","|-heal|p1a: Heatran|386/386|[from] item: Leftovers","|","|switch|p2a: Heatran|Heatran, F|338/386","|-damage|p2a: Heatran|290/386|[from] Stealth Rock","|-item|p2a: Heatran|Air Balloon","|turn|23","|","|move|p1a: Heatran|Protect|p1a: Heatran","|-singleturn|p1a: Heatran|Protect","|move|p2a: Heatran|Earth Power|p1a: Heatran","|-activate|p1a: Heatran|Protect","|","|turn|24","|","|move|p1a: Heatran|Flash Cannon|p2a: Heatran","|-resisted|p2a: Heatran","|-damage|p2a: Heatran|263/386","|-enditem|p2a: Heatran|Air Balloon","|-unboost|p2a: Heatran|spd|1","|move|p2a: Heatran|Earth Power|p1a: Heatran","|-supereffective|p1a: Heatran","|-damage|p1a: Heatran|66/386","|","|-heal|p1a: Heatran|90/386|[from] item: Leftovers","|turn|25","|","|move|p2a: Heatran|Earth Power|p1a: Heatran","|-supereffective|p1a: Heatran","|-damage|p1a: Heatran|0 fnt","|faint|p1a: Heatran","|","|","|switch|p1a: Magnezone|Magnezone|51/281","|-damage|p1a: Magnezone|34/281|[from] Stealth Rock","|turn|26","|","|move|p1a: Magnezone|Thunderbolt|p2a: Heatran","|-damage|p2a: Heatran|22/386","|-status|p2a: Heatran|par","|move|p2a: Heatran|Flamethrower|p1a: Magnezone","|-supereffective|p1a: Magnezone","|-damage|p1a: Magnezone|0 fnt","|faint|p1a: Magnezone","|","|","|switch|p1a: Bisharp|Bisharp, M|271/271","|-damage|p1a: Bisharp|255/271|[from] Stealth Rock","|turn|27","|","|move|p1a: Bisharp|Knock Off|p2a: Heatran","|-damage|p2a: Heatran|0 fnt","|-damage|p1a: Bisharp|228/271|[from] item: Life Orb","|faint|p2a: Heatran","|","|","|switch|p2a: Doublade|Doublade, F|248/321","|-damage|p2a: Doublade|228/321|[from] Stealth Rock","|turn|28","|","|move|p1a: Bisharp|Knock Off|p2a: Doublade","|-supereffective|p2a: Doublade","|-damage|p2a: Doublade|23/321","|-enditem|p2a: Doublade|Eviolite|[from] move: Knock Off|[of] p1a: Bisharp","|-damage|p1a: Bisharp|201/271|[from] item: Life Orb","|move|p2a: Doublade|Sacred Sword|p1a: Bisharp","|-supereffective|p1a: Bisharp","|-damage|p1a: Bisharp|0 fnt","|faint|p1a: Bisharp","|","|","|switch|p1a: Skarmory|Skarmory, M|295/334","|-damage|p1a: Skarmory|254/334|[from] Stealth Rock","|turn|29","|","|move|p1a: Skarmory|Brave Bird|p2a: Doublade","|-resisted|p2a: Doublade","|-damage|p2a: Doublade|0 fnt","|-damage|p1a: Skarmory|246/334|[from] recoil|[of] p2a: Doublade","|faint|p2a: Doublade","|","|win|Guard Choppah"],"p1rating":{"entryid":"7425426","serverid":"eos","formatid":"monotype","userid":"guardchoppah","username":"Guard Choppah","w":28,"l":"7","t":"0","gxe":76.6,"r":"1717.0492759724","rd":"59.865209015899","sigma":"0","rptime":"1439110800","rpr":1726.1640330245,"rprd":58.624088436111,"rpsigma":"0","acre":1366.5288313864,"lacre":1366.5288313864,"oldacre":"1357.3889029102"},"p2rating":{"entryid":"7429437","serverid":"eos","formatid":"monotype","userid":"jake1079","username":"Jake1079","w":"35","l":46,"t":"0","gxe":45.7,"r":"1431.2030779181","rd":"44.325998755676","sigma":"0","rptime":"1439110800","rpr":1467.0254279422,"rprd":39.867007874564,"rpsigma":"0","acre":1134.5823398852,"lacre":1134.5823398852,"oldacre":"1146.0072504805"},"endType":"normal"}