{"seed":[35620,57858,22413,34417],"turns":19,"p1":"sl ice rapton","p2":"Apex Salamence","p1team":[{"name":"Aurorus","species":"Aurorus","item":"focussash","ability":"Snow Warning","moves":["stealthrock","encore","ancientpower","thunderwave"],"nature":"","evs":{"hp":252,"atk":0,"def":4,"spa":0,"spd":252,"spe":0},"ivs":{"hp":31,"atk":31,"def":31,"spa":31,"spd":31,"spe":31}},{"name":"Avalugg","species":"Avalugg","item":"leftovers","ability":"Sturdy","moves":["rapidspin","recover","avalanche","earthquake"],"nature":"Impish","evs":{"hp":252,"atk":4,"def":252,"spa":0,"spd":0,"spe":0},"ivs":{"hp":31,"atk":31,"def":31,"spa":31,"spd":31,"spe":31}},{"name":"Kyurem-Black","species":"Kyurem-Black","item":"lumberry","ability":"Teravolt","moves":["outrage","fusionbolt","ironhead","honeclaws"],"nature":"","evs":{"hp":4,"atk":252,"def":0,"spa":0,"spd":0,"spe":252},"ivs":{"hp":31,"atk":31,"def":31,"spa":31,"spd":31,"spe":31}},{"name":"Mamoswine","species":"Mamoswine","item":"choicescarf","ability":"Thick Fat","moves":["earthquake","iciclecrash","stealthrock","rockslide"],"nature":"Jolly","evs":{"hp":4,"atk":252,"def":0,"spa":0,"spd":0,"spe":252},"ivs":{"hp":31,"atk":31,"def":31,"spa":31,"spd":31,"spe":31}},{"name":"Cloyster","species":"Cloyster","item":"focussash","ability":"Skill Link","moves":["iciclespear","rockblast","shellsmash","rapidspin"],"nature":"Adamant","evs":{"hp":0,"atk":252,"def":0,"spa":0,"spd":4,"spe":252},"ivs":{"hp":31,"atk":31,"def":31,"spa":31,"spd":31,"spe":31}},{"name":"Froslass","species":"Froslass","item":"airballoon","ability":"Cursed Body","moves":["spikes","thunderwave","psychic","icebeam"],"nature":"","evs":{"hp":0,"atk":0,"def":0,"spa":0,"spd":0,"spe":0},"ivs":{"hp":31,"atk":31,"def":31,"spa":31,"spd":31,"spe":31}}],"p2team":[{"name":"Safety Shark","species":"garchomp","item":"rockyhelmet","ability":"Rough Skin","moves":["earthquake","swordsdance","dragonclaw","stealthrock"],"nature":"Jolly","evs":{"hp":0,"atk":252,"def":0,"spa":0,"spd":4,"spe":252},"gender":"M","shiny":true,"ivs":{"hp":31,"atk":31,"def":31,"spa":31,"spd":31,"spe":31}},{"name":"Gaea","species":"landorus","item":"lifeorb","ability":"Sheer Force","moves":["earthpower","sludgewave","psychic","calmmind"],"nature":"Timid","evs":{"hp":0,"atk":0,"def":0,"spa":252,"spd":4,"spe":252},"shiny":true,"ivs":{"hp":31,"atk":31,"def":31,"spa":31,"spd":31,"spe":31}},{"name":"Nightwing","species":"gliscor","item":"toxicorb","ability":"Poison Heal","moves":["protect","fling","acrobatics","facade"],"nature":"Adamant","evs":{"hp":184,"atk":252,"def":0,"spa":0,"spd":0,"spe":72},"gender":"M","shiny":true,"ivs":{"hp":31,"atk":31,"def":31,"spa":31,"spd":31,"spe":31}},{"name":"Dr. Drilla","species":"excadrill","item":"airballoon","ability":"Sand Rush","moves":["earthquake","ironhead","rockslide","rapidspin"],"nature":"Adamant","evs":{"hp":0,"atk":252,"def":0,"spa":0,"spd":4,"spe":252},"gender":"M","shiny":true,"ivs":{"hp":31,"atk":31,"def":31,"spa":31,"spd":31,"spe":31}},{"name":"Bertha","species":"hippowdon","item":"leftovers","ability":"Sand Stream","moves":["earthquake","toxic","slackoff","whirlwind"],"nature":"Impish","evs":{"hp":252,"atk":4,"def":252,"spa":0,"spd":0,"spe":0},"gender":"F","shiny":true,"ivs":{"hp":31,"atk":31,"def":31,"spa":31,"spd":31,"spe":31}},{"name":"Brock","species":"steelix","item":"steelixite","ability":"Sturdy","moves":["earthquake","heavyslam","rockslide","gyroball"],"nature":"Brave","evs":{"hp":248,"atk":252,"def":0,"spa":0,"spd":8,"spe":0},"gender":"M","ivs":{"hp":31,"atk":31,"def":31,"spa":31,"spd":31,"spe":0},"shiny":true}],"log":["|player|p1|sl ice rapton|225","|player|p2|Apex Salamence|102","|gametype|singles","|gen|6","|tier|Monotype","|rated","|rule|Baton Pass Clause: Limit one Baton Passer, can't pass Spe and other stats simultaneously","|rule|Swagger Clause: Swagger is banned","|rule|Same Type Clause: Pokémon in a team must share a type","|clearpoke","|poke|p1|Aurorus, M","|poke|p1|Avalugg, F","|poke|p1|Kyurem-Black","|poke|p1|Mamoswine, M","|poke|p1|Cloyster, M","|poke|p1|Froslass, F","|poke|p2|Garchomp, M, shiny","|poke|p2|Landorus, M, shiny","|poke|p2|Gliscor, M, shiny","|poke|p2|Excadrill, M, shiny","|poke|p2|Hippowdon, F, shiny","|poke|p2|Steelix, M, shiny","|rule|Sleep Clause Mod: Limit one foe put to sleep","|rule|Species Clause: Limit one of each Pokémon","|rule|OHKO Clause: OHKO moves are banned","|rule|Moody Clause: Moody is banned","|rule|Evasion Moves Clause: Evasion moves are banned","|rule|Endless Battle Clause: Forcing endless battles is banned","|rule|HP Percentage Mod: HP is shown in percentages","|teampreview","|","|start","|switch|p1a: Aurorus|Aurorus, M|450/450","|switch|p2a: Safety Shark|Garchomp, M, shiny|357/357","|-weather|Hail","|turn|1","|","|move|p2a: Safety Shark|Stealth Rock|p1a: Aurorus","|-sidestart|p1: sl ice rapton|move: Stealth Rock","|move|p1a: Aurorus|Stealth Rock|p2a: Safety Shark","|-sidestart|p2: Apex Salamence|move: Stealth Rock","|","|-weather|Hail|[upkeep]","|-damage|p2a: Safety Shark|335/357|[from] hail","|turn|2","|","|move|p2a: Safety Shark|Earthquake|p1a: Aurorus","|-supereffective|p1a: Aurorus","|-enditem|p1a: Aurorus|Focus Sash","|-damage|p1a: Aurorus|1/450","|move|p1a: Aurorus|Encore|p2a: Safety Shark","|-start|p2a: Safety Shark|Encore","|","|-weather|Hail|[upkeep]","|-damage|p2a: Safety Shark|313/357|[from] hail","|turn|3","|","|move|p2a: Safety Shark|Earthquake|p1a: Aurorus","|-supereffective|p1a: Aurorus","|-damage|p1a: Aurorus|0 fnt","|faint|p1a: Aurorus","|","|-weather|Hail|[upkeep]","|-damage|p2a: Safety Shark|291/357|[from] hail","|","|switch|p1a: Avalugg|Avalugg, F|394/394","|-damage|p1a: Avalugg|296/394|[from] Stealth Rock","|turn|4","|","|move|p2a: Safety Shark|Earthquake|p1a: Avalugg","|-damage|p1a: Avalugg|215/394","|move|p1a: Avalugg|Avalanche|p2a: Safety Shark","|-supereffective|p2a: Safety Shark","|-damage|p2a: Safety Shark|0 fnt","|-damage|p1a: Avalugg|166/394|[from] ability: Rough Skin|[of] p2a: Safety Shark","|-damage|p1a: Avalugg|101/394|[from] item: Rocky Helmet|[of] p2a: Safety Shark","|faint|p2a: Safety Shark","|","|-weather|Hail|[upkeep]","|-heal|p1a: Avalugg|125/394|[from] item: Leftovers","|","|switch|p2a: Bertha|Hippowdon, F, shiny|420/420","|-damage|p2a: Bertha|394/420|[from] Stealth Rock","|-weather|Sandstorm","|turn|5","|","|move|p2a: Bertha|Earthquake|p1a: Avalugg","|-damage|p1a: Avalugg|65/394","|move|p1a: Avalugg|Rapid Spin|p2a: Bertha","|-damage|p2a: Bertha|382/420","|-sideend|p1: sl ice rapton|Stealth Rock|[from] move: Rapid Spin|[of] p1a: Avalugg","|","|-weather|Sandstorm|[upkeep]","|-damage|p1a: Avalugg|41/394|[from] sandstorm","|-heal|p2a: Bertha|408/420|[from] item: Leftovers","|-heal|p1a: Avalugg|65/394|[from] item: Leftovers","|turn|6","|","|move|p2a: Bertha|Toxic|p1a: Avalugg","|-status|p1a: Avalugg|tox","|move|p1a: Avalugg|Recover|p1a: Avalugg","|-heal|p1a: Avalugg|262/394 tox","|","|-weather|Sandstorm|[upkeep]","|-damage|p1a: Avalugg|238/394 tox|[from] sandstorm","|-heal|p2a: Bertha|420/420|[from] item: Leftovers","|-heal|p1a: Avalugg|262/394 tox|[from] item: Leftovers","|-damage|p1a: Avalugg|238/394 tox|[from] psn","|turn|7","|","|move|p2a: Bertha|Earthquake|p1a: Avalugg","|-damage|p1a: Avalugg|174/394 tox","|move|p1a: Avalugg|Avalanche|p2a: Bertha","|-supereffective|p2a: Bertha","|-damage|p2a: Bertha|216/420","|","|-weather|Sandstorm|[upkeep]","|-damage|p1a: Avalugg|150/394 tox|[from] sandstorm","|-heal|p2a: Bertha|242/420|[from] item: Leftovers","|-heal|p1a: Avalugg|174/394 tox|[from] item: Leftovers","|-damage|p1a: Avalugg|126/394 tox|[from] psn","|turn|8","|","|move|p1a: Avalugg|Avalanche|p2a: Bertha","|-supereffective|p2a: Bertha","|-damage|p2a: Bertha|134/420","|move|p2a: Bertha|Whirlwind|p1a: Avalugg","|drag|p1a: Cloyster|Cloyster, M|241/241","|","|-weather|Sandstorm|[upkeep]","|-damage|p1a: Cloyster|226/241|[from] sandstorm","|-heal|p2a: Bertha|160/420|[from] item: Leftovers","|turn|9","|","|move|p1a: Cloyster|Icicle Spear|p2a: Bertha","|-supereffective|p2a: Bertha","|-damage|p2a: Bertha|104/420","|-supereffective|p2a: Bertha","|-damage|p2a: Bertha|50/420","|-supereffective|p2a: Bertha","|-damage|p2a: Bertha|0 fnt","|-hitcount|p2a: Bertha|3","|faint|p2a: Bertha","|","|-weather|none","|","|switch|p2a: Nightwing|Gliscor, M, shiny|337/337","|-damage|p2a: Nightwing|295/337|[from] Stealth Rock","|turn|10","|","|move|p2a: Nightwing|Protect|p2a: Nightwing","|-singleturn|p2a: Nightwing|Protect","|move|p1a: Cloyster|Icicle Spear|p2a: Nightwing","|-activate|p2a: Nightwing|Protect","|","|-status|p2a: Nightwing|tox|[from] item: Toxic Orb","|turn|11","|","|move|p2a: Nightwing|Fling|p1a: Cloyster","|-enditem|p2a: Nightwing|Toxic Orb|[from] move: Fling","|-damage|p1a: Cloyster|208/241","|-status|p1a: Cloyster|tox","|move|p1a: Cloyster|Icicle Spear|p2a: Nightwing","|-supereffective|p2a: Nightwing","|-damage|p2a: Nightwing|171/337 tox","|-supereffective|p2a: Nightwing","|-damage|p2a: Nightwing|47/337 tox","|-supereffective|p2a: Nightwing","|-damage|p2a: Nightwing|0 fnt","|-hitcount|p2a: Nightwing|3","|faint|p2a: Nightwing","|","|-damage|p1a: Cloyster|193/241 tox|[from] psn","|","|switch|p2a: Gaea|Landorus, M, shiny|319/319","|-damage|p2a: Gaea|280/319|[from] Stealth Rock","|turn|12","|","|move|p2a: Gaea|Earth Power|p1a: Cloyster","|-damage|p1a: Cloyster|0 fnt","|faint|p1a: Cloyster","|","|","|switch|p1a: Avalugg|Avalugg, F|126/394 tox","|turn|13","|","|move|p2a: Gaea|Earth Power|p1a: Avalugg","|-damage|p1a: Avalugg|0 fnt","|faint|p1a: Avalugg","|","|","|switch|p1a: Froslass|Froslass, F|281/281","|-item|p1a: Froslass|Air Balloon","|turn|14","|","|move|p2a: Gaea|Sludge Wave|p1a: Froslass","|-resisted|p1a: Froslass","|-damage|p1a: Froslass|173/281","|-enditem|p1a: Froslass|Air Balloon","|move|p1a: Froslass|Ice Beam|p2a: Gaea","|-supereffective|p2a: Gaea","|-damage|p2a: Gaea|0 fnt","|faint|p2a: Gaea","|","|","|switch|p2a: Dr. Drilla|Excadrill, M, shiny|361/361","|-damage|p2a: Dr. Drilla|350/361|[from] Stealth Rock","|-item|p2a: Dr. Drilla|Air Balloon","|turn|15","|","|move|p2a: Dr. Drilla|Earthquake|p1a: Froslass","|-crit|p1a: Froslass","|-damage|p1a: Froslass|0 fnt","|faint|p1a: Froslass","|","|","|switch|p1a: Mamoswine|Mamoswine, M|362/362","|turn|16","|","|move|p1a: Mamoswine|Icicle Crash|p2a: Dr. Drilla","|-damage|p2a: Dr. Drilla|124/361","|-enditem|p2a: Dr. Drilla|Air Balloon","|cant|p2a: Dr. Drilla|flinch","|","|turn|17","|","|move|p1a: Mamoswine|Icicle Crash|p2a: Dr. Drilla|[miss]","|-miss|p1a: Mamoswine|p2a: Dr. Drilla","|move|p2a: Dr. Drilla|Iron Head|p1a: Mamoswine","|-supereffective|p1a: Mamoswine","|-damage|p1a: Mamoswine|0 fnt","|faint|p1a: Mamoswine","|","|","|switch|p1a: Kyurem-Black|Kyurem-Black|392/392","|-ability|p1a: Kyurem-Black|Teravolt","|turn|18","|","|move|p1a: Kyurem-Black|Outrage|p2a: Dr. Drilla","|-resisted|p2a: Dr. Drilla","|-damage|p2a: Dr. Drilla|0 fnt","|faint|p2a: Dr. Drilla","|","|","|switch|p2a: Brock|Steelix, M, shiny|353/353","|-damage|p2a: Brock|342/353|[from] Stealth Rock","|turn|19","|","|detailschange|p2a: Brock|Steelix-Mega, M, shiny","|-mega|p2a: Brock|Steelix|Steelixite","|move|p1a: Kyurem-Black|Outrage|p2a: Brock|[from]lockedmove","|-resisted|p2a: Brock","|-damage|p2a: Brock|276/353","|-start|p1a: Kyurem-Black|confusion|[fatigue]","|-enditem|p1a: Kyurem-Black|Lum Berry|[eat]","|-end|p1a: Kyurem-Black|confusion","|move|p2a: Brock|Gyro Ball|p1a: Kyurem-Black","|-supereffective|p1a: Kyurem-Black","|-damage|p1a: Kyurem-Black|0 fnt","|faint|p1a: Kyurem-Black","|","|win|Apex Salamence"],"p1rating":{"entryid":"7497722","serverid":"eos","formatid":"monotype","userid":"slicerapton","username":"sl ice rapton","w":"9","l":4,"t":"0","gxe":57.7,"r":"1527.8644024715","rd":"123.01328871718","sigma":"0","rptime":"1439110800","rpr":1559.6404227648,"rprd":82.324063412853,"rpsigma":"0","acre":1116.2749212085,"lacre":1116.2749212085,"oldacre":"1143.1736645029"},"p2rating":{"entryid":"7518658","serverid":"eos","formatid":"monotype","userid":"apexsalamence","username":"Apex Salamence","w":7,"l":"2","t":"0","gxe":61.6,"r":"1500","rd":"130","sigma":"0","rptime":"1439110800","rpr":1591.8761859277,"rprd":89.652144679951,"rpsigma":"0","acre":1143.6338541197,"lacre":1143.6338541197,"oldacre":"1116.7351108253"},"endType":"normal"}