{"seed":[5115,16827,51821,160],"turns":20,"p1":"Guard Naruto","p2":"Alliance - Thunder","p1team":[{"name":"Ditto","species":"Ditto","item":"choicescarf","ability":"Imposter","moves":["transform"],"nature":"Bold","evs":{"hp":252,"atk":0,"def":252,"spa":0,"spd":6,"spe":0},"ivs":{"hp":31,"atk":31,"def":31,"spa":31,"spd":31,"spe":31}},{"name":"Heliolisk","species":"Heliolisk","item":"assaultvest","ability":"Dry Skin","moves":["thunderbolt","surf","focusblast","paraboliccharge"],"nature":"Bold","evs":{"hp":248,"atk":0,"def":252,"spa":8,"spd":0,"spe":0},"ivs":{"hp":31,"atk":31,"def":31,"spa":31,"spd":31,"spe":31}},{"name":"Kecleon","species":"Kecleon","item":"lifeorb","ability":"Protean","moves":["drainpunch","recover","shadowsneak","firepunch"],"nature":"Adamant","evs":{"hp":248,"atk":252,"def":0,"spa":0,"spd":8,"spe":0},"ivs":{"hp":31,"atk":31,"def":31,"spa":31,"spd":31,"spe":31}},{"name":"Audino","species":"Audino","item":"audinite","ability":"Regenerator","moves":["calmmind","flamethrower","healbell","drainingkiss"],"nature":"Bold","evs":{"hp":164,"atk":0,"def":252,"spa":40,"spd":52,"spe":0},"ivs":{"hp":31,"atk":31,"def":31,"spa":31,"spd":31,"spe":31}},{"name":"Pyroar","species":"Pyroar","item":"choicespecs","ability":"Unnerve","moves":["flamethrower","darkpulse","hypervoice","overheat"],"nature":"Timid","evs":{"hp":0,"atk":0,"def":0,"spa":252,"spd":4,"spe":252},"ivs":{"hp":31,"atk":31,"def":31,"spa":31,"spd":31,"spe":31}},{"name":"Miltank","species":"Miltank","item":"leftovers","ability":"Thick Fat","moves":["toxic","milkdrink","bodyslam","earthquake"],"nature":"Careful","evs":{"hp":248,"atk":0,"def":60,"spa":0,"spd":200,"spe":0},"ivs":{"hp":31,"atk":31,"def":31,"spa":31,"spd":31,"spe":31}}],"p2team":[{"name":"ThunderLegion","species":"manectric","item":"manectite","ability":"Static","moves":["voltswitch","thunderbolt","flamethrower","hiddenpowerice"],"nature":"Timid","evs":{"hp":4,"atk":0,"def":0,"spa":252,"spd":0,"spe":252},"ivs":{"hp":31,"atk":30,"def":30,"spa":31,"spd":31,"spe":31},"shiny":true},{"name":"ClothesWasher","species":"rotomwash","item":"leftovers","ability":"Levitate","moves":["willowisp","voltswitch","hydropump","painsplit"],"nature":"Bold","evs":{"hp":248,"atk":0,"def":252,"spa":0,"spd":8,"spe":0},"ivs":{"hp":31,"atk":30,"def":30,"spa":31,"spd":31,"spe":31},"shiny":true},{"name":"Laxus","species":"luxray","item":"toxicorb","ability":"Guts","moves":["quickattack","superpower","wildcharge","crunch"],"nature":"Adamant","evs":{"hp":0,"atk":252,"def":0,"spa":0,"spd":0,"spe":252},"ivs":{"hp":31,"atk":31,"def":31,"spa":31,"spd":31,"spe":31}},{"name":"ThunderBird","species":"zapdos","item":"rockyhelmet","ability":"Pressure","moves":["discharge","defog","roost","heatwave"],"nature":"Bold","evs":{"hp":248,"atk":0,"def":252,"spa":0,"spd":0,"spe":8},"ivs":{"hp":31,"atk":30,"def":31,"spa":30,"spd":31,"spe":31},"shiny":true},{"name":"Thundurus","species":"Thundurus","item":"lifeorb","ability":"Prankster","moves":["thunderbolt","hiddenpowerice","knockoff","thunderwave"],"nature":"Naive","evs":{"hp":0,"atk":4,"def":0,"spa":248,"spd":0,"spe":252},"ivs":{"hp":31,"atk":30,"def":30,"spa":31,"spd":31,"spe":31}},{"name":"Sparky","species":"jolteon","item":"choicespecs","ability":"Volt Absorb","moves":["thunderbolt","shadowball","voltswitch","hiddenpowergrass"],"nature":"Timid","evs":{"hp":4,"atk":0,"def":0,"spa":252,"spd":0,"spe":252},"ivs":{"hp":31,"atk":30,"def":31,"spa":30,"spd":31,"spe":31},"shiny":true}],"log":["|player|p1|Guard Naruto|284","|player|p2|Alliance - Thunder|alliancethunder.png","|gametype|singles","|gen|6","|tier|Monotype","|rated","|rule|Baton Pass Clause: Limit one Baton Passer, can't pass Spe and other stats simultaneously","|rule|Swagger Clause: Swagger is banned","|rule|Same Type Clause: Pokémon in a team must share a type","|clearpoke","|poke|p1|Ditto","|poke|p1|Heliolisk, F","|poke|p1|Kecleon, M","|poke|p1|Audino, M","|poke|p1|Pyroar, M","|poke|p1|Miltank, F","|poke|p2|Manectric, F, shiny","|poke|p2|Rotom-Wash, shiny","|poke|p2|Luxray, F","|poke|p2|Zapdos, shiny","|poke|p2|Thundurus, M","|poke|p2|Jolteon, F, shiny","|rule|Sleep Clause Mod: Limit one foe put to sleep","|rule|Species Clause: Limit one of each Pokémon","|rule|OHKO Clause: OHKO moves are banned","|rule|Moody Clause: Moody is banned","|rule|Evasion Moves Clause: Evasion moves are banned","|rule|Endless Battle Clause: Forcing endless battles is banned","|rule|HP Percentage Mod: HP is shown in percentages","|teampreview","|","|start","|switch|p1a: Miltank|Miltank, F|393/393","|switch|p2a: ThunderLegion|Manectric, F, shiny|282/282","|turn|1","|","|detailschange|p2a: ThunderLegion|Manectric-Mega, F, shiny","|-mega|p2a: ThunderLegion|Manectric|Manectite","|-ability|p2a: ThunderLegion|Intimidate","|-unboost|p1a: Miltank|atk|1","|move|p2a: ThunderLegion|Volt Switch|p1a: Miltank","|-damage|p1a: Miltank|272/393","|","|switch|p2a: ClothesWasher|Rotom-Wash, shiny|303/303","|move|p1a: Miltank|Toxic|p2a: ClothesWasher","|-status|p2a: ClothesWasher|tox","|","|-heal|p1a: Miltank|296/393|[from] item: Leftovers","|-damage|p2a: ClothesWasher|285/303 tox|[from] psn","|turn|2","|","|switch|p1a: Heliolisk|Heliolisk, F|327/327","|move|p2a: ClothesWasher|Will-O-Wisp|p1a: Heliolisk","|-status|p1a: Heliolisk|brn","|","|-heal|p2a: ClothesWasher|303/303 tox|[from] item: Leftovers","|-damage|p1a: Heliolisk|287/327 brn|[from] brn","|-damage|p2a: ClothesWasher|267/303 tox|[from] psn","|turn|3","|","|move|p1a: Heliolisk|Thunderbolt|p2a: ClothesWasher","|-damage|p2a: ClothesWasher|164/303 tox","|move|p2a: ClothesWasher|Volt Switch|p1a: Heliolisk","|-resisted|p1a: Heliolisk","|-damage|p1a: Heliolisk|257/327 brn","|","|switch|p2a: Laxus|Luxray, F|301/301","|","|-damage|p1a: Heliolisk|217/327 brn|[from] brn","|-status|p2a: Laxus|tox|[from] item: Toxic Orb","|turn|4","|","|switch|p1a: Miltank|Miltank, F|296/393","|move|p2a: Laxus|Crunch|p1a: Miltank","|-crit|p1a: Miltank","|-damage|p1a: Miltank|90/393","|","|-heal|p1a: Miltank|114/393|[from] item: Leftovers","|-damage|p2a: Laxus|283/301 tox|[from] psn","|turn|5","|","|switch|p2a: ClothesWasher|Rotom-Wash, shiny|164/303 tox","|move|p1a: Miltank|Earthquake|p2a: ClothesWasher","|-immune|p2a: ClothesWasher|[msg]","|","|-heal|p1a: Miltank|138/393|[from] item: Leftovers","|-heal|p2a: ClothesWasher|182/303 tox|[from] item: Leftovers","|-damage|p2a: ClothesWasher|164/303 tox|[from] psn","|turn|6","|","|move|p1a: Miltank|Milk Drink|p1a: Miltank","|-heal|p1a: Miltank|335/393","|move|p2a: ClothesWasher|Volt Switch|p1a: Miltank","|-damage|p1a: Miltank|254/393","|","|switch|p2a: ThunderBird|Zapdos, shiny|383/383","|-ability|p2a: ThunderBird|Pressure","|","|-heal|p1a: Miltank|278/393|[from] item: Leftovers","|turn|7","|","|move|p2a: ThunderBird|Discharge|p1a: Miltank","|-damage|p1a: Miltank|160/393","|-status|p1a: Miltank|par","|move|p1a: Miltank|Toxic|p2a: ThunderBird","|-status|p2a: ThunderBird|tox","|","|-heal|p1a: Miltank|184/393 par|[from] item: Leftovers","|-damage|p2a: ThunderBird|360/383 tox|[from] psn","|turn|8","|","|move|p2a: ThunderBird|Discharge|p1a: Miltank","|-crit|p1a: Miltank","|-damage|p1a: Miltank|16/393 par","|move|p1a: Miltank|Milk Drink|p1a: Miltank","|-heal|p1a: Miltank|213/393 par","|","|-heal|p1a: Miltank|237/393 par|[from] item: Leftovers","|-damage|p2a: ThunderBird|314/383 tox|[from] psn","|turn|9","|","|switch|p2a: Laxus|Luxray, F|283/301 tox","|move|p1a: Miltank|Milk Drink|p1a: Miltank","|-heal|p1a: Miltank|393/393 par","|","|-damage|p2a: Laxus|265/301 tox|[from] psn","|turn|10","|","|move|p2a: Laxus|Superpower|p1a: Miltank","|-supereffective|p1a: Miltank","|-damage|p1a: Miltank|0 fnt","|-unboost|p2a: Laxus|atk|1","|-unboost|p2a: Laxus|def|1","|faint|p1a: Miltank","|","|-damage|p2a: Laxus|229/301 tox|[from] psn","|","|switch|p1a: Audino|Audino, M|388/388","|turn|11","|","|switch|p2a: ClothesWasher|Rotom-Wash, shiny|164/303 tox","|detailschange|p1a: Audino|Audino-Mega, M","|-mega|p1a: Audino|Audino|Audinite","|move|p1a: Audino|Calm Mind|p1a: Audino","|-boost|p1a: Audino|spa|1","|-boost|p1a: Audino|spd|1","|","|-heal|p2a: ClothesWasher|182/303 tox|[from] item: Leftovers","|-damage|p2a: ClothesWasher|164/303 tox|[from] psn","|turn|12","|","|move|p2a: ClothesWasher|Will-O-Wisp|p1a: Audino","|-status|p1a: Audino|brn","|move|p1a: Audino|Calm Mind|p1a: Audino","|-boost|p1a: Audino|spa|1","|-boost|p1a: Audino|spd|1","|","|-heal|p2a: ClothesWasher|182/303 tox|[from] item: Leftovers","|-damage|p2a: ClothesWasher|146/303 tox|[from] psn","|-damage|p1a: Audino|340/388 brn|[from] brn","|turn|13","|","|move|p2a: ClothesWasher|Volt Switch|p1a: Audino","|-damage|p1a: Audino|307/388 brn","|","|switch|p2a: Laxus|Luxray, F|229/301 tox","|move|p1a: Audino|Heal Bell|p1a: Audino","|-cureteam|p1a: Audino|[from] move: HealBell","|","|-damage|p2a: Laxus|211/301 tox|[from] psn","|turn|14","|","|move|p2a: Laxus|Wild Charge|p1a: Audino","|-damage|p1a: Audino|162/388","|-damage|p2a: Laxus|175/301 tox|[from] recoil|[of] p1a: Audino","|move|p1a: Audino|Draining Kiss|p2a: Laxus","|-damage|p2a: Laxus|42/301 tox","|-heal|p1a: Audino|262/388|[from] drain|[of] p2a: Laxus","|","|-damage|p2a: Laxus|6/301 tox|[from] psn","|turn|15","|","|move|p2a: Laxus|Superpower|p1a: Audino","|-damage|p1a: Audino|130/388","|-unboost|p2a: Laxus|atk|1","|-unboost|p2a: Laxus|def|1","|move|p1a: Audino|Calm Mind|p1a: Audino","|-boost|p1a: Audino|spa|1","|-boost|p1a: Audino|spd|1","|","|-damage|p2a: Laxus|0 fnt|[from] psn","|faint|p2a: Laxus","|","|switch|p2a: Thundurus|Thundurus, M|299/299","|turn|16","|","|move|p2a: Thundurus|Knock Off|p1a: Audino","|-resisted|p1a: Audino","|-damage|p1a: Audino|108/388","|-damage|p2a: Thundurus|270/299|[from] item: Life Orb","|move|p1a: Audino|Draining Kiss|p2a: Thundurus","|-crit|p2a: Thundurus","|-damage|p2a: Thundurus|3/299","|-heal|p1a: Audino|309/388|[from] drain|[of] p2a: Thundurus","|","|turn|17","|","|move|p2a: Thundurus|Thunderbolt|p1a: Audino","|-damage|p1a: Audino|247/388","|-damage|p2a: Thundurus|0 fnt|[from] item: Life Orb","|faint|p2a: Thundurus","|move|p1a: Audino|Draining Kiss|p2: Thundurus|[notarget]","|-notarget","|","|","|switch|p2a: Sparky|Jolteon, F, shiny|272/272","|turn|18","|","|move|p2a: Sparky|Thunderbolt|p1a: Audino","|-damage|p1a: Audino|184/388","|move|p1a: Audino|Draining Kiss|p2a: Sparky","|-crit|p2a: Sparky","|-damage|p2a: Sparky|77/272","|-heal|p1a: Audino|331/388|[from] drain|[of] p2a: Sparky","|","|turn|19","|","|move|p2a: Sparky|Thunderbolt|p1a: Audino","|-damage|p1a: Audino|268/388","|move|p1a: Audino|Calm Mind|p1a: Audino","|-boost|p1a: Audino|spa|1","|-boost|p1a: Audino|spd|1","|","|turn|20","|","|win|Guard Naruto"],"p1rating":{"entryid":"7460015","serverid":"eos","formatid":"monotype","userid":"guardnaruto","username":"Guard Naruto","w":13,"l":"16","t":"0","gxe":49.1,"r":"1464.4069117317","rd":"76.2818127204","sigma":"0","rptime":"1439110800","rpr":1493.3717364962,"rprd":61.555353763995,"rpsigma":"0","acre":1113.2600867202,"lacre":1113.2600867202,"oldacre":"1085.3060383095"},"p2rating":{"entryid":"6436216","serverid":"eos","formatid":"monotype","userid":"alliancethunder","username":"Alliance - Thunder","w":"6","l":8,"t":"0","gxe":42.8,"r":"1494.0511561673","rd":"97.357288131672","sigma":"0","rptime":"1439110800","rpr":1443.7412386884,"rprd":85.637014845396,"rpsigma":"0","acre":1069.9854471484,"lacre":1069.9854471484,"oldacre":"1094.8864638215"},"endType":"forfeit"}