{"seed":[28116,42033,60464,64503],"turns":36,"p1":"Guard Naruto","p2":"Deciding Photon","p1team":[{"name":"Ditto","species":"Ditto","item":"choicescarf","ability":"Imposter","moves":["transform"],"nature":"Bold","evs":{"hp":252,"atk":0,"def":252,"spa":0,"spd":6,"spe":0},"ivs":{"hp":31,"atk":31,"def":31,"spa":31,"spd":31,"spe":31}},{"name":"Heliolisk","species":"Heliolisk","item":"assaultvest","ability":"Dry Skin","moves":["thunderbolt","surf","focusblast","paraboliccharge"],"nature":"Bold","evs":{"hp":248,"atk":0,"def":252,"spa":8,"spd":0,"spe":0},"ivs":{"hp":31,"atk":31,"def":31,"spa":31,"spd":31,"spe":31}},{"name":"Kecleon","species":"Kecleon","item":"lifeorb","ability":"Protean","moves":["drainpunch","suckerpunch","shadowsneak","firepunch"],"nature":"Adamant","evs":{"hp":248,"atk":252,"def":0,"spa":0,"spd":8,"spe":0},"ivs":{"hp":31,"atk":31,"def":31,"spa":31,"spd":31,"spe":31}},{"name":"Audino","species":"Audino","item":"audinite","ability":"Regenerator","moves":["calmmind","flamethrower","healbell","drainingkiss"],"nature":"Bold","evs":{"hp":164,"atk":0,"def":252,"spa":40,"spd":52,"spe":0},"ivs":{"hp":31,"atk":31,"def":31,"spa":31,"spd":31,"spe":31}},{"name":"Pyroar","species":"Pyroar","item":"choicespecs","ability":"Unnerve","moves":["flamethrower","darkpulse","hypervoice","overheat"],"nature":"Timid","evs":{"hp":0,"atk":0,"def":0,"spa":252,"spd":4,"spe":252},"ivs":{"hp":31,"atk":31,"def":31,"spa":31,"spd":31,"spe":31}},{"name":"Miltank","species":"Miltank","item":"leftovers","ability":"Thick Fat","moves":["poweruppunch","bodyslam","milkdrink","firepunch"],"nature":"Careful","evs":{"hp":248,"atk":0,"def":60,"spa":0,"spd":200,"spe":0},"ivs":{"hp":31,"atk":31,"def":31,"spa":31,"spd":31,"spe":31}}],"p2team":[{"name":"Leanpie","species":"armaldo","item":"leftovers","ability":"Battle Armor","moves":["stealthrock","rockblast","knockoff","rapidspin"],"nature":"Adamant","evs":{"hp":152,"atk":172,"def":180,"spa":0,"spd":4,"spe":0},"gender":"M","shiny":true,"ivs":{"hp":31,"atk":31,"def":31,"spa":31,"spd":31,"spe":31}},{"name":"Lab8 Moth","species":"volcarona","item":"lumberry","ability":"Flame Body","moves":["gigadrain","fierydance","quiverdance","hiddenpowerground"],"nature":"Modest","evs":{"hp":4,"atk":0,"def":132,"spa":252,"spd":0,"spe":120},"gender":"M","ivs":{"hp":31,"atk":31,"def":31,"spa":30,"spd":30,"spe":31},"shiny":true},{"name":"Scizor","species":"Scizor","item":"choiceband","ability":"Technician","moves":["bulletpunch","pursuit","superpower","uturn"],"nature":"Adamant","evs":{"hp":0,"atk":252,"def":252,"spa":0,"spd":0,"spe":0},"gender":"M","ivs":{"hp":31,"atk":31,"def":31,"spa":31,"spd":31,"spe":31}},{"name":"Joe","species":"pinsir","item":"pinsirite","ability":"Moxie","moves":["frustration","quickattack","stoneedge","closecombat"],"nature":"Adamant","evs":{"hp":4,"atk":252,"def":0,"spa":0,"spd":0,"spe":252},"gender":"M","happiness":0,"ivs":{"hp":31,"atk":31,"def":31,"spa":31,"spd":31,"spe":31}},{"name":"Syb3R","species":"galvantula","item":"focussash","ability":"Compound Eyes","moves":["stickyweb","thunder","hiddenpowerice","bugbuzz"],"nature":"Timid","evs":{"hp":0,"atk":0,"def":0,"spa":252,"spd":4,"spe":252},"gender":"M","ivs":{"hp":30,"atk":31,"def":30,"spa":31,"spd":31,"spe":31},"shiny":true},{"name":"Neo","species":"heracross","item":"choicescarf","ability":"Moxie","moves":["megahorn","stoneedge","knockoff","closecombat"],"nature":"Jolly","evs":{"hp":0,"atk":0,"def":0,"spa":0,"spd":4,"spe":252},"gender":"M","shiny":true,"ivs":{"hp":31,"atk":31,"def":31,"spa":31,"spd":31,"spe":31}}],"log":["|player|p1|Guard Naruto|284","|player|p2|Deciding Photon|66","|gametype|singles","|gen|6","|tier|Monotype","|rated","|rule|Baton Pass Clause: Limit one Baton Passer, can't pass Spe and other stats simultaneously","|rule|Swagger Clause: Swagger is banned","|rule|Same Type Clause: Pokémon in a team must share a type","|clearpoke","|poke|p1|Ditto","|poke|p1|Heliolisk, M","|poke|p1|Kecleon, M","|poke|p1|Audino, M","|poke|p1|Pyroar, F","|poke|p1|Miltank, F","|poke|p2|Armaldo, M, shiny","|poke|p2|Volcarona, M, shiny","|poke|p2|Scizor, M","|poke|p2|Pinsir, M","|poke|p2|Galvantula, M, shiny","|poke|p2|Heracross, M, shiny","|rule|Sleep Clause Mod: Limit one foe put to sleep","|rule|Species Clause: Limit one of each Pokémon","|rule|OHKO Clause: OHKO moves are banned","|rule|Moody Clause: Moody is banned","|rule|Evasion Moves Clause: Evasion moves are banned","|rule|Endless Battle Clause: Forcing endless battles is banned","|rule|HP Percentage Mod: HP is shown in percentages","|teampreview","|","|start","|switch|p1a: Kecleon|Kecleon, M|323/323","|switch|p2a: Syb3R|Galvantula, M, shiny|280/280","|turn|1","|","|move|p2a: Syb3R|Thunder|p1a: Kecleon","|-damage|p1a: Kecleon|175/323","|move|p1a: Kecleon|Fire Punch|p2a: Syb3R","|-start|p1a: Kecleon|typechange|Fire|[from] Protean","|-crit|p2a: Syb3R","|-supereffective|p2a: Syb3R","|-enditem|p2a: Syb3R|Focus Sash","|-damage|p2a: Syb3R|1/280","|-damage|p1a: Kecleon|143/323|[from] item: Life Orb","|","|turn|2","|","|switch|p2a: Scizor|Scizor, M|281/281","|move|p1a: Kecleon|Shadow Sneak|p2a: Scizor","|-start|p1a: Kecleon|typechange|Ghost|[from] Protean","|-damage|p2a: Scizor|213/281","|-damage|p1a: Kecleon|111/323|[from] item: Life Orb","|","|turn|3","|","|move|p2a: Scizor|Bullet Punch|p1a: Kecleon","|-damage|p1a: Kecleon|0 fnt","|faint|p1a: Kecleon","|","|","|switch|p1a: Pyroar|Pyroar, F|313/313","|-ability|p1a: Pyroar|Unnerve|p2: Deciding Photon","|turn|4","|","|switch|p2a: Syb3R|Galvantula, M, shiny|1/280","|move|p1a: Pyroar|Overheat|p2a: Syb3R","|-supereffective|p2a: Syb3R","|-damage|p2a: Syb3R|0 fnt","|-unboost|p1a: Pyroar|spa|2","|faint|p2a: Syb3R","|","|","|switch|p2a: Lab8 Moth|Volcarona, M, shiny|312/312","|turn|5","|","|switch|p1a: Heliolisk|Heliolisk, M|327/327","|switch|p2a: Neo|Heracross, M, shiny|301/301","|","|turn|6","|","|move|p2a: Neo|Close Combat|p1a: Heliolisk","|-supereffective|p1a: Heliolisk","|-damage|p1a: Heliolisk|0 fnt","|-unboost|p2a: Neo|def|1","|-unboost|p2a: Neo|spd|1","|faint|p1a: Heliolisk","|-boost|p2a: Neo|atk|1|[from] ability: Moxie","|","|","|switch|p1a: Ditto|Ditto|300/300","|-transform|p1a: Ditto|p2a: Neo","|turn|7","|","|switch|p2a: Scizor|Scizor, M|213/281","|move|p1a: Ditto|Stone Edge|p2a: Scizor|[miss]","|-miss|p1a: Ditto|p2a: Scizor","|","|turn|8","|","|move|p2a: Scizor|Pursuit|p1a: Ditto|[from]Pursuit","|-resisted|p1a: Ditto","|-damage|p1a: Ditto|162/300","|switch|p1a: Pyroar|Pyroar, F|313/313","|-ability|p1a: Pyroar|Unnerve|p2: Deciding Photon","|","|turn|9","|","|move|p1a: Pyroar|Overheat|p2a: Scizor","|-supereffective|p2a: Scizor","|-damage|p2a: Scizor|0 fnt","|-unboost|p1a: Pyroar|spa|2","|faint|p2a: Scizor","|","|","|switch|p2a: Leanpie|Armaldo, M, shiny|329/329","|turn|10","|","|switch|p1a: Audino|Audino, M|388/388","|move|p2a: Leanpie|Stealth Rock|p1a: Audino","|-sidestart|p1: Guard Naruto|move: Stealth Rock","|","|turn|11","|","|switch|p2a: Neo|Heracross, M, shiny|301/301","|detailschange|p1a: Audino|Audino-Mega, M","|-mega|p1a: Audino|Audino|Audinite","|move|p1a: Audino|Calm Mind|p1a: Audino","|-boost|p1a: Audino|spa|1","|-boost|p1a: Audino|spd|1","|","|turn|12","|","|switch|p2a: Joe|Pinsir, M|272/272","|move|p1a: Audino|Calm Mind|p1a: Audino","|-boost|p1a: Audino|spa|1","|-boost|p1a: Audino|spd|1","|","|turn|13","|","|detailschange|p2a: Joe|Pinsir-Mega, M","|-mega|p2a: Joe|Pinsir|Pinsirite","|move|p2a: Joe|Frustration|p1a: Audino","|-damage|p1a: Audino|216/388","|move|p1a: Audino|Flamethrower|p2a: Joe","|-supereffective|p2a: Joe","|-damage|p2a: Joe|8/272","|-status|p2a: Joe|brn","|","|-damage|p2a: Joe|0 fnt|[from] brn","|faint|p2a: Joe","|","|switch|p2a: Lab8 Moth|Volcarona, M, shiny|312/312","|turn|14","|","|move|p2a: Lab8 Moth|Quiver Dance|p2a: Lab8 Moth","|-boost|p2a: Lab8 Moth|spa|1","|-boost|p2a: Lab8 Moth|spd|1","|-boost|p2a: Lab8 Moth|spe|1","|move|p1a: Audino|Flamethrower|p2a: Lab8 Moth","|-damage|p2a: Lab8 Moth|235/312","|","|turn|15","|","|move|p2a: Lab8 Moth|Quiver Dance|p2a: Lab8 Moth","|-boost|p2a: Lab8 Moth|spa|1","|-boost|p2a: Lab8 Moth|spd|1","|-boost|p2a: Lab8 Moth|spe|1","|move|p1a: Audino|Calm Mind|p1a: Audino","|-boost|p1a: Audino|spa|1","|-boost|p1a: Audino|spd|1","|","|turn|16","|","|move|p2a: Lab8 Moth|Fiery Dance|p1a: Audino","|-damage|p1a: Audino|107/388","|-boost|p2a: Lab8 Moth|spa|1","|move|p1a: Audino|Flamethrower|p2a: Lab8 Moth","|-damage|p2a: Lab8 Moth|154/312","|","|turn|17","|","|move|p2a: Lab8 Moth|Fiery Dance|p1a: Audino","|-damage|p1a: Audino|0 fnt","|-boost|p2a: Lab8 Moth|spa|1","|faint|p1a: Audino","|","|","|switch|p1a: Ditto|Ditto|162/300","|-damage|p1a: Ditto|125/300|[from] Stealth Rock","|-transform|p1a: Ditto|p2a: Lab8 Moth","|turn|18","|","|move|p1a: Ditto|Fiery Dance|p2a: Lab8 Moth","|-damage|p2a: Lab8 Moth|0 fnt","|faint|p2a: Lab8 Moth","|","|","|switch|p2a: Leanpie|Armaldo, M, shiny|329/329","|turn|19","|","|switch|p1a: Miltank|Miltank, F|393/393","|-damage|p1a: Miltank|344/393|[from] Stealth Rock","|move|p2a: Leanpie|Rock Blast|p1a: Miltank|[miss]","|-miss|p2a: Leanpie|p1a: Miltank","|","|-heal|p1a: Miltank|368/393|[from] item: Leftovers","|turn|20","|","|switch|p2a: Neo|Heracross, M, shiny|301/301","|move|p1a: Miltank|Power-Up Punch|p2a: Neo","|-resisted|p2a: Neo","|-damage|p2a: Neo|285/301","|-boost|p1a: Miltank|atk|1","|","|-heal|p1a: Miltank|392/393|[from] item: Leftovers","|turn|21","|","|move|p2a: Neo|Close Combat|p1a: Miltank","|-supereffective|p1a: Miltank","|-damage|p1a: Miltank|102/393","|-unboost|p2a: Neo|def|1","|-unboost|p2a: Neo|spd|1","|move|p1a: Miltank|Fire Punch|p2a: Neo","|-supereffective|p2a: Neo","|-damage|p2a: Neo|17/301","|-status|p2a: Neo|brn","|","|-heal|p1a: Miltank|126/393|[from] item: Leftovers","|-damage|p2a: Neo|0 fnt|[from] brn","|faint|p2a: Neo","|","|switch|p2a: Leanpie|Armaldo, M, shiny|329/329","|turn|22","|","|move|p1a: Miltank|Milk Drink|p1a: Miltank","|-heal|p1a: Miltank|323/393","|move|p2a: Leanpie|Knock Off|p1a: Miltank","|-damage|p1a: Miltank|225/393","|-enditem|p1a: Miltank|Leftovers|[from] move: Knock Off|[of] p2a: Leanpie","|","|turn|23","|","|move|p1a: Miltank|Power-Up Punch|p2a: Leanpie","|-damage|p2a: Leanpie|297/329","|-boost|p1a: Miltank|atk|1","|move|p2a: Leanpie|Rock Blast|p1a: Miltank","|-damage|p1a: Miltank|182/393","|-damage|p1a: Miltank|140/393","|-damage|p1a: Miltank|98/393","|-damage|p1a: Miltank|52/393","|-hitcount|p1a: Miltank|4","|","|-heal|p2a: Leanpie|317/329|[from] item: Leftovers","|turn|24","|","|move|p1a: Miltank|Milk Drink|p1a: Miltank","|-heal|p1a: Miltank|249/393","|move|p2a: Leanpie|Rock Blast|p1a: Miltank","|-damage|p1a: Miltank|204/393","|-damage|p1a: Miltank|159/393","|-damage|p1a: Miltank|120/393","|-damage|p1a: Miltank|75/393","|-damage|p1a: Miltank|30/393","|-hitcount|p1a: Miltank|5","|","|-heal|p2a: Leanpie|329/329|[from] item: Leftovers","|turn|25","|","|move|p1a: Miltank|Milk Drink|p1a: Miltank","|-heal|p1a: Miltank|227/393","|move|p2a: Leanpie|Rock Blast|p1a: Miltank","|-damage|p1a: Miltank|182/393","|-damage|p1a: Miltank|137/393","|-damage|p1a: Miltank|98/393","|-damage|p1a: Miltank|58/393","|-hitcount|p1a: Miltank|4","|","|turn|26","|","|move|p1a: Miltank|Milk Drink|p1a: Miltank","|-heal|p1a: Miltank|255/393","|move|p2a: Leanpie|Rock Blast|p1a: Miltank","|-damage|p1a: Miltank|210/393","|-damage|p1a: Miltank|170/393","|-damage|p1a: Miltank|124/393","|-hitcount|p1a: Miltank|3","|","|turn|27","|","|move|p1a: Miltank|Milk Drink|p1a: Miltank","|-heal|p1a: Miltank|321/393","|move|p2a: Leanpie|Rock Blast|p1a: Miltank","|-damage|p1a: Miltank|276/393","|-damage|p1a: Miltank|231/393","|-damage|p1a: Miltank|188/393","|-hitcount|p1a: Miltank|3","|","|turn|28","|","|move|p1a: Miltank|Milk Drink|p1a: Miltank","|-heal|p1a: Miltank|385/393","|move|p2a: Leanpie|Rock Blast|p1a: Miltank","|-damage|p1a: Miltank|346/393","|-damage|p1a: Miltank|304/393","|-hitcount|p1a: Miltank|2","|","|turn|29","|","|move|p1a: Miltank|Fire Punch|p2a: Leanpie","|-damage|p2a: Leanpie|249/329","|move|p2a: Leanpie|Rock Blast|p1a: Miltank","|-damage|p1a: Miltank|259/393","|-damage|p1a: Miltank|220/393","|-damage|p1a: Miltank|181/393","|-damage|p1a: Miltank|141/393","|-damage|p1a: Miltank|99/393","|-hitcount|p1a: Miltank|5","|","|-heal|p2a: Leanpie|269/329|[from] item: Leftovers","|turn|30","|","|move|p1a: Miltank|Milk Drink|p1a: Miltank","|-heal|p1a: Miltank|296/393","|move|p2a: Leanpie|Rock Blast|p1a: Miltank","|-damage|p1a: Miltank|257/393","|-damage|p1a: Miltank|218/393","|-hitcount|p1a: Miltank|2","|","|-heal|p2a: Leanpie|289/329|[from] item: Leftovers","|turn|31","|","|move|p1a: Miltank|Power-Up Punch|p2a: Leanpie","|-damage|p2a: Leanpie|246/329","|-boost|p1a: Miltank|atk|1","|move|p2a: Leanpie|Rock Blast|p1a: Miltank","|-damage|p1a: Miltank|172/393","|-damage|p1a: Miltank|133/393","|-damage|p1a: Miltank|94/393","|-hitcount|p1a: Miltank|3","|","|-heal|p2a: Leanpie|266/329|[from] item: Leftovers","|turn|32","|","|move|p1a: Miltank|Milk Drink|p1a: Miltank","|-heal|p1a: Miltank|291/393","|move|p2a: Leanpie|Rock Blast|p1a: Miltank","|-damage|p1a: Miltank|248/393","|-damage|p1a: Miltank|208/393","|-hitcount|p1a: Miltank|2","|","|-heal|p2a: Leanpie|286/329|[from] item: Leftovers","|turn|33","|","|move|p1a: Miltank|Milk Drink|p1a: Miltank","|-heal|p1a: Miltank|393/393","|move|p2a: Leanpie|Rock Blast|p1a: Miltank","|-damage|p1a: Miltank|348/393","|-damage|p1a: Miltank|305/393","|-damage|p1a: Miltank|263/393","|-damage|p1a: Miltank|221/393","|-damage|p1a: Miltank|176/393","|-hitcount|p1a: Miltank|5","|","|-heal|p2a: Leanpie|306/329|[from] item: Leftovers","|turn|34","|","|move|p1a: Miltank|Milk Drink|p1a: Miltank","|-heal|p1a: Miltank|373/393","|move|p2a: Leanpie|Rock Blast|p1a: Miltank","|-damage|p1a: Miltank|334/393","|-damage|p1a: Miltank|289/393","|-damage|p1a: Miltank|244/393","|-hitcount|p1a: Miltank|3","|","|-heal|p2a: Leanpie|326/329|[from] item: Leftovers","|turn|35","|","|move|p1a: Miltank|Power-Up Punch|p2a: Leanpie","|-damage|p2a: Leanpie|269/329","|-boost|p1a: Miltank|atk|1","|move|p2a: Leanpie|Rock Blast|p1a: Miltank|[miss]","|-miss|p2a: Leanpie|p1a: Miltank","|","|-heal|p2a: Leanpie|289/329|[from] item: Leftovers","|turn|36","|","|win|Guard Naruto"],"p1rating":{"entryid":"7460015","serverid":"eos","formatid":"monotype","userid":"guardnaruto","username":"Guard Naruto","w":10,"l":"11","t":"0","gxe":51,"r":"1464.4069117317","rd":"76.2818127204","sigma":"0","rptime":"1439110800","rpr":1507.6180271902,"rprd":69.421246983843,"rpsigma":"0","acre":1177.6154045511,"lacre":1177.6154045511,"oldacre":"1163.587396751"},"p2rating":{"entryid":7507773,"formatid":"monotype","userid":"decidingphoton","username":"Deciding Photon","r":1500,"rd":130,"sigma":0,"rpr":1454.0490920999,"rprd":122.24237188872,"rpsigma":0,"rptime":1439110800,"w":0,"l":1,"t":0,"gxe":44.3,"acre":1000,"lacre":1000,"oldacre":1000},"endType":"forfeit"}