{"seed":[15965,42020,16135,107],"turns":23,"p1":"Emg E4 Zap","p2":"Knight Miku","p1team":[{"name":"Cloyster","species":"Cloyster","item":"focussash","ability":"Skill Link","moves":["shellsmash","iciclespear","rockblast","hydropump"],"nature":"Jolly","evs":{"hp":0,"atk":252,"def":0,"spa":0,"spd":4,"spe":252},"ivs":{"hp":31,"atk":31,"def":31,"spa":31,"spd":31,"spe":31}},{"name":"Kyurem-Black","species":"Kyurem-Black","item":"choicescarf","ability":"Teravolt","moves":["earthpower","outrage","stoneedge","fusionbolt"],"nature":"Naive","evs":{"hp":0,"atk":252,"def":0,"spa":4,"spd":0,"spe":252},"ivs":{"hp":31,"atk":31,"def":31,"spa":31,"spd":31,"spe":31}},{"name":"Weavile","species":"Weavile","item":"focussash","ability":"Pickpocket","moves":["knockoff","iciclecrash","fakeout","swordsdance"],"nature":"Jolly","evs":{"hp":0,"atk":252,"def":0,"spa":0,"spd":4,"spe":252},"ivs":{"hp":31,"atk":31,"def":31,"spa":31,"spd":31,"spe":31}},{"name":"Froslass","species":"Froslass","item":"focussash","ability":"Cursed Body","moves":["taunt","icebeam","thunderwave","destinybond"],"nature":"Timid","evs":{"hp":0,"atk":0,"def":0,"spa":252,"spd":4,"spe":252},"ivs":{"hp":31,"atk":31,"def":31,"spa":31,"spd":31,"spe":31}},{"name":"Avalugg","species":"Avalugg","item":"leftovers","ability":"Sturdy","moves":["rapidspin","toxic","avalanche","recover"],"nature":"Relaxed","evs":{"hp":252,"atk":4,"def":252,"spa":0,"spd":0,"spe":0},"ivs":{"hp":31,"atk":31,"def":31,"spa":31,"spd":31,"spe":0}},{"name":"Mamoswine","species":"Mamoswine","item":"choiceband","ability":"Thick Fat","moves":["earthquake","iceshard","iciclecrash","rockslide"],"nature":"Adamant","evs":{"hp":248,"atk":252,"def":0,"spa":0,"spd":8,"spe":0},"ivs":{"hp":31,"atk":31,"def":31,"spa":31,"spd":31,"spe":31}}],"p2team":[{"name":"Ampharos","species":"Ampharos","item":"ampharosite","ability":"Static","moves":["toxic","healbell","powergem","dragonpulse"],"nature":"Calm","evs":{"hp":248,"atk":0,"def":0,"spa":8,"spd":252,"spe":0},"gender":"M","shiny":true,"ivs":{"hp":31,"atk":31,"def":31,"spa":31,"spd":31,"spe":31}},{"name":"Rotom-Wash","species":"Rotom-Wash","item":"leftovers","ability":"Levitate","moves":["willowisp","voltswitch","hydropump","painsplit"],"nature":"Bold","evs":{"hp":252,"atk":0,"def":252,"spa":4,"spd":0,"spe":0},"ivs":{"hp":31,"atk":31,"def":31,"spa":31,"spd":31,"spe":31}},{"name":"Chappi","species":"magnezone","item":"choicespecs","ability":"Sturdy","moves":["hiddenpowergrass","flashcannon","signalbeam","discharge"],"nature":"Modest","evs":{"hp":252,"atk":0,"def":0,"spa":252,"spd":4,"spe":0},"ivs":{"hp":31,"atk":30,"def":31,"spa":30,"spd":31,"spe":31}},{"name":"Thundurus","species":"Thundurus","item":"lifeorb","ability":"Prankster","moves":["thunderwave","uturn","grassknot","taunt"],"nature":"Hasty","evs":{"hp":0,"atk":20,"def":0,"spa":252,"spd":4,"spe":232},"ivs":{"hp":31,"atk":31,"def":31,"spa":31,"spd":31,"spe":31}},{"name":"Raikou","species":"Raikou","item":"leftovers","ability":"Pressure","moves":["calmmind","extrasensory","thunderbolt","hiddenpowerground"],"nature":"Timid","evs":{"hp":0,"atk":0,"def":0,"spa":252,"spd":4,"spe":252},"ivs":{"hp":31,"atk":31,"def":31,"spa":30,"spd":30,"spe":31}},{"name":"Zapdos","species":"Zapdos","item":"leftovers","ability":"Pressure","moves":["heatwave","roost","defog","discharge"],"nature":"Modest","evs":{"hp":252,"atk":0,"def":0,"spa":252,"spd":4,"spe":0},"ivs":{"hp":31,"atk":31,"def":31,"spa":31,"spd":31,"spe":31}}],"log":["|player|p1|Emg E4 Zap|224","|player|p2|Knight Miku|23","|gametype|singles","|gen|6","|tier|Monotype","|rated","|rule|Baton Pass Clause: Limit one Baton Passer, can't pass Spe and other stats simultaneously","|rule|Swagger Clause: Swagger is banned","|rule|Same Type Clause: Pokémon in a team must share a type","|clearpoke","|poke|p1|Cloyster, F","|poke|p1|Kyurem-Black","|poke|p1|Weavile, F","|poke|p1|Froslass, F","|poke|p1|Avalugg, F","|poke|p1|Mamoswine, M","|poke|p2|Ampharos, M, shiny","|poke|p2|Rotom-Wash","|poke|p2|Magnezone","|poke|p2|Thundurus, M","|poke|p2|Raikou","|poke|p2|Zapdos","|rule|Sleep Clause Mod: Limit one foe put to sleep","|rule|Species Clause: Limit one of each Pokémon","|rule|OHKO Clause: OHKO moves are banned","|rule|Moody Clause: Moody is banned","|rule|Evasion Moves Clause: Evasion moves are banned","|rule|Endless Battle Clause: Forcing endless battles is banned","|rule|HP Percentage Mod: HP is shown in percentages","|teampreview","|","|start","|switch|p1a: Mamoswine|Mamoswine, M|423/423","|switch|p2a: Thundurus|Thundurus, M|299/299","|turn|1","|","|move|p1a: Mamoswine|Ice Shard|p2a: Thundurus","|-supereffective|p2a: Thundurus","|-damage|p2a: Thundurus|0 fnt","|faint|p2a: Thundurus","|","|","|switch|p2a: Rotom-Wash|Rotom-Wash|304/304","|turn|2","|","|switch|p1a: Froslass|Froslass, F|281/281","|move|p2a: Rotom-Wash|Will-O-Wisp|p1a: Froslass","|-status|p1a: Froslass|brn","|","|-damage|p1a: Froslass|246/281 brn|[from] brn","|turn|3","|","|move|p1a: Froslass|Destiny Bond|p1a: Froslass","|-singlemove|p1a: Froslass|Destiny Bond","|move|p2a: Rotom-Wash|Volt Switch|p1a: Froslass","|-damage|p1a: Froslass|125/281 brn","|","|switch|p2a: Raikou|Raikou|321/321","|-ability|p2a: Raikou|Pressure","|","|-damage|p1a: Froslass|90/281 brn|[from] brn","|turn|4","|","|move|p2a: Raikou|Calm Mind|p2a: Raikou","|-boost|p2a: Raikou|spa|1","|-boost|p2a: Raikou|spd|1","|move|p1a: Froslass|Taunt|p2a: Raikou","|-start|p2a: Raikou|move: Taunt","|","|-damage|p1a: Froslass|55/281 brn|[from] brn","|turn|5","|","|move|p2a: Raikou|Thunderbolt|p1a: Froslass","|-damage|p1a: Froslass|0 fnt","|-start|p2a: Raikou|Disable|Thunderbolt","|faint|p1a: Froslass","|","|","|switch|p1a: Cloyster|Cloyster, F|241/241","|turn|6","|","|move|p2a: Raikou|Extrasensory|p1a: Cloyster","|-enditem|p1a: Cloyster|Focus Sash","|-damage|p1a: Cloyster|1/241","|move|p1a: Cloyster|Shell Smash|p1a: Cloyster","|-unboost|p1a: Cloyster|def|1","|-unboost|p1a: Cloyster|spd|1","|-boost|p1a: Cloyster|atk|2","|-boost|p1a: Cloyster|spa|2","|-boost|p1a: Cloyster|spe|2","|","|turn|7","|","|move|p1a: Cloyster|Icicle Spear|p2a: Raikou","|-damage|p2a: Raikou|234/321","|-damage|p2a: Raikou|135/321","|-damage|p2a: Raikou|38/321","|-damage|p2a: Raikou|0 fnt","|-hitcount|p2a: Raikou|4","|faint|p2a: Raikou","|","|","|switch|p2a: Chappi|Magnezone|344/344","|turn|8","|","|move|p1a: Cloyster|Hydro Pump|p2a: Chappi","|-damage|p2a: Chappi|133/344","|move|p2a: Chappi|Flash Cannon|p1a: Cloyster","|-damage|p1a: Cloyster|0 fnt","|faint|p1a: Cloyster","|","|","|switch|p1a: Weavile|Weavile, F|281/281","|turn|9","|","|switch|p2a: Rotom-Wash|Rotom-Wash|304/304","|move|p1a: Weavile|Fake Out|p2a: Rotom-Wash","|-damage|p2a: Rotom-Wash|270/304","|","|-heal|p2a: Rotom-Wash|289/304|[from] item: Leftovers","|turn|10","|","|switch|p1a: Avalugg|Avalugg, F|394/394","|move|p2a: Rotom-Wash|Will-O-Wisp|p1a: Avalugg","|-status|p1a: Avalugg|brn","|","|-heal|p2a: Rotom-Wash|304/304|[from] item: Leftovers","|-damage|p1a: Avalugg|345/394 brn|[from] brn","|turn|11","|","|move|p2a: Rotom-Wash|Hydro Pump|p1a: Avalugg","|-damage|p1a: Avalugg|89/394 brn","|move|p1a: Avalugg|Toxic|p2a: Rotom-Wash","|-status|p2a: Rotom-Wash|tox","|","|-heal|p1a: Avalugg|113/394 brn|[from] item: Leftovers","|-damage|p2a: Rotom-Wash|285/304 tox|[from] psn","|-damage|p1a: Avalugg|64/394 brn|[from] brn","|turn|12","|","|move|p2a: Rotom-Wash|Volt Switch|p1a: Avalugg","|-damage|p1a: Avalugg|0 fnt","|faint|p1a: Avalugg","|","|switch|p2a: Ampharos|Ampharos, M, shiny|383/383","|","|","|switch|p1a: Mamoswine|Mamoswine, M|423/423","|turn|13","|","|move|p1a: Mamoswine|Icicle Crash|p2a: Ampharos","|-damage|p2a: Ampharos|94/383","|cant|p2a: Ampharos|flinch","|","|turn|14","|","|move|p1a: Mamoswine|Icicle Crash|p2a: Ampharos","|-damage|p2a: Ampharos|0 fnt","|faint|p2a: Ampharos","|","|","|switch|p2a: Rotom-Wash|Rotom-Wash|285/304 tox","|turn|15","|","|move|p2a: Rotom-Wash|Will-O-Wisp|p1a: Mamoswine|[miss]","|-miss|p2a: Rotom-Wash|p1a: Mamoswine","|move|p1a: Mamoswine|Icicle Crash|p2a: Rotom-Wash","|-resisted|p2a: Rotom-Wash","|-damage|p2a: Rotom-Wash|206/304 tox","|","|-heal|p2a: Rotom-Wash|225/304 tox|[from] item: Leftovers","|-damage|p2a: Rotom-Wash|206/304 tox|[from] psn","|turn|16","|","|move|p2a: Rotom-Wash|Hydro Pump|p1a: Mamoswine|[miss]","|-miss|p2a: Rotom-Wash|p1a: Mamoswine","|move|p1a: Mamoswine|Icicle Crash|p2a: Rotom-Wash","|-resisted|p2a: Rotom-Wash","|-damage|p2a: Rotom-Wash|127/304 tox","|","|-heal|p2a: Rotom-Wash|146/304 tox|[from] item: Leftovers","|-damage|p2a: Rotom-Wash|108/304 tox|[from] psn","|turn|17","|","|switch|p1a: Kyurem-Black|Kyurem-Black|391/391","|-ability|p1a: Kyurem-Black|Teravolt","|move|p2a: Rotom-Wash|Hydro Pump|p1a: Kyurem-Black|[miss]","|-miss|p2a: Rotom-Wash|p1a: Kyurem-Black","|","|-heal|p2a: Rotom-Wash|127/304 tox|[from] item: Leftovers","|-damage|p2a: Rotom-Wash|70/304 tox|[from] psn","|turn|18","|","|switch|p2a: Zapdos|Zapdos|384/384","|-ability|p2a: Zapdos|Pressure","|move|p1a: Kyurem-Black|Outrage|p2a: Zapdos","|-damage|p2a: Zapdos|87/384","|","|-heal|p2a: Zapdos|111/384|[from] item: Leftovers","|turn|19","|","|move|p1a: Kyurem-Black|Outrage|p2a: Zapdos|[from]lockedmove","|-damage|p2a: Zapdos|0 fnt","|-start|p1a: Kyurem-Black|confusion|[fatigue]","|faint|p2a: Zapdos","|","|","|switch|p2a: Chappi|Magnezone|133/344","|turn|20","|","|-activate|p1a: Kyurem-Black|confusion","|-damage|p1a: Kyurem-Black|335/391|[from] confusion","|move|p2a: Chappi|Flash Cannon|p1a: Kyurem-Black","|-supereffective|p1a: Kyurem-Black","|-damage|p1a: Kyurem-Black|0 fnt","|faint|p1a: Kyurem-Black","|","|","|switch|p1a: Weavile|Weavile, F|281/281","|turn|21","|","|switch|p2a: Rotom-Wash|Rotom-Wash|70/304 tox","|move|p1a: Weavile|Fake Out|p2a: Rotom-Wash","|-damage|p2a: Rotom-Wash|39/304 tox","|","|-heal|p2a: Rotom-Wash|58/304 tox|[from] item: Leftovers","|-damage|p2a: Rotom-Wash|39/304 tox|[from] psn","|turn|22","|","|move|p1a: Weavile|Knock Off|p2a: Rotom-Wash","|-damage|p2a: Rotom-Wash|0 fnt","|-enditem|p2a: Rotom-Wash|Leftovers|[from] move: Knock Off|[of] p1a: Weavile","|faint|p2a: Rotom-Wash","|","|","|switch|p2a: Chappi|Magnezone|133/344","|turn|23","|","|move|p1a: Weavile|Knock Off|p2a: Chappi","|-damage|p2a: Chappi|0 fnt","|-enditem|p2a: Chappi|Choice Specs|[from] move: Knock Off|[of] p1a: Weavile","|faint|p2a: Chappi","|","|win|Emg E4 Zap"],"p1rating":{"entryid":"7302306","serverid":"eos","formatid":"monotype","userid":"emge4zap","username":"Emg E4 Zap - ⓤⓣⓤⓑⓔ","w":2,"l":"3","t":"0","gxe":46.7,"r":"1463.212289752","rd":"112.67477372029","sigma":"0","rptime":"1439024400","rpr":1473.8346189374,"rprd":103.53941318847,"rpsigma":"0","acre":1065.8262730471,"lacre":1065.8262730471,"oldacre":"1009.6362877426"},"p2rating":{"entryid":"7210042","serverid":"eos","formatid":"monotype","userid":"knightmiku","username":"Knight♕Miku","w":"15","l":9,"t":"0","gxe":56.6,"r":"1539.5572481533","rd":"74.174281847184","sigma":"0","rptime":"1439024400","rpr":1550.785275535,"rprd":66.614434987586,"rpsigma":"0","acre":1144.8470488255,"lacre":1144.8470488255,"oldacre":"1181.2824211342"},"endType":"normal"}