{"seed":[26159,58193,46382,42959],"turns":22,"p1":"LightOfAKnowing","p2":"Jake1079","p1team":[{"name":"Gurdurr","species":"Gurdurr","item":"eviolite","ability":"Guts","moves":["bulkup","drainpunch","stoneedge","knockoff"],"nature":"Adamant","evs":{"hp":248,"atk":252,"def":0,"spa":0,"spd":8,"spe":0},"ivs":{"hp":31,"atk":31,"def":31,"spa":31,"spd":31,"spe":31}},{"name":"Hawlucha","species":"Hawlucha","item":"sitrusberry","ability":"Unburden","moves":["substitute","poweruppunch","acrobatics","drainpunch"],"nature":"Adamant","evs":{"hp":4,"atk":252,"def":0,"spa":0,"spd":0,"spe":252},"ivs":{"hp":31,"atk":31,"def":31,"spa":31,"spd":31,"spe":31}},{"name":"Gallade","species":"Gallade","item":"galladite","ability":"Steadfast","moves":["substitute","swordsdance","dualchop","focuspunch"],"nature":"Adamant","evs":{"hp":248,"atk":0,"def":0,"spa":0,"spd":8,"spe":252},"ivs":{"hp":31,"atk":31,"def":31,"spa":31,"spd":31,"spe":31}},{"name":"Machamp","species":"Machamp","item":"choiceband","ability":"No Guard","moves":["knockoff","bulletpunch","stoneedge","dynamicpunch"],"nature":"Adamant","evs":{"hp":248,"atk":252,"def":0,"spa":0,"spd":8,"spe":0},"ivs":{"hp":31,"atk":31,"def":31,"spa":31,"spd":31,"spe":31}},{"name":"Keldeo","species":"Keldeo","item":"leftovers","ability":"Justified","moves":["calmmind","scald","secretsword","icywind"],"nature":"Timid","evs":{"hp":0,"atk":0,"def":0,"spa":252,"spd":4,"spe":252},"ivs":{"hp":31,"atk":31,"def":31,"spa":31,"spd":31,"spe":31}},{"name":"Hitmontop","species":"Hitmontop","item":"choiceband","ability":"Technician","moves":["rapidspin","machpunch","pursuit","bulletpunch"],"nature":"Adamant","evs":{"hp":248,"atk":252,"def":0,"spa":0,"spd":8,"spe":0},"ivs":{"hp":31,"atk":31,"def":31,"spa":31,"spd":31,"spe":31}}],"p2team":[{"name":"Aggron","species":"Aggron","item":"aggronite","ability":"Sturdy","moves":["thunderwave","earthquake","ironhead","endeavor"],"nature":"Adamant","evs":{"hp":252,"atk":68,"def":12,"spa":0,"spd":176,"spe":0},"ivs":{"hp":31,"atk":31,"def":31,"spa":31,"spd":31,"spe":31}},{"name":"Empoleon","species":"Empoleon","item":"choicespecs","ability":"Torrent","moves":["icebeam","scald","flashcannon","hiddenpowerfire"],"nature":"Modest","evs":{"hp":252,"atk":0,"def":0,"spa":252,"spd":4,"spe":0},"ivs":{"hp":31,"atk":30,"def":31,"spa":30,"spd":31,"spe":30}},{"name":"Heatran","species":"Heatran","item":"airballoon","ability":"Flash Fire","moves":["darkpulse","earthpower","flamethrower","flashcannon"],"nature":"Modest","evs":{"hp":252,"atk":0,"def":0,"spa":252,"spd":4,"spe":0},"ivs":{"hp":31,"atk":31,"def":31,"spa":31,"spd":31,"spe":31}},{"name":"Excadrill","species":"Excadrill","item":"choicescarf","ability":"Mold Breaker","moves":["earthquake","rockslide","xscissor","ironhead"],"nature":"Jolly","evs":{"hp":0,"atk":252,"def":0,"spa":0,"spd":4,"spe":252},"ivs":{"hp":31,"atk":31,"def":31,"spa":31,"spd":31,"spe":31}},{"name":"Doublade","species":"Doublade","item":"eviolite","ability":"No Guard","moves":["swordsdance","shadowsneak","sacredsword","shadowclaw"],"nature":"Adamant","evs":{"hp":248,"atk":252,"def":0,"spa":0,"spd":8,"spe":0},"ivs":{"hp":31,"atk":31,"def":31,"spa":31,"spd":31,"spe":31}},{"name":"Ferrothorn","species":"Ferrothorn","item":"rockyhelmet","ability":"Iron Barbs","moves":["gyroball","leechseed","stealthrock","protect"],"nature":"Relaxed","evs":{"hp":248,"atk":8,"def":252,"spa":0,"spd":0,"spe":0},"ivs":{"hp":31,"atk":31,"def":31,"spa":31,"spd":31,"spe":0}}],"log":["|player|p1|LightOfAKnowing|lightofaknowing.png","|player|p2|Jake1079|150","|gametype|singles","|gen|6","|tier|Monotype","|rated","|rule|Baton Pass Clause: Limit one Baton Passer, can't pass Spe and other stats simultaneously","|rule|Swagger Clause: Swagger is banned","|rule|Same Type Clause: Pokémon in a team must share a type","|clearpoke","|poke|p1|Gurdurr, M","|poke|p1|Hawlucha, M","|poke|p1|Gallade, M","|poke|p1|Machamp, M","|poke|p1|Keldeo","|poke|p1|Hitmontop, M","|poke|p2|Aggron, M","|poke|p2|Empoleon, F","|poke|p2|Heatran, F","|poke|p2|Excadrill, M","|poke|p2|Doublade, F","|poke|p2|Ferrothorn, M","|rule|Sleep Clause Mod: Limit one foe put to sleep","|rule|Species Clause: Limit one of each Pokémon","|rule|OHKO Clause: OHKO moves are banned","|rule|Moody Clause: Moody is banned","|rule|Evasion Moves Clause: Evasion moves are banned","|rule|Endless Battle Clause: Forcing endless battles is banned","|rule|HP Percentage Mod: HP is shown in percentages","|teampreview","|","|start","|switch|p1a: Keldeo|Keldeo|323/323","|switch|p2a: Aggron|Aggron, M|344/344","|turn|1","|","|detailschange|p2a: Aggron|Aggron-Mega, M","|-mega|p2a: Aggron|Aggron|Aggronite","|move|p1a: Keldeo|Scald|p2a: Aggron","|-damage|p2a: Aggron|196/344","|-status|p2a: Aggron|brn","|move|p2a: Aggron|Thunder Wave|p1a: Keldeo","|-status|p1a: Keldeo|par","|","|-damage|p2a: Aggron|153/344 brn|[from] brn","|turn|2","|","|move|p2a: Aggron|Endeavor|p1a: Keldeo","|-damage|p1a: Keldeo|153/323 par","|cant|p1a: Keldeo|par","|","|-heal|p1a: Keldeo|173/323 par|[from] item: Leftovers","|-damage|p2a: Aggron|110/344 brn|[from] brn","|turn|3","|","|move|p2a: Aggron|Iron Head|p1a: Keldeo","|-resisted|p1a: Keldeo","|-damage|p1a: Keldeo|134/323 par","|move|p1a: Keldeo|Scald|p2a: Aggron","|-damage|p2a: Aggron|0 fnt","|faint|p2a: Aggron","|","|-heal|p1a: Keldeo|154/323 par|[from] item: Leftovers","|","|switch|p2a: Excadrill|Excadrill, M|361/361","|-ability|p2a: Excadrill|Mold Breaker","|turn|4","|","|move|p2a: Excadrill|Iron Head|p1a: Keldeo","|-resisted|p1a: Keldeo","|-damage|p1a: Keldeo|78/323 par","|cant|p1a: Keldeo|par","|","|-heal|p1a: Keldeo|98/323 par|[from] item: Leftovers","|turn|5","|","|move|p2a: Excadrill|Iron Head|p1a: Keldeo","|-resisted|p1a: Keldeo","|-damage|p1a: Keldeo|15/323 par","|cant|p1a: Keldeo|par","|","|-heal|p1a: Keldeo|35/323 par|[from] item: Leftovers","|turn|6","|","|move|p2a: Excadrill|Iron Head|p1a: Keldeo","|-resisted|p1a: Keldeo","|-damage|p1a: Keldeo|0 fnt","|faint|p1a: Keldeo","|","|","|switch|p1a: Hawlucha|Hawlucha, M|298/298","|turn|7","|","|move|p2a: Excadrill|Iron Head|p1a: Hawlucha","|-damage|p1a: Hawlucha|123/298","|-enditem|p1a: Hawlucha|Sitrus Berry|[eat]","|-heal|p1a: Hawlucha|197/298|[from] item: Sitrus Berry","|cant|p1a: Hawlucha|flinch","|","|turn|8","|","|move|p1a: Hawlucha|Drain Punch|p2a: Excadrill","|-supereffective|p2a: Excadrill","|-damage|p2a: Excadrill|0 fnt","|-heal|p1a: Hawlucha|298/298|[from] drain|[of] p2a: Excadrill","|faint|p2a: Excadrill","|","|","|switch|p2a: Doublade|Doublade, F|321/321","|turn|9","|","|move|p1a: Hawlucha|Acrobatics|p2a: Doublade","|-resisted|p2a: Doublade","|-damage|p2a: Doublade|282/321","|move|p2a: Doublade|Swords Dance|p2a: Doublade","|-boost|p2a: Doublade|atk|2","|","|turn|10","|","|switch|p1a: Hitmontop|Hitmontop, M|303/303","|move|p2a: Doublade|Swords Dance|p2a: Doublade","|-boost|p2a: Doublade|atk|2","|","|turn|11","|","|move|p1a: Hitmontop|Pursuit|p2a: Doublade","|-supereffective|p2a: Doublade","|-damage|p2a: Doublade|200/321","|move|p2a: Doublade|Shadow Claw|p1a: Hitmontop","|-damage|p1a: Hitmontop|0 fnt","|faint|p1a: Hitmontop","|","|","|switch|p1a: Machamp|Machamp, M|383/383","|turn|12","|","|move|p1a: Machamp|Knock Off|p2a: Doublade","|-supereffective|p2a: Doublade","|-damage|p2a: Doublade|24/321","|-enditem|p2a: Doublade|Eviolite|[from] move: Knock Off|[of] p1a: Machamp","|move|p2a: Doublade|Shadow Claw|p1a: Machamp","|-damage|p1a: Machamp|0 fnt","|faint|p1a: Machamp","|","|","|switch|p1a: Hawlucha|Hawlucha, M|298/298","|turn|13","|","|move|p2a: Doublade|Shadow Sneak|p1a: Hawlucha","|-crit|p1a: Hawlucha","|-damage|p1a: Hawlucha|0 fnt","|faint|p1a: Hawlucha","|","|","|switch|p1a: Gurdurr|Gurdurr, M|373/373","|turn|14","|","|move|p1a: Gurdurr|Knock Off|p2a: Doublade","|-supereffective|p2a: Doublade","|-damage|p2a: Doublade|0 fnt","|faint|p2a: Doublade","|","|","|switch|p2a: Empoleon|Empoleon, F|372/372","|turn|15","|","|move|p2a: Empoleon|Scald|p1a: Gurdurr","|-damage|p1a: Gurdurr|148/373","|-status|p1a: Gurdurr|brn","|move|p1a: Gurdurr|Drain Punch|p2a: Empoleon","|-supereffective|p2a: Empoleon","|-damage|p2a: Empoleon|0 fnt","|-heal|p1a: Gurdurr|334/373 brn|[from] drain|[of] p2a: Empoleon","|faint|p2a: Empoleon","|","|-damage|p1a: Gurdurr|288/373 brn|[from] brn","|","|switch|p2a: Ferrothorn|Ferrothorn, M|351/351","|turn|16","|","|move|p1a: Gurdurr|Drain Punch|p2a: Ferrothorn","|-supereffective|p2a: Ferrothorn","|-damage|p2a: Ferrothorn|117/351","|-heal|p1a: Gurdurr|373/373 brn|[from] drain|[of] p2a: Ferrothorn","|-damage|p1a: Gurdurr|327/373 brn|[from] ability: Iron Barbs|[of] p2a: Ferrothorn","|-damage|p1a: Gurdurr|265/373 brn|[from] item: Rocky Helmet|[of] p2a: Ferrothorn","|move|p2a: Ferrothorn|Leech Seed|p1a: Gurdurr","|-start|p1a: Gurdurr|move: Leech Seed","|","|-damage|p1a: Gurdurr|219/373 brn|[from] Leech Seed|[of] p2a: Ferrothorn","|-heal|p2a: Ferrothorn|163/351|[silent]","|-damage|p1a: Gurdurr|173/373 brn|[from] brn","|turn|17","|","|move|p2a: Ferrothorn|Protect|p2a: Ferrothorn","|-singleturn|p2a: Ferrothorn|Protect","|move|p1a: Gurdurr|Drain Punch|p2a: Ferrothorn","|-activate|p2a: Ferrothorn|Protect","|","|-damage|p1a: Gurdurr|127/373 brn|[from] Leech Seed|[of] p2a: Ferrothorn","|-heal|p2a: Ferrothorn|209/351|[silent]","|-damage|p1a: Gurdurr|81/373 brn|[from] brn","|turn|18","|","|move|p1a: Gurdurr|Drain Punch|p2a: Ferrothorn","|-supereffective|p2a: Ferrothorn","|-damage|p2a: Ferrothorn|0 fnt","|-heal|p1a: Gurdurr|186/373 brn|[from] drain|[of] p2a: Ferrothorn","|-damage|p1a: Gurdurr|140/373 brn|[from] ability: Iron Barbs|[of] p2a: Ferrothorn","|-damage|p1a: Gurdurr|78/373 brn|[from] item: Rocky Helmet|[of] p2a: Ferrothorn","|faint|p2a: Ferrothorn","|","|-damage|p1a: Gurdurr|32/373 brn|[from] brn","|","|switch|p2a: Heatran|Heatran, F|386/386","|-item|p2a: Heatran|Air Balloon","|turn|19","|","|move|p2a: Heatran|Flamethrower|p1a: Gurdurr","|-damage|p1a: Gurdurr|0 fnt","|faint|p1a: Gurdurr","|","|","|switch|p1a: Gallade|Gallade, M|339/339","|turn|20","|","|detailschange|p1a: Gallade|Gallade-Mega, M","|-mega|p1a: Gallade|Gallade|Galladite","|move|p1a: Gallade|Substitute|p1a: Gallade","|-start|p1a: Gallade|Substitute","|-damage|p1a: Gallade|255/339","|move|p2a: Heatran|Flamethrower|p1a: Gallade","|-end|p1a: Gallade|Substitute","|","|turn|21","|","|move|p1a: Gallade|Swords Dance|p1a: Gallade","|-boost|p1a: Gallade|atk|2","|move|p2a: Heatran|Flamethrower|p1a: Gallade","|-damage|p1a: Gallade|101/339","|","|turn|22","|","|move|p1a: Gallade|Dual Chop|p2a: Heatran","|-resisted|p2a: Heatran","|-damage|p2a: Heatran|337/386","|-enditem|p2a: Heatran|Air Balloon","|-resisted|p2a: Heatran","|-damage|p2a: Heatran|286/386","|-hitcount|p2a: Heatran|2","|move|p2a: Heatran|Flamethrower|p1a: Gallade","|-damage|p1a: Gallade|0 fnt","|faint|p1a: Gallade","|","|win|Jake1079"],"p1rating":{"entryid":"6481865","serverid":"eos","formatid":"monotype","userid":"lightofaknowing","username":"Light-Of-A-Knowing","w":"119","l":159,"t":"0","gxe":41.3,"r":"1431.0109488287","rd":"30.634900974092","sigma":"0","rptime":"1439110800","rpr":1433.8095398799,"rprd":30.105193348142,"rpsigma":"0","acre":1096.9473474789,"lacre":1096.9473474789,"oldacre":"1120.0882683528"},"p2rating":{"entryid":"7429437","serverid":"eos","formatid":"monotype","userid":"jake1079","username":"Jake1079","w":30,"l":"42","t":"0","gxe":44.4,"r":"1431.2030779181","rd":"44.325998755676","sigma":"0","rptime":"1439110800","rpr":1457.5576684221,"rprd":42.01445283594,"rpsigma":"0","acre":1169.1133817404,"lacre":1169.1133817404,"oldacre":"1145.9724608665"},"endType":"normal"}