{"seed":[48455,37236,32186,25096],"turns":27,"p1":"Silver Zeyus - ⓐⓦⓨ","p2":"Guard Wanderer","p1team":[{"name":"Volcarona","species":"Volcarona","item":"leftovers","ability":"Flame Body","moves":["fierydance","bugbuzz","gigadrain","quiverdance"],"nature":"Bold","evs":{"hp":252,"atk":0,"def":252,"spa":6,"spd":0,"spe":0},"ivs":{"hp":31,"atk":0,"def":31,"spa":30,"spd":30,"spe":31}},{"name":"Infernape","species":"Infernape","item":"focussash","ability":"Iron Fist","moves":["firepunch","closecombat","machpunch","thunderpunch"],"nature":"Hasty","evs":{"hp":0,"atk":252,"def":0,"spa":4,"spd":0,"spe":252},"gender":"M","ivs":{"hp":31,"atk":31,"def":31,"spa":31,"spd":31,"spe":31}},{"name":"Victini","species":"Victini","item":"choicescarf","ability":"Victory Star","moves":["vcreate","energyball","boltstrike","uturn"],"nature":"Jolly","evs":{"hp":0,"atk":252,"def":0,"spa":0,"spd":4,"spe":252},"ivs":{"hp":31,"atk":31,"def":31,"spa":31,"spd":31,"spe":31}},{"name":"Torkoal","species":"Torkoal","item":"leftovers","ability":"Shell Armor","moves":["yawn","lavaplume","stealthrock","rapidspin"],"nature":"Bold","evs":{"hp":250,"atk":0,"def":252,"spa":0,"spd":8,"spe":0},"gender":"M","ivs":{"hp":31,"atk":0,"def":31,"spa":31,"spd":31,"spe":31}},{"name":"Charizard","species":"Charizard","item":"charizarditex","ability":"Blaze","moves":["dragonclaw","earthquake","dragondance","roost"],"nature":"Jolly","evs":{"hp":0,"atk":252,"def":0,"spa":0,"spd":4,"spe":252},"ivs":{"hp":31,"atk":31,"def":31,"spa":31,"spd":31,"spe":31}},{"name":"Rotom-Heat","species":"Rotom-Heat","item":"lightclay","ability":"Levitate","moves":["voltswitch","willowisp","reflect","lightscreen"],"nature":"Bold","evs":{"hp":248,"atk":0,"def":0,"spa":8,"spd":252,"spe":0},"ivs":{"hp":31,"atk":0,"def":31,"spa":31,"spd":31,"spe":31}}],"p2team":[{"name":"Weezing","species":"Weezing","item":"sitrusberry","ability":"Levitate","moves":["toxicspikes","willowisp","memento","thief"],"nature":"Careful","evs":{"hp":248,"atk":8,"def":0,"spa":0,"spd":252,"spe":0},"ivs":{"hp":31,"atk":31,"def":31,"spa":31,"spd":31,"spe":31}},{"name":"Tentacruel","species":"Tentacruel","item":"assaultvest","ability":"Liquid Ooze","moves":["scald","acidspray","gigadrain","hex"],"nature":"Timid","evs":{"hp":0,"atk":0,"def":4,"spa":252,"spd":0,"spe":252},"ivs":{"hp":31,"atk":31,"def":31,"spa":31,"spd":31,"spe":31}},{"name":"Skuntank","species":"Skuntank","item":"","ability":"Stench","moves":["snatch","thief","suckerpunch","poisonjab"],"nature":"Adamant","evs":{"hp":248,"atk":252,"def":0,"spa":0,"spd":8,"spe":0},"ivs":{"hp":31,"atk":31,"def":31,"spa":31,"spd":31,"spe":31}},{"name":"Crobat","species":"Crobat","item":"whiteherb","ability":"Infiltrator","moves":["curse","acrobatics","roost","hypnosis"],"nature":"Jolly","evs":{"hp":248,"atk":8,"def":0,"spa":0,"spd":0,"spe":252},"ivs":{"hp":31,"atk":31,"def":31,"spa":31,"spd":31,"spe":31}},{"name":"Gengar","species":"Gengar","item":"choicescarf","ability":"Levitate","moves":["trick","destinybond","venoshock","hex"],"nature":"Timid","evs":{"hp":0,"atk":0,"def":0,"spa":252,"spd":4,"spe":252},"ivs":{"hp":31,"atk":31,"def":31,"spa":31,"spd":31,"spe":31}},{"name":"Amoonguss","species":"Amoonguss","item":"blacksludge","ability":"Regenerator","moves":["spore","gigadrain","gastroacid","stunspore"],"nature":"Calm","evs":{"hp":248,"atk":0,"def":0,"spa":8,"spd":252,"spe":0},"shiny":true,"ivs":{"hp":31,"atk":31,"def":31,"spa":31,"spd":31,"spe":31}}],"log":["|player|p1|Silver Zeyus - ⓐⓦⓨ|291","|player|p2|Guard Wanderer|235","|gametype|singles","|gen|6","|tier|Monotype","|rated","|rule|Baton Pass Clause: Limit one Baton Passer, can't pass Spe and other stats simultaneously","|rule|Swagger Clause: Swagger is banned","|rule|Same Type Clause: Pokémon in a team must share a type","|clearpoke","|poke|p1|Volcarona, F","|poke|p1|Infernape, M","|poke|p1|Victini","|poke|p1|Torkoal, M","|poke|p1|Charizard, F","|poke|p1|Rotom-Heat","|poke|p2|Weezing, M","|poke|p2|Tentacruel, F","|poke|p2|Skuntank, M","|poke|p2|Crobat, F","|poke|p2|Gengar, F","|poke|p2|Amoonguss, M, shiny","|rule|Sleep Clause Mod: Limit one foe put to sleep","|rule|Species Clause: Limit one of each Pokémon","|rule|OHKO Clause: OHKO moves are banned","|rule|Moody Clause: Moody is banned","|rule|Evasion Moves Clause: Evasion moves are banned","|rule|Endless Battle Clause: Forcing endless battles is banned","|rule|HP Percentage Mod: HP is shown in percentages","|teampreview","|","|start","|switch|p1a: Rotom-Heat|Rotom-Heat|303/303","|switch|p2a: Weezing|Weezing, M|333/333","|turn|1","|","|move|p1a: Rotom-Heat|Light Screen|p1a: Rotom-Heat","|-sidestart|p1: Silver Zeyus - ⓐⓦⓨ|move: Light Screen","|move|p2a: Weezing|Toxic Spikes|p1a: Rotom-Heat","|-sidestart|p1: Silver Zeyus - ⓐⓦⓨ|move: Toxic Spikes","|","|turn|2","|","|move|p1a: Rotom-Heat|Reflect|p1a: Rotom-Heat","|-sidestart|p1: Silver Zeyus - ⓐⓦⓨ|Reflect","|move|p2a: Weezing|Toxic Spikes|p1a: Rotom-Heat","|-sidestart|p1: Silver Zeyus - ⓐⓦⓨ|move: Toxic Spikes","|","|turn|3","|","|switch|p2a: Amoonguss|Amoonguss, M, shiny|431/431","|move|p1a: Rotom-Heat|Will-O-Wisp|p2a: Amoonguss","|-status|p2a: Amoonguss|brn","|","|-damage|p2a: Amoonguss|378/431 brn|[from] brn","|turn|4","|","|move|p1a: Rotom-Heat|Volt Switch|p2a: Amoonguss","|-resisted|p2a: Amoonguss","|-damage|p2a: Amoonguss|342/431 brn","|","|switch|p1a: Charizard|Charizard, F|297/297","|move|p2a: Amoonguss|Spore|p1a: Charizard","|-status|p1a: Charizard|slp","|","|-heal|p2a: Amoonguss|368/431 brn|[from] item: Black Sludge","|-damage|p2a: Amoonguss|315/431 brn|[from] brn","|turn|5","|","|detailschange|p1a: Charizard|Charizard-Mega-X, F","|-mega|p1a: Charizard|Charizard|Charizardite X","|cant|p1a: Charizard|slp","|move|p2a: Amoonguss|Gastro Acid|p1a: Charizard","|-endability|p1a: Charizard","|","|-heal|p2a: Amoonguss|341/431 brn|[from] item: Black Sludge","|-damage|p2a: Amoonguss|288/431 brn|[from] brn","|turn|6","|","|switch|p2a: Skuntank|Skuntank, M|409/409","|-curestatus|p1a: Charizard|slp","|move|p1a: Charizard|Dragon Dance|p1a: Charizard","|-boost|p1a: Charizard|atk|1","|-boost|p1a: Charizard|spe|1","|","|turn|7","|","|move|p2a: Skuntank|Snatch|p2a: Skuntank","|-singleturn|p2a: Skuntank|Snatch","|move|p1a: Charizard|Earthquake|p2a: Skuntank","|-supereffective|p2a: Skuntank","|-damage|p2a: Skuntank|0 fnt","|faint|p2a: Skuntank","|","|","|switch|p2a: Gengar|Gengar, F|261/261","|turn|8","|","|move|p2a: Gengar|Destiny Bond|p2a: Gengar","|-singlemove|p2a: Gengar|Destiny Bond","|move|p1a: Charizard|Dragon Claw|p2a: Gengar","|-damage|p2a: Gengar|0 fnt","|faint|p2a: Gengar","|-activate|p2a: Gengar|Destiny Bond","|faint|p1a: Charizard","|","|-sideend|p1: Silver Zeyus - ⓐⓦⓨ|move: Light Screen","|","|switch|p2a: Tentacruel|Tentacruel, F|301/301","|switch|p1a: Rotom-Heat|Rotom-Heat|303/303","|turn|9","|","|move|p2a: Tentacruel|Scald|p1a: Rotom-Heat","|-supereffective|p1a: Rotom-Heat","|-damage|p1a: Rotom-Heat|141/303","|move|p1a: Rotom-Heat|Light Screen|p1a: Rotom-Heat","|-sidestart|p1: Silver Zeyus - ⓐⓦⓨ|move: Light Screen","|","|-sideend|p1: Silver Zeyus - ⓐⓦⓨ|Reflect","|turn|10","|","|move|p2a: Tentacruel|Acid Spray|p1a: Rotom-Heat","|-damage|p1a: Rotom-Heat|120/303","|-unboost|p1a: Rotom-Heat|spd|2","|move|p1a: Rotom-Heat|Reflect|p1a: Rotom-Heat","|-sidestart|p1: Silver Zeyus - ⓐⓦⓨ|Reflect","|","|turn|11","|","|move|p2a: Tentacruel|Scald|p1a: Rotom-Heat","|-supereffective|p1a: Rotom-Heat","|-damage|p1a: Rotom-Heat|0 fnt","|faint|p1a: Rotom-Heat","|","|","|switch|p1a: Volcarona|Volcarona, F|374/374","|-status|p1a: Volcarona|tox","|turn|12","|","|move|p2a: Tentacruel|Acid Spray|p1a: Volcarona","|-damage|p1a: Volcarona|351/374 tox","|-unboost|p1a: Volcarona|spd|2","|move|p1a: Volcarona|Quiver Dance|p1a: Volcarona","|-boost|p1a: Volcarona|spa|1","|-boost|p1a: Volcarona|spd|1","|-boost|p1a: Volcarona|spe|1","|","|-heal|p1a: Volcarona|374/374 tox|[from] item: Leftovers","|-damage|p1a: Volcarona|351/374 tox|[from] psn","|turn|13","|","|move|p1a: Volcarona|Quiver Dance|p1a: Volcarona","|-boost|p1a: Volcarona|spa|1","|-boost|p1a: Volcarona|spd|1","|-boost|p1a: Volcarona|spe|1","|move|p2a: Tentacruel|Acid Spray|p1a: Volcarona","|-damage|p1a: Volcarona|327/374 tox","|-unboost|p1a: Volcarona|spd|2","|","|-heal|p1a: Volcarona|350/374 tox|[from] item: Leftovers","|-damage|p1a: Volcarona|304/374 tox|[from] psn","|turn|14","|","|move|p1a: Volcarona|Quiver Dance|p1a: Volcarona","|-boost|p1a: Volcarona|spa|1","|-boost|p1a: Volcarona|spd|1","|-boost|p1a: Volcarona|spe|1","|move|p2a: Tentacruel|Scald|p1a: Volcarona","|-supereffective|p1a: Volcarona","|-damage|p1a: Volcarona|159/374 tox","|","|-heal|p1a: Volcarona|182/374 tox|[from] item: Leftovers","|-damage|p1a: Volcarona|113/374 tox|[from] psn","|turn|15","|","|move|p1a: Volcarona|Giga Drain|p2a: Tentacruel","|-damage|p2a: Tentacruel|196/301","|-damage|p1a: Volcarona|60/374 tox|[from] ability: Liquid Ooze|[of] p2a: Tentacruel","|move|p2a: Tentacruel|Scald|p1a: Volcarona","|-supereffective|p1a: Volcarona","|-damage|p1a: Volcarona|0 fnt","|faint|p1a: Volcarona","|","|","|switch|p1a: Victini|Victini|341/341","|-status|p1a: Victini|tox","|turn|16","|","|switch|p2a: Amoonguss|Amoonguss, M, shiny|431/431 brn","|move|p1a: Victini|Bolt Strike|p2a: Amoonguss","|-resisted|p2a: Amoonguss","|-damage|p2a: Amoonguss|349/431 brn","|","|-heal|p2a: Amoonguss|375/431 brn|[from] item: Black Sludge","|-damage|p1a: Victini|320/341 tox|[from] psn","|-damage|p2a: Amoonguss|322/431 brn|[from] brn","|-sideend|p1: Silver Zeyus - ⓐⓦⓨ|move: Light Screen","|turn|17","|","|switch|p1a: Torkoal|Torkoal, M|343/343","|-status|p1a: Torkoal|tox","|move|p2a: Amoonguss|Gastro Acid|p1a: Torkoal","|-endability|p1a: Torkoal","|","|-heal|p2a: Amoonguss|348/431 brn|[from] item: Black Sludge","|-damage|p2a: Amoonguss|295/431 brn|[from] brn","|-damage|p1a: Torkoal|322/343 tox|[from] psn","|-sideend|p1: Silver Zeyus - ⓐⓦⓨ|Reflect","|turn|18","|","|switch|p2a: Weezing|Weezing, M|333/333","|move|p1a: Torkoal|Lava Plume|p2a: Weezing","|-damage|p2a: Weezing|264/333","|-status|p2a: Weezing|brn","|","|-heal|p1a: Torkoal|343/343 tox|[from] item: Leftovers","|-damage|p2a: Weezing|223/333 brn|[from] brn","|-damage|p1a: Torkoal|301/343 tox|[from] psn","|turn|19","|","|switch|p2a: Tentacruel|Tentacruel, F|196/301","|move|p1a: Torkoal|Stealth Rock|p2a: Tentacruel","|-sidestart|p2: Guard Wanderer|move: Stealth Rock","|","|-heal|p1a: Torkoal|322/343 tox|[from] item: Leftovers","|-damage|p1a: Torkoal|259/343 tox|[from] psn","|turn|20","|","|move|p2a: Tentacruel|Scald|p1a: Torkoal","|-supereffective|p1a: Torkoal","|-damage|p1a: Torkoal|0 fnt","|faint|p1a: Torkoal","|","|","|switch|p1a: Victini|Victini|320/341 tox","|turn|21","|","|switch|p2a: Amoonguss|Amoonguss, M, shiny|431/431 brn","|-damage|p2a: Amoonguss|378/431 brn|[from] Stealth Rock","|move|p1a: Victini|V-create|p2a: Amoonguss","|-supereffective|p2a: Amoonguss","|-damage|p2a: Amoonguss|0 fnt","|-unboost|p1a: Victini|spe|1","|-unboost|p1a: Victini|def|1","|-unboost|p1a: Victini|spd|1","|faint|p2a: Amoonguss","|","|-damage|p1a: Victini|299/341 tox|[from] psn","|","|switch|p2a: Tentacruel|Tentacruel, F|196/301","|-damage|p2a: Tentacruel|159/301|[from] Stealth Rock","|turn|22","|","|switch|p1a: Infernape|Infernape, M|293/293","|-status|p1a: Infernape|tox","|move|p2a: Tentacruel|Scald|p1a: Infernape","|-supereffective|p1a: Infernape","|-enditem|p1a: Infernape|Focus Sash","|-damage|p1a: Infernape|1/293 tox","|","|-damage|p1a: Infernape|0 fnt|[from] psn","|faint|p1a: Infernape","|","|switch|p1a: Victini|Victini|299/341 tox","|turn|23","|","|move|p1a: Victini|Bolt Strike|p2a: Tentacruel","|-supereffective|p2a: Tentacruel","|-damage|p2a: Tentacruel|0 fnt","|faint|p2a: Tentacruel","|","|-damage|p1a: Victini|278/341 tox|[from] psn","|","|switch|p2a: Weezing|Weezing, M|223/333 brn","|-damage|p2a: Weezing|182/333 brn|[from] Stealth Rock","|turn|24","|","|move|p1a: Victini|Bolt Strike|p2a: Weezing","|-damage|p2a: Weezing|67/333 brn","|-enditem|p2a: Weezing|Sitrus Berry|[eat]","|-heal|p2a: Weezing|150/333 brn|[from] item: Sitrus Berry","|move|p2a: Weezing|Memento|p1a: Victini","|-unboost|p1a: Victini|atk|2","|-unboost|p1a: Victini|spa|2","|faint|p2a: Weezing","|","|-damage|p1a: Victini|236/341 tox|[from] psn","|","|switch|p2a: Crobat|Crobat, F|373/373","|-damage|p2a: Crobat|280/373|[from] Stealth Rock","|turn|25","|","|move|p1a: Victini|Bolt Strike|p2a: Crobat","|-supereffective|p2a: Crobat","|-damage|p2a: Crobat|110/373","|move|p2a: Crobat|Roost|p2a: Crobat","|-heal|p2a: Crobat|297/373","|","|-damage|p1a: Victini|173/341 tox|[from] psn","|turn|26","|","|move|p1a: Victini|Bolt Strike|p2a: Crobat","|-supereffective|p2a: Crobat","|-damage|p2a: Crobat|127/373","|move|p2a: Crobat|Roost|p2a: Crobat","|-heal|p2a: Crobat|314/373","|","|-damage|p1a: Victini|89/341 tox|[from] psn","|turn|27","|","|move|p1a: Victini|Bolt Strike|p2a: Crobat","|-supereffective|p2a: Crobat","|-damage|p2a: Crobat|144/373","|move|p2a: Crobat|Roost|p2a: Crobat","|-heal|p2a: Crobat|331/373","|","|-damage|p1a: Victini|0 fnt|[from] psn","|faint|p1a: Victini","|","|win|Guard Wanderer"],"p1rating":{"entryid":"7506885","serverid":"eos","formatid":"monotype","userid":"silverzeyus","username":"Silver - Zeyus","w":"2","l":3,"t":"0","gxe":49,"r":"1500","rd":"130","sigma":"0","rptime":"1439110800","rpr":1492.1197565544,"rprd":102.04699054404,"rpsigma":"0","acre":1067.0838090517,"lacre":1067.0838090517,"oldacre":"1088.2440166346"},"p2rating":{"entryid":"6731189","serverid":"eos","formatid":"monotype","userid":"guardwanderer","username":"Guard Wanderer","w":103,"l":"131","t":"0","gxe":43.7,"r":"1450.5279060951","rd":"26.439895949104","sigma":"0","rptime":"1439110800","rpr":1452.6211396317,"rprd":26.375826947301,"rpsigma":"0","acre":1142.1395069625,"lacre":1142.1395069625,"oldacre":"1119.3734769596"},"endType":"normal"}