{"seed":[18415,41141,11171,60050],"turns":45,"p1":"Guard Wanderer","p2":"Blackwel","p1team":[{"name":"Weezing","species":"Weezing","item":"sitrusberry","ability":"Levitate","moves":["toxicspikes","willowisp","memento","thief"],"nature":"Careful","evs":{"hp":248,"atk":8,"def":0,"spa":0,"spd":252,"spe":0},"ivs":{"hp":31,"atk":31,"def":31,"spa":31,"spd":31,"spe":31}},{"name":"Tentacruel","species":"Tentacruel","item":"assaultvest","ability":"Liquid Ooze","moves":["scald","acidspray","gigadrain","hex"],"nature":"Timid","evs":{"hp":0,"atk":0,"def":4,"spa":252,"spd":0,"spe":252},"ivs":{"hp":31,"atk":31,"def":31,"spa":31,"spd":31,"spe":31}},{"name":"Skuntank","species":"Skuntank","item":"","ability":"Stench","moves":["snatch","thief","suckerpunch","poisonjab"],"nature":"Adamant","evs":{"hp":248,"atk":252,"def":0,"spa":0,"spd":8,"spe":0},"ivs":{"hp":31,"atk":31,"def":31,"spa":31,"spd":31,"spe":31}},{"name":"Crobat","species":"Crobat","item":"whiteherb","ability":"Infiltrator","moves":["curse","acrobatics","roost","hypnosis"],"nature":"Jolly","evs":{"hp":248,"atk":8,"def":0,"spa":0,"spd":0,"spe":252},"ivs":{"hp":31,"atk":31,"def":31,"spa":31,"spd":31,"spe":31}},{"name":"Gengar","species":"Gengar","item":"choicescarf","ability":"Levitate","moves":["trick","destinybond","venoshock","hex"],"nature":"Timid","evs":{"hp":0,"atk":0,"def":0,"spa":252,"spd":4,"spe":252},"ivs":{"hp":31,"atk":31,"def":31,"spa":31,"spd":31,"spe":31}},{"name":"Amoonguss","species":"Amoonguss","item":"blacksludge","ability":"Regenerator","moves":["spore","gigadrain","gastroacid","stunspore"],"nature":"Calm","evs":{"hp":248,"atk":0,"def":0,"spa":8,"spd":252,"spe":0},"shiny":true,"ivs":{"hp":31,"atk":31,"def":31,"spa":31,"spd":31,"spe":31}}],"p2team":[{"name":"Hoopa-Unbound","species":"Hoopa-Unbound","item":"choicescarf","ability":"Magician","moves":["gunkshot","hyperspacefury","zenheadbutt","drainpunch"],"nature":"Jolly","evs":{"hp":0,"atk":252,"def":0,"spa":0,"spd":4,"spe":252},"ivs":{"hp":31,"atk":31,"def":31,"spa":31,"spd":31,"spe":31}},{"name":"Mandibuzz","species":"Mandibuzz","item":"leftovers","ability":"Overcoat","moves":["defog","foulplay","roost","toxic"],"nature":"Bold","evs":{"hp":252,"atk":0,"def":252,"spa":0,"spd":4,"spe":0},"ivs":{"hp":31,"atk":31,"def":31,"spa":31,"spd":31,"spe":31}},{"name":"Bisharp","species":"Bisharp","item":"lifeorb","ability":"Defiant","moves":["ironhead","poisonjab","suckerpunch","swordsdance"],"nature":"Jolly","evs":{"hp":0,"atk":252,"def":0,"spa":0,"spd":4,"spe":252},"ivs":{"hp":31,"atk":31,"def":31,"spa":31,"spd":31,"spe":31}},{"name":"Houndoom","species":"Houndoom","item":"houndoominite","ability":"Flash Fire","moves":["flamethrower","darkpulse","sludgebomb","destinybond"],"nature":"Timid","evs":{"hp":0,"atk":0,"def":0,"spa":252,"spd":4,"spe":252},"ivs":{"hp":31,"atk":31,"def":31,"spa":31,"spd":31,"spe":31}},{"name":"Hydreigon","species":"Hydreigon","item":"choicescarf","ability":"Levitate","moves":["darkpulse","earthpower","uturn","dracometeor"],"nature":"Timid","evs":{"hp":0,"atk":0,"def":0,"spa":252,"spd":4,"spe":252},"ivs":{"hp":31,"atk":31,"def":31,"spa":31,"spd":31,"spe":31}},{"name":"Sableye","species":"Sableye","item":"leftovers","ability":"Prankster","moves":["willowisp","recover","taunt","foulplay"],"nature":"Calm","evs":{"hp":252,"atk":0,"def":4,"spa":0,"spd":252,"spe":0},"ivs":{"hp":31,"atk":31,"def":31,"spa":31,"spd":31,"spe":31}}],"log":["|player|p1|Guard Wanderer|235","|player|p2|Blackwel|65","|gametype|singles","|gen|6","|tier|Monotype","|rated","|rule|Baton Pass Clause: Limit one Baton Passer, can't pass Spe and other stats simultaneously","|rule|Swagger Clause: Swagger is banned","|rule|Same Type Clause: Pokémon in a team must share a type","|clearpoke","|poke|p1|Weezing, M","|poke|p1|Tentacruel, M","|poke|p1|Skuntank, F","|poke|p1|Crobat, F","|poke|p1|Gengar, M","|poke|p1|Amoonguss, F, shiny","|poke|p2|Hoopa-Unbound","|poke|p2|Mandibuzz, F","|poke|p2|Bisharp, M","|poke|p2|Houndoom, F","|poke|p2|Hydreigon, F","|poke|p2|Sableye, M","|rule|Sleep Clause Mod: Limit one foe put to sleep","|rule|Species Clause: Limit one of each Pokémon","|rule|OHKO Clause: OHKO moves are banned","|rule|Moody Clause: Moody is banned","|rule|Evasion Moves Clause: Evasion moves are banned","|rule|Endless Battle Clause: Forcing endless battles is banned","|rule|HP Percentage Mod: HP is shown in percentages","|teampreview","|","|start","|switch|p1a: Tentacruel|Tentacruel, M|301/301","|switch|p2a: Sableye|Sableye, M|304/304","|turn|1","|","|move|p2a: Sableye|Taunt|p1a: Tentacruel","|-start|p1a: Tentacruel|move: Taunt","|move|p1a: Tentacruel|Acid Spray|p2a: Sableye","|-crit|p2a: Sableye","|-resisted|p2a: Sableye","|-damage|p2a: Sableye|270/304","|-unboost|p2a: Sableye|spd|2","|","|-heal|p2a: Sableye|289/304|[from] item: Leftovers","|turn|2","|","|switch|p2a: Mandibuzz|Mandibuzz, F|424/424","|move|p1a: Tentacruel|Scald|p2a: Mandibuzz","|-damage|p2a: Mandibuzz|324/424","|-status|p2a: Mandibuzz|brn","|","|-heal|p2a: Mandibuzz|350/424 brn|[from] item: Leftovers","|-damage|p2a: Mandibuzz|297/424 brn|[from] brn","|turn|3","|","|switch|p1a: Skuntank|Skuntank, F|409/409","|move|p2a: Mandibuzz|Foul Play|p1a: Skuntank","|-resisted|p1a: Skuntank","|-damage|p1a: Skuntank|355/409","|","|-heal|p2a: Mandibuzz|323/424 brn|[from] item: Leftovers","|-damage|p2a: Mandibuzz|270/424 brn|[from] brn","|turn|4","|","|move|p1a: Skuntank|Thief|p2a: Mandibuzz","|-resisted|p2a: Mandibuzz","|-damage|p2a: Mandibuzz|237/424 brn","|-item|p1a: Skuntank|Leftovers|[from] move: Thief|[of] p2a: Mandibuzz","|move|p2a: Mandibuzz|Roost|p2a: Mandibuzz","|-heal|p2a: Mandibuzz|424/424 brn","|","|-heal|p1a: Skuntank|380/409|[from] item: Leftovers","|-damage|p2a: Mandibuzz|371/424 brn|[from] brn","|turn|5","|","|switch|p1a: Weezing|Weezing, M|333/333","|switch|p2a: Sableye|Sableye, M|289/304","|","|-heal|p2a: Sableye|304/304|[from] item: Leftovers","|turn|6","|","|switch|p1a: Tentacruel|Tentacruel, M|301/301","|move|p2a: Sableye|Taunt|p1a: Tentacruel","|-start|p1a: Tentacruel|move: Taunt","|","|turn|7","|","|move|p2a: Sableye|Will-O-Wisp|p1a: Tentacruel","|-status|p1a: Tentacruel|brn","|move|p1a: Tentacruel|Scald|p2a: Sableye","|-damage|p2a: Sableye|210/304","|","|-heal|p2a: Sableye|229/304|[from] item: Leftovers","|-damage|p1a: Tentacruel|264/301 brn|[from] brn","|turn|8","|","|move|p1a: Tentacruel|Acid Spray|p2a: Sableye","|-resisted|p2a: Sableye","|-damage|p2a: Sableye|203/304","|-unboost|p2a: Sableye|spd|2","|move|p2a: Sableye|Foul Play|p1a: Tentacruel","|-damage|p1a: Tentacruel|152/301 brn","|","|-heal|p2a: Sableye|222/304|[from] item: Leftovers","|-damage|p1a: Tentacruel|115/301 brn|[from] brn","|-end|p1a: Tentacruel|move: Taunt","|turn|9","|","|switch|p2a: Mandibuzz|Mandibuzz, F|371/424 brn","|move|p1a: Tentacruel|Scald|p2a: Mandibuzz","|-damage|p2a: Mandibuzz|259/424 brn","|","|-damage|p1a: Tentacruel|78/301 brn|[from] brn","|-damage|p2a: Mandibuzz|206/424 brn|[from] brn","|turn|10","|","|switch|p1a: Weezing|Weezing, M|333/333","|move|p2a: Mandibuzz|Foul Play|p1a: Weezing","|-damage|p1a: Weezing|285/333","|","|-damage|p2a: Mandibuzz|153/424 brn|[from] brn","|turn|11","|","|move|p2a: Mandibuzz|Roost|p2a: Mandibuzz","|-heal|p2a: Mandibuzz|365/424 brn","|move|p1a: Weezing|Toxic Spikes|p2a: Mandibuzz","|-sidestart|p2: Blackwel|move: Toxic Spikes","|","|-damage|p2a: Mandibuzz|312/424 brn|[from] brn","|turn|12","|","|move|p2a: Mandibuzz|Defog|p1a: Weezing","|-unboost|p1a: Weezing|evasion|1","|-sideend|p2: Blackwel|Toxic Spikes|[from] move: Defog|[of] p2a: Mandibuzz","|move|p1a: Weezing|Toxic Spikes|p2a: Mandibuzz","|-sidestart|p2: Blackwel|move: Toxic Spikes","|","|-damage|p2a: Mandibuzz|259/424 brn|[from] brn","|turn|13","|","|switch|p1a: Skuntank|Skuntank, F|380/409","|move|p2a: Mandibuzz|Foul Play|p1a: Skuntank","|-resisted|p1a: Skuntank","|-damage|p1a: Skuntank|328/409","|","|-heal|p1a: Skuntank|353/409|[from] item: Leftovers","|-damage|p2a: Mandibuzz|206/424 brn|[from] brn","|turn|14","|","|move|p1a: Skuntank|Snatch|p1a: Skuntank","|-singleturn|p1a: Skuntank|Snatch","|move|p2a: Mandibuzz|Defog|p1a: Skuntank","|-unboost|p1a: Skuntank|evasion|1","|-sideend|p2: Blackwel|Toxic Spikes|[from] move: Defog|[of] p2a: Mandibuzz","|","|-heal|p1a: Skuntank|378/409|[from] item: Leftovers","|-damage|p2a: Mandibuzz|153/424 brn|[from] brn","|turn|15","|","|move|p1a: Skuntank|Snatch|p1a: Skuntank","|-singleturn|p1a: Skuntank|Snatch","|move|p2a: Mandibuzz|Roost|p2a: Mandibuzz","|-activate|p1a: Skuntank|Snatch|[of] p2a: Mandibuzz","|move|p1a: Skuntank|Roost|p1a: Skuntank|[from]Snatch","|-heal|p1a: Skuntank|409/409","|","|-damage|p2a: Mandibuzz|100/424 brn|[from] brn","|turn|16","|","|move|p1a: Skuntank|Snatch|p1a: Skuntank","|-singleturn|p1a: Skuntank|Snatch","|move|p2a: Mandibuzz|Foul Play|p1a: Skuntank","|-resisted|p1a: Skuntank","|-damage|p1a: Skuntank|359/409","|","|-heal|p1a: Skuntank|384/409|[from] item: Leftovers","|-damage|p2a: Mandibuzz|47/424 brn|[from] brn","|turn|17","|","|switch|p2a: Hydreigon|Hydreigon, F|325/325","|move|p1a: Skuntank|Snatch|p1a: Skuntank","|-singleturn|p1a: Skuntank|Snatch","|","|-heal|p1a: Skuntank|409/409|[from] item: Leftovers","|turn|18","|","|move|p2a: Hydreigon|Earth Power|p1a: Skuntank","|-supereffective|p1a: Skuntank","|-damage|p1a: Skuntank|101/409","|move|p1a: Skuntank|Poison Jab|p2a: Hydreigon","|-damage|p2a: Hydreigon|177/325","|-status|p2a: Hydreigon|psn","|","|-heal|p1a: Skuntank|126/409|[from] item: Leftovers","|-damage|p2a: Hydreigon|137/325 psn|[from] psn","|turn|19","|","|switch|p2a: Sableye|Sableye, M|222/304","|switch|p1a: Weezing|Weezing, M|285/333","|","|-heal|p2a: Sableye|241/304|[from] item: Leftovers","|turn|20","|","|move|p2a: Sableye|Taunt|p1a: Weezing","|-start|p1a: Weezing|move: Taunt","|move|p1a: Weezing|Thief|p2a: Sableye","|-damage|p2a: Sableye|181/304","|","|-heal|p2a: Sableye|200/304|[from] item: Leftovers","|turn|21","|","|move|p2a: Sableye|Will-O-Wisp|p1a: Weezing","|-status|p1a: Weezing|brn","|move|p1a: Weezing|Thief|p2a: Sableye","|-damage|p2a: Sableye|174/304","|","|-heal|p2a: Sableye|193/304|[from] item: Leftovers","|-damage|p1a: Weezing|244/333 brn|[from] brn","|turn|22","|","|move|p2a: Sableye|Recover|p2a: Sableye","|-heal|p2a: Sableye|304/304","|move|p1a: Weezing|Thief|p2a: Sableye","|-damage|p2a: Sableye|276/304","|","|-heal|p2a: Sableye|295/304|[from] item: Leftovers","|-damage|p1a: Weezing|203/333 brn|[from] brn","|-end|p1a: Weezing|move: Taunt","|turn|23","|","|switch|p1a: Tentacruel|Tentacruel, M|78/301 brn","|move|p2a: Sableye|Foul Play|p1a: Tentacruel","|-damage|p1a: Tentacruel|0 fnt","|faint|p1a: Tentacruel","|","|-heal|p2a: Sableye|304/304|[from] item: Leftovers","|","|switch|p1a: Weezing|Weezing, M|203/333 brn","|turn|24","|","|move|p2a: Sableye|Taunt|p1a: Weezing","|-start|p1a: Weezing|move: Taunt","|cant|p1a: Weezing|move: Taunt|Toxic Spikes","|","|-damage|p1a: Weezing|162/333 brn|[from] brn","|-enditem|p1a: Weezing|Sitrus Berry|[eat]","|-heal|p1a: Weezing|245/333 brn|[from] item: Sitrus Berry","|turn|25","|","|move|p1a: Weezing|Thief|p2a: Sableye","|-damage|p2a: Sableye|277/304","|-item|p1a: Weezing|Leftovers|[from] move: Thief|[of] p2a: Sableye","|move|p2a: Sableye|Foul Play|p1a: Weezing","|-damage|p1a: Weezing|163/333 brn","|","|-heal|p1a: Weezing|183/333 brn|[from] item: Leftovers","|-damage|p1a: Weezing|142/333 brn|[from] brn","|turn|26","|","|switch|p1a: Crobat|Crobat, F|373/373","|move|p2a: Sableye|Foul Play|p1a: Crobat","|-damage|p1a: Crobat|240/373","|","|turn|27","|","|move|p2a: Sableye|Will-O-Wisp|p1a: Crobat","|-status|p1a: Crobat|brn","|move|p1a: Crobat|Hypnosis|p2a: Sableye","|-status|p2a: Sableye|slp","|","|-damage|p1a: Crobat|194/373 brn|[from] brn","|turn|28","|","|switch|p1a: Gengar|Gengar, M|261/261","|switch|p2a: Mandibuzz|Mandibuzz, F|47/424 brn","|","|-damage|p2a: Mandibuzz|0 fnt|[from] brn","|faint|p2a: Mandibuzz","|","|switch|p2a: Sableye|Sableye, M|277/304 slp","|turn|29","|","|move|p1a: Gengar|Hex|p2a: Sableye","|-damage|p2a: Sableye|75/304 slp","|cant|p2a: Sableye|slp","|","|turn|30","|","|move|p1a: Gengar|Hex|p2a: Sableye","|-damage|p2a: Sableye|0 fnt","|faint|p2a: Sableye","|","|","|switch|p2a: Houndoom|Houndoom, F|291/291","|turn|31","|","|switch|p1a: Crobat|Crobat, F|194/373 brn","|detailschange|p2a: Houndoom|Houndoom-Mega, F","|-mega|p2a: Houndoom|Houndoom|Houndoominite","|move|p2a: Houndoom|Dark Pulse|p1a: Crobat","|-damage|p1a: Crobat|4/373 brn","|","|-damage|p1a: Crobat|0 fnt|[from] brn","|faint|p1a: Crobat","|","|switch|p1a: Gengar|Gengar, M|261/261","|turn|32","|","|move|p1a: Gengar|Destiny Bond|p1a: Gengar","|-singlemove|p1a: Gengar|Destiny Bond","|move|p2a: Houndoom|Destiny Bond|p2a: Houndoom","|-singlemove|p2a: Houndoom|Destiny Bond","|","|turn|33","|","|move|p1a: Gengar|Destiny Bond|p1a: Gengar","|-singlemove|p1a: Gengar|Destiny Bond","|move|p2a: Houndoom|Flamethrower|p1a: Gengar","|-damage|p1a: Gengar|48/261","|","|turn|34","|","|move|p1a: Gengar|Destiny Bond|p1a: Gengar","|-singlemove|p1a: Gengar|Destiny Bond","|move|p2a: Houndoom|Sludge Bomb|p1a: Gengar","|-crit|p1a: Gengar","|-resisted|p1a: Gengar","|-damage|p1a: Gengar|0 fnt","|faint|p1a: Gengar","|-activate|p1a: Gengar|Destiny Bond","|faint|p2a: Houndoom","|","|","|switch|p2a: Bisharp|Bisharp, M|271/271","|switch|p1a: Amoonguss|Amoonguss, F, shiny|431/431","|turn|35","|","|switch|p2a: Hydreigon|Hydreigon, F|137/325 psn","|move|p1a: Amoonguss|Spore|p2a: Hydreigon","|-fail|p2a: Hydreigon","|","|-damage|p2a: Hydreigon|97/325 psn|[from] psn","|turn|36","|","|switch|p1a: Weezing|Weezing, M|142/333 brn","|move|p2a: Hydreigon|Dark Pulse|p1a: Weezing","|-damage|p1a: Weezing|19/333 brn","|","|-heal|p1a: Weezing|39/333 brn|[from] item: Leftovers","|-damage|p2a: Hydreigon|57/325 psn|[from] psn","|-damage|p1a: Weezing|0 fnt|[from] brn","|faint|p1a: Weezing","|","|switch|p1a: Skuntank|Skuntank, F|126/409","|turn|37","|","|switch|p2a: Bisharp|Bisharp, M|271/271","|move|p1a: Skuntank|Sucker Punch|p2a: Bisharp","|-fail|p1a: Skuntank","|","|-heal|p1a: Skuntank|151/409|[from] item: Leftovers","|turn|38","|","|move|p1a: Skuntank|Snatch|p1a: Skuntank","|-singleturn|p1a: Skuntank|Snatch","|move|p2a: Bisharp|Iron Head|p1a: Skuntank","|-damage|p1a: Skuntank|0 fnt","|-damage|p2a: Bisharp|244/271|[from] item: Life Orb","|faint|p1a: Skuntank","|","|","|switch|p1a: Amoonguss|Amoonguss, F, shiny|431/431","|turn|39","|","|move|p2a: Bisharp|Iron Head|p1a: Amoonguss","|-damage|p1a: Amoonguss|174/431","|-damage|p2a: Bisharp|217/271|[from] item: Life Orb","|move|p1a: Amoonguss|Spore|p2a: Bisharp","|-status|p2a: Bisharp|slp","|","|-heal|p1a: Amoonguss|200/431|[from] item: Black Sludge","|turn|40","|","|cant|p2a: Bisharp|slp","|move|p1a: Amoonguss|Stun Spore|p2a: Bisharp|[miss]","|-miss|p1a: Amoonguss|p2a: Bisharp","|","|-heal|p1a: Amoonguss|226/431|[from] item: Black Sludge","|turn|41","|","|cant|p2a: Bisharp|slp","|move|p1a: Amoonguss|Giga Drain|p2a: Bisharp","|-crit|p2a: Bisharp","|-resisted|p2a: Bisharp","|-damage|p2a: Bisharp|135/271 slp","|-heal|p1a: Amoonguss|267/431|[from] drain|[of] p2a: Bisharp","|","|-heal|p1a: Amoonguss|293/431|[from] item: Black Sludge","|turn|42","|","|cant|p2a: Bisharp|slp","|move|p1a: Amoonguss|Giga Drain|p2a: Bisharp","|-resisted|p2a: Bisharp","|-damage|p2a: Bisharp|82/271 slp","|-heal|p1a: Amoonguss|320/431|[from] drain|[of] p2a: Bisharp","|","|-heal|p1a: Amoonguss|346/431|[from] item: Black Sludge","|turn|43","|","|-curestatus|p2a: Bisharp|slp","|move|p2a: Bisharp|Iron Head|p1a: Amoonguss","|-damage|p1a: Amoonguss|87/431","|-damage|p2a: Bisharp|55/271|[from] item: Life Orb","|move|p1a: Amoonguss|Spore|p2a: Bisharp","|-status|p2a: Bisharp|slp","|","|-heal|p1a: Amoonguss|113/431|[from] item: Black Sludge","|turn|44","|","|switch|p2a: Hoopa-Unbound|Hoopa-Unbound|301/301","|move|p1a: Amoonguss|Giga Drain|p2a: Hoopa-Unbound","|-damage|p2a: Hoopa-Unbound|241/301","|-heal|p1a: Amoonguss|143/431|[from] drain|[of] p2a: Hoopa-Unbound","|","|-heal|p1a: Amoonguss|169/431|[from] item: Black Sludge","|turn|45","|","|move|p2a: Hoopa-Unbound|Hyperspace Fury|p1a: Amoonguss","|-damage|p1a: Amoonguss|0 fnt","|-unboost|p2a: Hoopa-Unbound|def|1","|faint|p1a: Amoonguss","|","|win|Blackwel"],"p1rating":{"entryid":"6731189","serverid":"eos","formatid":"monotype","userid":"guardwanderer","username":"Guard Wanderer","w":"104","l":132,"t":"0","gxe":43.8,"r":"1450.5279060951","rd":"26.439895949104","sigma":"0","rptime":"1439110800","rpr":1453.154401138,"rprd":26.243720086963,"rpsigma":"0","acre":1132.6165173462,"lacre":1132.6165173462,"oldacre":"1157.4465804885"},"p2rating":{"entryid":"6967914","serverid":"eos","formatid":"monotype","userid":"blackwel","username":"Blackwel","w":17,"l":"12","t":"0","gxe":55,"r":"1528.8278976628","rd":"67.291201913589","sigma":"0","rptime":"1439110800","rpr":1538.6003565503,"rprd":66.129834813109,"rpsigma":"0","acre":1184.6383644725,"lacre":1184.6383644725,"oldacre":"1159.8083013302"},"endType":"normal"}