{"seed":[7393,25394,31743,53319],"turns":18,"p1":"Crystal Bronze","p2":"Jake1079","p1team":[{"name":"Shuckle","species":"Shuckle","item":"redcard","ability":"Sturdy","moves":["stickyweb","stealthrock","infestation","toxic"],"nature":"Calm","evs":{"hp":248,"atk":0,"def":0,"spa":8,"spd":252,"spe":0},"ivs":{"hp":31,"atk":31,"def":31,"spa":31,"spd":31,"spe":31}},{"name":"Forretress","species":"Forretress","item":"custapberry","ability":"Sturdy","moves":["toxicspikes","explosion","rapidspin","counter"],"nature":"Adamant","evs":{"hp":252,"atk":252,"def":4,"spa":0,"spd":0,"spe":0},"ivs":{"hp":31,"atk":31,"def":31,"spa":31,"spd":31,"spe":31}},{"name":"Yanmega","species":"Yanmega","item":"lifeorb","ability":"Speed Boost","moves":["detect","hiddenpowerfire","bugbuzz","airslash"],"nature":"Modest","evs":{"hp":0,"atk":0,"def":0,"spa":252,"spd":4,"spe":252},"ivs":{"hp":31,"atk":30,"def":31,"spa":30,"spd":31,"spe":30}},{"name":"Pinsir","species":"Pinsir","item":"pinsirite","ability":"Moxie","moves":["quickattack","return","earthquake","swordsdance"],"nature":"Adamant","evs":{"hp":248,"atk":252,"def":0,"spa":0,"spd":8,"spe":0},"ivs":{"hp":31,"atk":31,"def":31,"spa":31,"spd":31,"spe":31}},{"name":"Heracross","species":"Heracross","item":"salacberry","ability":"Moxie","moves":["endure","reversal","bugbite","rockslide"],"nature":"Jolly","evs":{"hp":4,"atk":252,"def":0,"spa":0,"spd":0,"spe":252},"ivs":{"hp":31,"atk":31,"def":31,"spa":31,"spd":31,"spe":31}},{"name":"Volcarona","species":"Volcarona","item":"weaknesspolicy","ability":"Flame Body","moves":["quiverdance","fireblast","gigadrain","bugbuzz"],"nature":"Timid","evs":{"hp":0,"atk":0,"def":0,"spa":252,"spd":4,"spe":252},"ivs":{"hp":31,"atk":31,"def":31,"spa":31,"spd":31,"spe":31}}],"p2team":[{"name":"Aggron","species":"Aggron","item":"aggronite","ability":"Sturdy","moves":["thunderwave","earthquake","ironhead","endeavor"],"nature":"Adamant","evs":{"hp":252,"atk":68,"def":12,"spa":0,"spd":176,"spe":0},"ivs":{"hp":31,"atk":31,"def":31,"spa":31,"spd":31,"spe":31}},{"name":"Empoleon","species":"Empoleon","item":"choicespecs","ability":"Torrent","moves":["icebeam","scald","flashcannon","hiddenpowerfire"],"nature":"Modest","evs":{"hp":252,"atk":0,"def":0,"spa":252,"spd":4,"spe":0},"ivs":{"hp":31,"atk":30,"def":31,"spa":30,"spd":31,"spe":30}},{"name":"Heatran","species":"Heatran","item":"airballoon","ability":"Flash Fire","moves":["darkpulse","earthpower","flamethrower","flashcannon"],"nature":"Modest","evs":{"hp":252,"atk":0,"def":0,"spa":252,"spd":4,"spe":0},"ivs":{"hp":31,"atk":31,"def":31,"spa":31,"spd":31,"spe":31}},{"name":"Excadrill","species":"Excadrill","item":"choicescarf","ability":"Mold Breaker","moves":["earthquake","rockslide","xscissor","ironhead"],"nature":"Jolly","evs":{"hp":0,"atk":252,"def":0,"spa":0,"spd":4,"spe":252},"ivs":{"hp":31,"atk":31,"def":31,"spa":31,"spd":31,"spe":31}},{"name":"Doublade","species":"Doublade","item":"eviolite","ability":"No Guard","moves":["swordsdance","shadowsneak","sacredsword","shadowclaw"],"nature":"Adamant","evs":{"hp":248,"atk":252,"def":0,"spa":0,"spd":8,"spe":0},"ivs":{"hp":31,"atk":31,"def":31,"spa":31,"spd":31,"spe":31}},{"name":"Ferrothorn","species":"Ferrothorn","item":"rockyhelmet","ability":"Iron Barbs","moves":["gyroball","leechseed","stealthrock","protect"],"nature":"Relaxed","evs":{"hp":248,"atk":8,"def":252,"spa":0,"spd":0,"spe":0},"ivs":{"hp":31,"atk":31,"def":31,"spa":31,"spd":31,"spe":0}}],"log":["|player|p1|Crystal Bronze|274","|player|p2|Jake1079|150","|gametype|singles","|gen|6","|tier|Monotype","|rated","|rule|Baton Pass Clause: Limit one Baton Passer, can't pass Spe and other stats simultaneously","|rule|Swagger Clause: Swagger is banned","|rule|Same Type Clause: Pokémon in a team must share a type","|clearpoke","|poke|p1|Shuckle, F","|poke|p1|Forretress, F","|poke|p1|Yanmega, M","|poke|p1|Pinsir, F","|poke|p1|Heracross, F","|poke|p1|Volcarona, M","|poke|p2|Aggron, M","|poke|p2|Empoleon, M","|poke|p2|Heatran, F","|poke|p2|Excadrill, F","|poke|p2|Doublade, F","|poke|p2|Ferrothorn, M","|rule|Sleep Clause Mod: Limit one foe put to sleep","|rule|Species Clause: Limit one of each Pokémon","|rule|OHKO Clause: OHKO moves are banned","|rule|Moody Clause: Moody is banned","|rule|Evasion Moves Clause: Evasion moves are banned","|rule|Endless Battle Clause: Forcing endless battles is banned","|rule|HP Percentage Mod: HP is shown in percentages","|teampreview","|","|start","|switch|p1a: Shuckle|Shuckle, F|243/243","|switch|p2a: Aggron|Aggron, M|344/344","|turn|1","|","|detailschange|p2a: Aggron|Aggron-Mega, M","|-mega|p2a: Aggron|Aggron|Aggronite","|move|p2a: Aggron|Thunder Wave|p1a: Shuckle","|-status|p1a: Shuckle|par","|cant|p1a: Shuckle|par","|","|turn|2","|","|move|p2a: Aggron|Iron Head|p1a: Shuckle","|-supereffective|p1a: Shuckle","|-damage|p1a: Shuckle|111/243 par","|-enditem|p1a: Shuckle|Red Card|[of] p2a: Aggron","|drag|p2a: Ferrothorn|Ferrothorn, M|351/351","|move|p1a: Shuckle|Sticky Web|p2a: Ferrothorn","|-sidestart|p2: Jake1079|move: Sticky Web","|","|turn|3","|","|move|p2a: Ferrothorn|Stealth Rock|p1a: Shuckle","|-sidestart|p1: Crystal Bronze|move: Stealth Rock","|move|p1a: Shuckle|Stealth Rock|p2a: Ferrothorn","|-sidestart|p2: Jake1079|move: Stealth Rock","|","|turn|4","|","|move|p2a: Ferrothorn|Gyro Ball|p1a: Shuckle","|-supereffective|p1a: Shuckle","|-damage|p1a: Shuckle|103/243 par","|move|p1a: Shuckle|Infestation|p2a: Ferrothorn","|-damage|p2a: Ferrothorn|345/351","|-damage|p1a: Shuckle|73/243 par|[from] ability: Iron Barbs|[of] p2a: Ferrothorn","|-damage|p1a: Shuckle|33/243 par|[from] item: Rocky Helmet|[of] p2a: Ferrothorn","|-activate|p2a: Ferrothorn|move: Infestation|[of] p1a: Shuckle","|","|-damage|p2a: Ferrothorn|302/351|[from] move: Infestation|[partiallytrapped]","|turn|5","|","|move|p2a: Ferrothorn|Gyro Ball|p1a: Shuckle","|-supereffective|p1a: Shuckle","|-damage|p1a: Shuckle|21/243 par","|move|p1a: Shuckle|Toxic|p2a: Ferrothorn","|-immune|p2a: Ferrothorn|[msg]","|","|-damage|p2a: Ferrothorn|259/351|[from] move: Infestation|[partiallytrapped]","|turn|6","|","|move|p2a: Ferrothorn|Gyro Ball|p1a: Shuckle","|-supereffective|p1a: Shuckle","|-damage|p1a: Shuckle|13/243 par","|move|p1a: Shuckle|Toxic|p2a: Ferrothorn","|-immune|p2a: Ferrothorn|[msg]","|","|-damage|p2a: Ferrothorn|216/351|[from] move: Infestation|[partiallytrapped]","|turn|7","|","|move|p2a: Ferrothorn|Leech Seed|p1a: Shuckle","|-start|p1a: Shuckle|move: Leech Seed","|move|p1a: Shuckle|Infestation|p2a: Ferrothorn","|-damage|p2a: Ferrothorn|210/351","|-damage|p1a: Shuckle|0 fnt|[from] ability: Iron Barbs|[of] p2a: Ferrothorn","|faint|p1a: Shuckle","|","|","|switch|p1a: Pinsir|Pinsir, F|333/333","|-damage|p1a: Pinsir|250/333|[from] Stealth Rock","|turn|8","|","|detailschange|p1a: Pinsir|Pinsir-Mega, F","|-mega|p1a: Pinsir|Pinsir|Pinsirite","|move|p1a: Pinsir|Swords Dance|p1a: Pinsir","|-boost|p1a: Pinsir|atk|2","|move|p2a: Ferrothorn|Leech Seed|p1a: Pinsir","|-start|p1a: Pinsir|move: Leech Seed","|","|-damage|p1a: Pinsir|209/333|[from] Leech Seed|[of] p2a: Ferrothorn","|-heal|p2a: Ferrothorn|251/351|[silent]","|turn|9","|","|move|p2a: Ferrothorn|Protect|p2a: Ferrothorn","|-singleturn|p2a: Ferrothorn|Protect","|move|p1a: Pinsir|Swords Dance|p1a: Pinsir","|-boost|p1a: Pinsir|atk|2","|","|-damage|p1a: Pinsir|168/333|[from] Leech Seed|[of] p2a: Ferrothorn","|-heal|p2a: Ferrothorn|292/351|[silent]","|turn|10","|","|move|p1a: Pinsir|Return|p2a: Ferrothorn","|-damage|p2a: Ferrothorn|0 fnt","|-damage|p1a: Pinsir|127/333|[from] ability: Iron Barbs|[of] p2a: Ferrothorn","|-damage|p1a: Pinsir|72/333|[from] item: Rocky Helmet|[of] p2a: Ferrothorn","|faint|p2a: Ferrothorn","|","|","|switch|p2a: Doublade|Doublade, F|321/321","|-activate|p2a: Doublade|move: Sticky Web","|-unboost|p2a: Doublade|spe|1","|-damage|p2a: Doublade|301/321|[from] Stealth Rock","|turn|11","|","|move|p2a: Doublade|Shadow Sneak|p1a: Pinsir","|-damage|p1a: Pinsir|17/333","|move|p1a: Pinsir|Earthquake|p2a: Doublade","|-supereffective|p2a: Doublade","|-damage|p2a: Doublade|0 fnt","|faint|p2a: Doublade","|","|","|switch|p2a: Heatran|Heatran, F|386/386","|-damage|p2a: Heatran|338/386|[from] Stealth Rock","|-item|p2a: Heatran|Air Balloon","|turn|12","|","|move|p1a: Pinsir|Return|p2a: Heatran","|-resisted|p2a: Heatran","|-damage|p2a: Heatran|0 fnt","|-enditem|p2a: Heatran|Air Balloon","|faint|p2a: Heatran","|","|","|switch|p2a: Aggron|Aggron-Mega, M|344/344","|-damage|p2a: Aggron|323/344|[from] Stealth Rock","|-activate|p2a: Aggron|move: Sticky Web","|-unboost|p2a: Aggron|spe|1","|turn|13","|","|move|p1a: Pinsir|Earthquake|p2a: Aggron","|-supereffective|p2a: Aggron","|-damage|p2a: Aggron|23/344","|move|p2a: Aggron|Iron Head|p1a: Pinsir","|-damage|p1a: Pinsir|0 fnt","|faint|p1a: Pinsir","|","|","|switch|p1a: Forretress|Forretress, F|354/354","|-damage|p1a: Forretress|310/354|[from] Stealth Rock","|turn|14","|","|move|p1a: Forretress|Rapid Spin|p2a: Aggron","|-resisted|p2a: Aggron","|-damage|p2a: Aggron|18/344","|-sideend|p1: Crystal Bronze|Stealth Rock|[from] move: Rapid Spin|[of] p1a: Forretress","|move|p2a: Aggron|Earthquake|p1a: Forretress","|-damage|p1a: Forretress|227/354","|","|turn|15","|","|move|p1a: Forretress|Explosion|p2a: Aggron","|-resisted|p2a: Aggron","|-damage|p2a: Aggron|0 fnt","|faint|p1a: Forretress","|faint|p2a: Aggron","|","|","|switch|p1a: Volcarona|Volcarona, M|311/311","|switch|p2a: Empoleon|Empoleon, M|372/372","|-activate|p2a: Empoleon|move: Sticky Web","|-unboost|p2a: Empoleon|spe|1","|-damage|p2a: Empoleon|349/372|[from] Stealth Rock","|turn|16","|","|move|p1a: Volcarona|Quiver Dance|p1a: Volcarona","|-boost|p1a: Volcarona|spa|1","|-boost|p1a: Volcarona|spd|1","|-boost|p1a: Volcarona|spe|1","|move|p2a: Empoleon|Scald|p1a: Volcarona","|-supereffective|p1a: Volcarona","|-damage|p1a: Volcarona|21/311","|-enditem|p1a: Volcarona|Weakness Policy","|-boost|p1a: Volcarona|atk|2|[from] item: Weakness Policy","|-boost|p1a: Volcarona|spa|2|[from] item: Weakness Policy","|","|turn|17","|","|move|p1a: Volcarona|Fire Blast|p2a: Empoleon","|-damage|p2a: Empoleon|0 fnt","|faint|p2a: Empoleon","|","|","|switch|p2a: Excadrill|Excadrill, F|361/361","|-activate|p2a: Excadrill|move: Sticky Web","|-unboost|p2a: Excadrill|spe|1","|-damage|p2a: Excadrill|350/361|[from] Stealth Rock","|-ability|p2a: Excadrill|Mold Breaker","|turn|18","|","|move|p1a: Volcarona|Fire Blast|p2a: Excadrill","|-supereffective|p2a: Excadrill","|-damage|p2a: Excadrill|0 fnt","|faint|p2a: Excadrill","|","|win|Crystal Bronze"],"p1rating":{"entryid":"7501630","serverid":"eos","formatid":"monotype","userid":"crystalbronze","username":"Crystal Bronze","w":6,"l":"4","t":"0","gxe":52.2,"r":"1540.1606143388","rd":"122.8583080769","sigma":"0","rptime":"1439110800","rpr":1516.8953895279,"rprd":87.758649312762,"rpsigma":"0","acre":1103.9991370104,"lacre":1103.9991370104,"oldacre":"1073.0214264959"},"p2rating":{"entryid":"7429437","serverid":"eos","formatid":"monotype","userid":"jake1079","username":"Jake1079","w":"35","l":49,"t":"0","gxe":44.5,"r":"1431.2030779181","rd":"44.325998755676","sigma":"0","rptime":"1439110800","rpr":1458.2532402861,"rprd":39.312375132628,"rpsigma":"0","acre":1070.1054850625,"lacre":1070.1054850625,"oldacre":"1096.1517902573"},"endType":"normal"}