{"seed":[31683,16111,17425,37629],"turns":39,"p1":"Emg_DemZii","p2":"GTX Lynxice","p1team":[{"name":"Hoopa-Death","species":"hoopaunbound","item":"choicescarf","ability":"Magician","moves":["psychic","darkpulse","hiddenpowerfire","gunkshot"],"nature":"Hasty","evs":{"hp":0,"atk":4,"def":0,"spa":252,"spd":0,"spe":252},"ivs":{"hp":31,"atk":30,"def":31,"spa":30,"spd":31,"spe":30}},{"name":"Drip Drop","species":"sableye","item":"sablenite","ability":"Prankster","moves":["calmmind","snarl","willowisp","recover"],"nature":"Calm","evs":{"hp":4,"atk":0,"def":252,"spa":8,"spd":244,"spe":0},"shiny":true,"ivs":{"hp":31,"atk":31,"def":31,"spa":31,"spd":31,"spe":31}},{"name":"Not a power ranger","species":"bisharp","item":"choicescarf","ability":"Defiant","moves":["ironhead","stoneedge","brickbreak","suckerpunch"],"nature":"Jolly","evs":{"hp":0,"atk":252,"def":0,"spa":0,"spd":4,"spe":252},"shiny":true,"ivs":{"hp":31,"atk":31,"def":31,"spa":31,"spd":31,"spe":31}},{"name":"Mark","species":"umbreon","item":"leftovers","ability":"Synchronize","moves":["snatch","batonpass","protect","foulplay"],"nature":"Impish","evs":{"hp":0,"atk":4,"def":252,"spa":0,"spd":252,"spe":0},"shiny":true,"ivs":{"hp":31,"atk":31,"def":31,"spa":31,"spd":31,"spe":31}},{"name":"Rape","species":"drapion","item":"choiceband","ability":"Sniper","moves":["crosspoison","nightslash","firefang","substitute"],"nature":"Adamant","evs":{"hp":248,"atk":252,"def":0,"spa":0,"spd":8,"spe":0},"shiny":true,"ivs":{"hp":31,"atk":31,"def":31,"spa":31,"spd":31,"spe":31}},{"name":"No ideas 4 names","species":"mandibuzz","item":"rockyhelmet","ability":"Big Pecks","moves":["roost","tailwind","heatwave","taunt"],"nature":"Bold","evs":{"hp":248,"atk":0,"def":252,"spa":0,"spd":0,"spe":0},"shiny":true,"ivs":{"hp":31,"atk":31,"def":31,"spa":31,"spd":31,"spe":31}}],"p2team":[{"name":"W5 Swampert","species":"swampert","item":"focussash","ability":"Torrent","moves":["protect","counter","mirrorcoat","waterfall"],"nature":"Jolly","evs":{"hp":0,"atk":252,"def":0,"spa":0,"spd":0,"spe":248},"ivs":{"hp":31,"atk":31,"def":31,"spa":31,"spd":31,"spe":31}},{"name":"W3 Cloyster","species":"cloyster","item":"focussash","ability":"Skill Link","moves":["rockblast","iciclespear","rapidspin","shellsmash"],"nature":"Naive","evs":{"hp":0,"atk":252,"def":0,"spa":0,"spd":0,"spe":252},"ivs":{"hp":31,"atk":31,"def":31,"spa":31,"spd":31,"spe":31}},{"name":"W4 Lapras","species":"lapras","item":"chestoberry","ability":"Shell Armor","moves":["whirlpool","surf","rest","thunderbolt"],"nature":"Timid","evs":{"hp":252,"atk":0,"def":40,"spa":0,"spd":0,"spe":216},"ivs":{"hp":31,"atk":31,"def":31,"spa":31,"spd":31,"spe":31}},{"name":"W1 Milotic","species":"milotic","item":"wacanberry","ability":"Marvel Scale","moves":["recover","hypnosis","surf","icebeam"],"nature":"Timid","evs":{"hp":252,"atk":0,"def":252,"spa":0,"spd":0,"spe":4},"ivs":{"hp":31,"atk":31,"def":31,"spa":31,"spd":31,"spe":31}},{"name":"W2 Lanturn","species":"lanturn","item":"leftovers","ability":"Volt Absorb","moves":["thunderbolt","toxic","healbell","scald"],"nature":"","evs":{"hp":252,"atk":0,"def":0,"spa":252,"spd":0,"spe":4},"ivs":{"hp":31,"atk":31,"def":31,"spa":31,"spd":31,"spe":31}},{"name":"W5 Azumarill","species":"azumarill","item":"leftovers","ability":"Sap Sipper","moves":["icepunch","waterfall","aquajet","playrough"],"nature":"Adamant","evs":{"hp":252,"atk":252,"def":0,"spa":0,"spd":0,"spe":0},"ivs":{"hp":31,"atk":31,"def":31,"spa":31,"spd":31,"spe":31}}],"log":["|player|p1|Emg_DemZii|274","|player|p2|GTX Lynxice|281","|gametype|singles","|gen|6","|tier|Monotype","|rated","|rule|Baton Pass Clause: Limit one Baton Passer, can't pass Spe and other stats simultaneously","|rule|Swagger Clause: Swagger is banned","|rule|Same Type Clause: Pokémon in a team must share a type","|clearpoke","|poke|p1|Hoopa-Unbound","|poke|p1|Sableye, F, shiny","|poke|p1|Bisharp, F, shiny","|poke|p1|Umbreon, M, shiny","|poke|p1|Drapion, F, shiny","|poke|p1|Mandibuzz, F, shiny","|poke|p2|Swampert, M","|poke|p2|Cloyster, M","|poke|p2|Lapras, F","|poke|p2|Milotic, M","|poke|p2|Lanturn, F","|poke|p2|Azumarill, M","|rule|Sleep Clause Mod: Limit one foe put to sleep","|rule|Species Clause: Limit one of each Pokémon","|rule|OHKO Clause: OHKO moves are banned","|rule|Moody Clause: Moody is banned","|rule|Evasion Moves Clause: Evasion moves are banned","|rule|Endless Battle Clause: Forcing endless battles is banned","|rule|HP Percentage Mod: HP is shown in percentages","|teampreview","|","|start","|switch|p1a: Not a power ranger|Bisharp, F, shiny|271/271","|switch|p2a: W1 Milotic|Milotic, M|394/394","|turn|1","|","|move|p1a: Not a power ranger|Iron Head|p2a: W1 Milotic","|-resisted|p2a: W1 Milotic","|-damage|p2a: W1 Milotic|329/394","|cant|p2a: W1 Milotic|flinch","|","|turn|2","|","|switch|p1a: Mark|Umbreon, M, shiny|331/331","|move|p2a: W1 Milotic|Hypnosis|p1a: Mark","|-status|p1a: Mark|slp","|","|turn|3","|","|switch|p2a: W3 Cloyster|Cloyster, M|241/241","|switch|p1a: Drip Drop|Sableye, F, shiny|242/242","|","|turn|4","|","|detailschange|p1a: Drip Drop|Sableye-Mega, F, shiny","|-mega|p1a: Drip Drop|Sableye|Sablenite","|move|p1a: Drip Drop|Will-O-Wisp|p2a: W3 Cloyster|[miss]","|-miss|p1a: Drip Drop|p2a: W3 Cloyster","|move|p2a: W3 Cloyster|Shell Smash|p2a: W3 Cloyster","|-unboost|p2a: W3 Cloyster|def|1","|-unboost|p2a: W3 Cloyster|spd|1","|-boost|p2a: W3 Cloyster|atk|2","|-boost|p2a: W3 Cloyster|spa|2","|-boost|p2a: W3 Cloyster|spe|2","|","|turn|5","|","|move|p2a: W3 Cloyster|Icicle Spear|p1a: Drip Drop","|-damage|p1a: Drip Drop|193/242","|-damage|p1a: Drip Drop|145/242","|-damage|p1a: Drip Drop|96/242","|-damage|p1a: Drip Drop|47/242","|-damage|p1a: Drip Drop|2/242","|-hitcount|p1a: Drip Drop|5","|move|p1a: Drip Drop|Will-O-Wisp|p2a: W3 Cloyster","|-status|p2a: W3 Cloyster|brn","|","|-damage|p2a: W3 Cloyster|211/241 brn|[from] brn","|turn|6","|","|move|p2a: W3 Cloyster|Icicle Spear|p1a: Drip Drop","|-damage|p1a: Drip Drop|0 fnt","|-hitcount|p1a: Drip Drop|1","|faint|p1a: Drip Drop","|","|-damage|p2a: W3 Cloyster|181/241 brn|[from] brn","|","|switch|p1a: Not a power ranger|Bisharp, F, shiny|271/271","|turn|7","|","|move|p2a: W3 Cloyster|Icicle Spear|p1a: Not a power ranger","|-resisted|p1a: Not a power ranger","|-damage|p1a: Not a power ranger|252/271","|-resisted|p1a: Not a power ranger","|-damage|p1a: Not a power ranger|234/271","|-resisted|p1a: Not a power ranger","|-damage|p1a: Not a power ranger|217/271","|-resisted|p1a: Not a power ranger","|-damage|p1a: Not a power ranger|198/271","|-resisted|p1a: Not a power ranger","|-damage|p1a: Not a power ranger|179/271","|-hitcount|p1a: Not a power ranger|5","|move|p1a: Not a power ranger|Iron Head|p2a: W3 Cloyster","|-damage|p2a: W3 Cloyster|49/241 brn","|","|-damage|p2a: W3 Cloyster|19/241 brn|[from] brn","|turn|8","|","|switch|p1a: Mark|Umbreon, M, shiny|331/331 slp","|move|p2a: W3 Cloyster|Rock Blast|p1a: Mark","|-damage|p1a: Mark|315/331 slp","|-damage|p1a: Mark|298/331 slp","|-damage|p1a: Mark|281/331 slp","|-damage|p1a: Mark|266/331 slp","|-damage|p1a: Mark|250/331 slp","|-hitcount|p1a: Mark|5","|","|-heal|p1a: Mark|270/331 slp|[from] item: Leftovers","|-damage|p2a: W3 Cloyster|0 fnt|[from] brn","|faint|p2a: W3 Cloyster","|","|switch|p2a: W2 Lanturn|Lanturn, F|454/454","|turn|9","|","|cant|p1a: Mark|slp","|move|p2a: W2 Lanturn|Scald|p1a: Mark","|-damage|p1a: Mark|200/331 slp","|","|-heal|p1a: Mark|220/331 slp|[from] item: Leftovers","|turn|10","|","|-curestatus|p1a: Mark|slp","|move|p1a: Mark|Protect|p1a: Mark","|-singleturn|p1a: Mark|Protect","|move|p2a: W2 Lanturn|Thunderbolt|p1a: Mark","|-activate|p1a: Mark|Protect","|","|-heal|p1a: Mark|240/331|[from] item: Leftovers","|turn|11","|","|move|p2a: W2 Lanturn|Thunderbolt|p1a: Mark","|-damage|p1a: Mark|171/331","|move|p1a: Mark|Foul Play|p2a: W2 Lanturn","|-damage|p2a: W2 Lanturn|345/454","|","|-heal|p2a: W2 Lanturn|373/454|[from] item: Leftovers","|-heal|p1a: Mark|191/331|[from] item: Leftovers","|turn|12","|","|move|p1a: Mark|Protect|p1a: Mark","|-singleturn|p1a: Mark|Protect","|move|p2a: W2 Lanturn|Toxic|p1a: Mark","|-activate|p1a: Mark|Protect","|","|-heal|p2a: W2 Lanturn|401/454|[from] item: Leftovers","|-heal|p1a: Mark|211/331|[from] item: Leftovers","|turn|13","|","|move|p1a: Mark|Snatch|p1a: Mark","|-singleturn|p1a: Mark|Snatch","|move|p2a: W2 Lanturn|Scald|p1a: Mark","|-damage|p1a: Mark|144/331","|","|-heal|p2a: W2 Lanturn|429/454|[from] item: Leftovers","|-heal|p1a: Mark|164/331|[from] item: Leftovers","|turn|14","|","|move|p1a: Mark|Protect|p1a: Mark","|-singleturn|p1a: Mark|Protect","|move|p2a: W2 Lanturn|Scald|p1a: Mark","|-activate|p1a: Mark|Protect","|","|-heal|p2a: W2 Lanturn|454/454|[from] item: Leftovers","|-heal|p1a: Mark|184/331|[from] item: Leftovers","|turn|15","|","|move|p1a: Mark|Snatch|p1a: Mark","|-singleturn|p1a: Mark|Snatch","|move|p2a: W2 Lanturn|Scald|p1a: Mark","|-damage|p1a: Mark|117/331","|-status|p1a: Mark|brn","|-status|p2a: W2 Lanturn|brn","|","|-heal|p1a: Mark|137/331 brn|[from] item: Leftovers","|-damage|p2a: W2 Lanturn|398/454 brn|[from] brn","|-damage|p1a: Mark|96/331 brn|[from] brn","|turn|16","|","|move|p1a: Mark|Protect|p1a: Mark","|-singleturn|p1a: Mark|Protect","|move|p2a: W2 Lanturn|Heal Bell|p2a: W2 Lanturn","|-cureteam|p2a: W2 Lanturn|[from] move: HealBell","|","|-heal|p2a: W2 Lanturn|426/454|[from] item: Leftovers","|-heal|p1a: Mark|116/331 brn|[from] item: Leftovers","|-damage|p1a: Mark|75/331 brn|[from] brn","|turn|17","|","|switch|p1a: Rape|Drapion, F, shiny|343/343","|move|p2a: W2 Lanturn|Thunderbolt|p1a: Rape","|-damage|p1a: Rape|213/343","|","|-heal|p2a: W2 Lanturn|454/454|[from] item: Leftovers","|turn|18","|","|move|p1a: Rape|Cross Poison|p2a: W2 Lanturn","|-damage|p2a: W2 Lanturn|213/454","|move|p2a: W2 Lanturn|Thunderbolt|p1a: Rape","|-damage|p1a: Rape|60/343","|","|-heal|p2a: W2 Lanturn|241/454|[from] item: Leftovers","|turn|19","|","|switch|p2a: W1 Milotic|Milotic, M|329/394","|move|p1a: Rape|Cross Poison|p2a: W1 Milotic","|-damage|p2a: W1 Milotic|188/394","|","|turn|20","|","|move|p1a: Rape|Cross Poison|p2a: W1 Milotic","|-damage|p2a: W1 Milotic|50/394","|move|p2a: W1 Milotic|Recover|p2a: W1 Milotic","|-heal|p2a: W1 Milotic|247/394","|","|turn|21","|","|move|p1a: Rape|Cross Poison|p2a: W1 Milotic","|-damage|p2a: W1 Milotic|91/394","|-status|p2a: W1 Milotic|psn","|move|p2a: W1 Milotic|Recover|p2a: W1 Milotic","|-heal|p2a: W1 Milotic|288/394 psn","|","|-damage|p2a: W1 Milotic|239/394 psn|[from] psn","|turn|22","|","|move|p1a: Rape|Cross Poison|p2a: W1 Milotic","|-damage|p2a: W1 Milotic|134/394 psn","|move|p2a: W1 Milotic|Surf|p1a: Rape","|-damage|p1a: Rape|0 fnt","|faint|p1a: Rape","|","|-damage|p2a: W1 Milotic|85/394 psn|[from] psn","|","|switch|p1a: Hoopa-Death|Hoopa-Unbound|301/301","|turn|23","|","|move|p1a: Hoopa-Death|Psychic|p2a: W1 Milotic","|-damage|p2a: W1 Milotic|0 fnt","|faint|p2a: W1 Milotic","|","|","|switch|p2a: W4 Lapras|Lapras, F|464/464","|turn|24","|","|switch|p1a: Mark|Umbreon, M, shiny|75/331 brn","|move|p2a: W4 Lapras|Whirlpool|p1a: Mark","|-damage|p1a: Mark|50/331 brn","|-activate|p1a: Mark|move: Whirlpool|[of] p2a: W4 Lapras","|","|-heal|p1a: Mark|70/331 brn|[from] item: Leftovers","|-damage|p1a: Mark|29/331 brn|[from] brn","|-damage|p1a: Mark|0 fnt|[from] move: Whirlpool|[partiallytrapped]","|faint|p1a: Mark","|","|switch|p1a: Not a power ranger|Bisharp, F, shiny|179/271","|turn|25","|","|move|p1a: Not a power ranger|Iron Head|p2a: W4 Lapras","|-damage|p2a: W4 Lapras|311/464","|move|p2a: W4 Lapras|Surf|p1a: Not a power ranger","|-damage|p1a: Not a power ranger|49/271","|","|turn|26","|","|switch|p1a: No ideas 4 names|Mandibuzz, F, shiny|423/423","|move|p2a: W4 Lapras|Whirlpool|p1a: No ideas 4 names","|-damage|p1a: No ideas 4 names|386/423","|-activate|p1a: No ideas 4 names|move: Whirlpool|[of] p2a: W4 Lapras","|","|-damage|p1a: No ideas 4 names|334/423|[from] move: Whirlpool|[partiallytrapped]","|turn|27","|","|move|p2a: W4 Lapras|Thunderbolt|p1a: No ideas 4 names","|-supereffective|p1a: No ideas 4 names","|-damage|p1a: No ideas 4 names|210/423","|-status|p1a: No ideas 4 names|par","|move|p1a: No ideas 4 names|Heat Wave|p2a: W4 Lapras","|-damage|p2a: W4 Lapras|265/464","|-status|p2a: W4 Lapras|brn","|","|-damage|p2a: W4 Lapras|207/464 brn|[from] brn","|-damage|p1a: No ideas 4 names|158/423 par|[from] move: Whirlpool|[partiallytrapped]","|turn|28","|","|move|p2a: W4 Lapras|Rest|p2a: W4 Lapras","|-status|p2a: W4 Lapras|slp","|-heal|p2a: W4 Lapras|464/464 slp|[silent]","|-status|p2a: W4 Lapras|slp|[from] move: Rest","|-enditem|p2a: W4 Lapras|Chesto Berry|[eat]","|-curestatus|p2a: W4 Lapras|slp","|move|p1a: No ideas 4 names|Roost|p1a: No ideas 4 names","|-heal|p1a: No ideas 4 names|370/423 par","|","|-damage|p1a: No ideas 4 names|318/423 par|[from] move: Whirlpool|[partiallytrapped]","|turn|29","|","|move|p2a: W4 Lapras|Thunderbolt|p1a: No ideas 4 names","|-supereffective|p1a: No ideas 4 names","|-damage|p1a: No ideas 4 names|180/423 par","|cant|p1a: No ideas 4 names|par","|","|-damage|p1a: No ideas 4 names|128/423 par|[from] move: Whirlpool|[partiallytrapped]","|turn|30","|","|move|p2a: W4 Lapras|Thunderbolt|p1a: No ideas 4 names","|-supereffective|p1a: No ideas 4 names","|-damage|p1a: No ideas 4 names|8/423 par","|cant|p1a: No ideas 4 names|par","|","|-end|p1a: No ideas 4 names|Whirlpool|[partiallytrapped]","|turn|31","|","|move|p2a: W4 Lapras|Thunderbolt|p1a: No ideas 4 names","|-supereffective|p1a: No ideas 4 names","|-damage|p1a: No ideas 4 names|0 fnt","|faint|p1a: No ideas 4 names","|","|","|switch|p1a: Hoopa-Death|Hoopa-Unbound|301/301","|turn|32","|","|move|p1a: Hoopa-Death|Psychic|p2a: W4 Lapras","|-damage|p2a: W4 Lapras|268/464","|move|p2a: W4 Lapras|Whirlpool|p1a: Hoopa-Death","|-damage|p1a: Hoopa-Death|268/301","|-activate|p1a: Hoopa-Death|move: Whirlpool|[of] p2a: W4 Lapras","|","|-damage|p1a: Hoopa-Death|231/301|[from] move: Whirlpool|[partiallytrapped]","|turn|33","|","|move|p1a: Hoopa-Death|Psychic|p2a: W4 Lapras","|-damage|p2a: W4 Lapras|73/464","|move|p2a: W4 Lapras|Rest|p2a: W4 Lapras","|-status|p2a: W4 Lapras|slp","|-heal|p2a: W4 Lapras|464/464 slp|[silent]","|-status|p2a: W4 Lapras|slp|[from] move: Rest","|","|-damage|p1a: Hoopa-Death|194/301|[from] move: Whirlpool|[partiallytrapped]","|turn|34","|","|move|p1a: Hoopa-Death|Psychic|p2a: W4 Lapras","|-damage|p2a: W4 Lapras|242/464 slp","|cant|p2a: W4 Lapras|slp","|","|-damage|p1a: Hoopa-Death|157/301|[from] move: Whirlpool|[partiallytrapped]","|turn|35","|","|move|p1a: Hoopa-Death|Psychic|p2a: W4 Lapras","|-damage|p2a: W4 Lapras|43/464 slp","|cant|p2a: W4 Lapras|slp","|","|-damage|p1a: Hoopa-Death|120/301|[from] move: Whirlpool|[partiallytrapped]","|turn|36","|","|move|p1a: Hoopa-Death|Psychic|p2a: W4 Lapras","|-damage|p2a: W4 Lapras|0 fnt","|faint|p2a: W4 Lapras","|","|","|switch|p2a: W5 Azumarill|Azumarill, M|404/404","|turn|37","|","|move|p1a: Hoopa-Death|Psychic|p2a: W5 Azumarill","|-damage|p2a: W5 Azumarill|167/404","|move|p2a: W5 Azumarill|Play Rough|p1a: Hoopa-Death","|-supereffective|p1a: Hoopa-Death","|-damage|p1a: Hoopa-Death|0 fnt","|faint|p1a: Hoopa-Death","|","|-heal|p2a: W5 Azumarill|192/404|[from] item: Leftovers","|","|switch|p1a: Not a power ranger|Bisharp, F, shiny|49/271","|turn|38","|","|move|p2a: W5 Azumarill|Aqua Jet|p1a: Not a power ranger","|-damage|p1a: Not a power ranger|7/271","|move|p1a: Not a power ranger|Iron Head|p2a: W5 Azumarill","|-damage|p2a: W5 Azumarill|23/404","|","|-heal|p2a: W5 Azumarill|48/404|[from] item: Leftovers","|turn|39","|","|move|p2a: W5 Azumarill|Aqua Jet|p1a: Not a power ranger","|-damage|p1a: Not a power ranger|0 fnt","|faint|p1a: Not a power ranger","|","|win|GTX Lynxice"],"p1rating":{"entryid":"7361210","serverid":"eos","formatid":"monotype","userid":"emgdemzii","username":"Emg_DemZii","w":"6","l":18,"t":"0","gxe":29.2,"r":"1354.9897068034","rd":"69.648218576485","sigma":"0","rptime":"1439024400","rpr":1330.2948035948,"rprd":66.492065156711,"rpsigma":"0","acre":1000,"lacre":1000,"oldacre":"1009.2769211921"},"p2rating":{"entryid":7503497,"formatid":"monotype","userid":"gtxlynxice","username":"GTX Lynxice","r":1500,"rd":130,"sigma":0,"rpr":1526.1723653199,"rprd":123.19346773894,"rpsigma":0,"rptime":1439024400,"w":1,"l":0,"t":0,"gxe":53.3,"acre":1041.0677912737,"lacre":1041.0677912737,"oldacre":1000},"endType":"normal"}