{"seed":[47165,57167,47437,53104],"turns":61,"p1":"Erebus JZB","p2":"Guard Naruto","p1team":[{"name":"Tutankhamun","species":"cofagrigus","item":"leftovers","ability":"Mummy","moves":["painsplit","willowisp","hex","knockoff"],"nature":"Bold","evs":{"hp":168,"atk":0,"def":224,"spa":0,"spd":116,"spe":0},"gender":"M","ivs":{"hp":31,"atk":31,"def":31,"spa":31,"spd":31,"spe":31}},{"name":"Jelli","species":"jellicent","item":"leftovers","ability":"Cursed Body","moves":["toxic","scald","taunt","recover"],"nature":"Calm","evs":{"hp":216,"atk":0,"def":136,"spa":0,"spd":112,"spe":44},"gender":"F","shiny":true,"ivs":{"hp":31,"atk":31,"def":31,"spa":31,"spd":31,"spe":31}},{"name":"Chesire","species":"gengar","item":"focussash","ability":"Levitate","moves":["dazzlinggleam","sludgewave","shadowball","destinybond"],"nature":"Timid","evs":{"hp":4,"atk":0,"def":0,"spa":252,"spd":0,"spe":252},"gender":"M","shiny":true,"ivs":{"hp":31,"atk":31,"def":31,"spa":31,"spd":31,"spe":31}},{"name":"Yuki","species":"froslass","item":"focussash","ability":"Cursed Body","moves":["frostbreath","thunderbolt","thunderwave","destinybond"],"nature":"Timid","evs":{"hp":0,"atk":0,"def":0,"spa":252,"spd":4,"spe":252},"ivs":{"hp":31,"atk":31,"def":31,"spa":31,"spd":31,"spe":31}},{"name":"Doll","species":"banette","item":"banettite","ability":"Frisk","moves":["magiccoat","willowisp","shadowsneak","destinybond"],"nature":"Adamant","evs":{"hp":4,"atk":252,"def":0,"spa":0,"spd":0,"spe":252},"gender":"F","shiny":true,"ivs":{"hp":31,"atk":31,"def":31,"spa":31,"spd":31,"spe":31}},{"name":"Claymore","species":"aegislash","item":"weaknesspolicy","ability":"Stance Change","moves":["shadowsneak","flashcannon","sacredsword","kingsshield"],"nature":"Sassy","evs":{"hp":168,"atk":0,"def":88,"spa":0,"spd":252,"spe":0},"gender":"M","shiny":true,"ivs":{"hp":31,"atk":31,"def":31,"spa":31,"spd":31,"spe":31}}],"p2team":[{"name":"Ditto","species":"Ditto","item":"choicescarf","ability":"Imposter","moves":["transform"],"nature":"Bold","evs":{"hp":252,"atk":0,"def":252,"spa":0,"spd":6,"spe":0},"ivs":{"hp":31,"atk":31,"def":31,"spa":31,"spd":31,"spe":31}},{"name":"Heliolisk","species":"Heliolisk","item":"assaultvest","ability":"Dry Skin","moves":["thunderbolt","surf","focusblast","paraboliccharge"],"nature":"Bold","evs":{"hp":248,"atk":0,"def":252,"spa":8,"spd":0,"spe":0},"ivs":{"hp":31,"atk":31,"def":31,"spa":31,"spd":31,"spe":31}},{"name":"Kecleon","species":"Kecleon","item":"lifeorb","ability":"Protean","moves":["drainpunch","recover","shadowsneak","firepunch"],"nature":"Adamant","evs":{"hp":248,"atk":252,"def":0,"spa":0,"spd":8,"spe":0},"ivs":{"hp":31,"atk":31,"def":31,"spa":31,"spd":31,"spe":31}},{"name":"Audino","species":"Audino","item":"audinite","ability":"Regenerator","moves":["calmmind","flamethrower","healbell","drainingkiss"],"nature":"Bold","evs":{"hp":164,"atk":0,"def":252,"spa":40,"spd":52,"spe":0},"ivs":{"hp":31,"atk":31,"def":31,"spa":31,"spd":31,"spe":31}},{"name":"Pyroar","species":"Pyroar","item":"choicespecs","ability":"Unnerve","moves":["flamethrower","darkpulse","hypervoice","overheat"],"nature":"Timid","evs":{"hp":0,"atk":0,"def":0,"spa":252,"spd":4,"spe":252},"ivs":{"hp":31,"atk":31,"def":31,"spa":31,"spd":31,"spe":31}},{"name":"Miltank","species":"Miltank","item":"leftovers","ability":"Thick Fat","moves":["poweruppunch","bodyslam","milkdrink","firepunch"],"nature":"Careful","evs":{"hp":248,"atk":0,"def":60,"spa":0,"spd":200,"spe":0},"ivs":{"hp":31,"atk":31,"def":31,"spa":31,"spd":31,"spe":31}}],"log":["|player|p1|Erebus JZB|154","|player|p2|Guard Naruto|284","|gametype|singles","|gen|6","|tier|Monotype","|rated","|rule|Baton Pass Clause: Limit one Baton Passer, can't pass Spe and other stats simultaneously","|rule|Swagger Clause: Swagger is banned","|rule|Same Type Clause: Pokémon in a team must share a type","|clearpoke","|poke|p1|Cofagrigus, M","|poke|p1|Jellicent, F, shiny","|poke|p1|Gengar, M, shiny","|poke|p1|Froslass, F","|poke|p1|Banette, F, shiny","|poke|p1|Aegislash, M, shiny","|poke|p2|Ditto","|poke|p2|Heliolisk, F","|poke|p2|Kecleon, M","|poke|p2|Audino, F","|poke|p2|Pyroar, M","|poke|p2|Miltank, F","|rule|Sleep Clause Mod: Limit one foe put to sleep","|rule|Species Clause: Limit one of each Pokémon","|rule|OHKO Clause: OHKO moves are banned","|rule|Moody Clause: Moody is banned","|rule|Evasion Moves Clause: Evasion moves are banned","|rule|Endless Battle Clause: Forcing endless battles is banned","|rule|HP Percentage Mod: HP is shown in percentages","|teampreview","|","|start","|switch|p1a: Doll|Banette, F, shiny|270/270","|switch|p2a: Pyroar|Pyroar, M|313/313","|-ability|p2a: Pyroar|Unnerve|p1: Erebus JZB","|-item|p2a: Pyroar|Choice Specs|[from] ability: Frisk|[of] p1a: Doll|[identify]","|turn|1","|","|switch|p1a: Jelli|Jellicent, F, shiny|395/395","|move|p2a: Pyroar|Dark Pulse|p1a: Jelli","|-supereffective|p1a: Jelli","|-damage|p1a: Jelli|205/395","|-start|p2a: Pyroar|Disable|Dark Pulse","|","|-heal|p1a: Jelli|229/395|[from] item: Leftovers","|turn|2","|","|switch|p2a: Heliolisk|Heliolisk, F|327/327","|move|p1a: Jelli|Scald|p2a: Heliolisk","|-immune|p2a: Heliolisk|[msg]","|","|-heal|p1a: Jelli|253/395|[from] item: Leftovers","|turn|3","|","|switch|p1a: Yuki|Froslass, F|281/281","|move|p2a: Heliolisk|Thunderbolt|p1a: Yuki","|-crit|p1a: Yuki","|-damage|p1a: Yuki|61/281","|","|turn|4","|","|switch|p2a: Kecleon|Kecleon, M|323/323","|move|p1a: Yuki|Destiny Bond|p1a: Yuki","|-singlemove|p1a: Yuki|Destiny Bond","|","|turn|5","|","|move|p1a: Yuki|Thunder Wave|p2a: Kecleon","|-status|p2a: Kecleon|par","|move|p2a: Kecleon|Recover|p2a: Kecleon","|-fail|p2a: Kecleon","|","|turn|6","|","|move|p2a: Kecleon|Shadow Sneak|p1a: Yuki","|-start|p2a: Kecleon|typechange|Ghost|[from] Protean","|-supereffective|p1a: Yuki","|-damage|p1a: Yuki|0 fnt","|-start|p2a: Kecleon|Disable|Shadow Sneak","|-damage|p2a: Kecleon|291/323 par|[from] item: Life Orb","|faint|p1a: Yuki","|","|","|switch|p1a: Claymore|Aegislash, M, shiny|303/303","|turn|7","|","|switch|p2a: Pyroar|Pyroar, M|313/313","|-ability|p2a: Pyroar|Unnerve|p1: Erebus JZB","|-formechange|p1a: Claymore|Aegislash-Blade","|move|p1a: Claymore|Sacred Sword|p2a: Pyroar","|-supereffective|p2a: Pyroar","|-damage|p2a: Pyroar|49/313","|","|turn|8","|","|-formechange|p1a: Claymore|Aegislash","|move|p1a: Claymore|King's Shield|p1a: Claymore","|-singleturn|p1a: Claymore|Protect","|move|p2a: Pyroar|Dark Pulse|p1a: Claymore","|-activate|p1a: Claymore|Protect","|","|turn|9","|","|move|p2a: Pyroar|Dark Pulse|p1a: Claymore","|-crit|p1a: Claymore","|-supereffective|p1a: Claymore","|-damage|p1a: Claymore|105/303","|-enditem|p1a: Claymore|Weakness Policy","|-boost|p1a: Claymore|atk|2|[from] item: Weakness Policy","|-boost|p1a: Claymore|spa|2|[from] item: Weakness Policy","|-formechange|p1a: Claymore|Aegislash-Blade","|move|p1a: Claymore|Flash Cannon|p2a: Pyroar","|-resisted|p2a: Pyroar","|-damage|p2a: Pyroar|0 fnt","|faint|p2a: Pyroar","|","|","|switch|p2a: Ditto|Ditto|300/300","|-transform|p2a: Ditto|p1a: Claymore","|turn|10","|","|-formechange|p1a: Claymore|Aegislash","|move|p1a: Claymore|King's Shield|p1a: Claymore","|-singleturn|p1a: Claymore|Protect","|move|p2a: Ditto|Shadow Sneak|p1a: Claymore","|-activate|p1a: Claymore|Protect","|-unboost|p2a: Ditto|atk|2","|","|turn|11","|","|move|p2a: Ditto|Shadow Sneak|p1a: Claymore","|-supereffective|p1a: Claymore","|-damage|p1a: Claymore|15/303","|-formechange|p1a: Claymore|Aegislash-Blade","|move|p1a: Claymore|Shadow Sneak|p2a: Ditto","|-supereffective|p2a: Ditto","|-damage|p2a: Ditto|0 fnt","|faint|p2a: Ditto","|","|","|switch|p2a: Heliolisk|Heliolisk, F|327/327","|turn|12","|","|-formechange|p1a: Claymore|Aegislash","|move|p1a: Claymore|King's Shield|p1a: Claymore","|-singleturn|p1a: Claymore|Protect","|move|p2a: Heliolisk|Thunderbolt|p1a: Claymore","|-activate|p1a: Claymore|Protect","|","|turn|13","|","|move|p2a: Heliolisk|Thunderbolt|p1a: Claymore","|-crit|p1a: Claymore","|-damage|p1a: Claymore|0 fnt","|faint|p1a: Claymore","|","|","|switch|p1a: Chesire|Gengar, M, shiny|262/262","|turn|14","|","|move|p1a: Chesire|Sludge Wave|p2a: Heliolisk","|-damage|p2a: Heliolisk|207/327","|move|p2a: Heliolisk|Thunderbolt|p1a: Chesire","|-damage|p1a: Chesire|118/262","|-status|p1a: Chesire|par","|","|turn|15","|","|move|p2a: Heliolisk|Thunderbolt|p1a: Chesire","|-damage|p1a: Chesire|0 fnt","|faint|p1a: Chesire","|","|","|switch|p1a: Doll|Banette, F, shiny|270/270","|-item|p2a: Heliolisk|Assault Vest|[from] ability: Frisk|[of] p1a: Doll|[identify]","|turn|16","|","|switch|p2a: Miltank|Miltank, F|393/393","|detailschange|p1a: Doll|Banette-Mega, F, shiny","|-mega|p1a: Doll|Banette|Banettite","|move|p1a: Doll|Destiny Bond|p1a: Doll","|-singlemove|p1a: Doll|Destiny Bond","|","|turn|17","|","|move|p1a: Doll|Will-O-Wisp|p2a: Miltank","|-status|p2a: Miltank|brn","|move|p2a: Miltank|Fire Punch|p1a: Doll","|-damage|p1a: Doll|240/270","|-status|p1a: Doll|brn","|","|-damage|p1a: Doll|207/270 brn|[from] brn","|-damage|p2a: Miltank|344/393 brn|[from] brn","|turn|18","|","|switch|p1a: Jelli|Jellicent, F, shiny|253/395","|move|p2a: Miltank|Fire Punch|p1a: Jelli","|-resisted|p1a: Jelli","|-damage|p1a: Jelli|239/395","|","|-heal|p2a: Miltank|368/393 brn|[from] item: Leftovers","|-heal|p1a: Jelli|263/395|[from] item: Leftovers","|-damage|p2a: Miltank|319/393 brn|[from] brn","|turn|19","|","|switch|p2a: Heliolisk|Heliolisk, F|207/327","|move|p1a: Jelli|Toxic|p2a: Heliolisk","|-status|p2a: Heliolisk|tox","|","|-heal|p1a: Jelli|287/395|[from] item: Leftovers","|-damage|p2a: Heliolisk|187/327 tox|[from] psn","|turn|20","|","|move|p2a: Heliolisk|Thunderbolt|p1a: Jelli","|-supereffective|p1a: Jelli","|-damage|p1a: Jelli|113/395","|move|p1a: Jelli|Recover|p1a: Jelli","|-heal|p1a: Jelli|311/395","|","|-heal|p1a: Jelli|335/395|[from] item: Leftovers","|-damage|p2a: Heliolisk|147/327 tox|[from] psn","|turn|21","|","|switch|p2a: Audino|Audino, F|388/388","|move|p1a: Jelli|Recover|p1a: Jelli","|-heal|p1a: Jelli|395/395","|","|turn|22","|","|detailschange|p2a: Audino|Audino-Mega, F","|-mega|p2a: Audino|Audino|Audinite","|move|p1a: Jelli|Taunt|p2a: Audino","|-start|p2a: Audino|move: Taunt","|cant|p2a: Audino|move: Taunt|Calm Mind","|","|turn|23","|","|switch|p2a: Kecleon|Kecleon, M|291/323 par","|move|p1a: Jelli|Toxic|p2a: Kecleon","|-fail|p2a: Kecleon","|","|turn|24","|","|switch|p1a: Doll|Banette-Mega, F, shiny|207/270 brn","|move|p2a: Kecleon|Shadow Sneak|p1a: Doll","|-start|p2a: Kecleon|typechange|Ghost|[from] Protean","|-supereffective|p1a: Doll","|-damage|p1a: Doll|0 fnt","|-damage|p2a: Kecleon|259/323 par|[from] item: Life Orb","|faint|p1a: Doll","|","|","|switch|p1a: Tutankhamun|Cofagrigus, M|299/299","|turn|25","|","|move|p1a: Tutankhamun|Knock Off|p2a: Kecleon","|-supereffective|p2a: Kecleon","|-damage|p2a: Kecleon|151/323 par","|-enditem|p2a: Kecleon|Life Orb|[from] move: Knock Off|[of] p1a: Tutankhamun","|move|p2a: Kecleon|Recover|p2a: Kecleon","|-start|p2a: Kecleon|typechange|Normal|[from] Protean","|-heal|p2a: Kecleon|313/323 par","|","|turn|26","|","|move|p2a: Kecleon|Shadow Sneak|p1a: Tutankhamun","|-start|p2a: Kecleon|typechange|Ghost|[from] Protean","|-supereffective|p1a: Tutankhamun","|-damage|p1a: Tutankhamun|233/299","|-endability|p2a: Kecleon|protean|[from] Mummy","|-ability|p2a: Kecleon|Mummy|[from] Mummy","|move|p1a: Tutankhamun|Pain Split|p2a: Kecleon","|-sethp|p2a: Kecleon|273/323 par|p1a: Tutankhamun|273/299|[from] move: Pain Split","|","|-heal|p1a: Tutankhamun|291/299|[from] item: Leftovers","|turn|27","|","|switch|p1a: Jelli|Jellicent, F, shiny|395/395","|switch|p2a: Miltank|Miltank, F|319/393 brn","|","|-heal|p2a: Miltank|343/393 brn|[from] item: Leftovers","|-damage|p2a: Miltank|294/393 brn|[from] brn","|turn|28","|","|move|p2a: Miltank|Fire Punch|p1a: Jelli","|-resisted|p1a: Jelli","|-damage|p1a: Jelli|381/395","|move|p1a: Jelli|Taunt|p2a: Miltank","|-start|p2a: Miltank|move: Taunt","|","|-heal|p2a: Miltank|318/393 brn|[from] item: Leftovers","|-heal|p1a: Jelli|395/395|[from] item: Leftovers","|-damage|p2a: Miltank|269/393 brn|[from] brn","|turn|29","|","|switch|p1a: Tutankhamun|Cofagrigus, M|291/299","|move|p2a: Miltank|Fire Punch|p1a: Tutankhamun","|-damage|p1a: Tutankhamun|278/299","|-endability|p2a: Miltank|thickfat|[from] Mummy","|-ability|p2a: Miltank|Mummy|[from] Mummy","|","|-heal|p2a: Miltank|293/393 brn|[from] item: Leftovers","|-heal|p1a: Tutankhamun|296/299|[from] item: Leftovers","|-damage|p2a: Miltank|244/393 brn|[from] brn","|turn|30","|","|switch|p2a: Audino|Audino-Mega, F|388/388","|switch|p1a: Jelli|Jellicent, F, shiny|395/395","|","|turn|31","|","|switch|p2a: Kecleon|Kecleon, M|273/323 par","|move|p1a: Jelli|Taunt|p2a: Kecleon","|-start|p2a: Kecleon|move: Taunt","|","|turn|32","|","|switch|p1a: Tutankhamun|Cofagrigus, M|296/299","|move|p2a: Kecleon|Shadow Sneak|p1a: Tutankhamun","|-start|p2a: Kecleon|typechange|Ghost|[from] Protean","|-supereffective|p1a: Tutankhamun","|-damage|p1a: Tutankhamun|228/299","|-endability|p2a: Kecleon|protean|[from] Mummy","|-ability|p2a: Kecleon|Mummy|[from] Mummy","|","|-heal|p1a: Tutankhamun|246/299|[from] item: Leftovers","|turn|33","|","|move|p2a: Kecleon|Shadow Sneak|p1a: Tutankhamun","|-supereffective|p1a: Tutankhamun","|-damage|p1a: Tutankhamun|180/299","|move|p1a: Tutankhamun|Hex|p2a: Kecleon","|-supereffective|p2a: Kecleon","|-damage|p2a: Kecleon|39/323 par","|","|-heal|p1a: Tutankhamun|198/299|[from] item: Leftovers","|-end|p2a: Kecleon|move: Taunt","|turn|34","|","|move|p2a: Kecleon|Shadow Sneak|p1a: Tutankhamun","|-supereffective|p1a: Tutankhamun","|-damage|p1a: Tutankhamun|126/299","|move|p1a: Tutankhamun|Hex|p2a: Kecleon","|-supereffective|p2a: Kecleon","|-damage|p2a: Kecleon|0 fnt","|faint|p2a: Kecleon","|","|-heal|p1a: Tutankhamun|144/299|[from] item: Leftovers","|","|switch|p2a: Audino|Audino-Mega, F|388/388","|turn|35","|","|switch|p1a: Jelli|Jellicent, F, shiny|395/395","|move|p2a: Audino|Heal Bell|p2a: Audino","|-cureteam|p2a: Audino|[from] move: HealBell","|","|turn|36","|","|switch|p2a: Heliolisk|Heliolisk, F|147/327","|move|p1a: Jelli|Toxic|p2a: Heliolisk","|-status|p2a: Heliolisk|tox","|","|-damage|p2a: Heliolisk|127/327 tox|[from] psn","|turn|37","|","|switch|p2a: Audino|Audino-Mega, F|388/388","|move|p1a: Jelli|Recover|p1a: Jelli","|-fail|p1a: Jelli","|","|turn|38","|","|move|p1a: Jelli|Taunt|p2a: Audino","|-start|p2a: Audino|move: Taunt","|cant|p2a: Audino|move: Taunt|Heal Bell","|","|turn|39","|","|move|p1a: Jelli|Toxic|p2a: Audino","|-status|p2a: Audino|tox","|move|p2a: Audino|Draining Kiss|p1a: Jelli","|-damage|p1a: Jelli|355/395","|-start|p2a: Audino|Disable|Draining Kiss","|","|-heal|p1a: Jelli|379/395|[from] item: Leftovers","|-damage|p2a: Audino|364/388 tox|[from] psn","|turn|40","|","|move|p1a: Jelli|Taunt|p2a: Audino","|-fail|p2a: Audino","|move|p2a: Audino|Flamethrower|p1a: Jelli","|-resisted|p1a: Jelli","|-damage|p1a: Jelli|356/395","|-status|p1a: Jelli|brn","|","|-heal|p1a: Jelli|380/395 brn|[from] item: Leftovers","|-damage|p1a: Jelli|331/395 brn|[from] brn","|-damage|p2a: Audino|316/388 tox|[from] psn","|-end|p2a: Audino|move: Taunt","|turn|41","|","|switch|p2a: Heliolisk|Heliolisk, F|127/327 tox","|move|p1a: Jelli|Taunt|p2a: Heliolisk","|-start|p2a: Heliolisk|move: Taunt","|","|-heal|p1a: Jelli|355/395 brn|[from] item: Leftovers","|-damage|p2a: Heliolisk|107/327 tox|[from] psn","|-damage|p1a: Jelli|306/395 brn|[from] brn","|turn|42","|","|move|p2a: Heliolisk|Parabolic Charge|p1a: Jelli","|-supereffective|p1a: Jelli","|-damage|p1a: Jelli|202/395 brn","|-heal|p2a: Heliolisk|159/327 tox|[from] drain|[of] p1a: Jelli","|-start|p2a: Heliolisk|Disable|Parabolic Charge","|move|p1a: Jelli|Recover|p1a: Jelli","|-heal|p1a: Jelli|395/395 brn","|","|-damage|p2a: Heliolisk|119/327 tox|[from] psn","|-damage|p1a: Jelli|346/395 brn|[from] brn","|turn|43","|","|move|p2a: Heliolisk|Thunderbolt|p1a: Jelli","|-supereffective|p1a: Jelli","|-damage|p1a: Jelli|178/395 brn","|move|p1a: Jelli|Recover|p1a: Jelli","|-heal|p1a: Jelli|376/395 brn","|","|-heal|p1a: Jelli|395/395 brn|[from] item: Leftovers","|-damage|p2a: Heliolisk|59/327 tox|[from] psn","|-damage|p1a: Jelli|346/395 brn|[from] brn","|-end|p2a: Heliolisk|move: Taunt","|turn|44","|","|move|p2a: Heliolisk|Thunderbolt|p1a: Jelli","|-crit|p1a: Jelli","|-supereffective|p1a: Jelli","|-damage|p1a: Jelli|64/395 brn","|move|p1a: Jelli|Recover|p1a: Jelli","|-heal|p1a: Jelli|262/395 brn","|","|-heal|p1a: Jelli|286/395 brn|[from] item: Leftovers","|-damage|p2a: Heliolisk|0 fnt|[from] psn","|-damage|p1a: Jelli|237/395 brn|[from] brn","|faint|p2a: Heliolisk","|","|switch|p2a: Audino|Audino-Mega, F|316/388 tox","|turn|45","|","|move|p1a: Jelli|Taunt|p2a: Audino","|-start|p2a: Audino|move: Taunt","|move|p2a: Audino|Draining Kiss|p1a: Jelli","|-damage|p1a: Jelli|198/395 brn","|-heal|p2a: Audino|346/388 tox|[from] drain|[of] p1a: Jelli","|","|-heal|p1a: Jelli|222/395 brn|[from] item: Leftovers","|-damage|p1a: Jelli|173/395 brn|[from] brn","|-damage|p2a: Audino|322/388 tox|[from] psn","|turn|46","|","|switch|p2a: Miltank|Miltank, F|244/393","|move|p1a: Jelli|Recover|p1a: Jelli","|-heal|p1a: Jelli|371/395 brn","|","|-heal|p2a: Miltank|268/393|[from] item: Leftovers","|-heal|p1a: Jelli|395/395 brn|[from] item: Leftovers","|-damage|p1a: Jelli|346/395 brn|[from] brn","|turn|47","|","|move|p2a: Miltank|Fire Punch|p1a: Jelli","|-resisted|p1a: Jelli","|-damage|p1a: Jelli|319/395 brn","|move|p1a: Jelli|Toxic|p2a: Miltank","|-status|p2a: Miltank|tox","|","|-heal|p2a: Miltank|292/393 tox|[from] item: Leftovers","|-heal|p1a: Jelli|343/395 brn|[from] item: Leftovers","|-damage|p2a: Miltank|268/393 tox|[from] psn","|-damage|p1a: Jelli|294/395 brn|[from] brn","|turn|48","|","|move|p2a: Miltank|Milk Drink|p2a: Miltank","|-heal|p2a: Miltank|393/393 tox","|move|p1a: Jelli|Scald|p2a: Miltank","|-damage|p2a: Miltank|317/393 tox","|","|-heal|p2a: Miltank|341/393 tox|[from] item: Leftovers","|-heal|p1a: Jelli|318/395 brn|[from] item: Leftovers","|-damage|p2a: Miltank|293/393 tox|[from] psn","|-damage|p1a: Jelli|269/395 brn|[from] brn","|turn|49","|","|move|p2a: Miltank|Milk Drink|p2a: Miltank","|-heal|p2a: Miltank|393/393 tox","|move|p1a: Jelli|Scald|p2a: Miltank","|-damage|p2a: Miltank|309/393 tox","|","|-heal|p2a: Miltank|333/393 tox|[from] item: Leftovers","|-heal|p1a: Jelli|293/395 brn|[from] item: Leftovers","|-damage|p2a: Miltank|261/393 tox|[from] psn","|-damage|p1a: Jelli|244/395 brn|[from] brn","|turn|50","|","|move|p2a: Miltank|Milk Drink|p2a: Miltank","|-heal|p2a: Miltank|393/393 tox","|move|p1a: Jelli|Recover|p1a: Jelli","|-heal|p1a: Jelli|395/395 brn","|","|-damage|p2a: Miltank|297/393 tox|[from] psn","|-damage|p1a: Jelli|346/395 brn|[from] brn","|turn|51","|","|move|p2a: Miltank|Milk Drink|p2a: Miltank","|-heal|p2a: Miltank|393/393 tox","|move|p1a: Jelli|Scald|p2a: Miltank","|-damage|p2a: Miltank|314/393 tox","|","|-heal|p2a: Miltank|338/393 tox|[from] item: Leftovers","|-heal|p1a: Jelli|370/395 brn|[from] item: Leftovers","|-damage|p2a: Miltank|218/393 tox|[from] psn","|-damage|p1a: Jelli|321/395 brn|[from] brn","|turn|52","|","|move|p2a: Miltank|Milk Drink|p2a: Miltank","|-heal|p2a: Miltank|393/393 tox","|move|p1a: Jelli|Scald|p2a: Miltank","|-damage|p2a: Miltank|318/393 tox","|","|-heal|p2a: Miltank|342/393 tox|[from] item: Leftovers","|-heal|p1a: Jelli|345/395 brn|[from] item: Leftovers","|-damage|p2a: Miltank|198/393 tox|[from] psn","|-damage|p1a: Jelli|296/395 brn|[from] brn","|turn|53","|","|move|p2a: Miltank|Milk Drink|p2a: Miltank","|-heal|p2a: Miltank|393/393 tox","|move|p1a: Jelli|Scald|p2a: Miltank","|-damage|p2a: Miltank|311/393 tox","|","|-heal|p2a: Miltank|335/393 tox|[from] item: Leftovers","|-heal|p1a: Jelli|320/395 brn|[from] item: Leftovers","|-damage|p2a: Miltank|167/393 tox|[from] psn","|-damage|p1a: Jelli|271/395 brn|[from] brn","|turn|54","|","|move|p2a: Miltank|Milk Drink|p2a: Miltank","|-heal|p2a: Miltank|364/393 tox","|move|p1a: Jelli|Scald|p2a: Miltank","|-damage|p2a: Miltank|282/393 tox","|","|-heal|p2a: Miltank|306/393 tox|[from] item: Leftovers","|-heal|p1a: Jelli|295/395 brn|[from] item: Leftovers","|-damage|p2a: Miltank|114/393 tox|[from] psn","|-damage|p1a: Jelli|246/395 brn|[from] brn","|turn|55","|","|move|p2a: Miltank|Fire Punch|p1a: Jelli","|-resisted|p1a: Jelli","|-damage|p1a: Jelli|221/395 brn","|move|p1a: Jelli|Scald|p2a: Miltank","|-damage|p2a: Miltank|36/393 tox","|","|-heal|p2a: Miltank|60/393 tox|[from] item: Leftovers","|-heal|p1a: Jelli|245/395 brn|[from] item: Leftovers","|-damage|p2a: Miltank|0 fnt|[from] psn","|-damage|p1a: Jelli|196/395 brn|[from] brn","|faint|p2a: Miltank","|","|switch|p2a: Audino|Audino-Mega, F|322/388 tox","|turn|56","|","|move|p1a: Jelli|Taunt|p2a: Audino","|-start|p2a: Audino|move: Taunt","|move|p2a: Audino|Draining Kiss|p1a: Jelli","|-damage|p1a: Jelli|156/395 brn","|-heal|p2a: Audino|352/388 tox|[from] drain|[of] p1a: Jelli","|","|-heal|p1a: Jelli|180/395 brn|[from] item: Leftovers","|-damage|p1a: Jelli|131/395 brn|[from] brn","|-damage|p2a: Audino|328/388 tox|[from] psn","|turn|57","|","|move|p1a: Jelli|Recover|p1a: Jelli","|-heal|p1a: Jelli|329/395 brn","|move|p2a: Audino|Draining Kiss|p1a: Jelli","|-damage|p1a: Jelli|287/395 brn","|-heal|p2a: Audino|360/388 tox|[from] drain|[of] p1a: Jelli","|","|-heal|p1a: Jelli|311/395 brn|[from] item: Leftovers","|-damage|p1a: Jelli|262/395 brn|[from] brn","|-damage|p2a: Audino|312/388 tox|[from] psn","|turn|58","|","|move|p1a: Jelli|Scald|p2a: Audino","|-damage|p2a: Audino|248/388 tox","|move|p2a: Audino|Draining Kiss|p1a: Jelli","|-damage|p1a: Jelli|223/395 brn","|-heal|p2a: Audino|278/388 tox|[from] drain|[of] p1a: Jelli","|","|-heal|p1a: Jelli|247/395 brn|[from] item: Leftovers","|-damage|p1a: Jelli|198/395 brn|[from] brn","|-damage|p2a: Audino|206/388 tox|[from] psn","|-end|p2a: Audino|move: Taunt","|turn|59","|","|move|p1a: Jelli|Taunt|p2a: Audino","|-start|p2a: Audino|move: Taunt","|move|p2a: Audino|Draining Kiss|p1a: Jelli","|-damage|p1a: Jelli|161/395 brn","|-heal|p2a: Audino|234/388 tox|[from] drain|[of] p1a: Jelli","|-start|p2a: Audino|Disable|Draining Kiss","|","|-heal|p1a: Jelli|185/395 brn|[from] item: Leftovers","|-damage|p1a: Jelli|136/395 brn|[from] brn","|-damage|p2a: Audino|138/388 tox|[from] psn","|turn|60","|","|move|p1a: Jelli|Recover|p1a: Jelli","|-heal|p1a: Jelli|334/395 brn","|move|p2a: Audino|Flamethrower|p1a: Jelli","|-resisted|p1a: Jelli","|-damage|p1a: Jelli|310/395 brn","|","|-heal|p1a: Jelli|334/395 brn|[from] item: Leftovers","|-damage|p1a: Jelli|285/395 brn|[from] brn","|-damage|p2a: Audino|18/388 tox|[from] psn","|turn|61","|","|move|p1a: Jelli|Scald|p2a: Audino","|-damage|p2a: Audino|0 fnt","|faint|p2a: Audino","|","|win|Erebus JZB"],"p1rating":{"entryid":"7514877","serverid":"eos","formatid":"monotype","userid":"erebusjzb","username":"Erebus JZB","w":2,"l":"0","t":"0","gxe":58.7,"r":"1500","rd":"130","sigma":"0","rptime":"1439110800","rpr":1570.0070879871,"rprd":116.24822334486,"rpsigma":"0","acre":1091.5628001187,"lacre":1091.5628001187,"oldacre":"1045.0868289306"},"p2rating":{"entryid":"7460015","serverid":"eos","formatid":"monotype","userid":"guardnaruto","username":"Guard Naruto","w":"12","l":13,"t":"0","gxe":51.9,"r":"1464.4069117317","rd":"76.2818127204","sigma":"0","rptime":"1439110800","rpr":1514.5707950826,"rprd":65.246589019403,"rpsigma":"0","acre":1156.6257327846,"lacre":1156.6257327846,"oldacre":"1191.5837654159"},"endType":"normal"}