{"seed":[41397,36779,2529,19792],"turns":22,"p1":"sl ice rapton","p2":"Wevrm Latios","p1team":[{"name":"Biggie","species":"mamoswine","item":"choicescarf","ability":"Thick Fat","moves":["earthquake","iciclecrash","rockslide","superpower"],"nature":"Jolly","evs":{"hp":0,"atk":252,"def":0,"spa":0,"spd":4,"spe":252},"ivs":{"hp":31,"atk":31,"def":31,"spa":31,"spd":31,"spe":31}},{"name":"Tupac","species":"cloyster","item":"focussash","ability":"Skill Link","moves":["iciclespear","rockblast","rapidspin","shellsmash"],"nature":"Adamant","evs":{"hp":0,"atk":252,"def":0,"spa":0,"spd":4,"spe":252},"ivs":{"hp":31,"atk":31,"def":31,"spa":31,"spd":31,"spe":31}},{"name":"Nicki","species":"froslass","item":"brightpowder","ability":"Snow Cloak","moves":["icebeam","psychic","spikes","thunderwave"],"nature":"Timid","evs":{"hp":0,"atk":0,"def":0,"spa":252,"spd":4,"spe":252},"ivs":{"hp":31,"atk":31,"def":31,"spa":31,"spd":31,"spe":31}},{"name":"Drake","species":"aurorus","item":"focussash","ability":"Snow Warning","moves":["encore","freezedry","roar","stealthrock"],"nature":"","evs":{"hp":252,"atk":0,"def":0,"spa":252,"spd":0,"spe":0},"ivs":{"hp":31,"atk":31,"def":31,"spa":31,"spd":31,"spe":31}},{"name":"J cole","species":"kyuremblack","item":"lumberry","ability":"Teravolt","moves":["outrage","fusionbolt","ironhead","roost"],"nature":"Adamant","evs":{"hp":4,"atk":252,"def":0,"spa":0,"spd":0,"spe":252},"ivs":{"hp":31,"atk":31,"def":31,"spa":31,"spd":31,"spe":31}},{"name":"Lil Wayne","species":"avalugg","item":"leftovers","ability":"Sturdy","moves":["toxic","recover","earthquake","avalanche"],"nature":"Adamant","evs":{"hp":252,"atk":4,"def":252,"spa":0,"spd":0,"spe":0},"gender":"F","ivs":{"hp":31,"atk":31,"def":31,"spa":31,"spd":31,"spe":31}}],"p2team":[{"name":"Vivillon","species":"Vivillon","item":"focussash","ability":"Compound Eyes","moves":["bugbuzz","quiverdance","hurricane","sleeppowder"],"nature":"Modest","evs":{"hp":0,"atk":0,"def":0,"spa":252,"spd":4,"spe":252},"ivs":{"hp":31,"atk":31,"def":31,"spa":31,"spd":31,"spe":31}},{"name":"Durant","species":"Durant","item":"focussash","ability":"Hustle","moves":["ironhead","rockslide","xscissor","honeclaws"],"nature":"Jolly","evs":{"hp":0,"atk":252,"def":0,"spa":0,"spd":4,"spe":252},"ivs":{"hp":31,"atk":31,"def":31,"spa":31,"spd":31,"spe":31}},{"name":"Illumise","species":"Illumise","item":"lightclay","ability":"Prankster","moves":["thunderwave","tailwind","encore","lightscreen"],"nature":"Calm","evs":{"hp":248,"atk":0,"def":8,"spa":0,"spd":252,"spe":0},"ivs":{"hp":31,"atk":31,"def":31,"spa":31,"spd":31,"spe":31}},{"name":"Scizor","species":"Scizor","item":"choiceband","ability":"Technician","moves":["bulletpunch","pursuit","bugbite","aerialace"],"nature":"Adamant","evs":{"hp":248,"atk":252,"def":0,"spa":0,"spd":8,"spe":0},"ivs":{"hp":31,"atk":31,"def":31,"spa":31,"spd":31,"spe":31}},{"name":"Heracross","species":"Heracross","item":"heracronite","ability":"Guts","moves":["bulletseed","rockblast","armthrust","swordsdance"],"nature":"Jolly","evs":{"hp":0,"atk":252,"def":0,"spa":0,"spd":4,"spe":252},"ivs":{"hp":31,"atk":31,"def":31,"spa":31,"spd":31,"spe":31}},{"name":"Armaldo","species":"Armaldo","item":"leftovers","ability":"Battle Armor","moves":["stealthrock","stoneedge","rapidspin","earthquake"],"nature":"Adamant","evs":{"hp":252,"atk":252,"def":0,"spa":0,"spd":4,"spe":0},"ivs":{"hp":31,"atk":31,"def":31,"spa":31,"spd":31,"spe":31}}],"log":["|player|p1|sl ice rapton|225","|player|p2|Wevrm Latios|unionwevrm.png","|gametype|singles","|gen|6","|tier|Monotype","|rated","|rule|Baton Pass Clause: Limit one Baton Passer, can't pass Spe and other stats simultaneously","|rule|Swagger Clause: Swagger is banned","|rule|Same Type Clause: Pokémon in a team must share a type","|clearpoke","|poke|p1|Mamoswine, M","|poke|p1|Cloyster, F","|poke|p1|Froslass, F","|poke|p1|Aurorus, F","|poke|p1|Kyurem-Black","|poke|p1|Avalugg, F","|poke|p2|Vivillon, M","|poke|p2|Durant, M","|poke|p2|Illumise, F","|poke|p2|Scizor, M","|poke|p2|Heracross, M","|poke|p2|Armaldo, F","|rule|Sleep Clause Mod: Limit one foe put to sleep","|rule|Species Clause: Limit one of each Pokémon","|rule|OHKO Clause: OHKO moves are banned","|rule|Moody Clause: Moody is banned","|rule|Evasion Moves Clause: Evasion moves are banned","|rule|Endless Battle Clause: Forcing endless battles is banned","|rule|HP Percentage Mod: HP is shown in percentages","|teampreview","|","|start","|switch|p1a: Drake|Aurorus, F|450/450","|switch|p2a: Illumise|Illumise, F|333/333","|-weather|Hail","|turn|1","|","|move|p2a: Illumise|Thunder Wave|p1a: Drake","|-status|p1a: Drake|par","|cant|p1a: Drake|par","|","|-weather|Hail|[upkeep]","|-damage|p2a: Illumise|313/333|[from] hail","|turn|2","|","|move|p2a: Illumise|Light Screen|p2a: Illumise","|-sidestart|p2: Wevrm Latios|move: Light Screen","|move|p1a: Drake|Stealth Rock|p2a: Illumise","|-sidestart|p2: Wevrm Latios|move: Stealth Rock","|","|-weather|Hail|[upkeep]","|-damage|p2a: Illumise|293/333|[from] hail","|turn|3","|","|move|p2a: Illumise|Encore|p1a: Drake","|-start|p1a: Drake|Encore","|move|p1a: Drake|Stealth Rock|p2a: Illumise","|-fail|p2a: Illumise","|","|-weather|Hail|[upkeep]","|-damage|p2a: Illumise|273/333|[from] hail","|turn|4","|","|switch|p1a: Biggie|Mamoswine, M|361/361","|move|p2a: Illumise|Tailwind|p2a: Illumise","|-sidestart|p2: Wevrm Latios|move: Tailwind","|","|-weather|Hail|[upkeep]","|-damage|p2a: Illumise|253/333|[from] hail","|turn|5","|","|switch|p2a: Armaldo|Armaldo, F|354/354","|-damage|p2a: Armaldo|266/354|[from] Stealth Rock","|move|p1a: Biggie|Rock Slide|p2a: Armaldo","|-miss|p1a: Biggie|p2a: Armaldo","|","|-weather|none","|-heal|p2a: Armaldo|288/354|[from] item: Leftovers","|turn|6","|","|move|p1a: Biggie|Rock Slide|p2a: Armaldo","|-supereffective|p2a: Armaldo","|-damage|p2a: Armaldo|124/354","|move|p2a: Armaldo|Earthquake|p1a: Biggie","|-damage|p1a: Biggie|195/361","|","|-heal|p2a: Armaldo|146/354|[from] item: Leftovers","|turn|7","|","|move|p1a: Biggie|Rock Slide|p2a: Armaldo","|-supereffective|p2a: Armaldo","|-damage|p2a: Armaldo|0 fnt","|faint|p2a: Armaldo","|","|-sideend|p2: Wevrm Latios|move: Tailwind","|","|switch|p2a: Durant|Durant, M|257/257","|-damage|p2a: Durant|225/257|[from] Stealth Rock","|turn|8","|","|move|p1a: Biggie|Rock Slide|p2a: Durant","|-damage|p2a: Durant|141/257","|cant|p2a: Durant|flinch","|","|turn|9","|","|move|p1a: Biggie|Rock Slide|p2a: Durant","|-damage|p2a: Durant|56/257","|move|p2a: Durant|Iron Head|p1a: Biggie","|-supereffective|p1a: Biggie","|-damage|p1a: Biggie|0 fnt","|faint|p1a: Biggie","|","|-sideend|p2: Wevrm Latios|move: Light Screen","|","|switch|p1a: Lil Wayne|Avalugg, F|394/394","|turn|10","|","|move|p2a: Durant|Iron Head|p1a: Lil Wayne","|-supereffective|p1a: Lil Wayne","|-damage|p1a: Lil Wayne|196/394","|move|p1a: Lil Wayne|Avalanche|p2a: Durant","|-crit|p2a: Durant","|-resisted|p2a: Durant","|-damage|p2a: Durant|0 fnt","|faint|p2a: Durant","|","|-heal|p1a: Lil Wayne|220/394|[from] item: Leftovers","|","|switch|p2a: Illumise|Illumise, F|253/333","|-damage|p2a: Illumise|170/333|[from] Stealth Rock","|turn|11","|","|move|p2a: Illumise|Tailwind|p2a: Illumise","|-sidestart|p2: Wevrm Latios|move: Tailwind","|move|p1a: Lil Wayne|Toxic|p2a: Illumise","|-status|p2a: Illumise|tox","|","|-heal|p1a: Lil Wayne|244/394|[from] item: Leftovers","|-damage|p2a: Illumise|150/333 tox|[from] psn","|turn|12","|","|switch|p1a: Drake|Aurorus, F|450/450 par","|-weather|Hail","|move|p2a: Illumise|Encore|p1a: Drake","|-fail|p1a: Drake","|","|-weather|Hail|[upkeep]","|-damage|p2a: Illumise|130/333 tox|[from] hail","|-damage|p2a: Illumise|90/333 tox|[from] psn","|turn|13","|","|move|p2a: Illumise|Light Screen|p2a: Illumise","|-sidestart|p2: Wevrm Latios|move: Light Screen","|move|p1a: Drake|Freeze-Dry|p2a: Illumise","|-damage|p2a: Illumise|47/333 tox","|","|-weather|Hail|[upkeep]","|-damage|p2a: Illumise|27/333 tox|[from] hail","|-damage|p2a: Illumise|0 fnt|[from] psn","|faint|p2a: Illumise","|","|switch|p2a: Heracross|Heracross, M|301/301","|-damage|p2a: Heracross|264/301|[from] Stealth Rock","|turn|14","|","|detailschange|p2a: Heracross|Heracross-Mega, M","|-mega|p2a: Heracross|Heracross|Heracronite","|move|p2a: Heracross|Swords Dance|p2a: Heracross","|-boost|p2a: Heracross|atk|2","|move|p1a: Drake|Roar|p2a: Heracross","|drag|p2a: Vivillon|Vivillon, M|301/301","|-damage|p2a: Vivillon|151/301|[from] Stealth Rock","|","|-weather|Hail|[upkeep]","|-damage|p2a: Vivillon|133/301|[from] hail","|-sideend|p2: Wevrm Latios|move: Tailwind","|turn|15","|","|move|p2a: Vivillon|Hurricane|p1a: Drake","|-resisted|p1a: Drake","|-damage|p1a: Drake|367/450 par","|move|p1a: Drake|Freeze-Dry|p2a: Vivillon","|-supereffective|p2a: Vivillon","|-damage|p2a: Vivillon|0 fnt","|faint|p2a: Vivillon","|","|-weather|Hail|[upkeep]","|","|switch|p2a: Scizor|Scizor, M|343/343","|-damage|p2a: Scizor|301/343|[from] Stealth Rock","|turn|16","|","|move|p2a: Scizor|Bullet Punch|p1a: Drake","|-supereffective|p1a: Drake","|-damage|p1a: Drake|0 fnt","|faint|p1a: Drake","|","|-weather|none","|","|switch|p1a: Nicki|Froslass, F|281/281","|turn|17","|","|move|p2a: Scizor|Bullet Punch|p1a: Nicki","|-supereffective|p1a: Nicki","|-damage|p1a: Nicki|0 fnt","|faint|p1a: Nicki","|","|","|switch|p1a: Lil Wayne|Avalugg, F|244/394","|turn|18","|","|move|p2a: Scizor|Bullet Punch|p1a: Lil Wayne","|-crit|p1a: Lil Wayne","|-supereffective|p1a: Lil Wayne","|-damage|p1a: Lil Wayne|0 fnt","|faint|p1a: Lil Wayne","|","|","|switch|p1a: Tupac|Cloyster, F|241/241","|turn|19","|","|move|p2a: Scizor|Bullet Punch|p1a: Tupac","|-damage|p1a: Tupac|135/241","|move|p1a: Tupac|Shell Smash|p1a: Tupac","|-unboost|p1a: Tupac|def|1","|-unboost|p1a: Tupac|spd|1","|-boost|p1a: Tupac|atk|2","|-boost|p1a: Tupac|spa|2","|-boost|p1a: Tupac|spe|2","|","|turn|20","|","|move|p2a: Scizor|Bullet Punch|p1a: Tupac","|-damage|p1a: Tupac|0 fnt","|faint|p1a: Tupac","|","|-sideend|p2: Wevrm Latios|move: Light Screen","|","|switch|p1a: J cole|Kyurem-Black|392/392","|-ability|p1a: J cole|Teravolt","|turn|21","|","|move|p2a: Scizor|Bullet Punch|p1a: J cole","|-supereffective|p1a: J cole","|-damage|p1a: J cole|20/392","|move|p1a: J cole|Fusion Bolt|p2a: Scizor","|-damage|p2a: Scizor|128/343","|","|turn|22","|","|move|p2a: Scizor|Bullet Punch|p1a: J cole","|-supereffective|p1a: J cole","|-damage|p1a: J cole|0 fnt","|faint|p1a: J cole","|","|win|Wevrm Latios"],"p1rating":{"entryid":"7497722","serverid":"eos","formatid":"monotype","userid":"slicerapton","username":"sl ice rapton","w":"7","l":3,"t":"0","gxe":57.9,"r":"1527.8644024715","rd":"123.01328871718","sigma":"0","rptime":"1439110800","rpr":1561.7245399464,"rprd":88.478610146132,"rpsigma":"0","acre":1104.9442069133,"lacre":1104.9442069133,"oldacre":"1139.4736630802"},"p2rating":{"entryid":7519580,"formatid":"monotype","userid":"wevrmlatios","username":"Wevrm Latios","r":1500,"rd":130,"sigma":0,"rpr":1543.441983189,"rprd":122.79400687405,"rpsigma":0,"rptime":1439110800,"w":1,"l":0,"t":0,"gxe":55.4,"acre":1055.2471298671,"lacre":1055.2471298671,"oldacre":1000},"endType":"normal"}