{"seed":[27694,60391,37296,17782],"turns":25,"p1":"Bugy","p2":"Silver Zeyus","p1team":[{"name":"Pinsir","species":"Pinsir","item":"pinsirite","ability":"Moxie","moves":["quickattack","return","swordsdance","closecombat"],"nature":"Adamant","evs":{"hp":248,"atk":252,"def":0,"spa":0,"spd":8,"spe":0},"shiny":true,"ivs":{"hp":31,"atk":31,"def":31,"spa":31,"spd":31,"spe":31}},{"name":"Volcarona","species":"Volcarona","item":"leftovers","ability":"Flame Body","moves":["bugbuzz","fierydance","quiverdance","gigadrain"],"nature":"Modest","evs":{"hp":0,"atk":0,"def":0,"spa":252,"spd":4,"spe":252},"shiny":true,"ivs":{"hp":31,"atk":31,"def":31,"spa":31,"spd":31,"spe":31}},{"name":"Scizor","species":"Scizor","item":"rockyhelmet","ability":"Technician","moves":["swordsdance","bulletpunch","roost","uturn"],"nature":"Impish","evs":{"hp":248,"atk":8,"def":252,"spa":0,"spd":0,"spe":0},"shiny":true,"ivs":{"hp":31,"atk":31,"def":31,"spa":31,"spd":31,"spe":31}},{"name":"Genesect","species":"Genesect","item":"choicescarf","ability":"Download","moves":["icebeam","thunderbolt","uturn","ironhead"],"nature":"Hasty","evs":{"hp":0,"atk":4,"def":0,"spa":252,"spd":0,"spe":252},"shiny":true,"ivs":{"hp":31,"atk":31,"def":31,"spa":31,"spd":31,"spe":31}},{"name":"Heracross","species":"Heracross","item":"choicescarf","ability":"Guts","moves":["closecombat","megahorn","stoneedge","earthquake"],"nature":"","shiny":true,"evs":{"hp":0,"atk":0,"def":0,"spa":0,"spd":0,"spe":0},"ivs":{"hp":31,"atk":31,"def":31,"spa":31,"spd":31,"spe":31}},{"name":"Armaldo","species":"Armaldo","item":"leftovers","ability":"Battle Armor","moves":["stealthrock","rockblast","rapidspin","knockoff"],"nature":"Adamant","evs":{"hp":252,"atk":252,"def":0,"spa":0,"spd":4,"spe":0},"shiny":true,"ivs":{"hp":31,"atk":31,"def":31,"spa":31,"spd":31,"spe":31}}],"p2team":[{"name":"Ludicolo","species":"Ludicolo","item":"lifeorb","ability":"Swift Swim","moves":["gigadrain","scald","focusblast","icebeam"],"nature":"Modest","evs":{"hp":0,"atk":0,"def":0,"spa":252,"spd":4,"spe":252},"ivs":{"hp":31,"atk":0,"def":31,"spa":31,"spd":31,"spe":31}},{"name":"Empoleon","species":"Empoleon","item":"leftovers","ability":"Torrent","moves":["stealthrock","defog","scald","roar"],"nature":"Calm","evs":{"hp":252,"atk":0,"def":0,"spa":4,"spd":252,"spe":0},"ivs":{"hp":31,"atk":0,"def":31,"spa":31,"spd":31,"spe":31}},{"name":"Swampert","species":"Swampert","item":"swampertite","ability":"Torrent","moves":["earthquake","waterfall","icepunch","raindance"],"nature":"Adamant","evs":{"hp":0,"atk":252,"def":0,"spa":0,"spd":4,"spe":252},"ivs":{"hp":31,"atk":31,"def":31,"spa":31,"spd":31,"spe":31}},{"name":"Rotom-Wash","species":"Rotom-Wash","item":"leftovers","ability":"Levitate","moves":["willowisp","painsplit","voltswitch","hydropump"],"nature":"Bold","evs":{"hp":252,"atk":0,"def":252,"spa":4,"spd":0,"spe":0},"ivs":{"hp":31,"atk":0,"def":31,"spa":31,"spd":31,"spe":31}},{"name":"Manaphy","species":"Manaphy","item":"leftovers","ability":"Hydration","moves":["tailglow","psychic","scald","icebeam"],"nature":"Timid","evs":{"hp":0,"atk":0,"def":0,"spa":252,"spd":4,"spe":252},"ivs":{"hp":31,"atk":0,"def":31,"spa":31,"spd":31,"spe":31}},{"name":"Politoed","species":"Politoed","item":"ejectbutton","ability":"Drizzle","moves":["scald","toxic","perishsong","encore"],"nature":"Calm","evs":{"hp":252,"atk":0,"def":4,"spa":0,"spd":252,"spe":0},"ivs":{"hp":31,"atk":0,"def":31,"spa":31,"spd":31,"spe":31}}],"log":["|player|p1|Bugy|66","|player|p2|Silver Zeyus|264","|gametype|singles","|gen|6","|tier|Monotype","|rated","|rule|Baton Pass Clause: Limit one Baton Passer, can't pass Spe and other stats simultaneously","|rule|Swagger Clause: Swagger is banned","|rule|Same Type Clause: Pokémon in a team must share a type","|clearpoke","|poke|p1|Pinsir, M, shiny","|poke|p1|Volcarona, M, shiny","|poke|p1|Scizor, M, shiny","|poke|p1|Genesect-*, shiny","|poke|p1|Heracross, F, shiny","|poke|p1|Armaldo, F, shiny","|poke|p2|Ludicolo, F","|poke|p2|Empoleon, F","|poke|p2|Swampert, F","|poke|p2|Rotom-Wash","|poke|p2|Manaphy","|poke|p2|Politoed, F","|rule|Sleep Clause Mod: Limit one foe put to sleep","|rule|Species Clause: Limit one of each Pokémon","|rule|OHKO Clause: OHKO moves are banned","|rule|Moody Clause: Moody is banned","|rule|Evasion Moves Clause: Evasion moves are banned","|rule|Endless Battle Clause: Forcing endless battles is banned","|rule|HP Percentage Mod: HP is shown in percentages","|teampreview","|","|start","|switch|p1a: Armaldo|Armaldo, F, shiny|354/354","|switch|p2a: Empoleon|Empoleon, F|372/372","|turn|1","|","|move|p2a: Empoleon|Stealth Rock|p1a: Armaldo","|-sidestart|p1: Bugy|move: Stealth Rock","|move|p1a: Armaldo|Stealth Rock|p2a: Empoleon","|-sidestart|p2: Silver Zeyus|move: Stealth Rock","|","|turn|2","|","|move|p2a: Empoleon|Scald|p1a: Armaldo","|-supereffective|p1a: Armaldo","|-damage|p1a: Armaldo|94/354","|-status|p1a: Armaldo|brn","|move|p1a: Armaldo|Rapid Spin|p2a: Empoleon","|-resisted|p2a: Empoleon","|-damage|p2a: Empoleon|365/372","|-sideend|p1: Bugy|Stealth Rock|[from] move: Rapid Spin|[of] p1a: Armaldo","|","|-heal|p2a: Empoleon|372/372|[from] item: Leftovers","|-heal|p1a: Armaldo|116/354 brn|[from] item: Leftovers","|-damage|p1a: Armaldo|72/354 brn|[from] brn","|turn|3","|","|move|p2a: Empoleon|Scald|p1a: Armaldo","|-supereffective|p1a: Armaldo","|-damage|p1a: Armaldo|0 fnt","|faint|p1a: Armaldo","|","|","|switch|p1a: Volcarona|Volcarona, M, shiny|311/311","|turn|4","|","|move|p1a: Volcarona|Quiver Dance|p1a: Volcarona","|-boost|p1a: Volcarona|spa|1","|-boost|p1a: Volcarona|spd|1","|-boost|p1a: Volcarona|spe|1","|move|p2a: Empoleon|Roar|p1a: Volcarona","|drag|p1a: Scizor|Scizor, M, shiny|343/343","|","|turn|5","|","|move|p1a: Scizor|U-turn|p2a: Empoleon","|-resisted|p2a: Empoleon","|-damage|p2a: Empoleon|314/372","|","|switch|p1a: Volcarona|Volcarona, M, shiny|311/311","|move|p2a: Empoleon|Defog|p1a: Volcarona","|-unboost|p1a: Volcarona|evasion|1","|-sideend|p2: Silver Zeyus|Stealth Rock|[from] move: Defog|[of] p2a: Empoleon","|","|-heal|p2a: Empoleon|337/372|[from] item: Leftovers","|turn|6","|","|switch|p2a: Politoed|Politoed, F|384/384","|-weather|RainDance","|move|p1a: Volcarona|Quiver Dance|p1a: Volcarona","|-boost|p1a: Volcarona|spa|1","|-boost|p1a: Volcarona|spd|1","|-boost|p1a: Volcarona|spe|1","|","|-weather|RainDance|[upkeep]","|turn|7","|","|move|p1a: Volcarona|Bug Buzz|p2a: Politoed","|-damage|p2a: Politoed|173/384","|-enditem|p2a: Politoed|Eject Button","|","|switch|p2a: Ludicolo|Ludicolo, F|301/301","|","|-weather|RainDance|[upkeep]","|turn|8","|","|move|p2a: Ludicolo|Scald|p1a: Volcarona","|-supereffective|p1a: Volcarona","|-damage|p1a: Volcarona|0 fnt","|-damage|p2a: Ludicolo|271/301|[from] item: Life Orb","|faint|p1a: Volcarona","|","|-weather|RainDance|[upkeep]","|","|switch|p1a: Heracross|Heracross, F, shiny|301/301","|turn|9","|","|move|p2a: Ludicolo|Scald|p1a: Heracross","|-damage|p1a: Heracross|36/301","|-damage|p2a: Ludicolo|241/301|[from] item: Life Orb","|move|p1a: Heracross|Megahorn|p2a: Ludicolo","|-supereffective|p2a: Ludicolo","|-damage|p2a: Ludicolo|0 fnt","|faint|p2a: Ludicolo","|","|-weather|RainDance|[upkeep]","|","|switch|p2a: Swampert|Swampert, F|341/341","|turn|10","|","|detailschange|p2a: Swampert|Swampert-Mega, F","|-mega|p2a: Swampert|Swampert|Swampertite","|move|p1a: Heracross|Megahorn|p2a: Swampert","|-damage|p2a: Swampert|182/341","|move|p2a: Swampert|Ice Punch|p1a: Heracross","|-damage|p1a: Heracross|0 fnt","|faint|p1a: Heracross","|","|-weather|none","|","|switch|p1a: Scizor|Scizor, M, shiny|343/343","|turn|11","|","|move|p2a: Swampert|Rain Dance|p2a: Swampert","|-weather|RainDance","|move|p1a: Scizor|Swords Dance|p1a: Scizor","|-boost|p1a: Scizor|atk|2","|","|-weather|RainDance|[upkeep]","|turn|12","|","|move|p2a: Swampert|Waterfall|p1a: Scizor","|-damage|p1a: Scizor|162/343","|-damage|p2a: Swampert|126/341|[from] item: Rocky Helmet|[of] p1a: Scizor","|move|p1a: Scizor|U-turn|p2a: Swampert","|-damage|p2a: Swampert|0 fnt","|faint|p2a: Swampert","|","|switch|p1a: Genesect|Genesect, shiny|283/283","|","|-weather|RainDance|[upkeep]","|","|switch|p2a: Rotom-Wash|Rotom-Wash|304/304","|turn|13","|","|move|p1a: Genesect|Thunderbolt|p2a: Rotom-Wash","|-damage|p2a: Rotom-Wash|207/304","|move|p2a: Rotom-Wash|Hydro Pump|p1a: Genesect|[miss]","|-miss|p2a: Rotom-Wash|p1a: Genesect","|","|-weather|RainDance|[upkeep]","|-heal|p2a: Rotom-Wash|226/304|[from] item: Leftovers","|turn|14","|","|switch|p1a: Scizor|Scizor, M, shiny|162/343","|move|p2a: Rotom-Wash|Hydro Pump|p1a: Scizor|[miss]","|-miss|p2a: Rotom-Wash|p1a: Scizor","|","|-weather|RainDance|[upkeep]","|-heal|p2a: Rotom-Wash|245/304|[from] item: Leftovers","|turn|15","|","|move|p1a: Scizor|Bullet Punch|p2a: Rotom-Wash","|-resisted|p2a: Rotom-Wash","|-damage|p2a: Rotom-Wash|229/304","|move|p2a: Rotom-Wash|Volt Switch|p1a: Scizor","|-damage|p1a: Scizor|59/343","|","|switch|p2a: Manaphy|Manaphy|341/341","|","|-weather|none","|turn|16","|","|move|p2a: Manaphy|Scald|p1a: Scizor","|-damage|p1a: Scizor|0 fnt","|faint|p1a: Scizor","|","|","|switch|p1a: Genesect|Genesect, shiny|283/283","|-boost|p1a: Genesect|atk|1|[from] ability: Download","|turn|17","|","|switch|p2a: Politoed|Politoed, F|173/384","|-weather|RainDance","|move|p1a: Genesect|Thunderbolt|p2a: Politoed","|-supereffective|p2a: Politoed","|-damage|p2a: Politoed|35/384","|","|-weather|RainDance|[upkeep]","|turn|18","|","|move|p1a: Genesect|Thunderbolt|p2a: Politoed","|-supereffective|p2a: Politoed","|-damage|p2a: Politoed|0 fnt","|faint|p2a: Politoed","|","|-weather|RainDance|[upkeep]","|","|switch|p2a: Empoleon|Empoleon, F|337/372","|turn|19","|","|move|p1a: Genesect|Thunderbolt|p2a: Empoleon","|-supereffective|p2a: Empoleon","|-damage|p2a: Empoleon|187/372","|move|p2a: Empoleon|Scald|p1a: Genesect","|-damage|p1a: Genesect|130/283","|","|-weather|RainDance|[upkeep]","|-heal|p2a: Empoleon|210/372|[from] item: Leftovers","|turn|20","|","|move|p1a: Genesect|Thunderbolt|p2a: Empoleon","|-supereffective|p2a: Empoleon","|-damage|p2a: Empoleon|60/372","|-status|p2a: Empoleon|par","|move|p2a: Empoleon|Scald|p1a: Genesect","|-damage|p1a: Genesect|0 fnt","|faint|p1a: Genesect","|","|-weather|RainDance|[upkeep]","|-heal|p2a: Empoleon|83/372 par|[from] item: Leftovers","|","|switch|p1a: Pinsir|Pinsir, M, shiny|333/333","|turn|21","|","|move|p1a: Pinsir|Swords Dance|p1a: Pinsir","|-boost|p1a: Pinsir|atk|2","|move|p2a: Empoleon|Scald|p1a: Pinsir","|-damage|p1a: Pinsir|12/333","|","|-weather|none","|-heal|p2a: Empoleon|106/372 par|[from] item: Leftovers","|turn|22","|","|detailschange|p1a: Pinsir|Pinsir-Mega, M, shiny","|-mega|p1a: Pinsir|Pinsir|Pinsirite","|move|p1a: Pinsir|Swords Dance|p1a: Pinsir","|-boost|p1a: Pinsir|atk|2","|cant|p2a: Empoleon|par","|","|-heal|p2a: Empoleon|129/372 par|[from] item: Leftovers","|turn|23","|","|move|p1a: Pinsir|Close Combat|p2a: Empoleon","|-supereffective|p2a: Empoleon","|-damage|p2a: Empoleon|0 fnt","|-unboost|p1a: Pinsir|def|1","|-unboost|p1a: Pinsir|spd|1","|faint|p2a: Empoleon","|","|","|switch|p2a: Rotom-Wash|Rotom-Wash|229/304","|turn|24","|","|move|p1a: Pinsir|Return|p2a: Rotom-Wash","|-crit|p2a: Rotom-Wash","|-resisted|p2a: Rotom-Wash","|-damage|p2a: Rotom-Wash|0 fnt","|faint|p2a: Rotom-Wash","|","|","|switch|p2a: Manaphy|Manaphy|341/341","|turn|25","|","|move|p1a: Pinsir|Quick Attack|p2a: Manaphy","|-damage|p2a: Manaphy|0 fnt","|faint|p2a: Manaphy","|","|win|Bugy"],"p1rating":{"entryid":"7518182","serverid":"eos","formatid":"monotype","userid":"bugy","username":"Bugy","w":6,"l":"10","t":"0","gxe":41.4,"r":"1500","rd":"130","sigma":"0","rptime":"1439110800","rpr":1432.8668964022,"rprd":75.407333673491,"rpsigma":"0","acre":1085.8892085557,"lacre":1085.8892085557,"oldacre":"1049.5441851128"},"p2rating":{"entryid":"7506885","serverid":"eos","formatid":"monotype","userid":"silverzeyus","username":"Silver - Zeyus","w":"3","l":5,"t":"0","gxe":46.8,"r":"1500","rd":"130","sigma":"0","rptime":"1439110800","rpr":1475.3208981508,"rprd":92.187263066191,"rpsigma":"0","acre":1063.7875094174,"lacre":1063.7875094174,"oldacre":"1090.0151162083"},"endType":"normal"}