{"seed":[60908,52657,18791,39521],"turns":45,"p1":"D Cj","p2":"Guard Wanderer","p1team":[{"name":"Krookodile","species":"Krookodile","item":"choicescarf","ability":"Moxie","moves":["outrage","earthquake","superpower","stoneedge"],"nature":"Jolly","evs":{"hp":0,"atk":252,"def":0,"spa":0,"spd":4,"spe":252},"ivs":{"hp":31,"atk":31,"def":31,"spa":31,"spd":31,"spe":31}},{"name":"Claydol","species":"Claydol","item":"lightclay","ability":"Levitate","moves":["reflect","lightscreen","explosion","toxic"],"nature":"Careful","evs":{"hp":248,"atk":0,"def":252,"spa":0,"spd":8,"spe":0},"ivs":{"hp":31,"atk":31,"def":31,"spa":31,"spd":31,"spe":31}},{"name":"Gastrodon","species":"Gastrodon","item":"leftovers","ability":"Storm Drain","moves":["scald","earthpower","toxic","recover"],"nature":"Calm","evs":{"hp":252,"atk":0,"def":0,"spa":4,"spd":252,"spe":0},"ivs":{"hp":31,"atk":31,"def":31,"spa":31,"spd":31,"spe":31}},{"name":"Nidoking","species":"Nidoking","item":"choicescarf","ability":"Sheer Force","moves":["fireblast","icebeam","earthpower","sludgewave"],"nature":"Timid","evs":{"hp":0,"atk":0,"def":0,"spa":252,"spd":4,"spe":252},"ivs":{"hp":31,"atk":31,"def":31,"spa":31,"spd":31,"spe":31}},{"name":"Donphan","species":"Donphan","item":"assaultvest","ability":"Sturdy","moves":["earthquake","knockoff","stoneedge","iceshard"],"nature":"Careful","evs":{"hp":248,"atk":8,"def":0,"spa":0,"spd":252,"spe":0},"ivs":{"hp":31,"atk":31,"def":31,"spa":31,"spd":31,"spe":31}},{"name":"Zygarde","species":"Zygarde","item":"leftovers","ability":"Aura Break","moves":["glare","substitute","dragontail","earthquake"],"nature":"Impish","evs":{"hp":248,"atk":8,"def":252,"spa":0,"spd":0,"spe":0},"ivs":{"hp":31,"atk":31,"def":31,"spa":31,"spd":31,"spe":31}}],"p2team":[{"name":"Weezing","species":"Weezing","item":"sitrusberry","ability":"Levitate","moves":["toxicspikes","willowisp","memento","thief"],"nature":"Careful","evs":{"hp":248,"atk":8,"def":0,"spa":0,"spd":252,"spe":0},"ivs":{"hp":31,"atk":31,"def":31,"spa":31,"spd":31,"spe":31}},{"name":"Tentacruel","species":"Tentacruel","item":"assaultvest","ability":"Liquid Ooze","moves":["scald","acidspray","gigadrain","hex"],"nature":"Timid","evs":{"hp":0,"atk":0,"def":4,"spa":252,"spd":0,"spe":252},"ivs":{"hp":31,"atk":31,"def":31,"spa":31,"spd":31,"spe":31}},{"name":"Skuntank","species":"Skuntank","item":"","ability":"Stench","moves":["snatch","thief","suckerpunch","poisonjab"],"nature":"Adamant","evs":{"hp":248,"atk":252,"def":0,"spa":0,"spd":8,"spe":0},"ivs":{"hp":31,"atk":31,"def":31,"spa":31,"spd":31,"spe":31}},{"name":"Crobat","species":"Crobat","item":"whiteherb","ability":"Infiltrator","moves":["curse","acrobatics","roost","hypnosis"],"nature":"Jolly","evs":{"hp":248,"atk":8,"def":0,"spa":0,"spd":0,"spe":252},"ivs":{"hp":31,"atk":31,"def":31,"spa":31,"spd":31,"spe":31}},{"name":"Gengar","species":"Gengar","item":"choicescarf","ability":"Levitate","moves":["trick","destinybond","venoshock","hex"],"nature":"Timid","evs":{"hp":0,"atk":0,"def":0,"spa":252,"spd":4,"spe":252},"ivs":{"hp":31,"atk":31,"def":31,"spa":31,"spd":31,"spe":31}},{"name":"Amoonguss","species":"Amoonguss","item":"blacksludge","ability":"Regenerator","moves":["spore","gigadrain","gastroacid","stunspore"],"nature":"Calm","evs":{"hp":248,"atk":0,"def":0,"spa":8,"spd":252,"spe":0},"shiny":true,"ivs":{"hp":31,"atk":31,"def":31,"spa":31,"spd":31,"spe":31}}],"log":["|player|p1|D Cj|101","|player|p2|Guard Wanderer|235","|gametype|singles","|gen|6","|tier|Monotype","|rated","|rule|Baton Pass Clause: Limit one Baton Passer, can't pass Spe and other stats simultaneously","|rule|Swagger Clause: Swagger is banned","|rule|Same Type Clause: Pokémon in a team must share a type","|clearpoke","|poke|p1|Krookodile, M","|poke|p1|Claydol","|poke|p1|Gastrodon, M","|poke|p1|Nidoking, M","|poke|p1|Donphan, F","|poke|p1|Zygarde","|poke|p2|Weezing, F","|poke|p2|Tentacruel, F","|poke|p2|Skuntank, F","|poke|p2|Crobat, F","|poke|p2|Gengar, F","|poke|p2|Amoonguss, F, shiny","|rule|Sleep Clause Mod: Limit one foe put to sleep","|rule|Species Clause: Limit one of each Pokémon","|rule|OHKO Clause: OHKO moves are banned","|rule|Moody Clause: Moody is banned","|rule|Evasion Moves Clause: Evasion moves are banned","|rule|Endless Battle Clause: Forcing endless battles is banned","|rule|HP Percentage Mod: HP is shown in percentages","|teampreview","|","|start","|switch|p1a: Zygarde|Zygarde|419/419","|switch|p2a: Weezing|Weezing, F|333/333","|-ability|p1a: Zygarde|Aura Break","|turn|1","|","|move|p1a: Zygarde|Glare|p2a: Weezing","|-status|p2a: Weezing|par","|move|p2a: Weezing|Will-O-Wisp|p1a: Zygarde","|-status|p1a: Zygarde|brn","|","|-damage|p1a: Zygarde|367/419 brn|[from] brn","|turn|2","|","|move|p1a: Zygarde|Substitute|p1a: Zygarde","|-start|p1a: Zygarde|Substitute","|-damage|p1a: Zygarde|263/419 brn","|move|p2a: Weezing|Toxic Spikes|p1a: Zygarde","|-sidestart|p1: D Cj|move: Toxic Spikes","|","|-heal|p1a: Zygarde|289/419 brn|[from] item: Leftovers","|-damage|p1a: Zygarde|237/419 brn|[from] brn","|turn|3","|","|switch|p2a: Crobat|Crobat, F|373/373","|move|p1a: Zygarde|Dragon Tail|p2a: Crobat","|-damage|p2a: Crobat|326/373","|drag|p2a: Amoonguss|Amoonguss, F, shiny|431/431","|","|-heal|p1a: Zygarde|263/419 brn|[from] item: Leftovers","|-damage|p1a: Zygarde|211/419 brn|[from] brn","|turn|4","|","|move|p1a: Zygarde|Glare|p2a: Amoonguss","|-status|p2a: Amoonguss|par","|cant|p2a: Amoonguss|par","|","|-heal|p1a: Zygarde|237/419 brn|[from] item: Leftovers","|-damage|p1a: Zygarde|185/419 brn|[from] brn","|turn|5","|","|move|p2a: Amoonguss|Giga Drain|p1a: Zygarde","|-activate|p1a: Zygarde|Substitute|[damage]","|move|p1a: Zygarde|Dragon Tail|p2a: Amoonguss","|-damage|p2a: Amoonguss|381/431 par","|drag|p2a: Tentacruel|Tentacruel, F|301/301","|","|-heal|p1a: Zygarde|211/419 brn|[from] item: Leftovers","|-damage|p1a: Zygarde|159/419 brn|[from] brn","|turn|6","|","|switch|p2a: Amoonguss|Amoonguss, F, shiny|431/431 par","|move|p1a: Zygarde|Glare|p2a: Amoonguss","|-fail|p2a: Amoonguss|par","|","|-heal|p1a: Zygarde|185/419 brn|[from] item: Leftovers","|-damage|p1a: Zygarde|133/419 brn|[from] brn","|turn|7","|","|move|p2a: Amoonguss|Giga Drain|p1a: Zygarde","|-end|p1a: Zygarde|Substitute","|move|p1a: Zygarde|Dragon Tail|p2a: Amoonguss","|-damage|p2a: Amoonguss|379/431 par","|drag|p2a: Gengar|Gengar, F|261/261","|","|-heal|p1a: Zygarde|159/419 brn|[from] item: Leftovers","|-damage|p1a: Zygarde|107/419 brn|[from] brn","|turn|8","|","|switch|p2a: Amoonguss|Amoonguss, F, shiny|431/431 par","|move|p1a: Zygarde|Glare|p2a: Amoonguss","|-fail|p2a: Amoonguss|par","|","|-heal|p1a: Zygarde|133/419 brn|[from] item: Leftovers","|-damage|p1a: Zygarde|81/419 brn|[from] brn","|turn|9","|","|move|p2a: Amoonguss|Giga Drain|p1a: Zygarde","|-damage|p1a: Zygarde|5/419 brn","|move|p1a: Zygarde|Dragon Tail|p2a: Amoonguss","|-damage|p2a: Amoonguss|383/431 par","|drag|p2a: Skuntank|Skuntank, F|409/409","|","|-heal|p1a: Zygarde|31/419 brn|[from] item: Leftovers","|-damage|p1a: Zygarde|0 fnt|[from] brn","|faint|p1a: Zygarde","|","|switch|p1a: Nidoking|Nidoking, M|303/303","|-sideend|p1: D Cj|move: Toxic Spikes|[of] p1a: Nidoking","|turn|10","|","|switch|p2a: Weezing|Weezing, F|333/333 par","|move|p1a: Nidoking|Earth Power|p2a: Weezing","|-immune|p2a: Weezing|[msg]","|","|turn|11","|","|switch|p1a: Claydol|Claydol|323/323","|move|p2a: Weezing|Will-O-Wisp|p1a: Claydol","|-status|p1a: Claydol|brn","|","|-damage|p1a: Claydol|283/323 brn|[from] brn","|turn|12","|","|switch|p2a: Skuntank|Skuntank, F|409/409","|move|p1a: Claydol|Reflect|p1a: Claydol","|-sidestart|p1: D Cj|Reflect","|","|-damage|p1a: Claydol|243/323 brn|[from] brn","|turn|13","|","|move|p2a: Skuntank|Snatch|p2a: Skuntank","|-singleturn|p2a: Skuntank|Snatch","|move|p1a: Claydol|Light Screen|p1a: Claydol","|-activate|p2a: Skuntank|Snatch|[of] p1a: Claydol","|move|p2a: Skuntank|Light Screen|p2a: Skuntank|[from]Snatch","|-sidestart|p2: Guard Wanderer|move: Light Screen","|","|-damage|p1a: Claydol|203/323 brn|[from] brn","|turn|14","|","|switch|p1a: Krookodile|Krookodile, M|331/331","|move|p2a: Skuntank|Snatch|p2a: Skuntank","|-singleturn|p2a: Skuntank|Snatch","|","|turn|15","|","|switch|p2a: Weezing|Weezing, F|333/333 par","|move|p1a: Krookodile|Stone Edge|p2a: Weezing","|-damage|p2a: Weezing|244/333 par","|","|turn|16","|","|switch|p1a: Claydol|Claydol|203/323 brn","|move|p2a: Weezing|Will-O-Wisp|p1a: Claydol|[miss]","|-miss|p2a: Weezing|p1a: Claydol","|","|-damage|p1a: Claydol|163/323 brn|[from] brn","|turn|17","|","|move|p1a: Claydol|Light Screen|p1a: Claydol","|-sidestart|p1: D Cj|move: Light Screen","|move|p2a: Weezing|Toxic Spikes|p1a: Claydol","|-sidestart|p1: D Cj|move: Toxic Spikes","|","|-damage|p1a: Claydol|123/323 brn|[from] brn","|-sideend|p2: Guard Wanderer|move: Light Screen","|turn|18","|","|switch|p1a: Nidoking|Nidoking, M|303/303","|-sideend|p1: D Cj|move: Toxic Spikes|[of] p1a: Nidoking","|switch|p2a: Amoonguss|Amoonguss, F, shiny|431/431 par","|","|turn|19","|","|move|p1a: Nidoking|Ice Beam|p2a: Amoonguss","|-supereffective|p2a: Amoonguss","|-damage|p2a: Amoonguss|253/431 par","|move|p2a: Amoonguss|Gastro Acid|p1a: Nidoking","|-endability|p1a: Nidoking","|","|-heal|p2a: Amoonguss|279/431 par|[from] item: Black Sludge","|-sideend|p1: D Cj|Reflect","|turn|20","|","|switch|p2a: Weezing|Weezing, F|244/333 par","|move|p1a: Nidoking|Ice Beam|p2a: Weezing","|-damage|p2a: Weezing|165/333 par","|-enditem|p2a: Weezing|Sitrus Berry|[eat]","|-heal|p2a: Weezing|248/333 par|[from] item: Sitrus Berry","|","|turn|21","|","|switch|p2a: Tentacruel|Tentacruel, F|301/301","|move|p1a: Nidoking|Ice Beam|p2a: Tentacruel","|-resisted|p2a: Tentacruel","|-damage|p2a: Tentacruel|279/301","|","|turn|22","|","|switch|p1a: Gastrodon|Gastrodon, M|426/426","|move|p2a: Tentacruel|Acid Spray|p1a: Gastrodon","|-crit|p1a: Gastrodon","|-resisted|p1a: Gastrodon","|-damage|p1a: Gastrodon|395/426","|-unboost|p1a: Gastrodon|spd|2","|","|-heal|p1a: Gastrodon|421/426|[from] item: Leftovers","|turn|23","|","|move|p2a: Tentacruel|Giga Drain|p1a: Gastrodon","|-supereffective|p1a: Gastrodon","|-damage|p1a: Gastrodon|219/426","|-heal|p2a: Tentacruel|301/301|[from] drain|[of] p1a: Gastrodon","|move|p1a: Gastrodon|Earth Power|p2a: Tentacruel","|-supereffective|p2a: Tentacruel","|-damage|p2a: Tentacruel|193/301","|","|-heal|p1a: Gastrodon|245/426|[from] item: Leftovers","|turn|24","|","|switch|p1a: Nidoking|Nidoking, M|303/303","|move|p2a: Tentacruel|Scald|p1a: Nidoking","|-supereffective|p1a: Nidoking","|-damage|p1a: Nidoking|182/303","|","|-sideend|p1: D Cj|move: Light Screen","|turn|25","|","|switch|p2a: Weezing|Weezing, F|248/333 par","|move|p1a: Nidoking|Fire Blast|p2a: Weezing","|-damage|p2a: Weezing|133/333 par","|","|turn|26","|","|move|p1a: Nidoking|Fire Blast|p2a: Weezing","|-damage|p2a: Weezing|10/333 par","|cant|p2a: Weezing|par","|","|turn|27","|","|switch|p2a: Tentacruel|Tentacruel, F|193/301","|move|p1a: Nidoking|Fire Blast|p2a: Tentacruel","|-resisted|p2a: Tentacruel","|-damage|p2a: Tentacruel|157/301","|","|turn|28","|","|switch|p1a: Gastrodon|Gastrodon, M|245/426","|move|p2a: Tentacruel|Acid Spray|p1a: Gastrodon","|-resisted|p1a: Gastrodon","|-damage|p1a: Gastrodon|224/426","|-unboost|p1a: Gastrodon|spd|2","|","|-heal|p1a: Gastrodon|250/426|[from] item: Leftovers","|turn|29","|","|move|p2a: Tentacruel|Giga Drain|p1a: Gastrodon","|-supereffective|p1a: Gastrodon","|-damage|p1a: Gastrodon|0 fnt","|-heal|p2a: Tentacruel|282/301|[from] drain|[of] p1a: Gastrodon","|faint|p1a: Gastrodon","|","|","|switch|p1a: Donphan|Donphan, F|383/383","|turn|30","|","|switch|p2a: Weezing|Weezing, F|10/333 par","|move|p1a: Donphan|Earthquake|p2a: Weezing","|-immune|p2a: Weezing|[msg]","|","|turn|31","|","|move|p1a: Donphan|Ice Shard|p2a: Weezing","|-damage|p2a: Weezing|0 fnt","|faint|p2a: Weezing","|","|","|switch|p2a: Crobat|Crobat, F|326/373","|turn|32","|","|move|p2a: Crobat|Curse|p2a: Crobat","|-unboost|p2a: Crobat|spe|1","|-boost|p2a: Crobat|atk|1","|-boost|p2a: Crobat|def|1","|-enditem|p2a: Crobat|White Herb","|-restoreboost|p2a: Crobat|[silent]","|move|p1a: Donphan|Stone Edge|p2a: Crobat|[miss]","|-miss|p1a: Donphan|p2a: Crobat","|","|turn|33","|","|move|p2a: Crobat|Hypnosis|p1a: Donphan|[miss]","|-miss|p2a: Crobat|p1a: Donphan","|move|p1a: Donphan|Stone Edge|p2a: Crobat","|-supereffective|p2a: Crobat","|-damage|p2a: Crobat|168/373","|","|turn|34","|","|move|p2a: Crobat|Roost|p2a: Crobat","|-heal|p2a: Crobat|355/373","|move|p1a: Donphan|Stone Edge|p2a: Crobat","|-damage|p2a: Crobat|287/373","|","|turn|35","|","|move|p2a: Crobat|Hypnosis|p1a: Donphan|[miss]","|-miss|p2a: Crobat|p1a: Donphan","|move|p1a: Donphan|Stone Edge|p2a: Crobat","|-supereffective|p2a: Crobat","|-damage|p2a: Crobat|141/373","|","|turn|36","|","|move|p2a: Crobat|Roost|p2a: Crobat","|-heal|p2a: Crobat|328/373","|move|p1a: Donphan|Earthquake|p2a: Crobat","|-supereffective|p2a: Crobat","|-damage|p2a: Crobat|118/373","|","|turn|37","|","|move|p1a: Donphan|Ice Shard|p2a: Crobat","|-supereffective|p2a: Crobat","|-damage|p2a: Crobat|62/373","|move|p2a: Crobat|Hypnosis|p1a: Donphan","|-status|p1a: Donphan|slp","|","|turn|38","|","|switch|p1a: Krookodile|Krookodile, M|331/331","|move|p2a: Crobat|Roost|p2a: Crobat","|-heal|p2a: Crobat|249/373","|","|turn|39","|","|move|p1a: Krookodile|Stone Edge|p2a: Crobat","|-supereffective|p2a: Crobat","|-damage|p2a: Crobat|75/373","|move|p2a: Crobat|Acrobatics|p1a: Krookodile","|-damage|p1a: Krookodile|130/331","|","|turn|40","|","|switch|p2a: Amoonguss|Amoonguss, F, shiny|422/431 par","|move|p1a: Krookodile|Stone Edge|p2a: Amoonguss|[miss]","|-miss|p1a: Krookodile|p2a: Amoonguss","|","|-heal|p2a: Amoonguss|431/431 par|[from] item: Black Sludge","|turn|41","|","|switch|p1a: Claydol|Claydol|123/323 brn","|move|p2a: Amoonguss|Giga Drain|p1a: Claydol","|-supereffective|p1a: Claydol","|-damage|p1a: Claydol|7/323 brn","|","|-damage|p1a: Claydol|0 fnt|[from] brn","|faint|p1a: Claydol","|","|switch|p1a: Nidoking|Nidoking, M|182/303","|turn|42","|","|switch|p2a: Tentacruel|Tentacruel, F|282/301","|move|p1a: Nidoking|Ice Beam|p2a: Tentacruel","|-resisted|p2a: Tentacruel","|-damage|p2a: Tentacruel|252/301","|","|turn|43","|","|switch|p1a: Donphan|Donphan, F|383/383 slp","|move|p2a: Tentacruel|Scald|p1a: Donphan","|-supereffective|p1a: Donphan","|-damage|p1a: Donphan|237/383 slp","|","|turn|44","|","|move|p2a: Tentacruel|Scald|p1a: Donphan","|-crit|p1a: Donphan","|-supereffective|p1a: Donphan","|-damage|p1a: Donphan|39/383 slp","|cant|p1a: Donphan|slp","|","|turn|45","|","|win|Guard Wanderer"],"p1rating":{"entryid":"6457520","serverid":"eos","formatid":"monotype","userid":"dcj","username":"D Cj","w":"39","l":34,"t":"0","gxe":53,"r":"1524.5015816634","rd":"49.705088147264","sigma":"0","rptime":"1439110800","rpr":1523.0331679866,"rprd":48.749876317233,"rpsigma":"0","acre":1157.7014270129,"lacre":1157.7014270129,"oldacre":"1186.5514822719"},"p2rating":{"entryid":"6731189","serverid":"eos","formatid":"monotype","userid":"guardwanderer","username":"Guard Wanderer","w":105,"l":"132","t":"0","gxe":44.1,"r":"1450.5279060951","rd":"26.439895949104","sigma":"0","rptime":"1439110800","rpr":1455.4919225737,"rprd":26.174086005521,"rpsigma":"0","acre":1161.4665726052,"lacre":1161.4665726052,"oldacre":"1132.6165173462"},"endType":"forfeit"}