{"seed":[42058,55082,23224,41910],"turns":21,"p1":"Mxy Test","p2":"Crystl Sabo","p1team":[{"name":"Beedrill","species":"Beedrill","item":"beedrillite","ability":"Swarm","moves":["uturn","poisonjab","drillrun","protect"],"nature":"Jolly","evs":{"hp":0,"atk":252,"def":0,"spa":0,"spd":4,"spe":252},"ivs":{"hp":31,"atk":31,"def":31,"spa":31,"spd":31,"spe":31}},{"name":"Weezing","species":"Weezing","item":"blacksludge","ability":"Levitate","moves":["fireblast","sludgewave","willowisp","painsplit"],"nature":"Bold","evs":{"hp":248,"atk":0,"def":252,"spa":8,"spd":0,"spe":0},"ivs":{"hp":31,"atk":31,"def":31,"spa":31,"spd":31,"spe":31}},{"name":"Roserade","species":"Roserade","item":"choicescarf","ability":"Natural Cure","moves":["leafstorm","dazzlinggleam","sludgebomb","shadowball"],"nature":"Timid","evs":{"hp":0,"atk":0,"def":0,"spa":252,"spd":4,"spe":252},"ivs":{"hp":31,"atk":31,"def":31,"spa":31,"spd":31,"spe":31}},{"name":"Gengar","species":"Gengar","item":"focussash","ability":"Levitate","moves":["shadowball","sludgewave","focusblast","destinybond"],"nature":"Timid","evs":{"hp":0,"atk":0,"def":0,"spa":252,"spd":4,"spe":252},"ivs":{"hp":31,"atk":31,"def":31,"spa":31,"spd":31,"spe":31}},{"name":"Skuntank","species":"Skuntank","item":"lifeorb","ability":"Aftermath","moves":["suckerpunch","pursuit","poisonjab","defog"],"nature":"Adamant","evs":{"hp":0,"atk":252,"def":0,"spa":0,"spd":0,"spe":252},"ivs":{"hp":31,"atk":31,"def":31,"spa":31,"spd":31,"spe":31}},{"name":"Dragalge","species":"Dragalge","item":"assaultvest","ability":"Adaptability","moves":["sludgewave","dragonpulse","surf","hiddenpowerfire"],"nature":"Modest","evs":{"hp":248,"atk":0,"def":0,"spa":252,"spd":8,"spe":0},"ivs":{"hp":31,"atk":30,"def":31,"spa":30,"spd":31,"spe":30}}],"p2team":[{"name":"Cradily","species":"Cradily","item":"leftovers","ability":"Storm Drain","moves":["stockpile","recover","toxic","stealthrock"],"nature":"Calm","evs":{"hp":252,"atk":0,"def":0,"spa":4,"spd":252,"spe":0},"shiny":true,"ivs":{"hp":31,"atk":31,"def":31,"spa":31,"spd":31,"spe":31}},{"name":"Rhydon","species":"Rhydon","item":"eviolite","ability":"Rock Head","moves":["swordsdance","avalanche","stoneedge","earthquake"],"nature":"Impish","evs":{"hp":248,"atk":0,"def":8,"spa":0,"spd":252,"spe":0},"shiny":true,"ivs":{"hp":31,"atk":31,"def":31,"spa":31,"spd":31,"spe":31}},{"name":"Tyranitar","species":"Tyranitar","item":"choicescarf","ability":"Sand Stream","moves":["stoneedge","crunch","superpower","earthquake"],"nature":"Jolly","evs":{"hp":0,"atk":252,"def":0,"spa":0,"spd":4,"spe":252},"shiny":true,"ivs":{"hp":31,"atk":31,"def":31,"spa":31,"spd":31,"spe":31}},{"name":"Aerodactyl","species":"Aerodactyl","item":"aerodactylite","ability":"Pressure","moves":["stoneedge","earthquake","aerialace","taunt"],"nature":"Jolly","evs":{"hp":0,"atk":252,"def":0,"spa":0,"spd":4,"spe":252},"ivs":{"hp":31,"atk":31,"def":31,"spa":31,"spd":31,"spe":31}},{"name":"Terrakion","species":"Terrakion","item":"choicescarf","ability":"Justified","moves":["earthquake","closecombat","stoneedge","poisonjab"],"nature":"Jolly","evs":{"hp":0,"atk":252,"def":0,"spa":0,"spd":4,"spe":252},"shiny":true,"ivs":{"hp":31,"atk":31,"def":31,"spa":31,"spd":31,"spe":31}},{"name":"Omastar","species":"Omastar","item":"focussash","ability":"Weak Armor","moves":["shellsmash","hydropump","icebeam","stoneedge"],"nature":"Rash","evs":{"hp":0,"atk":4,"def":0,"spa":252,"spd":0,"spe":252},"ivs":{"hp":31,"atk":31,"def":31,"spa":31,"spd":31,"spe":31}}],"log":["|player|p1|Mxy Test|270","|player|p2|Crystl Sabo|crystlsabo.png","|gametype|singles","|gen|6","|tier|Monotype","|rated","|rule|Baton Pass Clause: Limit one Baton Passer, can't pass Spe and other stats simultaneously","|rule|Swagger Clause: Swagger is banned","|rule|Same Type Clause: Pokémon in a team must share a type","|clearpoke","|poke|p1|Beedrill, F","|poke|p1|Weezing, M","|poke|p1|Roserade, F","|poke|p1|Gengar, M","|poke|p1|Skuntank, F","|poke|p1|Dragalge, M","|poke|p2|Cradily, F, shiny","|poke|p2|Rhydon, M, shiny","|poke|p2|Tyranitar, M, shiny","|poke|p2|Aerodactyl, M","|poke|p2|Terrakion, shiny","|poke|p2|Omastar, F","|rule|Sleep Clause Mod: Limit one foe put to sleep","|rule|Species Clause: Limit one of each Pokémon","|rule|OHKO Clause: OHKO moves are banned","|rule|Moody Clause: Moody is banned","|rule|Evasion Moves Clause: Evasion moves are banned","|rule|Endless Battle Clause: Forcing endless battles is banned","|rule|HP Percentage Mod: HP is shown in percentages","|teampreview","|","|start","|switch|p1a: Roserade|Roserade, F|261/261","|switch|p2a: Tyranitar|Tyranitar, M, shiny|341/341","|-weather|Sandstorm","|turn|1","|","|switch|p2a: Cradily|Cradily, F, shiny|376/376","|move|p1a: Roserade|Leaf Storm|p2a: Cradily","|-damage|p2a: Cradily|265/376","|-unboost|p1a: Roserade|spa|2","|","|-weather|Sandstorm|[upkeep]","|-damage|p1a: Roserade|245/261|[from] sandstorm","|-heal|p2a: Cradily|288/376|[from] item: Leftovers","|turn|2","|","|switch|p1a: Beedrill|Beedrill, F|271/271","|move|p2a: Cradily|Stealth Rock|p1a: Beedrill","|-sidestart|p1: Mxy Test|move: Stealth Rock","|","|-weather|Sandstorm|[upkeep]","|-damage|p1a: Beedrill|255/271|[from] sandstorm","|-heal|p2a: Cradily|311/376|[from] item: Leftovers","|turn|3","|","|switch|p2a: Rhydon|Rhydon, M, shiny|413/413","|detailschange|p1a: Beedrill|Beedrill-Mega, F","|-mega|p1a: Beedrill|Beedrill|Beedrillite","|move|p1a: Beedrill|U-turn|p2a: Rhydon","|-damage|p2a: Rhydon|323/413","|","|switch|p1a: Skuntank|Skuntank, F|347/347","|-damage|p1a: Skuntank|304/347|[from] Stealth Rock","|","|-weather|Sandstorm|[upkeep]","|-damage|p1a: Skuntank|283/347|[from] sandstorm","|turn|4","|","|move|p1a: Skuntank|Defog|p2a: Rhydon","|-unboost|p2a: Rhydon|evasion|1","|-sideend|p1: Mxy Test|Stealth Rock|[from] move: Defog|[of] p1a: Skuntank","|move|p2a: Rhydon|Earthquake|p1a: Skuntank","|-supereffective|p1a: Skuntank","|-damage|p1a: Skuntank|0 fnt","|faint|p1a: Skuntank","|","|-weather|Sandstorm|[upkeep]","|","|switch|p1a: Dragalge|Dragalge, M|333/333","|turn|5","|","|move|p1a: Dragalge|Dragon Pulse|p2a: Rhydon","|-damage|p2a: Rhydon|211/413","|move|p2a: Rhydon|Avalanche|p1a: Dragalge","|-supereffective|p1a: Dragalge","|-damage|p1a: Dragalge|67/333","|","|-weather|none","|turn|6","|","|switch|p2a: Tyranitar|Tyranitar, M, shiny|341/341","|-weather|Sandstorm","|move|p1a: Dragalge|Surf|p2a: Tyranitar","|-crit|p2a: Tyranitar","|-supereffective|p2a: Tyranitar","|-damage|p2a: Tyranitar|153/341","|","|-weather|Sandstorm|[upkeep]","|-damage|p1a: Dragalge|47/333|[from] sandstorm","|turn|7","|","|move|p2a: Tyranitar|Stone Edge|p1a: Dragalge","|-damage|p1a: Dragalge|0 fnt","|faint|p1a: Dragalge","|","|-weather|Sandstorm|[upkeep]","|","|switch|p1a: Beedrill|Beedrill-Mega, F|255/271","|turn|8","|","|move|p1a: Beedrill|U-turn|p2a: Tyranitar","|-supereffective|p2a: Tyranitar","|-damage|p2a: Tyranitar|0 fnt","|faint|p2a: Tyranitar","|","|switch|p1a: Weezing|Weezing, M|333/333","|","|-weather|Sandstorm|[upkeep]","|-damage|p1a: Weezing|313/333|[from] sandstorm","|-heal|p1a: Weezing|333/333|[from] item: Black Sludge","|","|switch|p2a: Rhydon|Rhydon, M, shiny|211/413","|turn|9","|","|move|p1a: Weezing|Will-O-Wisp|p2a: Rhydon","|-status|p2a: Rhydon|brn","|move|p2a: Rhydon|Swords Dance|p2a: Rhydon","|-boost|p2a: Rhydon|atk|2","|","|-weather|Sandstorm|[upkeep]","|-damage|p1a: Weezing|313/333|[from] sandstorm","|-heal|p1a: Weezing|333/333|[from] item: Black Sludge","|-damage|p2a: Rhydon|160/413 brn|[from] brn","|turn|10","|","|move|p1a: Weezing|Sludge Wave|p2a: Rhydon","|-resisted|p2a: Rhydon","|-damage|p2a: Rhydon|146/413 brn","|move|p2a: Rhydon|Avalanche|p1a: Weezing","|-damage|p1a: Weezing|261/333","|","|-weather|none","|-heal|p1a: Weezing|281/333|[from] item: Black Sludge","|-damage|p2a: Rhydon|95/413 brn|[from] brn","|turn|11","|","|move|p1a: Weezing|Sludge Wave|p2a: Rhydon","|-crit|p2a: Rhydon","|-resisted|p2a: Rhydon","|-damage|p2a: Rhydon|63/413 brn","|move|p2a: Rhydon|Stone Edge|p1a: Weezing","|-crit|p1a: Weezing","|-damage|p1a: Weezing|141/333","|","|-heal|p1a: Weezing|161/333|[from] item: Black Sludge","|-damage|p2a: Rhydon|12/413 brn|[from] brn","|turn|12","|","|move|p1a: Weezing|Sludge Wave|p2a: Rhydon","|-resisted|p2a: Rhydon","|-damage|p2a: Rhydon|0 fnt","|faint|p2a: Rhydon","|","|-heal|p1a: Weezing|181/333|[from] item: Black Sludge","|","|switch|p2a: Omastar|Omastar, F|281/281","|turn|13","|","|switch|p1a: Gengar|Gengar, M|261/261","|move|p2a: Omastar|Shell Smash|p2a: Omastar","|-unboost|p2a: Omastar|def|1","|-unboost|p2a: Omastar|spd|1","|-boost|p2a: Omastar|atk|2","|-boost|p2a: Omastar|spa|2","|-boost|p2a: Omastar|spe|2","|","|turn|14","|","|move|p2a: Omastar|Hydro Pump|p1a: Gengar","|-enditem|p1a: Gengar|Focus Sash","|-damage|p1a: Gengar|1/261","|move|p1a: Gengar|Destiny Bond|p1a: Gengar","|-singlemove|p1a: Gengar|Destiny Bond","|","|turn|15","|","|move|p2a: Omastar|Shell Smash|p2a: Omastar","|-unboost|p2a: Omastar|def|1","|-unboost|p2a: Omastar|spd|1","|-boost|p2a: Omastar|atk|2","|-boost|p2a: Omastar|spa|2","|-boost|p2a: Omastar|spe|2","|move|p1a: Gengar|Destiny Bond|p1a: Gengar","|-singlemove|p1a: Gengar|Destiny Bond","|","|turn|16","|","|move|p2a: Omastar|Shell Smash|p2a: Omastar","|-unboost|p2a: Omastar|def|1","|-unboost|p2a: Omastar|spd|1","|-boost|p2a: Omastar|atk|2","|-boost|p2a: Omastar|spa|2","|-boost|p2a: Omastar|spe|2","|move|p1a: Gengar|Shadow Ball|p2a: Omastar","|-enditem|p2a: Omastar|Focus Sash","|-damage|p2a: Omastar|1/281","|","|turn|17","|","|move|p2a: Omastar|Ice Beam|p1a: Gengar","|-damage|p1a: Gengar|0 fnt","|faint|p1a: Gengar","|","|","|switch|p1a: Weezing|Weezing, M|181/333","|turn|18","|","|move|p2a: Omastar|Ice Beam|p1a: Weezing","|-damage|p1a: Weezing|0 fnt","|faint|p1a: Weezing","|","|","|switch|p1a: Roserade|Roserade, F|245/261","|turn|19","|","|move|p2a: Omastar|Ice Beam|p1a: Roserade","|-supereffective|p1a: Roserade","|-damage|p1a: Roserade|0 fnt","|faint|p1a: Roserade","|","|","|switch|p1a: Beedrill|Beedrill-Mega, F|255/271","|turn|20","|","|move|p2a: Omastar|Stone Edge|p1a: Beedrill|[miss]","|-miss|p2a: Omastar|p1a: Beedrill","|move|p1a: Beedrill|U-turn|p2a: Omastar","|-damage|p2a: Omastar|0 fnt","|faint|p2a: Omastar","|","|","|switch|p2a: Aerodactyl|Aerodactyl, M|301/301","|-ability|p2a: Aerodactyl|Pressure","|turn|21","|","|detailschange|p2a: Aerodactyl|Aerodactyl-Mega, M","|-mega|p2a: Aerodactyl|Aerodactyl|Aerodactylite","|move|p1a: Beedrill|Poison Jab|p2a: Aerodactyl","|-resisted|p2a: Aerodactyl","|-damage|p2a: Aerodactyl|176/301","|-status|p2a: Aerodactyl|psn","|move|p2a: Aerodactyl|Aerial Ace|p1a: Beedrill","|-supereffective|p1a: Beedrill","|-damage|p1a: Beedrill|0 fnt","|faint|p1a: Beedrill","|","|win|Crystl Sabo"],"p1rating":{"entryid":"7509717","serverid":"eos","formatid":"monotype","userid":"mxytest","username":"Mxy Test","w":"1","l":2,"t":"0","gxe":43.8,"r":"1500","rd":"130","sigma":"0","rptime":"1439110800","rpr":1450.8073547527,"rprd":111.59923552965,"rpsigma":"0","acre":1014.1179482622,"lacre":1014.1179482622,"oldacre":"1024.7030163297"},"p2rating":{"entryid":"5846197","serverid":"eos","formatid":"monotype","userid":"crystlsabo","username":"Crystl Sabo","w":59,"l":"54","t":"0","gxe":53.1,"r":"1523.8795952826","rd":"40.361617326138","sigma":"0","rptime":"1439110800","rpr":1523.3419088288,"rprd":39.905862281187,"rpsigma":"0","acre":1124.5243567155,"lacre":1124.5243567155,"oldacre":"1105.2162234989"},"endType":"normal"}