{"seed":[43878,17957,1743,4350],"turns":33,"p1":"Erebus JZB","p2":"KTN Photon","p1team":[{"name":"Chansey","species":"Chansey","item":"eviolite","ability":"Natural Cure","moves":["thunderwave","seismictoss","sweetkiss","softboiled"],"nature":"Bold","evs":{"hp":252,"atk":0,"def":252,"spa":0,"spd":4,"spe":0},"ivs":{"hp":31,"atk":31,"def":31,"spa":31,"spd":31,"spe":31}},{"name":"Cinccino","species":"Cinccino","item":"kingsrock","ability":"Skill Link","moves":["bulletseed","rockblast","tailslap","uturn"],"nature":"Jolly","evs":{"hp":0,"atk":252,"def":0,"spa":0,"spd":4,"spe":252},"ivs":{"hp":31,"atk":31,"def":31,"spa":31,"spd":31,"spe":31}},{"name":"Porygon2","species":"Porygon2","item":"eviolite","ability":"Trace","moves":["recover","icebeam","triattack","psyshock"],"nature":"Modest","evs":{"hp":252,"atk":0,"def":136,"spa":116,"spd":4,"spe":0},"ivs":{"hp":31,"atk":31,"def":31,"spa":31,"spd":31,"spe":31}},{"name":"Vigoroth","species":"Vigoroth","item":"eviolite","ability":"Vital Spirit","moves":["bulkup","slackoff","return","suckerpunch"],"nature":"Careful","evs":{"hp":252,"atk":4,"def":0,"spa":0,"spd":252,"spe":0},"ivs":{"hp":31,"atk":31,"def":31,"spa":31,"spd":31,"spe":31}},{"name":"Chatot","species":"Chatot","item":"leftovers","ability":"Tangled Feet","moves":["chatter","boomburst","substitute","nastyplot"],"nature":"Naive","evs":{"hp":0,"atk":4,"def":0,"spa":252,"spd":0,"spe":252},"ivs":{"hp":31,"atk":30,"def":31,"spa":30,"spd":31,"spe":30}},{"name":"Drukz","species":"spinda","item":"focussash","ability":"Contrary","moves":["superpower","fakeout","suckerpunch","hypnosis"],"nature":"Adamant","evs":{"hp":248,"atk":252,"def":0,"spa":0,"spd":8,"spe":0},"shiny":true,"ivs":{"hp":31,"atk":31,"def":31,"spa":31,"spd":31,"spe":31}}],"p2team":[{"name":"Venusaur","species":"Venusaur","item":"venusaurite","ability":"Overgrow","moves":["earthquake","powerwhip","curse","synthesis"],"nature":"Adamant","evs":{"hp":216,"atk":252,"def":40,"spa":0,"spd":0,"spe":0},"ivs":{"hp":31,"atk":30,"def":30,"spa":31,"spd":31,"spe":31}},{"name":"Celebi","species":"Celebi","item":"lifeorb","ability":"Natural Cure","moves":["thunderwave","shadowball","recover","gigadrain"],"nature":"Bold","evs":{"hp":252,"atk":0,"def":220,"spa":0,"spd":0,"spe":36},"ivs":{"hp":31,"atk":31,"def":31,"spa":31,"spd":31,"spe":31}},{"name":"Ludicolo","species":"Ludicolo","item":"choicespecs","ability":"Swift Swim","moves":["gigadrain","focusblast","hydropump","icebeam"],"nature":"Modest","evs":{"hp":0,"atk":0,"def":0,"spa":252,"spd":4,"spe":252},"ivs":{"hp":31,"atk":31,"def":31,"spa":31,"spd":31,"spe":31}},{"name":"Ferrothorn","species":"Ferrothorn","item":"rockyhelmet","ability":"Iron Barbs","moves":["leechseed","stealthrock","thunderwave","gyroball"],"nature":"Relaxed","evs":{"hp":248,"atk":8,"def":252,"spa":0,"spd":0,"spe":0},"ivs":{"hp":31,"atk":31,"def":31,"spa":31,"spd":31,"spe":0}},{"name":"Cradily","species":"Cradily","item":"leftovers","ability":"Suction Cups","moves":["stoneedge","recover","toxic","seedbomb"],"nature":"Careful","evs":{"hp":0,"atk":0,"def":0,"spa":252,"spd":0,"spe":252},"ivs":{"hp":31,"atk":31,"def":31,"spa":31,"spd":31,"spe":31}},{"name":"Roserade","species":"Roserade","item":"choicescarf","ability":"Technician","moves":["sludgebomb","energyball","hiddenpowerfire","shadowball"],"nature":"Modest","evs":{"hp":0,"atk":0,"def":0,"spa":252,"spd":0,"spe":252},"ivs":{"hp":31,"atk":30,"def":31,"spa":30,"spd":31,"spe":30}}],"log":["|player|p1|Erebus JZB|154","|player|p2|KTN Photon|66","|gametype|singles","|gen|6","|tier|Monotype","|rated","|rule|Baton Pass Clause: Limit one Baton Passer, can't pass Spe and other stats simultaneously","|rule|Swagger Clause: Swagger is banned","|rule|Same Type Clause: Pokémon in a team must share a type","|clearpoke","|poke|p1|Chansey, F","|poke|p1|Cinccino, F","|poke|p1|Porygon2","|poke|p1|Vigoroth, M","|poke|p1|Chatot, M","|poke|p1|Spinda, M, shiny","|poke|p2|Venusaur, M","|poke|p2|Celebi","|poke|p2|Ludicolo, F","|poke|p2|Ferrothorn, F","|poke|p2|Cradily, F","|poke|p2|Roserade, M","|rule|Sleep Clause Mod: Limit one foe put to sleep","|rule|Species Clause: Limit one of each Pokémon","|rule|OHKO Clause: OHKO moves are banned","|rule|Moody Clause: Moody is banned","|rule|Evasion Moves Clause: Evasion moves are banned","|rule|Endless Battle Clause: Forcing endless battles is banned","|rule|HP Percentage Mod: HP is shown in percentages","|teampreview","|","|start","|switch|p1a: Drukz|Spinda, M, shiny|323/323","|switch|p2a: Roserade|Roserade, M|261/261","|turn|1","|","|move|p1a: Drukz|Fake Out|p2a: Roserade","|-damage|p2a: Roserade|195/261","|cant|p2a: Roserade|flinch","|","|turn|2","|","|move|p2a: Roserade|Sludge Bomb|p1a: Drukz","|-crit|p1a: Drukz","|-enditem|p1a: Drukz|Focus Sash","|-damage|p1a: Drukz|1/323","|move|p1a: Drukz|Hypnosis|p2a: Roserade|[miss]","|-miss|p1a: Drukz|p2a: Roserade","|","|turn|3","|","|move|p1a: Drukz|Sucker Punch|p2a: Roserade","|-damage|p2a: Roserade|109/261","|move|p2a: Roserade|Sludge Bomb|p1a: Drukz","|-damage|p1a: Drukz|0 fnt","|faint|p1a: Drukz","|","|","|switch|p1a: Porygon2|Porygon2|374/374","|-ability|p1a: Porygon2|Technician|[from] ability: Trace|[of] p2a: Roserade","|turn|4","|","|switch|p2a: Ferrothorn|Ferrothorn, F|351/351","|move|p1a: Porygon2|Psyshock|p2a: Ferrothorn","|-resisted|p2a: Ferrothorn","|-damage|p2a: Ferrothorn|325/351","|","|turn|5","|","|switch|p1a: Chatot|Chatot, M|293/293","|move|p2a: Ferrothorn|Stealth Rock|p1a: Chatot","|-sidestart|p1: Erebus JZB|move: Stealth Rock","|","|turn|6","|","|move|p1a: Chatot|Substitute|p1a: Chatot","|-start|p1a: Chatot|Substitute","|-damage|p1a: Chatot|220/293","|move|p2a: Ferrothorn|Thunder Wave|p1a: Chatot","|-fail|p1a: Chatot","|","|-heal|p1a: Chatot|238/293|[from] item: Leftovers","|turn|7","|","|move|p1a: Chatot|Chatter|p2a: Ferrothorn","|-damage|p2a: Ferrothorn|240/351","|-start|p2a: Ferrothorn|confusion","|-activate|p2a: Ferrothorn|confusion","|-damage|p2a: Ferrothorn|220/351|[from] confusion","|","|-heal|p1a: Chatot|256/293|[from] item: Leftovers","|turn|8","|","|move|p1a: Chatot|Nasty Plot|p1a: Chatot","|-boost|p1a: Chatot|spa|2","|-end|p2a: Ferrothorn|confusion","|move|p2a: Ferrothorn|Gyro Ball|p1a: Chatot","|-end|p1a: Chatot|Substitute","|","|-heal|p1a: Chatot|274/293|[from] item: Leftovers","|turn|9","|","|move|p1a: Chatot|Chatter|p2a: Ferrothorn","|-damage|p2a: Ferrothorn|55/351","|-start|p2a: Ferrothorn|confusion","|-activate|p2a: Ferrothorn|confusion","|-damage|p2a: Ferrothorn|36/351|[from] confusion","|","|-heal|p1a: Chatot|292/293|[from] item: Leftovers","|turn|10","|","|move|p1a: Chatot|Substitute|p1a: Chatot","|-start|p1a: Chatot|Substitute","|-damage|p1a: Chatot|219/293","|-activate|p2a: Ferrothorn|confusion","|-damage|p2a: Ferrothorn|16/351|[from] confusion","|","|-heal|p1a: Chatot|237/293|[from] item: Leftovers","|turn|11","|","|move|p1a: Chatot|Chatter|p2a: Ferrothorn","|-damage|p2a: Ferrothorn|0 fnt","|faint|p2a: Ferrothorn","|","|-heal|p1a: Chatot|255/293|[from] item: Leftovers","|","|switch|p2a: Cradily|Cradily, F|313/313","|turn|12","|","|move|p1a: Chatot|Chatter|p2a: Cradily","|-damage|p2a: Cradily|153/313","|-start|p2a: Cradily|confusion","|-activate|p2a: Cradily|confusion","|move|p2a: Cradily|Stone Edge|p1a: Chatot","|-supereffective|p1a: Chatot","|-end|p1a: Chatot|Substitute","|","|-heal|p1a: Chatot|273/293|[from] item: Leftovers","|-heal|p2a: Cradily|172/313|[from] item: Leftovers","|turn|13","|","|move|p1a: Chatot|Substitute|p1a: Chatot","|-start|p1a: Chatot|Substitute","|-damage|p1a: Chatot|200/293","|-end|p2a: Cradily|confusion","|move|p2a: Cradily|Stone Edge|p1a: Chatot","|-supereffective|p1a: Chatot","|-end|p1a: Chatot|Substitute","|","|-heal|p1a: Chatot|218/293|[from] item: Leftovers","|-heal|p2a: Cradily|191/313|[from] item: Leftovers","|turn|14","|","|move|p1a: Chatot|Substitute|p1a: Chatot","|-start|p1a: Chatot|Substitute","|-damage|p1a: Chatot|145/293","|move|p2a: Cradily|Stone Edge|p1a: Chatot","|-supereffective|p1a: Chatot","|-end|p1a: Chatot|Substitute","|","|-heal|p1a: Chatot|163/293|[from] item: Leftovers","|-heal|p2a: Cradily|210/313|[from] item: Leftovers","|turn|15","|","|move|p1a: Chatot|Substitute|p1a: Chatot","|-start|p1a: Chatot|Substitute","|-damage|p1a: Chatot|90/293","|move|p2a: Cradily|Stone Edge|p1a: Chatot","|-supereffective|p1a: Chatot","|-end|p1a: Chatot|Substitute","|","|-heal|p1a: Chatot|108/293|[from] item: Leftovers","|-heal|p2a: Cradily|229/313|[from] item: Leftovers","|turn|16","|","|move|p1a: Chatot|Chatter|p2a: Cradily","|-crit|p2a: Cradily","|-damage|p2a: Cradily|0 fnt","|faint|p2a: Cradily","|","|-heal|p1a: Chatot|126/293|[from] item: Leftovers","|","|switch|p2a: Roserade|Roserade, M|109/261","|turn|17","|","|move|p2a: Roserade|Sludge Bomb|p1a: Chatot","|-damage|p1a: Chatot|0 fnt","|faint|p1a: Chatot","|","|","|switch|p1a: Porygon2|Porygon2|374/374","|-damage|p1a: Porygon2|328/374|[from] Stealth Rock","|-ability|p1a: Porygon2|Technician|[from] ability: Trace|[of] p2a: Roserade","|turn|18","|","|switch|p2a: Ludicolo|Ludicolo, F|301/301","|move|p1a: Porygon2|Psyshock|p2a: Ludicolo","|-damage|p2a: Ludicolo|186/301","|","|turn|19","|","|move|p2a: Ludicolo|Focus Blast|p1a: Porygon2","|-supereffective|p1a: Porygon2","|-damage|p1a: Porygon2|84/374","|-unboost|p1a: Porygon2|spd|1","|move|p1a: Porygon2|Psyshock|p2a: Ludicolo","|-damage|p2a: Ludicolo|75/301","|","|turn|20","|","|move|p2a: Ludicolo|Focus Blast|p1a: Porygon2","|-supereffective|p1a: Porygon2","|-damage|p1a: Porygon2|0 fnt","|faint|p1a: Porygon2","|","|","|switch|p1a: Cinccino|Cinccino, F|291/291","|-damage|p1a: Cinccino|255/291|[from] Stealth Rock","|turn|21","|","|move|p1a: Cinccino|U-turn|p2a: Ludicolo","|-supereffective|p2a: Ludicolo","|-damage|p2a: Ludicolo|0 fnt","|faint|p2a: Ludicolo","|","|switch|p1a: Chansey|Chansey, F|704/704","|-damage|p1a: Chansey|616/704|[from] Stealth Rock","|","|","|switch|p2a: Venusaur|Venusaur, M|355/355","|turn|22","|","|detailschange|p2a: Venusaur|Venusaur-Mega, M","|-mega|p2a: Venusaur|Venusaur|Venusaurite","|move|p2a: Venusaur|Curse|p2a: Venusaur","|-unboost|p2a: Venusaur|spe|1","|-boost|p2a: Venusaur|atk|1","|-boost|p2a: Venusaur|def|1","|move|p1a: Chansey|Thunder Wave|p2a: Venusaur","|-status|p2a: Venusaur|par","|","|turn|23","|","|move|p1a: Chansey|Sweet Kiss|p2a: Venusaur","|-start|p2a: Venusaur|confusion","|-activate|p2a: Venusaur|confusion","|-damage|p2a: Venusaur|321/355 par|[from] confusion","|","|turn|24","|","|switch|p1a: Cinccino|Cinccino, F|255/291","|-damage|p1a: Cinccino|219/291|[from] Stealth Rock","|-activate|p2a: Venusaur|confusion","|-damage|p2a: Venusaur|288/355 par|[from] confusion","|","|turn|25","|","|move|p1a: Cinccino|Tail Slap|p2a: Venusaur","|-damage|p2a: Venusaur|269/355 par","|-damage|p2a: Venusaur|250/355 par","|-damage|p2a: Venusaur|231/355 par","|-damage|p2a: Venusaur|210/355 par","|-damage|p2a: Venusaur|191/355 par","|-hitcount|p2a: Venusaur|5","|-end|p2a: Venusaur|confusion","|move|p2a: Venusaur|Synthesis|p2a: Venusaur","|-heal|p2a: Venusaur|355/355 par","|","|turn|26","|","|move|p1a: Cinccino|Tail Slap|p2a: Venusaur","|-crit|p2a: Venusaur","|-damage|p2a: Venusaur|312/355 par","|-crit|p2a: Venusaur","|-damage|p2a: Venusaur|270/355 par","|-damage|p2a: Venusaur|251/355 par","|-damage|p2a: Venusaur|229/355 par","|-damage|p2a: Venusaur|210/355 par","|-hitcount|p2a: Venusaur|5","|cant|p2a: Venusaur|flinch","|","|turn|27","|","|move|p1a: Cinccino|Tail Slap|p2a: Venusaur","|-damage|p2a: Venusaur|191/355 par","|-damage|p2a: Venusaur|172/355 par","|-damage|p2a: Venusaur|154/355 par","|-damage|p2a: Venusaur|135/355 par","|-damage|p2a: Venusaur|114/355 par","|-hitcount|p2a: Venusaur|5","|cant|p2a: Venusaur|flinch","|","|turn|28","|","|move|p1a: Cinccino|Tail Slap|p2a: Venusaur","|-damage|p2a: Venusaur|95/355 par","|-damage|p2a: Venusaur|76/355 par","|-damage|p2a: Venusaur|54/355 par","|-damage|p2a: Venusaur|35/355 par","|-damage|p2a: Venusaur|16/355 par","|-hitcount|p2a: Venusaur|5","|cant|p2a: Venusaur|flinch","|","|turn|29","|","|move|p1a: Cinccino|U-turn|p2a: Venusaur","|-damage|p2a: Venusaur|0 fnt","|faint|p2a: Venusaur","|","|switch|p1a: Chansey|Chansey, F|616/704","|-damage|p1a: Chansey|528/704|[from] Stealth Rock","|","|","|switch|p2a: Celebi|Celebi|404/404","|turn|30","|","|move|p2a: Celebi|Thunder Wave|p1a: Chansey","|-status|p1a: Chansey|par","|move|p1a: Chansey|Soft-Boiled|p1a: Chansey","|-heal|p1a: Chansey|704/704 par","|","|turn|31","|","|switch|p2a: Roserade|Roserade, M|109/261","|move|p1a: Chansey|Thunder Wave|p2a: Roserade","|-status|p2a: Roserade|par","|","|turn|32","|","|move|p2a: Roserade|Sludge Bomb|p1a: Chansey","|-damage|p1a: Chansey|593/704 par","|move|p1a: Chansey|Sweet Kiss|p2a: Roserade","|-start|p2a: Roserade|confusion","|","|turn|33","|","|win|Erebus JZB"],"p1rating":{"entryid":"7514877","serverid":"eos","formatid":"monotype","userid":"erebusjzb","username":"Erebus JZB","w":5,"l":"1","t":"0","gxe":62.3,"r":"1500","rd":"130","sigma":"0","rptime":"1439110800","rpr":1598.0485626642,"rprd":97.958170946201,"rpsigma":"0","acre":1149.4674173101,"lacre":1149.4674173101,"oldacre":"1129.8584721453"},"p2rating":{"entryid":"6136999","serverid":"eos","formatid":"monotype","userid":"ktnphoton","username":"KTN Photon","w":"1","l":1,"t":"0","gxe":49.6,"r":"1542.73286248","rd":132.15643978711,"sigma":"0","rptime":1439110800,"rpr":1496.6296683641,"rprd":124.76166946901,"rpsigma":"0","acre":1039.5753506734,"lacre":1039.5753506734,"oldacre":"1053.7418553013"},"endType":"forfeit"}