{"seed":[34465,61153,4042,17445],"turns":31,"p1":"Guard Naruto","p2":"Alliance - Warner","p1team":[{"name":"Ditto","species":"Ditto","item":"choicescarf","ability":"Imposter","moves":["transform"],"nature":"Bold","evs":{"hp":252,"atk":0,"def":252,"spa":0,"spd":6,"spe":0},"ivs":{"hp":31,"atk":31,"def":31,"spa":31,"spd":31,"spe":31}},{"name":"Heliolisk","species":"Heliolisk","item":"assaultvest","ability":"Dry Skin","moves":["thunderbolt","surf","focusblast","paraboliccharge"],"nature":"Bold","evs":{"hp":248,"atk":0,"def":252,"spa":8,"spd":0,"spe":0},"ivs":{"hp":31,"atk":31,"def":31,"spa":31,"spd":31,"spe":31}},{"name":"Kecleon","species":"Kecleon","item":"lifeorb","ability":"Protean","moves":["drainpunch","recover","shadowsneak","firepunch"],"nature":"Adamant","evs":{"hp":248,"atk":252,"def":0,"spa":0,"spd":8,"spe":0},"ivs":{"hp":31,"atk":31,"def":31,"spa":31,"spd":31,"spe":31}},{"name":"Audino","species":"Audino","item":"audinite","ability":"Regenerator","moves":["calmmind","flamethrower","healbell","drainingkiss"],"nature":"Bold","evs":{"hp":164,"atk":0,"def":252,"spa":40,"spd":52,"spe":0},"ivs":{"hp":31,"atk":31,"def":31,"spa":31,"spd":31,"spe":31}},{"name":"Pyroar","species":"Pyroar","item":"choicespecs","ability":"Unnerve","moves":["flamethrower","darkpulse","hypervoice","overheat"],"nature":"Timid","evs":{"hp":0,"atk":0,"def":0,"spa":252,"spd":4,"spe":252},"ivs":{"hp":31,"atk":31,"def":31,"spa":31,"spd":31,"spe":31}},{"name":"Miltank","species":"Miltank","item":"leftovers","ability":"Thick Fat","moves":["poweruppunch","bodyslam","milkdrink","firepunch"],"nature":"Careful","evs":{"hp":248,"atk":0,"def":60,"spa":0,"spd":200,"spe":0},"ivs":{"hp":31,"atk":31,"def":31,"spa":31,"spd":31,"spe":31}}],"p2team":[{"name":"Scizor","species":"Scizor","item":"choiceband","ability":"Technician","moves":["bulletpunch","uturn","knockoff","pursuit"],"nature":"Adamant","evs":{"hp":248,"atk":252,"def":0,"spa":0,"spd":4,"spe":4},"ivs":{"hp":31,"atk":31,"def":31,"spa":31,"spd":31,"spe":31}},{"name":"Forretress","species":"Forretress","item":"leftovers","ability":"Overcoat","moves":["stealthrock","toxic","rapidspin","voltswitch"],"nature":"Bold","evs":{"hp":252,"atk":0,"def":252,"spa":4,"spd":0,"spe":0},"ivs":{"hp":31,"atk":31,"def":31,"spa":31,"spd":31,"spe":31}},{"name":"Pinsir","species":"Pinsir","item":"pinsirite","ability":"Hyper Cutter","moves":["quickattack","return","swordsdance","earthquake"],"nature":"Jolly","evs":{"hp":0,"atk":252,"def":0,"spa":0,"spd":4,"spe":252},"ivs":{"hp":31,"atk":31,"def":31,"spa":31,"spd":31,"spe":31}},{"name":"Volcarona","species":"Volcarona","item":"sitrusberry","ability":"Flame Body","moves":["fierydance","roost","gigadrain","quiverdance"],"nature":"Timid","evs":{"hp":0,"atk":0,"def":0,"spa":128,"spd":128,"spe":252},"ivs":{"hp":31,"atk":0,"def":31,"spa":31,"spd":31,"spe":31}},{"name":"Heracross","species":"Heracross","item":"choicescarf","ability":"Moxie","moves":["earthquake","megahorn","knockoff","closecombat"],"nature":"Jolly","evs":{"hp":0,"atk":252,"def":0,"spa":0,"spd":4,"spe":252},"ivs":{"hp":31,"atk":31,"def":31,"spa":31,"spd":31,"spe":31}},{"name":"Genesect","species":"Genesect","item":"choicescarf","ability":"Download","moves":["uturn","thunderbolt","icebeam","flashcannon"],"nature":"Hasty","evs":{"hp":0,"atk":4,"def":0,"spa":252,"spd":0,"spe":252},"ivs":{"hp":31,"atk":31,"def":31,"spa":31,"spd":31,"spe":31}}],"log":["|player|p1|Guard Naruto|284","|player|p2|Alliance - Warner|126","|gametype|singles","|gen|6","|tier|Monotype","|rated","|rule|Baton Pass Clause: Limit one Baton Passer, can't pass Spe and other stats simultaneously","|rule|Swagger Clause: Swagger is banned","|rule|Same Type Clause: Pokémon in a team must share a type","|clearpoke","|poke|p1|Ditto","|poke|p1|Heliolisk, M","|poke|p1|Kecleon, F","|poke|p1|Audino, M","|poke|p1|Pyroar, M","|poke|p1|Miltank, F","|poke|p2|Scizor, F","|poke|p2|Forretress, M","|poke|p2|Pinsir, F","|poke|p2|Volcarona, F","|poke|p2|Heracross, F","|poke|p2|Genesect-*","|rule|Sleep Clause Mod: Limit one foe put to sleep","|rule|Species Clause: Limit one of each Pokémon","|rule|OHKO Clause: OHKO moves are banned","|rule|Moody Clause: Moody is banned","|rule|Evasion Moves Clause: Evasion moves are banned","|rule|Endless Battle Clause: Forcing endless battles is banned","|rule|HP Percentage Mod: HP is shown in percentages","|teampreview","|","|start","|switch|p1a: Kecleon|Kecleon, F|323/323","|switch|p2a: Genesect|Genesect|283/283","|-boost|p2a: Genesect|atk|1|[from] ability: Download","|turn|1","|","|move|p2a: Genesect|U-turn|p1a: Kecleon","|-damage|p1a: Kecleon|122/323","|","|switch|p2a: Forretress|Forretress, M|354/354","|move|p1a: Kecleon|Fire Punch|p2a: Forretress","|-start|p1a: Kecleon|typechange|Fire|[from] Protean","|-supereffective|p2a: Forretress","|-damage|p2a: Forretress|26/354","|-damage|p1a: Kecleon|90/323|[from] item: Life Orb","|","|-heal|p2a: Forretress|48/354|[from] item: Leftovers","|turn|2","|","|move|p2a: Forretress|Stealth Rock|p1a: Kecleon","|-sidestart|p1: Guard Naruto|move: Stealth Rock","|move|p1a: Kecleon|Recover|p1a: Kecleon","|-start|p1a: Kecleon|typechange|Normal|[from] Protean","|-heal|p1a: Kecleon|252/323","|","|-heal|p2a: Forretress|70/354|[from] item: Leftovers","|turn|3","|","|move|p2a: Forretress|Toxic|p1a: Kecleon","|-status|p1a: Kecleon|tox","|move|p1a: Kecleon|Fire Punch|p2a: Forretress","|-start|p1a: Kecleon|typechange|Fire|[from] Protean","|-supereffective|p2a: Forretress","|-damage|p2a: Forretress|0 fnt","|-damage|p1a: Kecleon|220/323 tox|[from] item: Life Orb","|faint|p2a: Forretress","|","|-damage|p1a: Kecleon|200/323 tox|[from] psn","|","|switch|p2a: Scizor|Scizor, F|343/343","|turn|4","|","|move|p2a: Scizor|U-turn|p1a: Kecleon","|-resisted|p1a: Kecleon","|-damage|p1a: Kecleon|71/323 tox","|","|switch|p2a: Volcarona|Volcarona, F|311/311","|move|p1a: Kecleon|Fire Punch|p2a: Volcarona","|-damage|p2a: Volcarona|115/311","|-damage|p1a: Kecleon|39/323 tox|[from] item: Life Orb","|-enditem|p2a: Volcarona|Sitrus Berry|[eat]","|-heal|p2a: Volcarona|192/311|[from] item: Sitrus Berry","|","|-damage|p1a: Kecleon|0 fnt|[from] psn","|faint|p1a: Kecleon","|","|switch|p1a: Heliolisk|Heliolisk, M|327/327","|-damage|p1a: Heliolisk|287/327|[from] Stealth Rock","|turn|5","|","|move|p2a: Volcarona|Quiver Dance|p2a: Volcarona","|-boost|p2a: Volcarona|spa|1","|-boost|p2a: Volcarona|spd|1","|-boost|p2a: Volcarona|spe|1","|move|p1a: Heliolisk|Surf|p2a: Volcarona","|-supereffective|p2a: Volcarona","|-damage|p2a: Volcarona|100/311","|","|turn|6","|","|move|p2a: Volcarona|Roost|p2a: Volcarona","|-heal|p2a: Volcarona|256/311","|move|p1a: Heliolisk|Surf|p2a: Volcarona","|-supereffective|p2a: Volcarona","|-damage|p2a: Volcarona|164/311","|","|turn|7","|","|move|p2a: Volcarona|Quiver Dance|p2a: Volcarona","|-boost|p2a: Volcarona|spa|1","|-boost|p2a: Volcarona|spd|1","|-boost|p2a: Volcarona|spe|1","|move|p1a: Heliolisk|Surf|p2a: Volcarona","|-supereffective|p2a: Volcarona","|-damage|p2a: Volcarona|96/311","|","|turn|8","|","|move|p2a: Volcarona|Roost|p2a: Volcarona","|-heal|p2a: Volcarona|252/311","|move|p1a: Heliolisk|Thunderbolt|p2a: Volcarona","|-damage|p2a: Volcarona|200/311","|","|turn|9","|","|move|p2a: Volcarona|Giga Drain|p1a: Heliolisk","|-damage|p1a: Heliolisk|162/327","|-heal|p2a: Volcarona|263/311|[from] drain|[of] p1a: Heliolisk","|move|p1a: Heliolisk|Thunderbolt|p2a: Volcarona","|-damage|p2a: Volcarona|217/311","|","|turn|10","|","|move|p2a: Volcarona|Giga Drain|p1a: Heliolisk","|-damage|p1a: Heliolisk|38/327","|-heal|p2a: Volcarona|279/311|[from] drain|[of] p1a: Heliolisk","|move|p1a: Heliolisk|Thunderbolt|p2a: Volcarona","|-damage|p2a: Volcarona|231/311","|-status|p2a: Volcarona|par","|","|turn|11","|","|move|p1a: Heliolisk|Surf|p2a: Volcarona","|-supereffective|p2a: Volcarona","|-damage|p2a: Volcarona|165/311 par","|move|p2a: Volcarona|Quiver Dance|p2a: Volcarona","|-boost|p2a: Volcarona|spa|1","|-boost|p2a: Volcarona|spd|1","|-boost|p2a: Volcarona|spe|1","|","|turn|12","|","|move|p1a: Heliolisk|Surf|p2a: Volcarona","|-supereffective|p2a: Volcarona","|-damage|p2a: Volcarona|111/311 par","|cant|p2a: Volcarona|par","|","|turn|13","|","|move|p1a: Heliolisk|Surf|p2a: Volcarona","|-supereffective|p2a: Volcarona","|-damage|p2a: Volcarona|63/311 par","|move|p2a: Volcarona|Roost|p2a: Volcarona","|-heal|p2a: Volcarona|219/311 par","|","|turn|14","|","|move|p1a: Heliolisk|Surf|p2a: Volcarona","|-supereffective|p2a: Volcarona","|-damage|p2a: Volcarona|169/311 par","|cant|p2a: Volcarona|par","|","|turn|15","|","|move|p1a: Heliolisk|Surf|p2a: Volcarona","|-supereffective|p2a: Volcarona","|-damage|p2a: Volcarona|113/311 par","|move|p2a: Volcarona|Roost|p2a: Volcarona","|-heal|p2a: Volcarona|269/311 par","|","|turn|16","|","|move|p1a: Heliolisk|Surf|p2a: Volcarona","|-supereffective|p2a: Volcarona","|-damage|p2a: Volcarona|217/311 par","|move|p2a: Volcarona|Roost|p2a: Volcarona","|-heal|p2a: Volcarona|311/311 par","|","|turn|17","|","|move|p1a: Heliolisk|Surf|p2a: Volcarona","|-supereffective|p2a: Volcarona","|-damage|p2a: Volcarona|259/311 par","|cant|p2a: Volcarona|par","|","|turn|18","|","|move|p1a: Heliolisk|Surf|p2a: Volcarona","|-supereffective|p2a: Volcarona","|-damage|p2a: Volcarona|207/311 par","|move|p2a: Volcarona|Giga Drain|p1a: Heliolisk","|-damage|p1a: Heliolisk|0 fnt","|-heal|p2a: Volcarona|226/311 par|[from] drain|[of] p1a: Heliolisk","|faint|p1a: Heliolisk","|","|","|switch|p1a: Ditto|Ditto|300/300","|-damage|p1a: Ditto|263/300|[from] Stealth Rock","|-transform|p1a: Ditto|p2a: Volcarona","|turn|19","|","|move|p1a: Ditto|Fiery Dance|p2a: Volcarona","|-damage|p2a: Volcarona|117/311 par","|-boost|p1a: Ditto|spa|1","|move|p2a: Volcarona|Fiery Dance|p1a: Ditto","|-damage|p1a: Ditto|152/300","|-boost|p2a: Volcarona|spa|1","|","|turn|20","|","|move|p1a: Ditto|Fiery Dance|p2a: Volcarona","|-damage|p2a: Volcarona|0 fnt","|-boost|p1a: Ditto|spa|1","|faint|p2a: Volcarona","|","|","|switch|p2a: Pinsir|Pinsir, F|271/271","|turn|21","|","|switch|p1a: Miltank|Miltank, F|393/393","|-damage|p1a: Miltank|344/393|[from] Stealth Rock","|detailschange|p2a: Pinsir|Pinsir-Mega, F","|-mega|p2a: Pinsir|Pinsir|Pinsirite","|move|p2a: Pinsir|Quick Attack|p1a: Miltank","|-damage|p1a: Miltank|254/393","|","|-heal|p1a: Miltank|278/393|[from] item: Leftovers","|turn|22","|","|move|p2a: Pinsir|Return|p1a: Miltank","|-damage|p1a: Miltank|50/393","|move|p1a: Miltank|Fire Punch|p2a: Pinsir","|-supereffective|p2a: Pinsir","|-damage|p2a: Pinsir|193/271","|","|-heal|p1a: Miltank|74/393|[from] item: Leftovers","|turn|23","|","|move|p2a: Pinsir|Return|p1a: Miltank","|-damage|p1a: Miltank|0 fnt","|faint|p1a: Miltank","|","|","|switch|p1a: Pyroar|Pyroar, M|313/313","|-damage|p1a: Pyroar|235/313|[from] Stealth Rock","|-ability|p1a: Pyroar|Unnerve|p2: Alliance - Warner","|turn|24","|","|move|p2a: Pinsir|Quick Attack|p1a: Pyroar","|-damage|p1a: Pyroar|91/313","|move|p1a: Pyroar|Flamethrower|p2a: Pinsir","|-supereffective|p2a: Pinsir","|-damage|p2a: Pinsir|0 fnt","|faint|p2a: Pinsir","|","|","|switch|p2a: Heracross|Heracross, F|301/301","|turn|25","|","|move|p2a: Heracross|Close Combat|p1a: Pyroar","|-supereffective|p1a: Pyroar","|-damage|p1a: Pyroar|0 fnt","|-unboost|p2a: Heracross|def|1","|-unboost|p2a: Heracross|spd|1","|faint|p1a: Pyroar","|-boost|p2a: Heracross|atk|1|[from] ability: Moxie","|","|","|switch|p1a: Audino|Audino, M|388/388","|-damage|p1a: Audino|340/388|[from] Stealth Rock","|turn|26","|","|switch|p2a: Scizor|Scizor, F|343/343","|detailschange|p1a: Audino|Audino-Mega, M","|-mega|p1a: Audino|Audino|Audinite","|move|p1a: Audino|Flamethrower|p2a: Scizor","|-supereffective|p2a: Scizor","|-damage|p2a: Scizor|39/343","|","|turn|27","|","|switch|p1a: Ditto|Ditto|152/300","|-damage|p1a: Ditto|115/300|[from] Stealth Rock","|-transform|p1a: Ditto|p2a: Scizor","|move|p2a: Scizor|Bullet Punch|p1a: Ditto","|-resisted|p1a: Ditto","|-damage|p1a: Ditto|29/300","|","|turn|28","|","|switch|p2a: Heracross|Heracross, F|301/301","|move|p1a: Ditto|Bullet Punch|p2a: Heracross","|-damage|p2a: Heracross|144/301","|","|turn|29","|","|move|p1a: Ditto|Bullet Punch|p2a: Heracross","|-crit|p2a: Heracross","|-damage|p2a: Heracross|0 fnt","|faint|p2a: Heracross","|","|","|switch|p2a: Genesect|Genesect|283/283","|-boost|p2a: Genesect|spa|1|[from] ability: Download","|turn|30","|","|move|p1a: Ditto|Bullet Punch|p2a: Genesect","|-resisted|p2a: Genesect","|-damage|p2a: Genesect|220/283","|move|p2a: Genesect|Flash Cannon|p1a: Ditto","|-resisted|p1a: Ditto","|-damage|p1a: Ditto|0 fnt","|faint|p1a: Ditto","|","|","|switch|p1a: Audino|Audino-Mega, M|340/388","|-damage|p1a: Audino|292/388|[from] Stealth Rock","|turn|31","|","|move|p2a: Genesect|Flash Cannon|p1a: Audino","|-supereffective|p1a: Audino","|-damage|p1a: Audino|0 fnt","|faint|p1a: Audino","|","|win|Alliance - Warner"],"p1rating":{"entryid":"7460015","serverid":"eos","formatid":"monotype","userid":"guardnaruto","username":"Guard Naruto","w":"12","l":14,"t":"0","gxe":50.9,"r":"1464.4069117317","rd":"76.2818127204","sigma":"0","rptime":"1439110800","rpr":1506.6680994237,"rprd":64.370513871942,"rpsigma":"0","acre":1136.5808889798,"lacre":1136.5808889798,"oldacre":"1156.6257327846"},"p2rating":{"entryid":"7343610","serverid":"eos","formatid":"monotype","userid":"alliancewarner","username":"Alliance - Warner","w":22,"l":"10","t":"0","gxe":64.5,"r":"1631.1780270284","rd":"62.16761891798","sigma":"0","rptime":"1439110800","rpr":1614.1420496773,"rprd":59.314002321104,"rpsigma":"0","acre":1246.4581413987,"lacre":1246.4581413987,"oldacre":"1226.4132975939"},"endType":"normal"}