{"seed":[44530,10844,49500,54187],"turns":28,"p1":"Bugy","p2":"Apex Salamence","p1team":[{"name":"Pinsir","species":"Pinsir","item":"pinsirite","ability":"Moxie","moves":["quickattack","return","swordsdance","closecombat"],"nature":"Adamant","evs":{"hp":248,"atk":252,"def":0,"spa":0,"spd":8,"spe":0},"ivs":{"hp":31,"atk":31,"def":31,"spa":31,"spd":31,"spe":31}},{"name":"Volcarona","species":"Volcarona","item":"leftovers","ability":"Flame Body","moves":["bugbuzz","fierydance","quiverdance","gigadrain"],"nature":"Modest","evs":{"hp":0,"atk":0,"def":0,"spa":252,"spd":4,"spe":252},"ivs":{"hp":31,"atk":31,"def":31,"spa":31,"spd":31,"spe":31}},{"name":"Scizor","species":"Scizor","item":"rockyhelmet","ability":"Technician","moves":["swordsdance","bulletpunch","roost","uturn"],"nature":"Impish","evs":{"hp":248,"atk":8,"def":252,"spa":0,"spd":0,"spe":0},"ivs":{"hp":31,"atk":31,"def":31,"spa":31,"spd":31,"spe":31}},{"name":"Vivillon","species":"Vivillon","item":"focussash","ability":"Compound Eyes","moves":["sleeppowder","hurricane","endeavor","quiverdance"],"nature":"","evs":{"hp":0,"atk":0,"def":0,"spa":0,"spd":0,"spe":0},"ivs":{"hp":31,"atk":31,"def":31,"spa":31,"spd":31,"spe":31}},{"name":"Heracross","species":"Heracross","item":"choicescarf","ability":"Moxie","moves":["closecombat","megahorn","stoneedge","earthquake"],"nature":"","evs":{"hp":0,"atk":0,"def":0,"spa":0,"spd":0,"spe":0},"ivs":{"hp":31,"atk":31,"def":31,"spa":31,"spd":31,"spe":31}},{"name":"Armaldo","species":"Armaldo","item":"leftovers","ability":"Battle Armor","moves":["stealthrock","rockblast","rapidspin","knockoff"],"nature":"Adamant","evs":{"hp":252,"atk":252,"def":0,"spa":0,"spd":4,"spe":0},"ivs":{"hp":31,"atk":31,"def":31,"spa":31,"spd":31,"spe":31}}],"p2team":[{"name":"Blue Ranger","species":"bisharp","item":"lumberry","ability":"Defiant","moves":["knockoff","ironhead","swordsdance","suckerpunch"],"nature":"Adamant","evs":{"hp":248,"atk":252,"def":0,"spa":0,"spd":8,"spe":0},"gender":"M","shiny":true,"ivs":{"hp":31,"atk":31,"def":31,"spa":31,"spd":31,"spe":31}},{"name":"Hydra","species":"hydreigon","item":"blackglasses","ability":"Levitate","moves":["darkpulse","dragonpulse","chargebeam","surf"],"nature":"Timid","evs":{"hp":0,"atk":0,"def":0,"spa":252,"spd":4,"spe":252},"gender":"M","shiny":true,"ivs":{"hp":31,"atk":31,"def":31,"spa":31,"spd":31,"spe":31}},{"name":"Kunoichi","species":"weavile","item":"lifeorb","ability":"Pressure","moves":["knockoff","iceshard","iciclecrash","poisonjab"],"nature":"Jolly","evs":{"hp":0,"atk":252,"def":0,"spa":0,"spd":4,"spe":252},"gender":"F","shiny":true,"ivs":{"hp":31,"atk":31,"def":31,"spa":31,"spd":31,"spe":31}},{"name":"Diablo","species":"absol","item":"absolite","ability":"Pressure","moves":["swordsdance","knockoff","suckerpunch","playrough"],"nature":"Jolly","evs":{"hp":0,"atk":252,"def":0,"spa":0,"spd":4,"spe":252},"gender":"M","shiny":true,"ivs":{"hp":31,"atk":31,"def":31,"spa":31,"spd":31,"spe":31}},{"name":"Jewel","species":"sableye","item":"leftovers","ability":"Prankster","moves":["foulplay","willowisp","taunt","recover"],"nature":"Calm","evs":{"hp":252,"atk":0,"def":4,"spa":0,"spd":252,"spe":0},"gender":"F","shiny":true,"ivs":{"hp":31,"atk":31,"def":31,"spa":31,"spd":31,"spe":31}},{"name":"Nate","species":"zoroark","item":"choicespecs","ability":"Illusion","moves":["flamethrower","nightdaze","focusblast","trick"],"nature":"Timid","evs":{"hp":0,"atk":0,"def":0,"spa":252,"spd":4,"spe":252},"gender":"M","shiny":true,"ivs":{"hp":31,"atk":31,"def":31,"spa":31,"spd":31,"spe":31}}],"log":["|player|p1|Bugy|66","|player|p2|Apex Salamence|125","|gametype|singles","|gen|6","|tier|Monotype","|rated","|rule|Baton Pass Clause: Limit one Baton Passer, can't pass Spe and other stats simultaneously","|rule|Swagger Clause: Swagger is banned","|rule|Same Type Clause: Pokémon in a team must share a type","|clearpoke","|poke|p1|Pinsir, F","|poke|p1|Volcarona, F","|poke|p1|Scizor, F","|poke|p1|Vivillon, M","|poke|p1|Heracross, F","|poke|p1|Armaldo, F","|poke|p2|Bisharp, M, shiny","|poke|p2|Hydreigon, M, shiny","|poke|p2|Weavile, F, shiny","|poke|p2|Absol, M, shiny","|poke|p2|Sableye, F, shiny","|poke|p2|Zoroark, M, shiny","|rule|Sleep Clause Mod: Limit one foe put to sleep","|rule|Species Clause: Limit one of each Pokémon","|rule|OHKO Clause: OHKO moves are banned","|rule|Moody Clause: Moody is banned","|rule|Evasion Moves Clause: Evasion moves are banned","|rule|Endless Battle Clause: Forcing endless battles is banned","|rule|HP Percentage Mod: HP is shown in percentages","|teampreview","|","|start","|switch|p1a: Volcarona|Volcarona, F|311/311","|switch|p2a: Diablo|Absol, M, shiny|271/271","|-ability|p2a: Diablo|Pressure","|turn|1","|","|detailschange|p2a: Diablo|Absol-Mega, M, shiny","|-mega|p2a: Diablo|Absol|Absolite","|move|p1a: Volcarona|Quiver Dance|p1a: Volcarona","|-boost|p1a: Volcarona|spa|1","|-boost|p1a: Volcarona|spd|1","|-boost|p1a: Volcarona|spe|1","|move|p2a: Diablo|Swords Dance|p2a: Diablo","|-boost|p2a: Diablo|atk|2","|","|turn|2","|","|move|p1a: Volcarona|Bug Buzz|p2a: Diablo","|-supereffective|p2a: Diablo","|-damage|p2a: Diablo|0 fnt","|faint|p2a: Diablo","|","|","|switch|p2a: Blue Ranger|Bisharp, M, shiny|261/261","|turn|3","|","|move|p1a: Volcarona|Quiver Dance|p1a: Volcarona","|-boost|p1a: Volcarona|spa|1","|-boost|p1a: Volcarona|spd|1","|-boost|p1a: Volcarona|spe|1","|move|p2a: Blue Ranger|Night Daze|p1a: Volcarona","|-damage|p1a: Volcarona|206/311","|-unboost|p1a: Volcarona|accuracy|1","|","|-heal|p1a: Volcarona|225/311|[from] item: Leftovers","|turn|4","|","|move|p1a: Volcarona|Fiery Dance|p2a: Blue Ranger","|replace|p2a: Nate|Zoroark, M, shiny|261/261","|-damage|p2a: Nate|0 fnt","|-boost|p1a: Volcarona|spa|1","|faint|p2a: Nate","|","|-heal|p1a: Volcarona|244/311|[from] item: Leftovers","|","|switch|p2a: Blue Ranger|Bisharp, M, shiny|333/333","|turn|5","|","|move|p1a: Volcarona|Quiver Dance|p1a: Volcarona","|-boost|p1a: Volcarona|spa|1","|-boost|p1a: Volcarona|spd|1","|-boost|p1a: Volcarona|spe|1","|move|p2a: Blue Ranger|Knock Off|p1a: Volcarona","|-damage|p1a: Volcarona|1/311","|-enditem|p1a: Volcarona|Leftovers|[from] move: Knock Off|[of] p2a: Blue Ranger","|","|turn|6","|","|move|p2a: Blue Ranger|Sucker Punch|p1a: Volcarona","|-fail|p2a: Blue Ranger","|move|p1a: Volcarona|Quiver Dance|p1a: Volcarona","|-boost|p1a: Volcarona|spa|1","|-boost|p1a: Volcarona|spd|1","|-boost|p1a: Volcarona|spe|1","|","|turn|7","|","|move|p2a: Blue Ranger|Sucker Punch|p1a: Volcarona","|-fail|p2a: Blue Ranger","|move|p1a: Volcarona|Quiver Dance|p1a: Volcarona","|-boost|p1a: Volcarona|spa|1","|-boost|p1a: Volcarona|spd|1","|-boost|p1a: Volcarona|spe|1","|","|turn|8","|","|move|p2a: Blue Ranger|Sucker Punch|p1a: Volcarona","|-damage|p1a: Volcarona|0 fnt","|faint|p1a: Volcarona","|","|","|switch|p1a: Vivillon|Vivillon, M|301/301","|turn|9","|","|move|p1a: Vivillon|Sleep Powder|p2a: Blue Ranger","|-status|p2a: Blue Ranger|slp","|-enditem|p2a: Blue Ranger|Lum Berry|[eat]","|-curestatus|p2a: Blue Ranger|slp","|move|p2a: Blue Ranger|Swords Dance|p2a: Blue Ranger","|-boost|p2a: Blue Ranger|atk|2","|","|turn|10","|","|move|p1a: Vivillon|Sleep Powder|p2a: Blue Ranger","|-status|p2a: Blue Ranger|slp","|cant|p2a: Blue Ranger|slp","|","|turn|11","|","|move|p1a: Vivillon|Quiver Dance|p1a: Vivillon","|-boost|p1a: Vivillon|spa|1","|-boost|p1a: Vivillon|spd|1","|-boost|p1a: Vivillon|spe|1","|-curestatus|p2a: Blue Ranger|slp","|move|p2a: Blue Ranger|Knock Off|p1a: Vivillon","|-enditem|p1a: Vivillon|Focus Sash","|-damage|p1a: Vivillon|1/301","|","|turn|12","|","|move|p2a: Blue Ranger|Sucker Punch|p1a: Vivillon","|-fail|p2a: Blue Ranger","|move|p1a: Vivillon|Sleep Powder|p2a: Blue Ranger","|-status|p2a: Blue Ranger|slp","|","|turn|13","|","|move|p1a: Vivillon|Hurricane|p2a: Blue Ranger","|-resisted|p2a: Blue Ranger","|-damage|p2a: Blue Ranger|223/333 slp","|cant|p2a: Blue Ranger|slp","|","|turn|14","|","|cant|p2a: Blue Ranger|slp","|move|p1a: Vivillon|Endeavor|p2a: Blue Ranger","|-damage|p2a: Blue Ranger|1/333 slp","|","|turn|15","|","|-curestatus|p2a: Blue Ranger|slp","|move|p2a: Blue Ranger|Sucker Punch|p1a: Vivillon","|-damage|p1a: Vivillon|0 fnt","|faint|p1a: Vivillon","|","|","|switch|p1a: Scizor|Scizor, F|343/343","|turn|16","|","|move|p1a: Scizor|Bullet Punch|p2a: Blue Ranger","|-resisted|p2a: Blue Ranger","|-damage|p2a: Blue Ranger|0 fnt","|faint|p2a: Blue Ranger","|","|","|switch|p2a: Jewel|Sableye, F, shiny|304/304","|turn|17","|","|move|p2a: Jewel|Will-O-Wisp|p1a: Scizor","|-status|p1a: Scizor|brn","|move|p1a: Scizor|Swords Dance|p1a: Scizor","|-boost|p1a: Scizor|atk|2","|","|-damage|p1a: Scizor|301/343 brn|[from] brn","|turn|18","|","|move|p1a: Scizor|Swords Dance|p1a: Scizor","|-boost|p1a: Scizor|atk|2","|move|p2a: Jewel|Foul Play|p1a: Scizor","|-damage|p1a: Scizor|0 fnt","|-damage|p2a: Jewel|254/304|[from] item: Rocky Helmet|[of] p1a: Scizor","|faint|p1a: Scizor","|","|-heal|p2a: Jewel|273/304|[from] item: Leftovers","|","|switch|p1a: Armaldo|Armaldo, F|354/354","|turn|19","|","|move|p2a: Jewel|Will-O-Wisp|p1a: Armaldo","|-status|p1a: Armaldo|brn","|move|p1a: Armaldo|Knock Off|p2a: Jewel","|-damage|p2a: Jewel|201/304","|-enditem|p2a: Jewel|Leftovers|[from] move: Knock Off|[of] p1a: Armaldo","|","|-damage|p1a: Armaldo|310/354 brn|[from] brn","|turn|20","|","|move|p2a: Jewel|Foul Play|p1a: Armaldo","|-damage|p1a: Armaldo|120/354 brn","|move|p1a: Armaldo|Stealth Rock|p2a: Jewel","|-sidestart|p2: Apex Salamence|move: Stealth Rock","|","|-heal|p1a: Armaldo|142/354 brn|[from] item: Leftovers","|-damage|p1a: Armaldo|98/354 brn|[from] brn","|turn|21","|","|move|p2a: Jewel|Foul Play|p1a: Armaldo","|-damage|p1a: Armaldo|0 fnt","|faint|p1a: Armaldo","|","|","|switch|p1a: Heracross|Heracross, F|301/301","|turn|22","|","|move|p2a: Jewel|Will-O-Wisp|p1a: Heracross","|-status|p1a: Heracross|brn","|move|p1a: Heracross|Megahorn|p2a: Jewel|[miss]","|-miss|p1a: Heracross|p2a: Jewel","|","|-damage|p1a: Heracross|264/301 brn|[from] brn","|turn|23","|","|move|p1a: Heracross|Megahorn|p2a: Jewel","|-damage|p2a: Jewel|86/304","|move|p2a: Jewel|Foul Play|p1a: Heracross","|-resisted|p1a: Heracross","|-damage|p1a: Heracross|179/301 brn","|","|-damage|p1a: Heracross|142/301 brn|[from] brn","|turn|24","|","|move|p2a: Jewel|Recover|p2a: Jewel","|-heal|p2a: Jewel|238/304","|move|p1a: Heracross|Megahorn|p2a: Jewel","|-damage|p2a: Jewel|138/304","|","|-damage|p1a: Heracross|105/301 brn|[from] brn","|turn|25","|","|move|p1a: Heracross|Megahorn|p2a: Jewel","|-damage|p2a: Jewel|38/304","|move|p2a: Jewel|Foul Play|p1a: Heracross","|-resisted|p1a: Heracross","|-damage|p1a: Heracross|14/301 brn","|","|-damage|p1a: Heracross|0 fnt|[from] brn","|faint|p1a: Heracross","|","|switch|p1a: Pinsir|Pinsir, F|333/333","|turn|26","|","|detailschange|p1a: Pinsir|Pinsir-Mega, F","|-mega|p1a: Pinsir|Pinsir|Pinsirite","|move|p1a: Pinsir|Quick Attack|p2a: Jewel","|-crit|p2a: Jewel","|-damage|p2a: Jewel|0 fnt","|faint|p2a: Jewel","|","|","|switch|p2a: Kunoichi|Weavile, F, shiny|281/281","|-damage|p2a: Kunoichi|211/281|[from] Stealth Rock","|-ability|p2a: Kunoichi|Pressure","|turn|27","|","|move|p2a: Kunoichi|Ice Shard|p1a: Pinsir","|-supereffective|p1a: Pinsir","|-damage|p1a: Pinsir|174/333","|-damage|p2a: Kunoichi|183/281|[from] item: Life Orb","|move|p1a: Pinsir|Return|p2a: Kunoichi","|-damage|p2a: Kunoichi|0 fnt","|faint|p2a: Kunoichi","|","|","|switch|p2a: Hydra|Hydreigon, M, shiny|325/325","|-damage|p2a: Hydra|285/325|[from] Stealth Rock","|turn|28","|","|move|p2a: Hydra|Dark Pulse|p1a: Pinsir","|-damage|p1a: Pinsir|0 fnt","|faint|p1a: Pinsir","|","|win|Apex Salamence"],"p1rating":{"entryid":"7518182","serverid":"eos","formatid":"monotype","userid":"bugy","username":"Bugy","w":"3","l":5,"t":"0","gxe":42.8,"r":"1500","rd":"130","sigma":"0","rptime":"1439110800","rpr":1443.6852383994,"rprd":91.933224756076,"rpsigma":"0","acre":1028.388111577,"lacre":1028.388111577,"oldacre":"1040.0699425693"},"p2rating":{"entryid":"7518658","serverid":"eos","formatid":"monotype","userid":"apexsalamence","username":"Apex Salamence","w":5,"l":"0","t":"0","gxe":64.8,"r":"1500","rd":"130","sigma":"0","rptime":"1439110800","rpr":1619.601920057,"rprd":102.94781473401,"rpsigma":"0","acre":1154.6396100991,"lacre":1154.6396100991,"oldacre":"1136.3987099432"},"endType":"normal"}