{"seed":[55708,51865,28581,18690],"turns":18,"p1":"void blope","p2":"SL Zaberz","p1team":[{"name":"Drapion","species":"Drapion","item":"blacksludge","ability":"Battle Armor","moves":["knockoff","crosspoison","toxicspikes","whirlwind"],"nature":"Careful","evs":{"hp":248,"atk":0,"def":0,"spa":0,"spd":216,"spe":44},"gender":"M","shiny":true,"ivs":{"hp":31,"atk":31,"def":31,"spa":31,"spd":31,"spe":31}},{"name":"Tyranitar","species":"Tyranitar","item":"tyranitarite","ability":"Sand Stream","moves":["stealthrock","pursuit","stoneedge","payback"],"nature":"Careful","evs":{"hp":252,"atk":4,"def":0,"spa":0,"spd":252,"spe":0},"gender":"M","shiny":true,"ivs":{"hp":31,"atk":31,"def":31,"spa":31,"spd":31,"spe":31}},{"name":"Malamar","species":"Malamar","item":"leftovers","ability":"Contrary","moves":["superpower","nightslash","rest","sleeptalk"],"nature":"Careful","evs":{"hp":252,"atk":0,"def":0,"spa":0,"spd":244,"spe":12},"gender":"M","shiny":true,"ivs":{"hp":31,"atk":31,"def":31,"spa":31,"spd":31,"spe":31}},{"name":"Krookodile","species":"Krookodile","item":"choiceband","ability":"Intimidate","moves":["earthquake","foulplay","stoneedge","retaliate"],"nature":"Jolly","evs":{"hp":0,"atk":252,"def":4,"spa":0,"spd":0,"spe":252},"gender":"M","shiny":true,"ivs":{"hp":31,"atk":31,"def":31,"spa":31,"spd":31,"spe":31}},{"name":"Mandibuzz","species":"Mandibuzz","item":"leftovers","ability":"Overcoat","moves":["foulplay","roost","taunt","defog"],"nature":"Bold","evs":{"hp":248,"atk":0,"def":136,"spa":0,"spd":108,"spe":16},"shiny":true,"ivs":{"hp":31,"atk":31,"def":31,"spa":31,"spd":31,"spe":31}},{"name":"Hydreigon","species":"Hydreigon","item":"choicescarf","ability":"Levitate","moves":["dracometeor","darkpulse","earthpower","uturn"],"nature":"Modest","evs":{"hp":0,"atk":4,"def":0,"spa":252,"spd":0,"spe":252},"gender":"M","shiny":true,"ivs":{"hp":31,"atk":31,"def":31,"spa":31,"spd":31,"spe":31}}],"p2team":[{"name":"Hallo","species":"clefable","item":"leftovers","ability":"Unaware","moves":["calmmind","moonblast","rest","flamethrower"],"nature":"Bold","evs":{"hp":252,"atk":0,"def":252,"spa":4,"spd":0,"spe":0},"ivs":{"hp":31,"atk":31,"def":31,"spa":31,"spd":31,"spe":31}},{"name":"Don't search image","species":"gardevoir","item":"lifeorb","ability":"Synchronize","moves":["moonblast","substitute","psychic","calmmind"],"nature":"Timid","evs":{"hp":0,"atk":0,"def":0,"spa":252,"spd":4,"spe":252},"ivs":{"hp":31,"atk":31,"def":31,"spa":31,"spd":31,"spe":31}},{"name":"Lucifer","species":"togekiss","item":"leftovers","ability":"Serene Grace","moves":["thunderwave","airslash","flamethrower","roost"],"nature":"Calm","evs":{"hp":252,"atk":0,"def":0,"spa":4,"spd":252,"spe":0},"ivs":{"hp":31,"atk":31,"def":31,"spa":31,"spd":31,"spe":31}},{"name":"Illuminati","species":"diancie","item":"diancite","ability":"Clear Body","moves":["moonblast","calmmind","stealthrock","earthpower"],"nature":"Timid","evs":{"hp":0,"atk":0,"def":0,"spa":252,"spd":8,"spe":248},"ivs":{"hp":31,"atk":31,"def":31,"spa":31,"spd":31,"spe":31}},{"name":"Hamtaro","species":"azumarill","item":"sitrusberry","ability":"Huge Power","moves":["bellydrum","aquajet","playrough","waterfall"],"nature":"Adamant","evs":{"hp":252,"atk":252,"def":0,"spa":0,"spd":4,"spe":0},"ivs":{"hp":31,"atk":31,"def":31,"spa":31,"spd":31,"spe":31}},{"name":"2980 calories","species":"slurpuff","item":"sitrusberry","ability":"Unburden","moves":["bellydrum","playrough","drainpunch","magiccoat"],"nature":"Adamant","evs":{"hp":4,"atk":252,"def":0,"spa":0,"spd":0,"spe":252},"ivs":{"hp":31,"atk":31,"def":31,"spa":31,"spd":31,"spe":31}}],"log":["|player|p1|void blope|154","|player|p2|SL Zaberz|288","|gametype|singles","|gen|6","|tier|Monotype","|rated","|rule|Baton Pass Clause: Limit one Baton Passer, can't pass Spe and other stats simultaneously","|rule|Swagger Clause: Swagger is banned","|rule|Same Type Clause: Pokémon in a team must share a type","|clearpoke","|poke|p1|Drapion, M, shiny","|poke|p1|Tyranitar, M, shiny","|poke|p1|Malamar, M, shiny","|poke|p1|Krookodile, M, shiny","|poke|p1|Mandibuzz, F, shiny","|poke|p1|Hydreigon, M, shiny","|poke|p2|Clefable, M","|poke|p2|Gardevoir, F","|poke|p2|Togekiss, M","|poke|p2|Diancie","|poke|p2|Azumarill, M","|poke|p2|Slurpuff, F","|rule|Sleep Clause Mod: Limit one foe put to sleep","|rule|Species Clause: Limit one of each Pokémon","|rule|OHKO Clause: OHKO moves are banned","|rule|Moody Clause: Moody is banned","|rule|Evasion Moves Clause: Evasion moves are banned","|rule|Endless Battle Clause: Forcing endless battles is banned","|rule|HP Percentage Mod: HP is shown in percentages","|teampreview","|","|start","|switch|p1a: Drapion|Drapion, M, shiny|343/343","|switch|p2a: 2980 calories|Slurpuff, F|306/306","|turn|1","|","|move|p2a: 2980 calories|Belly Drum|p2a: 2980 calories","|-damage|p2a: 2980 calories|153/306","|-setboost|p2a: 2980 calories|atk|6|[from] move: Belly Drum","|-enditem|p2a: 2980 calories|Sitrus Berry|[eat]","|-heal|p2a: 2980 calories|229/306|[from] item: Sitrus Berry","|move|p1a: Drapion|Cross Poison|p2a: 2980 calories","|-supereffective|p2a: 2980 calories","|-damage|p2a: 2980 calories|41/306","|","|turn|2","|","|move|p2a: 2980 calories|Drain Punch|p1a: Drapion","|-damage|p1a: Drapion|93/343","|-heal|p2a: 2980 calories|166/306|[from] drain|[of] p1a: Drapion","|move|p1a: Drapion|Cross Poison|p2a: 2980 calories","|-supereffective|p2a: 2980 calories","|-damage|p2a: 2980 calories|4/306","|-status|p2a: 2980 calories|psn","|","|-heal|p1a: Drapion|114/343|[from] item: Black Sludge","|-damage|p2a: 2980 calories|0 fnt|[from] psn","|faint|p2a: 2980 calories","|","|switch|p2a: Hamtaro|Azumarill, M|404/404","|turn|3","|","|move|p2a: Hamtaro|Play Rough|p1a: Drapion","|-damage|p1a: Drapion|0 fnt","|faint|p1a: Drapion","|","|","|switch|p1a: Krookodile|Krookodile, M, shiny|331/331","|-ability|p1a: Krookodile|Intimidate","|-unboost|p2a: Hamtaro|atk|1","|turn|4","|","|move|p1a: Krookodile|Retaliate|p2a: Hamtaro","|-crit|p2a: Hamtaro","|-damage|p2a: Hamtaro|0 fnt","|faint|p2a: Hamtaro","|","|","|switch|p2a: Illuminati|Diancie|241/241","|turn|5","|","|switch|p1a: Malamar|Malamar, M, shiny|376/376","|detailschange|p2a: Illuminati|Diancie-Mega","|-mega|p2a: Illuminati|Diancie|Diancite","|move|p2a: Illuminati|Moonblast|p1a: Malamar","|-supereffective|p1a: Malamar","|-damage|p1a: Malamar|52/376","|","|-heal|p1a: Malamar|75/376|[from] item: Leftovers","|turn|6","|","|move|p2a: Illuminati|Calm Mind|p2a: Illuminati","|-boost|p2a: Illuminati|spa|1","|-boost|p2a: Illuminati|spd|1","|move|p1a: Malamar|Rest|p1a: Malamar","|-status|p1a: Malamar|slp","|-heal|p1a: Malamar|376/376 slp|[silent]","|-status|p1a: Malamar|slp|[from] move: Rest","|","|turn|7","|","|move|p2a: Illuminati|Stealth Rock|p1a: Malamar","|-sidestart|p1: void blope|move: Stealth Rock","|cant|p1a: Malamar|slp","|","|turn|8","|","|move|p2a: Illuminati|Calm Mind|p2a: Illuminati","|-boost|p2a: Illuminati|spa|1","|-boost|p2a: Illuminati|spd|1","|cant|p1a: Malamar|slp","|move|p1a: Malamar|Sleep Talk|p1a: Malamar","|move|p1a: Malamar|Night Slash|p2a: Illuminati|[from]Sleep Talk","|-resisted|p2a: Illuminati","|-damage|p2a: Illuminati|207/241","|","|turn|9","|","|move|p2a: Illuminati|Moonblast|p1a: Malamar","|-crit|p1a: Malamar","|-supereffective|p1a: Malamar","|-damage|p1a: Malamar|0 fnt","|faint|p1a: Malamar","|","|","|switch|p1a: Tyranitar|Tyranitar, M, shiny|404/404","|-damage|p1a: Tyranitar|354/404|[from] Stealth Rock","|-weather|Sandstorm","|turn|10","|","|detailschange|p1a: Tyranitar|Tyranitar-Mega, M, shiny","|-mega|p1a: Tyranitar|Tyranitar|Tyranitarite","|move|p2a: Illuminati|Moonblast|p1a: Tyranitar","|-supereffective|p1a: Tyranitar","|-damage|p1a: Tyranitar|36/404","|move|p1a: Tyranitar|Stone Edge|p2a: Illuminati","|-damage|p2a: Illuminati|50/241","|","|-weather|Sandstorm|[upkeep]","|turn|11","|","|move|p2a: Illuminati|Moonblast|p1a: Tyranitar","|-supereffective|p1a: Tyranitar","|-damage|p1a: Tyranitar|0 fnt","|faint|p1a: Tyranitar","|","|-weather|Sandstorm|[upkeep]","|","|switch|p1a: Hydreigon|Hydreigon, M, shiny|325/325","|-damage|p1a: Hydreigon|285/325|[from] Stealth Rock","|turn|12","|","|move|p1a: Hydreigon|Earth Power|p2a: Illuminati","|-supereffective|p2a: Illuminati","|-damage|p2a: Illuminati|0 fnt","|faint|p2a: Illuminati","|","|-weather|Sandstorm|[upkeep]","|-damage|p1a: Hydreigon|265/325|[from] sandstorm","|","|switch|p2a: Hallo|Clefable, M|394/394","|turn|13","|","|switch|p1a: Mandibuzz|Mandibuzz, F, shiny|423/423","|-damage|p1a: Mandibuzz|318/423|[from] Stealth Rock","|move|p2a: Hallo|Calm Mind|p2a: Hallo","|-boost|p2a: Hallo|spa|1","|-boost|p2a: Hallo|spd|1","|","|-weather|Sandstorm|[upkeep]","|-damage|p2a: Hallo|370/394|[from] sandstorm","|-heal|p1a: Mandibuzz|344/423|[from] item: Leftovers","|-heal|p2a: Hallo|394/394|[from] item: Leftovers","|turn|14","|","|move|p1a: Mandibuzz|Taunt|p2a: Hallo","|-start|p2a: Hallo|move: Taunt","|cant|p2a: Hallo|move: Taunt|Calm Mind","|","|-weather|none","|-heal|p1a: Mandibuzz|370/423|[from] item: Leftovers","|turn|15","|","|move|p1a: Mandibuzz|Defog|p2a: Hallo","|-unboost|p2a: Hallo|evasion|1","|-sideend|p1: void blope|Stealth Rock|[from] move: Defog|[of] p1a: Mandibuzz","|move|p2a: Hallo|Moonblast|p1a: Mandibuzz","|-supereffective|p1a: Mandibuzz","|-damage|p1a: Mandibuzz|44/423","|-unboost|p1a: Mandibuzz|spa|1","|","|-heal|p1a: Mandibuzz|70/423|[from] item: Leftovers","|turn|16","|","|move|p1a: Mandibuzz|Foul Play|p2a: Hallo","|-resisted|p2a: Hallo","|-damage|p2a: Hallo|359/394","|move|p2a: Hallo|Moonblast|p1a: Mandibuzz","|-supereffective|p1a: Mandibuzz","|-damage|p1a: Mandibuzz|0 fnt","|faint|p1a: Mandibuzz","|","|-heal|p2a: Hallo|383/394|[from] item: Leftovers","|-end|p2a: Hallo|move: Taunt","|","|switch|p1a: Krookodile|Krookodile, M, shiny|331/331","|-ability|p1a: Krookodile|Intimidate","|-unboost|p2a: Hallo|atk|1","|turn|17","|","|move|p1a: Krookodile|Retaliate|p2a: Hallo","|-damage|p2a: Hallo|183/394","|move|p2a: Hallo|Moonblast|p1a: Krookodile","|-supereffective|p1a: Krookodile","|-damage|p1a: Krookodile|0 fnt","|faint|p1a: Krookodile","|","|-heal|p2a: Hallo|207/394|[from] item: Leftovers","|","|switch|p1a: Hydreigon|Hydreigon, M, shiny|265/325","|turn|18","|","|move|p1a: Hydreigon|Earth Power|p2a: Hallo","|-crit|p2a: Hallo","|-damage|p2a: Hallo|6/394","|-unboost|p2a: Hallo|spd|1","|move|p2a: Hallo|Moonblast|p1a: Hydreigon","|-supereffective|p1a: Hydreigon","|-damage|p1a: Hydreigon|0 fnt","|faint|p1a: Hydreigon","|","|win|SL Zaberz"],"p1rating":{"entryid":"7508271","serverid":"eos","formatid":"monotype","userid":"voidblope","username":"void blope","w":"1","l":1,"t":"0","gxe":51.8,"r":"1500","rd":"130","sigma":"0","rptime":"1439110800","rpr":1514.227350262,"rprd":116.49572077126,"rpsigma":"0","acre":1036.9694974925,"lacre":1036.9694974925,"oldacre":"1058.9871817949"},"p2rating":{"entryid":7508524,"formatid":"monotype","userid":"slzaberz","username":"SL Zaberz","r":1500,"rd":130,"sigma":0,"rpr":1540.1606143388,"rprd":122.8583080769,"rpsigma":0,"rptime":1439110800,"w":1,"l":0,"t":0,"gxe":55,"acre":1046.7266426976,"lacre":1046.7266426976,"oldacre":1000},"endType":"normal"}