{"seed":[1916,19877,12443,32097],"turns":21,"p1":"Bugy","p2":"Void Who","p1team":[{"name":"Pinsir","species":"Pinsir","item":"pinsirite","ability":"Moxie","moves":["quickattack","return","swordsdance","closecombat"],"nature":"Adamant","evs":{"hp":248,"atk":252,"def":0,"spa":0,"spd":8,"spe":0},"ivs":{"hp":31,"atk":31,"def":31,"spa":31,"spd":31,"spe":31}},{"name":"Volcarona","species":"Volcarona","item":"leftovers","ability":"Flame Body","moves":["bugbuzz","fierydance","quiverdance","gigadrain"],"nature":"Modest","evs":{"hp":0,"atk":0,"def":0,"spa":252,"spd":4,"spe":252},"ivs":{"hp":31,"atk":31,"def":31,"spa":31,"spd":31,"spe":31}},{"name":"Scizor","species":"Scizor","item":"rockyhelmet","ability":"Technician","moves":["swordsdance","bulletpunch","roost","uturn"],"nature":"Impish","evs":{"hp":248,"atk":8,"def":252,"spa":0,"spd":0,"spe":0},"ivs":{"hp":31,"atk":31,"def":31,"spa":31,"spd":31,"spe":31}},{"name":"Vivillon","species":"Vivillon","item":"focussash","ability":"Compound Eyes","moves":["sleeppowder","hurricane","endeavor","quiverdance"],"nature":"","evs":{"hp":0,"atk":0,"def":0,"spa":0,"spd":0,"spe":0},"ivs":{"hp":31,"atk":31,"def":31,"spa":31,"spd":31,"spe":31}},{"name":"Heracross","species":"Heracross","item":"choicescarf","ability":"Moxie","moves":["closecombat","megahorn","stoneedge","earthquake"],"nature":"","evs":{"hp":0,"atk":0,"def":0,"spa":0,"spd":0,"spe":0},"ivs":{"hp":31,"atk":31,"def":31,"spa":31,"spd":31,"spe":31}},{"name":"Armaldo","species":"Armaldo","item":"leftovers","ability":"Battle Armor","moves":["stealthrock","rockblast","rapidspin","knockoff"],"nature":"Adamant","evs":{"hp":252,"atk":252,"def":0,"spa":0,"spd":4,"spe":0},"ivs":{"hp":31,"atk":31,"def":31,"spa":31,"spd":31,"spe":31}}],"p2team":[{"name":"Landorus","species":"Landorus","item":"lifeorb","ability":"Sheer Force","moves":["sludgewave","earthpower","gravity","psychic"],"nature":"Timid","evs":{"hp":0,"atk":0,"def":0,"spa":252,"spd":4,"spe":252},"ivs":{"hp":31,"atk":31,"def":31,"spa":31,"spd":31,"spe":31}},{"name":"Hippowdon","species":"Hippowdon","item":"leftovers","ability":"Sand Stream","moves":["toxic","stealthrock","earthquake","slackoff"],"nature":"Impish","evs":{"hp":252,"atk":4,"def":252,"spa":0,"spd":0,"spe":0},"ivs":{"hp":31,"atk":31,"def":31,"spa":31,"spd":31,"spe":31}},{"name":"Excadrill","species":"Excadrill","item":"choiceband","ability":"Sand Rush","moves":["earthquake","rockslide","rapidspin","ironhead"],"nature":"","evs":{"hp":0,"atk":0,"def":0,"spa":0,"spd":0,"spe":0},"ivs":{"hp":31,"atk":31,"def":31,"spa":31,"spd":31,"spe":31}},{"name":"Garchomp","species":"Garchomp","item":"rockyhelmet","ability":"Rough Skin","moves":["stealthrock","dragontail","flamethrower","earthquake"],"nature":"Sassy","evs":{"hp":252,"atk":0,"def":252,"spa":4,"spd":0,"spe":0},"ivs":{"hp":31,"atk":31,"def":31,"spa":31,"spd":31,"spe":31}},{"name":"Mamoswine","species":"Mamoswine","item":"focussash","ability":"Thick Fat","moves":["earthquake","iceshard","endeavor","superpower"],"nature":"","evs":{"hp":0,"atk":0,"def":0,"spa":0,"spd":0,"spe":0},"ivs":{"hp":31,"atk":31,"def":31,"spa":31,"spd":31,"spe":31}},{"name":"Seismitoad","species":"Seismitoad","item":"leftovers","ability":"Water Absorb","moves":["earthpower","scald","grassknot","protect"],"nature":"Bold","evs":{"hp":252,"atk":0,"def":252,"spa":4,"spd":0,"spe":0},"ivs":{"hp":31,"atk":31,"def":31,"spa":31,"spd":31,"spe":31}}],"log":["|player|p1|Bugy|66","|player|p2|Void Who|voidwho.gif","|gametype|singles","|gen|6","|tier|Monotype","|rated","|rule|Baton Pass Clause: Limit one Baton Passer, can't pass Spe and other stats simultaneously","|rule|Swagger Clause: Swagger is banned","|rule|Same Type Clause: Pokémon in a team must share a type","|clearpoke","|poke|p1|Pinsir, M","|poke|p1|Volcarona, F","|poke|p1|Scizor, M","|poke|p1|Vivillon, M","|poke|p1|Heracross, F","|poke|p1|Armaldo, F","|poke|p2|Landorus, M","|poke|p2|Hippowdon, M","|poke|p2|Excadrill, M","|poke|p2|Garchomp, M","|poke|p2|Mamoswine, F","|poke|p2|Seismitoad, F","|rule|Sleep Clause Mod: Limit one foe put to sleep","|rule|Species Clause: Limit one of each Pokémon","|rule|OHKO Clause: OHKO moves are banned","|rule|Moody Clause: Moody is banned","|rule|Evasion Moves Clause: Evasion moves are banned","|rule|Endless Battle Clause: Forcing endless battles is banned","|rule|HP Percentage Mod: HP is shown in percentages","|teampreview","|","|start","|switch|p1a: Vivillon|Vivillon, M|301/301","|switch|p2a: Mamoswine|Mamoswine, F|361/361","|turn|1","|","|move|p2a: Mamoswine|Ice Shard|p1a: Vivillon","|-supereffective|p1a: Vivillon","|-damage|p1a: Vivillon|101/301","|move|p1a: Vivillon|Sleep Powder|p2a: Mamoswine","|-status|p2a: Mamoswine|slp","|","|turn|2","|","|cant|p2a: Mamoswine|slp","|move|p1a: Vivillon|Endeavor|p2a: Mamoswine","|-damage|p2a: Mamoswine|101/361 slp","|","|turn|3","|","|switch|p1a: Scizor|Scizor, M|343/343","|cant|p2a: Mamoswine|slp","|","|turn|4","|","|-curestatus|p2a: Mamoswine|slp","|move|p2a: Mamoswine|Earthquake|p1a: Scizor","|-damage|p1a: Scizor|229/343","|move|p1a: Scizor|Swords Dance|p1a: Scizor","|-boost|p1a: Scizor|atk|2","|","|turn|5","|","|move|p2a: Mamoswine|Superpower|p1a: Scizor","|-crit|p1a: Scizor","|-damage|p1a: Scizor|91/343","|-damage|p2a: Mamoswine|41/361|[from] item: Rocky Helmet|[of] p1a: Scizor","|-unboost|p2a: Mamoswine|atk|1","|-unboost|p2a: Mamoswine|def|1","|move|p1a: Scizor|U-turn|p2a: Mamoswine","|-damage|p2a: Mamoswine|0 fnt","|faint|p2a: Mamoswine","|","|switch|p1a: Vivillon|Vivillon, M|101/301","|","|","|switch|p2a: Landorus|Landorus, M|319/319","|turn|6","|","|move|p2a: Landorus|Sludge Wave|p1a: Vivillon","|-damage|p1a: Vivillon|0 fnt","|faint|p1a: Vivillon","|","|","|switch|p1a: Armaldo|Armaldo, F|354/354","|turn|7","|","|move|p2a: Landorus|Gravity|p2a: Landorus","|-fieldstart|move: Gravity","|move|p1a: Armaldo|Knock Off|p2a: Landorus","|-damage|p2a: Landorus|184/319","|-enditem|p2a: Landorus|Life Orb|[from] move: Knock Off|[of] p1a: Armaldo","|","|turn|8","|","|move|p2a: Landorus|Sludge Wave|p1a: Armaldo","|-resisted|p1a: Armaldo","|-damage|p1a: Armaldo|280/354","|move|p1a: Armaldo|Stealth Rock|p2a: Landorus","|-sidestart|p2: Void Who|move: Stealth Rock","|","|-heal|p1a: Armaldo|302/354|[from] item: Leftovers","|turn|9","|","|move|p2a: Landorus|Earth Power|p1a: Armaldo","|-damage|p1a: Armaldo|53/354","|move|p1a: Armaldo|Rock Blast|p2a: Landorus","|-damage|p2a: Landorus|129/319","|-damage|p2a: Landorus|74/319","|-damage|p2a: Landorus|25/319","|-damage|p2a: Landorus|0 fnt","|-hitcount|p2a: Landorus|4","|faint|p2a: Landorus","|","|-heal|p1a: Armaldo|75/354|[from] item: Leftovers","|","|switch|p2a: Excadrill|Excadrill, M|361/361","|-damage|p2a: Excadrill|350/361|[from] Stealth Rock","|turn|10","|","|move|p2a: Excadrill|Earthquake|p1a: Armaldo","|-damage|p1a: Armaldo|0 fnt","|faint|p1a: Armaldo","|","|","|switch|p1a: Heracross|Heracross, F|301/301","|turn|11","|","|switch|p2a: Garchomp|Garchomp, M|420/420","|-damage|p2a: Garchomp|394/420|[from] Stealth Rock","|move|p1a: Heracross|Earthquake|p2a: Garchomp","|-damage|p2a: Garchomp|319/420","|","|-fieldend|move: Gravity","|turn|12","|","|move|p1a: Heracross|Earthquake|p2a: Garchomp","|-damage|p2a: Garchomp|238/420","|move|p2a: Garchomp|Stealth Rock|p1a: Heracross","|-sidestart|p1: Bugy|move: Stealth Rock","|","|turn|13","|","|move|p1a: Heracross|Earthquake|p2a: Garchomp","|-damage|p2a: Garchomp|158/420","|move|p2a: Garchomp|Flamethrower|p1a: Heracross","|-supereffective|p1a: Heracross","|-damage|p1a: Heracross|173/301","|","|turn|14","|","|move|p1a: Heracross|Earthquake|p2a: Garchomp","|-damage|p2a: Garchomp|80/420","|move|p2a: Garchomp|Flamethrower|p1a: Heracross","|-supereffective|p1a: Heracross","|-damage|p1a: Heracross|57/301","|","|turn|15","|","|move|p1a: Heracross|Earthquake|p2a: Garchomp","|-damage|p2a: Garchomp|6/420","|move|p2a: Garchomp|Flamethrower|p1a: Heracross","|-supereffective|p1a: Heracross","|-damage|p1a: Heracross|0 fnt","|faint|p1a: Heracross","|","|","|switch|p1a: Scizor|Scizor, M|91/343","|-damage|p1a: Scizor|49/343|[from] Stealth Rock","|turn|16","|","|move|p1a: Scizor|Bullet Punch|p2a: Garchomp","|-damage|p2a: Garchomp|0 fnt","|-damage|p1a: Scizor|7/343|[from] ability: Rough Skin|[of] p2a: Garchomp","|-damage|p1a: Scizor|0 fnt|[from] item: Rocky Helmet|[of] p2a: Garchomp","|faint|p1a: Scizor","|faint|p2a: Garchomp","|","|","|switch|p1a: Volcarona|Volcarona, F|311/311","|switch|p2a: Hippowdon|Hippowdon, M|420/420","|-damage|p1a: Volcarona|156/311|[from] Stealth Rock","|-damage|p2a: Hippowdon|394/420|[from] Stealth Rock","|-weather|Sandstorm","|turn|17","|","|move|p1a: Volcarona|Quiver Dance|p1a: Volcarona","|-boost|p1a: Volcarona|spa|1","|-boost|p1a: Volcarona|spd|1","|-boost|p1a: Volcarona|spe|1","|move|p2a: Hippowdon|Earthquake|p1a: Volcarona","|-damage|p1a: Volcarona|0 fnt","|faint|p1a: Volcarona","|","|-weather|Sandstorm|[upkeep]","|-heal|p2a: Hippowdon|420/420|[from] item: Leftovers","|","|switch|p1a: Pinsir|Pinsir, M|333/333","|-damage|p1a: Pinsir|250/333|[from] Stealth Rock","|turn|18","|","|detailschange|p1a: Pinsir|Pinsir-Mega, M","|-mega|p1a: Pinsir|Pinsir|Pinsirite","|move|p1a: Pinsir|Return|p2a: Hippowdon","|-damage|p2a: Hippowdon|231/420","|move|p2a: Hippowdon|Toxic|p1a: Pinsir","|-status|p1a: Pinsir|tox","|","|-weather|Sandstorm|[upkeep]","|-damage|p1a: Pinsir|230/333 tox|[from] sandstorm","|-heal|p2a: Hippowdon|257/420|[from] item: Leftovers","|-damage|p1a: Pinsir|210/333 tox|[from] psn","|turn|19","|","|move|p1a: Pinsir|Return|p2a: Hippowdon","|-damage|p2a: Hippowdon|55/420","|move|p2a: Hippowdon|Slack Off|p2a: Hippowdon","|-heal|p2a: Hippowdon|265/420","|","|-weather|Sandstorm|[upkeep]","|-damage|p1a: Pinsir|190/333 tox|[from] sandstorm","|-heal|p2a: Hippowdon|291/420|[from] item: Leftovers","|-damage|p1a: Pinsir|150/333 tox|[from] psn","|turn|20","|","|move|p1a: Pinsir|Return|p2a: Hippowdon","|-damage|p2a: Hippowdon|104/420","|move|p2a: Hippowdon|Slack Off|p2a: Hippowdon","|-heal|p2a: Hippowdon|314/420","|","|-weather|Sandstorm|[upkeep]","|-damage|p1a: Pinsir|130/333 tox|[from] sandstorm","|-heal|p2a: Hippowdon|340/420|[from] item: Leftovers","|-damage|p1a: Pinsir|70/333 tox|[from] psn","|turn|21","|","|move|p1a: Pinsir|Return|p2a: Hippowdon","|-damage|p2a: Hippowdon|165/420","|move|p2a: Hippowdon|Slack Off|p2a: Hippowdon","|-heal|p2a: Hippowdon|375/420","|","|-weather|none","|-heal|p2a: Hippowdon|401/420|[from] item: Leftovers","|-damage|p1a: Pinsir|0 fnt|[from] psn","|faint|p1a: Pinsir","|","|win|Void Who"],"p1rating":{"entryid":"7518182","serverid":"eos","formatid":"monotype","userid":"bugy","username":"Bugy","w":"3","l":3,"t":"0","gxe":48.4,"r":"1500","rd":"130","sigma":"0","rptime":"1439110800","rpr":1487.1182730575,"rprd":97.982351571317,"rpsigma":"0","acre":1058.6558192276,"lacre":1058.6558192276,"oldacre":"1074.8940046344"},"p2rating":{"entryid":"6866008","serverid":"eos","formatid":"monotype","userid":"voidwho","username":"Void Who","w":36,"l":"20","t":"0","gxe":62.6,"r":"1592.1767002778","rd":"53.002435098205","sigma":"0","rptime":"1439110800","rpr":1597.7495444522,"rprd":52.512741696292,"rpsigma":"0","acre":1177.3164801,"lacre":1177.3164801,"oldacre":"1158.198428387"},"endType":"normal"}