{"seed":[49339,5532,43481,36927],"turns":29,"p1":"Bugy","p2":"LightOfAKnowing","p1team":[{"name":"Pinsir","species":"Pinsir","item":"pinsirite","ability":"Moxie","moves":["quickattack","return","swordsdance","closecombat"],"nature":"Adamant","evs":{"hp":248,"atk":252,"def":0,"spa":0,"spd":8,"spe":0},"ivs":{"hp":31,"atk":31,"def":31,"spa":31,"spd":31,"spe":31}},{"name":"Volcarona","species":"Volcarona","item":"leftovers","ability":"Flame Body","moves":["bugbuzz","fierydance","quiverdance","gigadrain"],"nature":"Modest","evs":{"hp":0,"atk":0,"def":0,"spa":252,"spd":4,"spe":252},"ivs":{"hp":31,"atk":31,"def":31,"spa":31,"spd":31,"spe":31}},{"name":"Scizor","species":"Scizor","item":"rockyhelmet","ability":"Technician","moves":["swordsdance","bulletpunch","roost","uturn"],"nature":"Impish","evs":{"hp":248,"atk":8,"def":252,"spa":0,"spd":0,"spe":0},"ivs":{"hp":31,"atk":31,"def":31,"spa":31,"spd":31,"spe":31}},{"name":"Vivillon","species":"Vivillon","item":"focussash","ability":"Compound Eyes","moves":["sleeppowder","hurricane","endeavor","quiverdance"],"nature":"","evs":{"hp":0,"atk":0,"def":0,"spa":0,"spd":0,"spe":0},"ivs":{"hp":31,"atk":31,"def":31,"spa":31,"spd":31,"spe":31}},{"name":"Heracross","species":"Heracross","item":"choicescarf","ability":"Moxie","moves":["closecombat","megahorn","stoneedge","earthquake"],"nature":"","evs":{"hp":0,"atk":0,"def":0,"spa":0,"spd":0,"spe":0},"ivs":{"hp":31,"atk":31,"def":31,"spa":31,"spd":31,"spe":31}},{"name":"Armaldo","species":"Armaldo","item":"leftovers","ability":"Battle Armor","moves":["stealthrock","rockblast","rapidspin","knockoff"],"nature":"Adamant","evs":{"hp":252,"atk":252,"def":0,"spa":0,"spd":4,"spe":0},"ivs":{"hp":31,"atk":31,"def":31,"spa":31,"spd":31,"spe":31}}],"p2team":[{"name":"Roserade","species":"Roserade","item":"choicescarf","ability":"Technician","moves":["weatherball","sludgebomb","gigadrain","sleeppowder"],"nature":"Timid","evs":{"hp":0,"atk":0,"def":0,"spa":252,"spd":4,"spe":252},"ivs":{"hp":31,"atk":30,"def":30,"spa":31,"spd":31,"spe":31}},{"name":"Ludicolo","species":"Ludicolo","item":"damprock","ability":"Swift Swim","moves":["raindance","icebeam","scald","focusblast"],"nature":"Modest","evs":{"hp":0,"atk":0,"def":0,"spa":252,"spd":4,"spe":252},"ivs":{"hp":31,"atk":31,"def":31,"spa":31,"spd":31,"spe":31}},{"name":"Ferrothorn","species":"Ferrothorn","item":"rockyhelmet","ability":"Iron Barbs","moves":["leechseed","powerwhip","gyroball","stealthrock"],"nature":"Impish","evs":{"hp":248,"atk":8,"def":252,"spa":0,"spd":0,"spe":0},"ivs":{"hp":31,"atk":31,"def":31,"spa":31,"spd":31,"spe":0}},{"name":"Sawsbuck","species":"Sawsbuck","item":"heatrock","ability":"Chlorophyll","moves":["sunnyday","hornleech","frustration","jumpkick"],"nature":"Adamant","evs":{"hp":0,"atk":252,"def":0,"spa":0,"spd":4,"spe":252},"happiness":0,"ivs":{"hp":31,"atk":31,"def":31,"spa":31,"spd":31,"spe":31}},{"name":"Venusaur","species":"Venusaur","item":"venusaurite","ability":"Chlorophyll","moves":["sleeppowder","synthesis","sludgebomb","energyball"],"nature":"Modest","evs":{"hp":0,"atk":0,"def":0,"spa":252,"spd":4,"spe":252},"ivs":{"hp":31,"atk":31,"def":31,"spa":31,"spd":31,"spe":31}},{"name":"Cradily","species":"Cradily","item":"leftovers","ability":"Storm Drain","moves":["ancientpower","stockpile","gigadrain","recover"],"nature":"Modest","evs":{"hp":248,"atk":0,"def":0,"spa":252,"spd":8,"spe":0},"ivs":{"hp":31,"atk":31,"def":31,"spa":31,"spd":31,"spe":31}}],"log":["|player|p1|Bugy|66","|player|p2|LightOfAKnowing|lightofaknowing.png","|gametype|singles","|gen|6","|tier|Monotype","|rated","|rule|Baton Pass Clause: Limit one Baton Passer, can't pass Spe and other stats simultaneously","|rule|Swagger Clause: Swagger is banned","|rule|Same Type Clause: Pokémon in a team must share a type","|clearpoke","|poke|p1|Pinsir, M","|poke|p1|Volcarona, F","|poke|p1|Scizor, M","|poke|p1|Vivillon, F","|poke|p1|Heracross, M","|poke|p1|Armaldo, F","|poke|p2|Roserade, M","|poke|p2|Ludicolo, M","|poke|p2|Ferrothorn, F","|poke|p2|Sawsbuck, M","|poke|p2|Venusaur, F","|poke|p2|Cradily, F","|rule|Sleep Clause Mod: Limit one foe put to sleep","|rule|Species Clause: Limit one of each Pokémon","|rule|OHKO Clause: OHKO moves are banned","|rule|Moody Clause: Moody is banned","|rule|Evasion Moves Clause: Evasion moves are banned","|rule|Endless Battle Clause: Forcing endless battles is banned","|rule|HP Percentage Mod: HP is shown in percentages","|teampreview","|","|start","|switch|p1a: Armaldo|Armaldo, F|354/354","|switch|p2a: Sawsbuck|Sawsbuck, M|301/301","|turn|1","|","|move|p2a: Sawsbuck|Sunny Day|p2a: Sawsbuck","|-weather|SunnyDay","|move|p1a: Armaldo|Stealth Rock|p2a: Sawsbuck","|-sidestart|p2: LightOfAKnowing|move: Stealth Rock","|","|-weather|SunnyDay|[upkeep]","|turn|2","|","|move|p2a: Sawsbuck|Jump Kick|p1a: Armaldo","|-damage|p1a: Armaldo|245/354","|move|p1a: Armaldo|Knock Off|p2a: Sawsbuck","|-damage|p2a: Sawsbuck|140/301","|-enditem|p2a: Sawsbuck|Heat Rock|[from] move: Knock Off|[of] p1a: Armaldo","|","|-weather|SunnyDay|[upkeep]","|-heal|p1a: Armaldo|267/354|[from] item: Leftovers","|turn|3","|","|switch|p1a: Volcarona|Volcarona, F|311/311","|move|p2a: Sawsbuck|Horn Leech|p1a: Volcarona","|-resisted|p1a: Volcarona","|-damage|p1a: Volcarona|266/311","|-heal|p2a: Sawsbuck|163/301|[from] drain|[of] p1a: Volcarona","|","|-weather|SunnyDay|[upkeep]","|-heal|p1a: Volcarona|285/311|[from] item: Leftovers","|turn|4","|","|move|p2a: Sawsbuck|Frustration|p1a: Volcarona","|-crit|p1a: Volcarona","|-damage|p1a: Volcarona|0 fnt","|-status|p2a: Sawsbuck|brn","|faint|p1a: Volcarona","|","|-weather|SunnyDay|[upkeep]","|-damage|p2a: Sawsbuck|126/301 brn|[from] brn","|","|switch|p1a: Vivillon|Vivillon, F|301/301","|turn|5","|","|move|p2a: Sawsbuck|Frustration|p1a: Vivillon","|-damage|p1a: Vivillon|169/301","|move|p1a: Vivillon|Quiver Dance|p1a: Vivillon","|-boost|p1a: Vivillon|spa|1","|-boost|p1a: Vivillon|spd|1","|-boost|p1a: Vivillon|spe|1","|","|-weather|SunnyDay|[upkeep]","|-damage|p2a: Sawsbuck|89/301 brn|[from] brn","|turn|6","|","|move|p2a: Sawsbuck|Frustration|p1a: Vivillon","|-damage|p1a: Vivillon|25/301","|move|p1a: Vivillon|Quiver Dance|p1a: Vivillon","|-boost|p1a: Vivillon|spa|1","|-boost|p1a: Vivillon|spd|1","|-boost|p1a: Vivillon|spe|1","|","|-weather|SunnyDay|[upkeep]","|-damage|p2a: Sawsbuck|52/301 brn|[from] brn","|turn|7","|","|move|p2a: Sawsbuck|Frustration|p1a: Vivillon","|-damage|p1a: Vivillon|0 fnt","|faint|p1a: Vivillon","|","|-weather|SunnyDay|[upkeep]","|-damage|p2a: Sawsbuck|15/301 brn|[from] brn","|","|switch|p1a: Scizor|Scizor, M|343/343","|turn|8","|","|move|p1a: Scizor|Bullet Punch|p2a: Sawsbuck","|-damage|p2a: Sawsbuck|0 fnt","|faint|p2a: Sawsbuck","|","|-weather|none","|","|switch|p2a: Ferrothorn|Ferrothorn, F|351/351","|-damage|p2a: Ferrothorn|330/351|[from] Stealth Rock","|turn|9","|","|move|p1a: Scizor|U-turn|p2a: Ferrothorn","|-damage|p2a: Ferrothorn|266/351","|-damage|p1a: Scizor|301/343|[from] ability: Iron Barbs|[of] p2a: Ferrothorn","|-damage|p1a: Scizor|244/343|[from] item: Rocky Helmet|[of] p2a: Ferrothorn","|","|switch|p1a: Heracross|Heracross, M|301/301","|move|p2a: Ferrothorn|Stealth Rock|p1a: Heracross","|-sidestart|p1: Bugy|move: Stealth Rock","|","|turn|10","|","|move|p1a: Heracross|Megahorn|p2a: Ferrothorn","|-damage|p2a: Ferrothorn|163/351","|-damage|p1a: Heracross|264/301|[from] ability: Iron Barbs|[of] p2a: Ferrothorn","|-damage|p1a: Heracross|214/301|[from] item: Rocky Helmet|[of] p2a: Ferrothorn","|move|p2a: Ferrothorn|Leech Seed|p1a: Heracross","|-start|p1a: Heracross|move: Leech Seed","|","|-damage|p1a: Heracross|177/301|[from] Leech Seed|[of] p2a: Ferrothorn","|-heal|p2a: Ferrothorn|200/351|[silent]","|turn|11","|","|switch|p1a: Armaldo|Armaldo, F|267/354","|-damage|p1a: Armaldo|179/354|[from] Stealth Rock","|move|p2a: Ferrothorn|Power Whip|p1a: Armaldo","|-damage|p1a: Armaldo|55/354","|","|-heal|p1a: Armaldo|77/354|[from] item: Leftovers","|turn|12","|","|move|p1a: Armaldo|Rapid Spin|p2a: Ferrothorn","|-resisted|p2a: Ferrothorn","|-damage|p2a: Ferrothorn|193/351","|-damage|p1a: Armaldo|33/354|[from] ability: Iron Barbs|[of] p2a: Ferrothorn","|-damage|p1a: Armaldo|0 fnt|[from] item: Rocky Helmet|[of] p2a: Ferrothorn","|faint|p1a: Armaldo","|move|p2a: Ferrothorn|Stealth Rock|p1: Armaldo","|-fail|p1: Armaldo","|","|","|switch|p1a: Heracross|Heracross, M|177/301","|-damage|p1a: Heracross|140/301|[from] Stealth Rock","|turn|13","|","|move|p1a: Heracross|Close Combat|p2a: Ferrothorn","|-supereffective|p2a: Ferrothorn","|-damage|p2a: Ferrothorn|0 fnt","|-damage|p1a: Heracross|103/301|[from] ability: Iron Barbs|[of] p2a: Ferrothorn","|-damage|p1a: Heracross|53/301|[from] item: Rocky Helmet|[of] p2a: Ferrothorn","|-unboost|p1a: Heracross|def|1","|-unboost|p1a: Heracross|spd|1","|faint|p2a: Ferrothorn","|-boost|p1a: Heracross|atk|1|[from] ability: Moxie","|","|","|switch|p2a: Roserade|Roserade, M|261/261","|-damage|p2a: Roserade|229/261|[from] Stealth Rock","|turn|14","|","|move|p2a: Roserade|Sludge Bomb|p1a: Heracross","|-damage|p1a: Heracross|0 fnt","|faint|p1a: Heracross","|","|","|switch|p1a: Scizor|Scizor, M|244/343","|-damage|p1a: Scizor|202/343|[from] Stealth Rock","|turn|15","|","|switch|p2a: Ludicolo|Ludicolo, M|301/301","|-damage|p2a: Ludicolo|264/301|[from] Stealth Rock","|move|p1a: Scizor|Swords Dance|p1a: Scizor","|-boost|p1a: Scizor|atk|2","|","|turn|16","|","|move|p2a: Ludicolo|Scald|p1a: Scizor","|-damage|p1a: Scizor|51/343","|move|p1a: Scizor|U-turn|p2a: Ludicolo","|-supereffective|p2a: Ludicolo","|-damage|p2a: Ludicolo|0 fnt","|faint|p2a: Ludicolo","|","|switch|p1a: Pinsir|Pinsir, M|333/333","|-damage|p1a: Pinsir|250/333|[from] Stealth Rock","|","|","|switch|p2a: Cradily|Cradily, F|375/375","|-damage|p2a: Cradily|329/375|[from] Stealth Rock","|turn|17","|","|move|p1a: Pinsir|Swords Dance|p1a: Pinsir","|-boost|p1a: Pinsir|atk|2","|move|p2a: Cradily|Ancient Power|p1a: Pinsir","|-crit|p1a: Pinsir","|-supereffective|p1a: Pinsir","|-damage|p1a: Pinsir|0 fnt","|faint|p1a: Pinsir","|","|-heal|p2a: Cradily|352/375|[from] item: Leftovers","|","|switch|p1a: Scizor|Scizor, M|51/343","|-damage|p1a: Scizor|9/343|[from] Stealth Rock","|turn|18","|","|move|p1a: Scizor|Roost|p1a: Scizor","|-heal|p1a: Scizor|181/343","|move|p2a: Cradily|Ancient Power|p1a: Scizor","|-damage|p1a: Scizor|85/343","|","|-heal|p2a: Cradily|375/375|[from] item: Leftovers","|turn|19","|","|move|p1a: Scizor|Roost|p1a: Scizor","|-heal|p1a: Scizor|257/343","|move|p2a: Cradily|Ancient Power|p1a: Scizor","|-damage|p1a: Scizor|146/343","|","|turn|20","|","|move|p1a: Scizor|Swords Dance|p1a: Scizor","|-boost|p1a: Scizor|atk|2","|move|p2a: Cradily|Ancient Power|p1a: Scizor","|-damage|p1a: Scizor|41/343","|","|turn|21","|","|move|p1a: Scizor|Roost|p1a: Scizor","|-heal|p1a: Scizor|213/343","|move|p2a: Cradily|Ancient Power|p1a: Scizor","|-damage|p1a: Scizor|110/343","|","|turn|22","|","|move|p1a: Scizor|Roost|p1a: Scizor","|-heal|p1a: Scizor|282/343","|move|p2a: Cradily|Ancient Power|p1a: Scizor","|-damage|p1a: Scizor|188/343","|","|turn|23","|","|move|p1a: Scizor|Swords Dance|p1a: Scizor","|-boost|p1a: Scizor|atk|2","|move|p2a: Cradily|Ancient Power|p1a: Scizor","|-damage|p1a: Scizor|89/343","|","|turn|24","|","|move|p1a: Scizor|Roost|p1a: Scizor","|-heal|p1a: Scizor|261/343","|move|p2a: Cradily|Ancient Power|p1a: Scizor","|-damage|p1a: Scizor|161/343","|","|turn|25","|","|move|p1a: Scizor|Roost|p1a: Scizor","|-heal|p1a: Scizor|333/343","|move|p2a: Cradily|Giga Drain|p1a: Scizor","|-resisted|p1a: Scizor","|-damage|p1a: Scizor|302/343","|","|turn|26","|","|move|p1a: Scizor|Swords Dance|p1a: Scizor","|-boost|p1a: Scizor|atk|2","|move|p2a: Cradily|Stockpile|p2a: Cradily","|-start|p2a: Cradily|stockpile1","|-boost|p2a: Cradily|def|1","|-boost|p2a: Cradily|spd|1","|","|turn|27","|","|move|p1a: Scizor|Bullet Punch|p2a: Cradily","|-supereffective|p2a: Cradily","|-damage|p2a: Cradily|0 fnt","|faint|p2a: Cradily","|","|","|switch|p2a: Venusaur|Venusaur, F|301/301","|-damage|p2a: Venusaur|264/301|[from] Stealth Rock","|turn|28","|","|detailschange|p2a: Venusaur|Venusaur-Mega, F","|-mega|p2a: Venusaur|Venusaur|Venusaurite","|move|p1a: Scizor|Bullet Punch|p2a: Venusaur","|-damage|p2a: Venusaur|0 fnt","|faint|p2a: Venusaur","|","|","|switch|p2a: Roserade|Roserade, M|229/261","|-damage|p2a: Roserade|197/261|[from] Stealth Rock","|turn|29","|","|move|p1a: Scizor|Bullet Punch|p2a: Roserade","|-damage|p2a: Roserade|0 fnt","|faint|p2a: Roserade","|","|win|Bugy"],"p1rating":{"entryid":"7518182","serverid":"eos","formatid":"monotype","userid":"bugy","username":"Bugy","w":3,"l":"2","t":"0","gxe":51,"r":"1500","rd":"130","sigma":"0","rptime":"1439110800","rpr":1507.9733277791,"rprd":101.72788947073,"rpsigma":"0","acre":1074.8940046344,"lacre":1074.8940046344,"oldacre":"1036.9012791302"},"p2rating":{"entryid":"6481865","serverid":"eos","formatid":"monotype","userid":"lightofaknowing","username":"Light-Of-A-Knowing","w":"122","l":163,"t":"0","gxe":41.3,"r":"1431.0109488287","rd":"30.634900974092","sigma":"0","rptime":"1439110800","rpr":1433.5833897017,"rprd":29.449947194785,"rpsigma":"0","acre":1049.5639551251,"lacre":1049.5639551251,"oldacre":"1072.5907935812"},"endType":"normal"}