{"seed":[52937,18561,31113,8224],"turns":27,"p1":"nick151","p2":"GTX♅Bzumzum","p1team":[{"name":"Amoonguss","species":"Amoonguss","item":"chestoberry","ability":"Effect Spore","moves":["gigadrain","rest","sleeptalk","spore"],"nature":"","evs":{"hp":252,"atk":0,"def":4,"spa":0,"spd":252,"spe":0},"ivs":{"hp":31,"atk":31,"def":31,"spa":31,"spd":31,"spe":31}},{"name":"Venusaur","species":"Venusaur","item":"leftovers","ability":"Overgrow","moves":["leechseed","gigadrain","protect","earthquake"],"nature":"Gentle","evs":{"hp":248,"atk":8,"def":0,"spa":0,"spd":252,"spe":0},"ivs":{"hp":31,"atk":31,"def":31,"spa":31,"spd":31,"spe":31}},{"name":"Beedrill","species":"Beedrill","item":"beedrillite","ability":"Swarm","moves":["uturn","drillrun","knockoff","poisonjab"],"nature":"Jolly","evs":{"hp":0,"atk":252,"def":0,"spa":0,"spd":4,"spe":252},"ivs":{"hp":31,"atk":31,"def":31,"spa":31,"spd":31,"spe":31}},{"name":"Scolipede","species":"Scolipede","item":"focussash","ability":"Speed Boost","moves":["protect","swordsdance","poisonjab","megahorn"],"nature":"Adamant","evs":{"hp":0,"atk":252,"def":0,"spa":0,"spd":4,"spe":252},"ivs":{"hp":31,"atk":31,"def":31,"spa":31,"spd":31,"spe":31}},{"name":"Drapion","species":"Drapion","item":"","ability":"Battle Armor","moves":["crunch","toxicspikes","earthquake","honeclaws"],"nature":"Adamant","evs":{"hp":248,"atk":252,"def":0,"spa":0,"spd":8,"spe":0},"ivs":{"hp":31,"atk":31,"def":31,"spa":31,"spd":31,"spe":31}},{"name":"Crobat","species":"Crobat","item":"expertbelt","ability":"Infiltrator","moves":["bravebird","darkpulse","nastyplot","heatwave"],"nature":"Hasty","evs":{"hp":0,"atk":156,"def":0,"spa":100,"spd":0,"spe":252},"ivs":{"hp":31,"atk":31,"def":31,"spa":31,"spd":31,"spe":31}}],"p2team":[{"name":"Elec","species":"manectric","item":"manectite","ability":"Lightning Rod","moves":["thunderbolt","hiddenpowergrass","voltswitch","overheat"],"nature":"Timid","evs":{"hp":0,"atk":0,"def":0,"spa":252,"spd":4,"spe":252},"gender":"M","ivs":{"hp":31,"atk":30,"def":31,"spa":30,"spd":31,"spe":31}},{"name":"Water-Safe","species":"rotomwash","item":"chestoberry","ability":"Levitate","moves":["hydropump","hex","willowisp","rest"],"nature":"Calm","evs":{"hp":248,"atk":0,"def":0,"spa":8,"spd":252,"spe":0},"shiny":true,"ivs":{"hp":31,"atk":31,"def":31,"spa":31,"spd":31,"spe":31}},{"name":"MY ZONE!!!","species":"magnezone","item":"choicespecs","ability":"Sturdy","moves":["hiddenpowerice","flashcannon","triattack","signalbeam"],"nature":"Modest","evs":{"hp":248,"atk":0,"def":0,"spa":252,"spd":8,"spe":0},"ivs":{"hp":31,"atk":30,"def":30,"spa":31,"spd":31,"spe":31},"shiny":true},{"name":"Thundernor","species":"eelektross","item":"leftovers","ability":"Levitate","moves":["coil","drainpunch","knockoff","uturn"],"nature":"Adamant","evs":{"hp":252,"atk":252,"def":0,"spa":0,"spd":0,"spe":4},"gender":"M","shiny":true,"ivs":{"hp":31,"atk":31,"def":31,"spa":31,"spd":31,"spe":31}},{"name":"Zapz","species":"zapdos","item":"leftovers","ability":"Pressure","moves":["heatwave","roost","extrasensory","defog"],"nature":"Modest","evs":{"hp":252,"atk":0,"def":0,"spa":252,"spd":4,"spe":0},"shiny":true,"ivs":{"hp":31,"atk":31,"def":31,"spa":31,"spd":31,"spe":31}},{"name":"Plugg-in Failure","species":"electivire","item":"choicescarf","ability":"Vital Spirit","moves":["crosschop","earthquake","icepunch","rockslide"],"nature":"Adamant","evs":{"hp":0,"atk":252,"def":0,"spa":0,"spd":4,"spe":252},"gender":"M","shiny":true,"ivs":{"hp":31,"atk":31,"def":31,"spa":31,"spd":31,"spe":31}}],"log":["|player|p1|nick151|nick151.gif","|player|p2|GTX♅Bzumzum|170","|gametype|singles","|gen|6","|tier|Monotype","|rated","|rule|Baton Pass Clause: Limit one Baton Passer, can't pass Spe and other stats simultaneously","|rule|Swagger Clause: Swagger is banned","|rule|Same Type Clause: Pokémon in a team must share a type","|clearpoke","|poke|p1|Amoonguss, M","|poke|p1|Venusaur, M","|poke|p1|Beedrill, F","|poke|p1|Scolipede, F","|poke|p1|Drapion, F","|poke|p1|Crobat, F","|poke|p2|Manectric, M","|poke|p2|Rotom-Wash, shiny","|poke|p2|Magnezone, shiny","|poke|p2|Eelektross, M, shiny","|poke|p2|Zapdos, shiny","|poke|p2|Electivire, M, shiny","|rule|Sleep Clause Mod: Limit one foe put to sleep","|rule|Species Clause: Limit one of each Pokémon","|rule|OHKO Clause: OHKO moves are banned","|rule|Moody Clause: Moody is banned","|rule|Evasion Moves Clause: Evasion moves are banned","|rule|Endless Battle Clause: Forcing endless battles is banned","|rule|HP Percentage Mod: HP is shown in percentages","|teampreview","|","|start","|switch|p1a: Crobat|Crobat, F|311/311","|switch|p2a: Zapz|Zapdos, shiny|384/384","|-ability|p2a: Zapz|Pressure","|turn|1","|","|switch|p1a: Venusaur|Venusaur, M|363/363","|move|p2a: Zapz|Extrasensory|p1a: Venusaur","|-supereffective|p1a: Venusaur","|-damage|p1a: Venusaur|203/363","|","|-heal|p1a: Venusaur|225/363|[from] item: Leftovers","|turn|2","|","|move|p2a: Zapz|Heat Wave|p1a: Venusaur","|-supereffective|p1a: Venusaur","|-damage|p1a: Venusaur|51/363","|move|p1a: Venusaur|Leech Seed|p2a: Zapz","|-start|p2a: Zapz|move: Leech Seed","|","|-heal|p1a: Venusaur|73/363|[from] item: Leftovers","|-damage|p2a: Zapz|336/384|[from] Leech Seed|[of] p1a: Venusaur","|-heal|p1a: Venusaur|121/363|[silent]","|turn|3","|","|move|p2a: Zapz|Extrasensory|p1a: Venusaur","|-supereffective|p1a: Venusaur","|-damage|p1a: Venusaur|0 fnt","|faint|p1a: Venusaur","|","|-heal|p2a: Zapz|360/384|[from] item: Leftovers","|","|switch|p1a: Scolipede|Scolipede, F|261/261","|turn|4","|","|move|p1a: Scolipede|Swords Dance|p1a: Scolipede","|-boost|p1a: Scolipede|atk|2","|move|p2a: Zapz|Heat Wave|p1a: Scolipede","|-supereffective|p1a: Scolipede","|-enditem|p1a: Scolipede|Focus Sash","|-damage|p1a: Scolipede|1/261","|","|-heal|p2a: Zapz|384/384|[from] item: Leftovers","|-damage|p2a: Zapz|336/384|[from] Leech Seed|[of] p1a: Scolipede","|-heal|p1a: Scolipede|49/261|[silent]","|-boost|p1a: Scolipede|spe|1|[from] ability: Speed Boost","|turn|5","|","|switch|p2a: Water-Safe|Rotom-Wash, shiny|303/303","|move|p1a: Scolipede|Protect|p1a: Scolipede","|-fail|p1a: Scolipede","|","|-boost|p1a: Scolipede|spe|1|[from] ability: Speed Boost","|turn|6","|","|move|p1a: Scolipede|Poison Jab|p2a: Water-Safe","|-damage|p2a: Water-Safe|48/303","|move|p2a: Water-Safe|Hex|p1a: Scolipede","|-damage|p1a: Scolipede|0 fnt","|faint|p1a: Scolipede","|","|","|switch|p1a: Beedrill|Beedrill, F|271/271","|turn|7","|","|move|p1a: Beedrill|Drill Run|p2a: Water-Safe","|-immune|p2a: Water-Safe|[msg]","|move|p2a: Water-Safe|Will-O-Wisp|p1a: Beedrill","|-status|p1a: Beedrill|brn","|","|-damage|p1a: Beedrill|238/271 brn|[from] brn","|turn|8","|","|move|p1a: Beedrill|Knock Off|p2a: Water-Safe","|-damage|p2a: Water-Safe|4/303","|-enditem|p2a: Water-Safe|Chesto Berry|[from] move: Knock Off|[of] p1a: Beedrill","|move|p2a: Water-Safe|Rest|p2a: Water-Safe","|-status|p2a: Water-Safe|slp","|-heal|p2a: Water-Safe|303/303 slp|[silent]","|-status|p2a: Water-Safe|slp|[from] move: Rest","|","|-damage|p1a: Beedrill|205/271 brn|[from] brn","|turn|9","|","|move|p1a: Beedrill|Poison Jab|p2a: Water-Safe","|-damage|p2a: Water-Safe|250/303 slp","|cant|p2a: Water-Safe|slp","|","|-damage|p1a: Beedrill|172/271 brn|[from] brn","|turn|10","|","|detailschange|p1a: Beedrill|Beedrill-Mega, F","|-mega|p1a: Beedrill|Beedrill|Beedrillite","|move|p1a: Beedrill|Poison Jab|p2a: Water-Safe","|-damage|p2a: Water-Safe|149/303 slp","|cant|p2a: Water-Safe|slp","|","|-damage|p1a: Beedrill|139/271 brn|[from] brn","|turn|11","|","|move|p1a: Beedrill|Poison Jab|p2a: Water-Safe","|-damage|p2a: Water-Safe|47/303 slp","|-curestatus|p2a: Water-Safe|slp","|move|p2a: Water-Safe|Hydro Pump|p1a: Beedrill","|-damage|p1a: Beedrill|0 fnt","|faint|p1a: Beedrill","|","|","|switch|p1a: Amoonguss|Amoonguss, M|432/432","|turn|12","|","|move|p2a: Water-Safe|Will-O-Wisp|p1a: Amoonguss","|-status|p1a: Amoonguss|brn","|move|p1a: Amoonguss|Giga Drain|p2a: Water-Safe","|-supereffective|p2a: Water-Safe","|-damage|p2a: Water-Safe|0 fnt","|faint|p2a: Water-Safe","|","|-damage|p1a: Amoonguss|378/432 brn|[from] brn","|","|switch|p2a: Zapz|Zapdos, shiny|336/384","|-ability|p2a: Zapz|Pressure","|turn|13","|","|move|p2a: Zapz|Extrasensory|p1a: Amoonguss","|-supereffective|p1a: Amoonguss","|-damage|p1a: Amoonguss|202/432 brn","|move|p1a: Amoonguss|Spore|p2a: Zapz","|-status|p2a: Zapz|slp","|","|-heal|p2a: Zapz|360/384 slp|[from] item: Leftovers","|-damage|p1a: Amoonguss|148/432 brn|[from] brn","|turn|14","|","|cant|p2a: Zapz|slp","|move|p1a: Amoonguss|Rest|p1a: Amoonguss","|-status|p1a: Amoonguss|slp","|-heal|p1a: Amoonguss|432/432 slp|[silent]","|-status|p1a: Amoonguss|slp|[from] move: Rest","|-enditem|p1a: Amoonguss|Chesto Berry|[eat]","|-curestatus|p1a: Amoonguss|slp","|","|-heal|p2a: Zapz|384/384 slp|[from] item: Leftovers","|turn|15","|","|cant|p2a: Zapz|slp","|move|p1a: Amoonguss|Giga Drain|p2a: Zapz","|-resisted|p2a: Zapz","|-damage|p2a: Zapz|342/384 slp","|","|-heal|p2a: Zapz|366/384 slp|[from] item: Leftovers","|turn|16","|","|switch|p1a: Drapion|Drapion, F|343/343","|cant|p2a: Zapz|slp","|","|-heal|p2a: Zapz|384/384 slp|[from] item: Leftovers","|turn|17","|","|-curestatus|p2a: Zapz|slp","|move|p2a: Zapz|Heat Wave|p1a: Drapion","|-damage|p1a: Drapion|194/343","|move|p1a: Drapion|Toxic Spikes|p2a: Zapz","|-sidestart|p2: GTX♅Bzumzum|move: Toxic Spikes","|","|turn|18","|","|move|p2a: Zapz|Defog|p1a: Drapion","|-unboost|p1a: Drapion|evasion|1","|-sideend|p2: GTX♅Bzumzum|Toxic Spikes|[from] move: Defog|[of] p2a: Zapz","|move|p1a: Drapion|Crunch|p2a: Zapz","|-damage|p2a: Zapz|243/384","|","|-heal|p2a: Zapz|267/384|[from] item: Leftovers","|turn|19","|","|move|p2a: Zapz|Heat Wave|p1a: Drapion","|-damage|p1a: Drapion|55/343","|move|p1a: Drapion|Crunch|p2a: Zapz","|-damage|p2a: Zapz|122/384","|","|-heal|p2a: Zapz|146/384|[from] item: Leftovers","|turn|20","|","|move|p2a: Zapz|Roost|p2a: Zapz","|-heal|p2a: Zapz|338/384","|move|p1a: Drapion|Toxic Spikes|p2a: Zapz","|-sidestart|p2: GTX♅Bzumzum|move: Toxic Spikes","|","|-heal|p2a: Zapz|362/384|[from] item: Leftovers","|turn|21","|","|move|p2a: Zapz|Defog|p1a: Drapion","|-unboost|p1a: Drapion|evasion|1","|-sideend|p2: GTX♅Bzumzum|Toxic Spikes|[from] move: Defog|[of] p2a: Zapz","|move|p1a: Drapion|Crunch|p2a: Zapz","|-damage|p2a: Zapz|218/384","|","|-heal|p2a: Zapz|242/384|[from] item: Leftovers","|turn|22","|","|switch|p1a: Crobat|Crobat, F|311/311","|move|p2a: Zapz|Heat Wave|p1a: Crobat","|-damage|p1a: Crobat|175/311","|","|-heal|p2a: Zapz|266/384|[from] item: Leftovers","|turn|23","|","|switch|p2a: MY ZONE!!!|Magnezone, shiny|343/343","|move|p1a: Crobat|Heat Wave|p2a: MY ZONE!!!","|-supereffective|p2a: MY ZONE!!!","|-damage|p2a: MY ZONE!!!|177/343","|","|turn|24","|","|move|p1a: Crobat|Heat Wave|p2a: MY ZONE!!!","|-supereffective|p2a: MY ZONE!!!","|-damage|p2a: MY ZONE!!!|19/343","|move|p2a: MY ZONE!!!|Flash Cannon|p1a: Crobat","|-damage|p1a: Crobat|0 fnt","|faint|p1a: Crobat","|","|","|switch|p1a: Amoonguss|Amoonguss, M|432/432","|turn|25","|","|move|p2a: MY ZONE!!!|Flash Cannon|p1a: Amoonguss","|-damage|p1a: Amoonguss|212/432","|move|p1a: Amoonguss|Giga Drain|p2a: MY ZONE!!!","|-resisted|p2a: MY ZONE!!!","|-damage|p2a: MY ZONE!!!|0 fnt","|-heal|p1a: Amoonguss|222/432|[from] drain|[of] p2a: MY ZONE!!!","|faint|p2a: MY ZONE!!!","|","|","|switch|p2a: Plugg-in Failure|Electivire, M, shiny|291/291","|turn|26","|","|move|p2a: Plugg-in Failure|Ice Punch|p1a: Amoonguss","|-supereffective|p1a: Amoonguss","|-damage|p1a: Amoonguss|0 fnt","|faint|p1a: Amoonguss","|","|","|switch|p1a: Drapion|Drapion, F|55/343","|turn|27","|","|move|p2a: Plugg-in Failure|Ice Punch|p1a: Drapion","|-damage|p1a: Drapion|0 fnt","|faint|p1a: Drapion","|","|win|GTX♅Bzumzum"],"p1rating":{"entryid":"7293154","serverid":"eos","formatid":"monotype","userid":"nick151","username":"nick151","w":"1","l":6,"t":"0","gxe":31.6,"r":"1391.2875181433","rd":"112.17182896597","sigma":"0","rptime":"1439110800","rpr":1348.9182855802,"rprd":96.809378124304,"rpsigma":"0","acre":1027.3087037696,"lacre":1027.3087037696,"oldacre":"1045.6104787989"},"p2rating":{"entryid":"6857825","serverid":"eos","formatid":"monotype","userid":"gtxbzumzum","username":"GTX♅Bzumzum","w":26,"l":"95","t":"0","gxe":22.8,"r":"1267.8281172118","rd":"37.061215733452","sigma":"0","rptime":"1439110800","rpr":1269.426182822,"rprd":36.649025079242,"rpsigma":"0","acre":1056.3671725687,"lacre":1056.3671725687,"oldacre":"1015.4111857831"},"endType":"normal"}