{"seed":[6640,41556,54543,4337],"turns":24,"p1":"Traine✘ Sebastian","p2":"Kiric","p1team":[{"name":"Honeydew","species":"swampert","item":"swampertite","ability":"Damp","moves":["rest","curse","earthquake","icepunch"],"nature":"Careful","evs":{"hp":248,"atk":8,"def":0,"spa":0,"spd":252,"spe":0},"gender":"M","ivs":{"hp":31,"atk":31,"def":31,"spa":31,"spd":31,"spe":31}},{"name":"Politoed","species":"Politoed","item":"leftovers","ability":"Drizzle","moves":["scald","toxic","protect","icebeam"],"nature":"Bold","evs":{"hp":252,"atk":0,"def":252,"spa":4,"spd":0,"spe":0},"gender":"F","shiny":true,"ivs":{"hp":31,"atk":31,"def":31,"spa":31,"spd":31,"spe":31}},{"name":"Tentacruel","species":"Tentacruel","item":"blacksludge","ability":"Clear Body","moves":["scald","toxicspikes","rapidspin","sludgebomb"],"nature":"Timid","evs":{"hp":0,"atk":0,"def":0,"spa":252,"spd":4,"spe":252},"gender":"M","ivs":{"hp":31,"atk":31,"def":31,"spa":31,"spd":31,"spe":31}},{"name":"Keldeo-Resolute","species":"Keldeo-Resolute","item":"expertbelt","ability":"Justified","moves":["secretsword","scald","icywind","hydropump"],"nature":"Timid","evs":{"hp":0,"atk":0,"def":0,"spa":252,"spd":4,"spe":252},"ivs":{"hp":31,"atk":31,"def":31,"spa":31,"spd":31,"spe":31}},{"name":"Water Doge","species":"suicune","item":"leftovers","ability":"Pressure","moves":["calmmind","rest","scald","sleeptalk"],"nature":"Bold","evs":{"hp":252,"atk":0,"def":252,"spa":0,"spd":4,"spe":0},"shiny":true,"ivs":{"hp":31,"atk":31,"def":31,"spa":31,"spd":31,"spe":31}},{"name":"Starmie","species":"Starmie","item":"choicespecs","ability":"Analytic","moves":["psychic","thunderbolt","icebeam","dazzlinggleam"],"nature":"Timid","evs":{"hp":0,"atk":0,"def":0,"spa":252,"spd":4,"spe":252},"shiny":true,"ivs":{"hp":31,"atk":31,"def":31,"spa":31,"spd":31,"spe":31}}],"p2team":[{"name":"Cindurella","species":"conkeldurr","item":"assaultvest","ability":"Guts","moves":["machpunch","drainpunch","knockoff","icepunch"],"nature":"Adamant","evs":{"hp":248,"atk":252,"def":0,"spa":0,"spd":8,"spe":0},"gender":"F","ivs":{"hp":31,"atk":31,"def":31,"spa":31,"spd":31,"spe":31}},{"name":"Metal gear Salad","species":"breloom","item":"focussash","ability":"Technician","moves":["machpunch","bulletseed","spore","swordsdance"],"nature":"Jolly","evs":{"hp":0,"atk":252,"def":0,"spa":0,"spd":4,"spe":252},"gender":"M","ivs":{"hp":31,"atk":31,"def":31,"spa":31,"spd":31,"spe":31}},{"name":"Chips","species":"terrakion","item":"choicescarf","ability":"Justified","moves":["earthquake","closecombat","stoneedge","ironhead"],"nature":"Jolly","evs":{"hp":0,"atk":252,"def":0,"spa":0,"spd":4,"spe":252},"ivs":{"hp":31,"atk":31,"def":31,"spa":31,"spd":31,"spe":31}},{"name":"Li'l Sebastian","species":"keldeo","item":"leftovers","ability":"Justified","moves":["scald","calmmind","substitute","secretsword"],"nature":"Modest","evs":{"hp":252,"atk":0,"def":0,"spa":252,"spd":4,"spe":0},"ivs":{"hp":31,"atk":31,"def":31,"spa":31,"spd":31,"spe":31}},{"name":"MojoJojo","species":"infernape","item":"focussash","ability":"Iron Fist","moves":["stealthrock","closecombat","flamethrower","taunt"],"nature":"Jolly","evs":{"hp":0,"atk":252,"def":0,"spa":0,"spd":4,"spe":252},"gender":"M","ivs":{"hp":31,"atk":31,"def":31,"spa":31,"spd":31,"spe":31}},{"name":"Beautiful Korean","species":"gallade","item":"galladite","ability":"Steadfast","moves":["bulkup","drainpunch","psychocut","shadowsneak"],"nature":"Jolly","evs":{"hp":4,"atk":252,"def":0,"spa":0,"spd":0,"spe":252},"ivs":{"hp":31,"atk":31,"def":31,"spa":31,"spd":31,"spe":31}}],"log":["|player|p1|Traine✘ Sebastian|161","|player|p2|Kiric|234","|gametype|singles","|gen|6","|tier|Monotype","|rated","|rule|Baton Pass Clause: Limit one Baton Passer, can't pass Spe and other stats simultaneously","|rule|Swagger Clause: Swagger is banned","|rule|Same Type Clause: Pokémon in a team must share a type","|clearpoke","|poke|p1|Swampert, M","|poke|p1|Politoed, F, shiny","|poke|p1|Tentacruel, M","|poke|p1|Keldeo-Resolute","|poke|p1|Suicune, shiny","|poke|p1|Starmie, shiny","|poke|p2|Conkeldurr, F","|poke|p2|Breloom, M","|poke|p2|Terrakion","|poke|p2|Keldeo","|poke|p2|Infernape, M","|poke|p2|Gallade, M","|rule|Sleep Clause Mod: Limit one foe put to sleep","|rule|Species Clause: Limit one of each Pokémon","|rule|OHKO Clause: OHKO moves are banned","|rule|Moody Clause: Moody is banned","|rule|Evasion Moves Clause: Evasion moves are banned","|rule|Endless Battle Clause: Forcing endless battles is banned","|rule|HP Percentage Mod: HP is shown in percentages","|teampreview","|","|start","|switch|p1a: Tentacruel|Tentacruel, M|301/301","|switch|p2a: MojoJojo|Infernape, M|293/293","|turn|1","|","|move|p2a: MojoJojo|Taunt|p1a: Tentacruel","|-start|p1a: Tentacruel|move: Taunt","|cant|p1a: Tentacruel|move: Taunt|Toxic Spikes","|","|turn|2","|","|move|p2a: MojoJojo|Stealth Rock|p1a: Tentacruel","|-sidestart|p1: Traine✘ Sebastian|move: Stealth Rock","|move|p1a: Tentacruel|Scald|p2a: MojoJojo","|-supereffective|p2a: MojoJojo","|-damage|p2a: MojoJojo|23/293","|","|turn|3","|","|switch|p2a: Cindurella|Conkeldurr, F|413/413","|move|p1a: Tentacruel|Rapid Spin|p2a: Cindurella","|-damage|p2a: Cindurella|402/413","|-sideend|p1: Traine✘ Sebastian|Stealth Rock|[from] move: Rapid Spin|[of] p1a: Tentacruel","|","|-end|p1a: Tentacruel|move: Taunt","|turn|4","|","|move|p1a: Tentacruel|Toxic Spikes|p2a: Cindurella","|-sidestart|p2: Kiric|move: Toxic Spikes","|move|p2a: Cindurella|Knock Off|p1a: Tentacruel","|-damage|p1a: Tentacruel|122/301","|-enditem|p1a: Tentacruel|Black Sludge|[from] move: Knock Off|[of] p2a: Cindurella","|","|turn|5","|","|switch|p2a: Beautiful Korean|Gallade, M|278/278","|-status|p2a: Beautiful Korean|psn","|move|p1a: Tentacruel|Toxic Spikes|p2a: Beautiful Korean","|-sidestart|p2: Kiric|move: Toxic Spikes","|","|-damage|p2a: Beautiful Korean|244/278 psn|[from] psn","|turn|6","|","|detailschange|p2a: Beautiful Korean|Gallade-Mega, M","|-mega|p2a: Beautiful Korean|Gallade|Galladite","|move|p1a: Tentacruel|Scald|p2a: Beautiful Korean","|-damage|p2a: Beautiful Korean|151/278 psn","|move|p2a: Beautiful Korean|Bulk Up|p2a: Beautiful Korean","|-boost|p2a: Beautiful Korean|atk|1","|-boost|p2a: Beautiful Korean|def|1","|","|-damage|p2a: Beautiful Korean|117/278 psn|[from] psn","|turn|7","|","|move|p2a: Beautiful Korean|Drain Punch|p1a: Tentacruel","|-resisted|p1a: Tentacruel","|-damage|p1a: Tentacruel|0 fnt","|-heal|p2a: Beautiful Korean|178/278 psn|[from] drain|[of] p1a: Tentacruel","|faint|p1a: Tentacruel","|","|-damage|p2a: Beautiful Korean|144/278 psn|[from] psn","|","|switch|p1a: Water Doge|Suicune, shiny|404/404","|-ability|p1a: Water Doge|Pressure","|turn|8","|","|move|p2a: Beautiful Korean|Drain Punch|p1a: Water Doge","|-damage|p1a: Water Doge|253/404","|-heal|p2a: Beautiful Korean|220/278 psn|[from] drain|[of] p1a: Water Doge","|move|p1a: Water Doge|Scald|p2a: Beautiful Korean","|-damage|p2a: Beautiful Korean|141/278 psn","|","|-heal|p1a: Water Doge|278/404|[from] item: Leftovers","|-damage|p2a: Beautiful Korean|107/278 psn|[from] psn","|turn|9","|","|move|p2a: Beautiful Korean|Drain Punch|p1a: Water Doge","|-damage|p1a: Water Doge|119/404","|-heal|p2a: Beautiful Korean|187/278 psn|[from] drain|[of] p1a: Water Doge","|move|p1a: Water Doge|Scald|p2a: Beautiful Korean","|-damage|p2a: Beautiful Korean|109/278 psn","|","|-heal|p1a: Water Doge|144/404|[from] item: Leftovers","|-damage|p2a: Beautiful Korean|75/278 psn|[from] psn","|turn|10","|","|move|p2a: Beautiful Korean|Drain Punch|p1a: Water Doge","|-damage|p1a: Water Doge|0 fnt","|-heal|p2a: Beautiful Korean|147/278 psn|[from] drain|[of] p1a: Water Doge","|faint|p1a: Water Doge","|","|-damage|p2a: Beautiful Korean|113/278 psn|[from] psn","|","|switch|p1a: Politoed|Politoed, F, shiny|384/384","|-weather|RainDance","|turn|11","|","|move|p2a: Beautiful Korean|Drain Punch|p1a: Politoed","|-damage|p1a: Politoed|180/384","|-heal|p2a: Beautiful Korean|215/278 psn|[from] drain|[of] p1a: Politoed","|move|p1a: Politoed|Scald|p2a: Beautiful Korean","|-crit|p2a: Beautiful Korean","|-damage|p2a: Beautiful Korean|50/278 psn","|","|-weather|RainDance|[upkeep]","|-heal|p1a: Politoed|204/384|[from] item: Leftovers","|-damage|p2a: Beautiful Korean|16/278 psn|[from] psn","|turn|12","|","|move|p1a: Politoed|Protect|p1a: Politoed","|-singleturn|p1a: Politoed|Protect","|move|p2a: Beautiful Korean|Drain Punch|p1a: Politoed","|-activate|p1a: Politoed|Protect","|","|-weather|RainDance|[upkeep]","|-heal|p1a: Politoed|228/384|[from] item: Leftovers","|-damage|p2a: Beautiful Korean|0 fnt|[from] psn","|faint|p2a: Beautiful Korean","|","|switch|p2a: Cindurella|Conkeldurr, F|402/413","|-status|p2a: Cindurella|tox","|turn|13","|","|move|p1a: Politoed|Scald|p2a: Cindurella","|-damage|p2a: Cindurella|279/413 tox","|move|p2a: Cindurella|Drain Punch|p1a: Politoed","|-damage|p1a: Politoed|18/384","|-heal|p2a: Cindurella|384/413 tox|[from] drain|[of] p1a: Politoed","|","|-weather|RainDance|[upkeep]","|-heal|p1a: Politoed|42/384|[from] item: Leftovers","|-damage|p2a: Cindurella|359/413 tox|[from] psn","|turn|14","|","|move|p1a: Politoed|Protect|p1a: Politoed","|-singleturn|p1a: Politoed|Protect","|move|p2a: Cindurella|Mach Punch|p1a: Politoed","|-activate|p1a: Politoed|Protect","|","|-weather|RainDance|[upkeep]","|-heal|p1a: Politoed|66/384|[from] item: Leftovers","|-damage|p2a: Cindurella|309/413 tox|[from] psn","|turn|15","|","|move|p2a: Cindurella|Mach Punch|p1a: Politoed","|-crit|p1a: Politoed","|-damage|p1a: Politoed|0 fnt","|faint|p1a: Politoed","|","|-weather|none","|-damage|p2a: Cindurella|234/413 tox|[from] psn","|","|switch|p1a: Starmie|Starmie, shiny|261/261","|turn|16","|","|move|p1a: Starmie|Psychic|p2a: Cindurella","|-supereffective|p2a: Cindurella","|-damage|p2a: Cindurella|0 fnt","|faint|p2a: Cindurella","|","|","|switch|p2a: Metal gear Salad|Breloom, M|261/261","|-status|p2a: Metal gear Salad|tox","|turn|17","|","|move|p1a: Starmie|Psychic|p2a: Metal gear Salad","|-supereffective|p2a: Metal gear Salad","|-enditem|p2a: Metal gear Salad|Focus Sash","|-damage|p2a: Metal gear Salad|1/261 tox","|move|p2a: Metal gear Salad|Bullet Seed|p1a: Starmie","|-supereffective|p1a: Starmie","|-damage|p1a: Starmie|103/261","|-supereffective|p1a: Starmie","|-damage|p1a: Starmie|0 fnt","|-hitcount|p1a: Starmie|2","|faint|p1a: Starmie","|","|-damage|p2a: Metal gear Salad|0 fnt|[from] psn","|faint|p2a: Metal gear Salad","|","|switch|p2a: Chips|Terrakion|323/323","|switch|p1a: Honeydew|Swampert, M|403/403","|-status|p2a: Chips|tox","|turn|18","|","|detailschange|p1a: Honeydew|Swampert-Mega, M","|-mega|p1a: Honeydew|Swampert|Swampertite","|move|p2a: Chips|Close Combat|p1a: Honeydew","|-damage|p1a: Honeydew|195/403","|-unboost|p2a: Chips|def|1","|-unboost|p2a: Chips|spd|1","|move|p1a: Honeydew|Earthquake|p2a: Chips","|-supereffective|p2a: Chips","|-damage|p2a: Chips|0 fnt","|faint|p2a: Chips","|","|","|switch|p2a: Li'l Sebastian|Keldeo|386/386","|-status|p2a: Li'l Sebastian|tox","|turn|19","|","|move|p2a: Li'l Sebastian|Scald|p1a: Honeydew","|-damage|p1a: Honeydew|84/403","|move|p1a: Honeydew|Rest|p1a: Honeydew","|-status|p1a: Honeydew|slp","|-heal|p1a: Honeydew|403/403 slp|[silent]","|-status|p1a: Honeydew|slp|[from] move: Rest","|","|-damage|p2a: Li'l Sebastian|362/386 tox|[from] psn","|turn|20","|","|move|p2a: Li'l Sebastian|Calm Mind|p2a: Li'l Sebastian","|-boost|p2a: Li'l Sebastian|spa|1","|-boost|p2a: Li'l Sebastian|spd|1","|cant|p1a: Honeydew|slp","|","|-heal|p2a: Li'l Sebastian|386/386 tox|[from] item: Leftovers","|-damage|p2a: Li'l Sebastian|338/386 tox|[from] psn","|turn|21","|","|move|p2a: Li'l Sebastian|Calm Mind|p2a: Li'l Sebastian","|-boost|p2a: Li'l Sebastian|spa|1","|-boost|p2a: Li'l Sebastian|spd|1","|cant|p1a: Honeydew|slp","|","|-heal|p2a: Li'l Sebastian|362/386 tox|[from] item: Leftovers","|-damage|p2a: Li'l Sebastian|290/386 tox|[from] psn","|turn|22","|","|move|p2a: Li'l Sebastian|Scald|p1a: Honeydew","|-damage|p1a: Honeydew|196/403 slp","|-curestatus|p1a: Honeydew|slp","|move|p1a: Honeydew|Earthquake|p2a: Li'l Sebastian","|-damage|p2a: Li'l Sebastian|112/386 tox","|","|-heal|p2a: Li'l Sebastian|136/386 tox|[from] item: Leftovers","|-damage|p2a: Li'l Sebastian|40/386 tox|[from] psn","|turn|23","|","|move|p2a: Li'l Sebastian|Scald|p1a: Honeydew","|-damage|p1a: Honeydew|0 fnt","|faint|p1a: Honeydew","|","|-heal|p2a: Li'l Sebastian|64/386 tox|[from] item: Leftovers","|-damage|p2a: Li'l Sebastian|0 fnt|[from] psn","|faint|p2a: Li'l Sebastian","|","|switch|p2a: MojoJojo|Infernape, M|23/293","|switch|p1a: Keldeo-Resolute|Keldeo-Resolute|323/323","|-status|p2a: MojoJojo|tox","|turn|24","|","|move|p1a: Keldeo-Resolute|Scald|p2a: MojoJojo","|-crit|p2a: MojoJojo","|-supereffective|p2a: MojoJojo","|-damage|p2a: MojoJojo|0 fnt","|faint|p2a: MojoJojo","|","|win|Traine✘ Sebastian"],"p1rating":{"entryid":"7497648","serverid":"eos","formatid":"monotype","userid":"trainesebastian","username":"Traine✘ Sebastian","w":5,"l":"0","t":"0","gxe":65.6,"r":"1601.9879223631","rd":"106.58469503377","sigma":"0","rptime":"1439110800","rpr":1626.305097783,"rprd":102.57268343614,"rpsigma":"0","acre":1151.76776128,"lacre":1151.76776128,"oldacre":"1132.0954221624"},"p2rating":{"entryid":"6256814","serverid":"eos","formatid":"monotype","userid":"kiric","username":"Kiric","w":"1","l":1,"t":"0","gxe":51.8,"r":"1550.8973293888","rd":131.57553834547,"sigma":"0","rptime":1439110800,"rpr":1514.7872033144,"rprd":123.98303481021,"rpsigma":"0","acre":1042.3169183549,"lacre":1042.3169183549,"oldacre":"1056.9022569767"},"endType":"normal"}