{"seed":[19013,19557,2554,13063],"turns":21,"p1":"GymLeaderAoi","p2":"Blackwel","p1team":[{"name":"Aerodactyl","species":"Aerodactyl","item":"focussash","ability":"Unnerve","moves":["stealthrock","taunt","earthquake","stoneedge"],"nature":"Jolly","evs":{"hp":4,"atk":252,"def":0,"spa":0,"spd":0,"spe":252},"ivs":{"hp":31,"atk":31,"def":31,"spa":31,"spd":31,"spe":31}},{"name":"Omastar","species":"Omastar","item":"focussash","ability":"Weak Armor","moves":["shellsmash","surf","icebeam","hiddenpowergrass"],"nature":"Timid","evs":{"hp":0,"atk":0,"def":0,"spa":252,"spd":4,"spe":252},"ivs":{"hp":31,"atk":30,"def":31,"spa":30,"spd":31,"spe":31}},{"name":"Aggron","species":"Aggron","item":"aggronite","ability":"Sturdy","moves":["ironhead","earthquake","firepunch","dragonclaw"],"nature":"Adamant","evs":{"hp":252,"atk":252,"def":0,"spa":0,"spd":4,"spe":0},"ivs":{"hp":31,"atk":31,"def":31,"spa":31,"spd":31,"spe":31}},{"name":"Tyrantrum","species":"Tyrantrum","item":"lifeorb","ability":"Rock Head","moves":["dragondance","headsmash","firefang","earthquake"],"nature":"Jolly","evs":{"hp":0,"atk":252,"def":4,"spa":0,"spd":0,"spe":252},"ivs":{"hp":31,"atk":31,"def":31,"spa":31,"spd":31,"spe":31}},{"name":"Tyranitar","species":"Tyranitar","item":"choicescarf","ability":"Sand Stream","moves":["icepunch","pursuit","superpower","stoneedge"],"nature":"Jolly","evs":{"hp":0,"atk":252,"def":4,"spa":0,"spd":0,"spe":252},"ivs":{"hp":31,"atk":31,"def":31,"spa":31,"spd":31,"spe":31}},{"name":"Kabutops","species":"Kabutops","item":"lifeorb","ability":"Battle Armor","moves":["swordsdance","aquajet","stoneedge","waterfall"],"nature":"Jolly","evs":{"hp":0,"atk":252,"def":0,"spa":0,"spd":4,"spe":252},"ivs":{"hp":31,"atk":31,"def":31,"spa":31,"spd":31,"spe":31}}],"p2team":[{"name":"Hoopa-Unbound","species":"Hoopa-Unbound","item":"choicescarf","ability":"Magician","moves":["gunkshot","hyperspacefury","zenheadbutt","drainpunch"],"nature":"Jolly","evs":{"hp":0,"atk":252,"def":0,"spa":0,"spd":4,"spe":252},"ivs":{"hp":31,"atk":31,"def":31,"spa":31,"spd":31,"spe":31}},{"name":"Mandibuzz","species":"Mandibuzz","item":"leftovers","ability":"Overcoat","moves":["defog","foulplay","roost","toxic"],"nature":"Bold","evs":{"hp":252,"atk":0,"def":252,"spa":0,"spd":4,"spe":0},"ivs":{"hp":31,"atk":31,"def":31,"spa":31,"spd":31,"spe":31}},{"name":"Bisharp","species":"Bisharp","item":"lifeorb","ability":"Defiant","moves":["ironhead","poisonjab","suckerpunch","swordsdance"],"nature":"Jolly","evs":{"hp":0,"atk":252,"def":0,"spa":0,"spd":4,"spe":252},"ivs":{"hp":31,"atk":31,"def":31,"spa":31,"spd":31,"spe":31}},{"name":"Houndoom","species":"Houndoom","item":"houndoominite","ability":"Flash Fire","moves":["flamethrower","darkpulse","sludgebomb","destinybond"],"nature":"Timid","evs":{"hp":0,"atk":0,"def":0,"spa":252,"spd":4,"spe":252},"ivs":{"hp":31,"atk":31,"def":31,"spa":31,"spd":31,"spe":31}},{"name":"Hydreigon","species":"Hydreigon","item":"choicescarf","ability":"Levitate","moves":["darkpulse","earthpower","uturn","dracometeor"],"nature":"Timid","evs":{"hp":0,"atk":0,"def":0,"spa":252,"spd":4,"spe":252},"ivs":{"hp":31,"atk":31,"def":31,"spa":31,"spd":31,"spe":31}},{"name":"Sableye","species":"Sableye","item":"leftovers","ability":"Prankster","moves":["willowisp","recover","taunt","foulplay"],"nature":"Calm","evs":{"hp":252,"atk":0,"def":4,"spa":0,"spd":252,"spe":0},"ivs":{"hp":31,"atk":31,"def":31,"spa":31,"spd":31,"spe":31}}],"log":["|player|p1|GymLeaderAoi|96","|player|p2|Blackwel|65","|gametype|singles","|gen|6","|tier|Monotype","|rated","|rule|Baton Pass Clause: Limit one Baton Passer, can't pass Spe and other stats simultaneously","|rule|Swagger Clause: Swagger is banned","|rule|Same Type Clause: Pokémon in a team must share a type","|clearpoke","|poke|p1|Aerodactyl, M","|poke|p1|Omastar, F","|poke|p1|Aggron, F","|poke|p1|Tyrantrum, F","|poke|p1|Tyranitar, F","|poke|p1|Kabutops, F","|poke|p2|Hoopa-Unbound","|poke|p2|Mandibuzz, F","|poke|p2|Bisharp, M","|poke|p2|Houndoom, M","|poke|p2|Hydreigon, F","|poke|p2|Sableye, F","|rule|Sleep Clause Mod: Limit one foe put to sleep","|rule|Species Clause: Limit one of each Pokémon","|rule|OHKO Clause: OHKO moves are banned","|rule|Moody Clause: Moody is banned","|rule|Evasion Moves Clause: Evasion moves are banned","|rule|Endless Battle Clause: Forcing endless battles is banned","|rule|HP Percentage Mod: HP is shown in percentages","|teampreview","|","|start","|switch|p1a: Aerodactyl|Aerodactyl, M|302/302","|switch|p2a: Bisharp|Bisharp, M|271/271","|-ability|p1a: Aerodactyl|Unnerve|p2: Blackwel","|turn|1","|","|switch|p2a: Mandibuzz|Mandibuzz, F|424/424","|move|p1a: Aerodactyl|Taunt|p2a: Mandibuzz","|-start|p2a: Mandibuzz|move: Taunt","|","|turn|2","|","|move|p1a: Aerodactyl|Stone Edge|p2a: Mandibuzz","|-supereffective|p2a: Mandibuzz","|-damage|p2a: Mandibuzz|224/424","|move|p2a: Mandibuzz|Foul Play|p1a: Aerodactyl","|-damage|p1a: Aerodactyl|104/302","|","|-heal|p2a: Mandibuzz|250/424|[from] item: Leftovers","|turn|3","|","|move|p1a: Aerodactyl|Stealth Rock|p2a: Mandibuzz","|-sidestart|p2: Blackwel|move: Stealth Rock","|move|p2a: Mandibuzz|Foul Play|p1a: Aerodactyl","|-damage|p1a: Aerodactyl|0 fnt","|faint|p1a: Aerodactyl","|","|-heal|p2a: Mandibuzz|276/424|[from] item: Leftovers","|-end|p2a: Mandibuzz|move: Taunt","|","|switch|p1a: Tyranitar|Tyranitar, F|341/341","|-weather|Sandstorm","|turn|4","|","|move|p1a: Tyranitar|Stone Edge|p2a: Mandibuzz","|-supereffective|p2a: Mandibuzz","|-damage|p2a: Mandibuzz|0 fnt","|faint|p2a: Mandibuzz","|","|-weather|Sandstorm|[upkeep]","|","|switch|p2a: Sableye|Sableye, F|304/304","|-damage|p2a: Sableye|266/304|[from] Stealth Rock","|turn|5","|","|move|p2a: Sableye|Will-O-Wisp|p1a: Tyranitar","|-status|p1a: Tyranitar|brn","|move|p1a: Tyranitar|Stone Edge|p2a: Sableye|[miss]","|-miss|p1a: Tyranitar|p2a: Sableye","|","|-weather|Sandstorm|[upkeep]","|-damage|p2a: Sableye|247/304|[from] sandstorm","|-heal|p2a: Sableye|266/304|[from] item: Leftovers","|-damage|p1a: Tyranitar|299/341 brn|[from] brn","|turn|6","|","|move|p1a: Tyranitar|Stone Edge|p2a: Sableye","|-damage|p2a: Sableye|156/304","|move|p2a: Sableye|Foul Play|p1a: Tyranitar","|-resisted|p1a: Tyranitar","|-damage|p1a: Tyranitar|224/341 brn","|","|-weather|Sandstorm|[upkeep]","|-damage|p2a: Sableye|137/304|[from] sandstorm","|-heal|p2a: Sableye|156/304|[from] item: Leftovers","|-damage|p1a: Tyranitar|182/341 brn|[from] brn","|turn|7","|","|move|p2a: Sableye|Recover|p2a: Sableye","|-heal|p2a: Sableye|304/304","|move|p1a: Tyranitar|Stone Edge|p2a: Sableye","|-damage|p2a: Sableye|190/304","|","|-weather|Sandstorm|[upkeep]","|-damage|p2a: Sableye|171/304|[from] sandstorm","|-heal|p2a: Sableye|190/304|[from] item: Leftovers","|-damage|p1a: Tyranitar|140/341 brn|[from] brn","|turn|8","|","|switch|p1a: Kabutops|Kabutops, F|261/261","|move|p2a: Sableye|Foul Play|p1a: Kabutops","|-damage|p1a: Kabutops|116/261","|","|-weather|none","|-heal|p2a: Sableye|209/304|[from] item: Leftovers","|turn|9","|","|move|p2a: Sableye|Will-O-Wisp|p1a: Kabutops","|-status|p1a: Kabutops|brn","|move|p1a: Kabutops|Stone Edge|p2a: Sableye","|-damage|p2a: Sableye|73/304","|-damage|p1a: Kabutops|90/261 brn|[from] item: Life Orb","|","|-heal|p2a: Sableye|92/304|[from] item: Leftovers","|-damage|p1a: Kabutops|58/261 brn|[from] brn","|turn|10","|","|move|p2a: Sableye|Recover|p2a: Sableye","|-heal|p2a: Sableye|244/304","|move|p1a: Kabutops|Swords Dance|p1a: Kabutops","|-boost|p1a: Kabutops|atk|2","|","|-heal|p2a: Sableye|263/304|[from] item: Leftovers","|-damage|p1a: Kabutops|26/261 brn|[from] brn","|turn|11","|","|move|p1a: Kabutops|Stone Edge|p2a: Sableye","|-damage|p2a: Sableye|6/304","|-damage|p1a: Kabutops|0 fnt|[from] item: Life Orb","|faint|p1a: Kabutops","|move|p2a: Sableye|Foul Play|p1: Kabutops|[notarget]","|-notarget","|","|-heal|p2a: Sableye|25/304|[from] item: Leftovers","|","|switch|p1a: Tyranitar|Tyranitar, F|140/341 brn","|-weather|Sandstorm","|turn|12","|","|move|p2a: Sableye|Recover|p2a: Sableye","|-heal|p2a: Sableye|177/304","|move|p1a: Tyranitar|Ice Punch|p2a: Sableye","|-damage|p2a: Sableye|119/304","|","|-weather|Sandstorm|[upkeep]","|-damage|p2a: Sableye|100/304|[from] sandstorm","|-heal|p2a: Sableye|119/304|[from] item: Leftovers","|-damage|p1a: Tyranitar|98/341 brn|[from] brn","|turn|13","|","|switch|p1a: Tyrantrum|Tyrantrum, F|305/305","|move|p2a: Sableye|Recover|p2a: Sableye","|-heal|p2a: Sableye|271/304","|","|-weather|Sandstorm|[upkeep]","|-damage|p2a: Sableye|252/304|[from] sandstorm","|-heal|p2a: Sableye|271/304|[from] item: Leftovers","|turn|14","|","|move|p2a: Sableye|Will-O-Wisp|p1a: Tyrantrum","|-status|p1a: Tyrantrum|brn","|move|p1a: Tyrantrum|Dragon Dance|p1a: Tyrantrum","|-boost|p1a: Tyrantrum|atk|1","|-boost|p1a: Tyrantrum|spe|1","|","|-weather|Sandstorm|[upkeep]","|-damage|p2a: Sableye|252/304|[from] sandstorm","|-heal|p2a: Sableye|271/304|[from] item: Leftovers","|-damage|p1a: Tyrantrum|267/305 brn|[from] brn","|turn|15","|","|move|p2a: Sableye|Taunt|p1a: Tyrantrum","|-start|p1a: Tyrantrum|move: Taunt","|move|p1a: Tyrantrum|Head Smash|p2a: Sableye","|-damage|p2a: Sableye|0 fnt","|-damage|p1a: Tyrantrum|237/305 brn|[from] item: Life Orb","|faint|p2a: Sableye","|","|-weather|Sandstorm|[upkeep]","|-damage|p1a: Tyrantrum|199/305 brn|[from] brn","|","|switch|p2a: Hydreigon|Hydreigon, F|325/325","|-damage|p2a: Hydreigon|285/325|[from] Stealth Rock","|turn|16","|","|switch|p1a: Aggron|Aggron, F|344/344","|move|p2a: Hydreigon|Earth Power|p1a: Aggron","|-supereffective|p1a: Aggron","|-ability|p1a: Aggron|Sturdy","|-damage|p1a: Aggron|1/344","|","|-weather|none","|turn|17","|","|detailschange|p1a: Aggron|Aggron-Mega, F","|-mega|p1a: Aggron|Aggron|Aggronite","|move|p2a: Hydreigon|Earth Power|p1a: Aggron","|-supereffective|p1a: Aggron","|-damage|p1a: Aggron|0 fnt","|faint|p1a: Aggron","|","|","|switch|p1a: Omastar|Omastar, F|281/281","|turn|18","|","|move|p2a: Hydreigon|Earth Power|p1a: Omastar","|-supereffective|p1a: Omastar","|-enditem|p1a: Omastar|Focus Sash","|-damage|p1a: Omastar|1/281","|move|p1a: Omastar|Shell Smash|p1a: Omastar","|-unboost|p1a: Omastar|def|1","|-unboost|p1a: Omastar|spd|1","|-boost|p1a: Omastar|atk|2","|-boost|p1a: Omastar|spa|2","|-boost|p1a: Omastar|spe|2","|","|turn|19","|","|move|p2a: Hydreigon|Earth Power|p1a: Omastar","|-supereffective|p1a: Omastar","|-damage|p1a: Omastar|0 fnt","|faint|p1a: Omastar","|","|","|switch|p1a: Tyrantrum|Tyrantrum, F|199/305 brn","|turn|20","|","|move|p2a: Hydreigon|Earth Power|p1a: Tyrantrum","|-supereffective|p1a: Tyrantrum","|-damage|p1a: Tyrantrum|0 fnt","|faint|p1a: Tyrantrum","|","|","|switch|p1a: Tyranitar|Tyranitar, F|98/341 brn","|-weather|Sandstorm","|turn|21","|","|move|p2a: Hydreigon|Earth Power|p1a: Tyranitar","|-supereffective|p1a: Tyranitar","|-damage|p1a: Tyranitar|0 fnt","|faint|p1a: Tyranitar","|","|win|Blackwel"],"p1rating":{"entryid":"7405052","serverid":"eos","formatid":"monotype","userid":"gymleaderaoi","username":"GymLeaderAoi","w":"4","l":4,"t":"0","gxe":48.6,"r":"1495.7772825827","rd":"106.68061316847","sigma":"0","rptime":"1439110800","rpr":1489.2813779463,"rprd":92.123752447798,"rpsigma":"0","acre":1084.4783896029,"lacre":1084.4783896029,"oldacre":"1103.7617338385"},"p2rating":{"entryid":"6967914","serverid":"eos","formatid":"monotype","userid":"blackwel","username":"Blackwel","w":18,"l":"12","t":"0","gxe":56.3,"r":"1528.8278976628","rd":"67.291201913589","sigma":"0","rptime":"1439110800","rpr":1548.8070638058,"rprd":65.088927217647,"rpsigma":"0","acre":1203.9217087081,"lacre":1203.9217087081,"oldacre":"1184.6383644725"},"endType":"normal"}