{"seed":[14395,55809,61710,29974],"turns":26,"p1":"Silver - Zeyus","p2":"Alliance - Mxy","p1team":[{"name":"Octavian","species":"fletchinder","item":"","ability":"Gale Wings","moves":["acrobatics","willowisp","swordsdance","roost"],"nature":"Jolly","evs":{"hp":0,"atk":252,"def":0,"spa":0,"spd":4,"spe":252},"ivs":{"hp":31,"atk":31,"def":31,"spa":31,"spd":31,"spe":31}},{"name":"Caesar","species":"infernape","item":"lifeorb","ability":"Iron Fist","moves":["closecombat","flamethrower","machpunch","thunderpunch"],"nature":"Hasty","evs":{"hp":0,"atk":252,"def":0,"spa":4,"spd":0,"spe":252},"gender":"M","ivs":{"hp":31,"atk":31,"def":31,"spa":31,"spd":31,"spe":31}},{"name":"Pompey","species":"victini","item":"choicescarf","ability":"Victory Star","moves":["vcreate","energyball","boltstrike","uturn"],"nature":"Naive","evs":{"hp":0,"atk":252,"def":0,"spa":4,"spd":0,"spe":252},"ivs":{"hp":31,"atk":31,"def":31,"spa":31,"spd":31,"spe":31}},{"name":"Mark Anthony","species":"heatran","item":"airballoon","ability":"Flash Fire","moves":["lavaplume","flashcannon","earthpower","stealthrock"],"nature":"Calm","evs":{"hp":252,"atk":0,"def":0,"spa":0,"spd":216,"spe":4},"ivs":{"hp":31,"atk":0,"def":31,"spa":31,"spd":31,"spe":31}},{"name":"Odoacer","species":"charizard","item":"charizarditey","ability":"Blaze","moves":["flamethrower","focusblast","solarbeam","defog"],"nature":"Timid","evs":{"hp":0,"atk":0,"def":6,"spa":252,"spd":0,"spe":252},"ivs":{"hp":31,"atk":0,"def":31,"spa":31,"spd":31,"spe":31}},{"name":"Brutus","species":"volcarona","item":"leftovers","ability":"Flame Body","moves":["fierydance","bugbuzz","gigadrain","quiverdance"],"nature":"Bold","evs":{"hp":250,"atk":0,"def":216,"spa":0,"spd":0,"spe":44},"ivs":{"hp":31,"atk":0,"def":31,"spa":31,"spd":31,"spe":31}}],"p2team":[{"name":"Durant","species":"Durant","item":"widelens","ability":"Hustle","moves":["ironhead","superpower","thunderfang","xscissor"],"nature":"Jolly","evs":{"hp":0,"atk":252,"def":0,"spa":0,"spd":4,"spe":252},"ivs":{"hp":31,"atk":31,"def":31,"spa":31,"spd":31,"spe":31}},{"name":"Klefki","species":"Klefki","item":"lightclay","ability":"Prankster","moves":["lightscreen","reflect","thunderwave","spikes"],"nature":"Calm","evs":{"hp":248,"atk":0,"def":60,"spa":0,"spd":200,"spe":0},"ivs":{"hp":31,"atk":0,"def":31,"spa":31,"spd":31,"spe":31}},{"name":"Bisharp","species":"Bisharp","item":"focussash","ability":"Defiant","moves":["knockoff","suckerpunch","psychocut","swordsdance"],"nature":"Adamant","evs":{"hp":0,"atk":252,"def":0,"spa":0,"spd":4,"spe":252},"ivs":{"hp":31,"atk":31,"def":31,"spa":31,"spd":31,"spe":31}},{"name":"Skarmory","species":"Skarmory","item":"custapberry","ability":"Sturdy","moves":["defog","drillpeck","stealthrock","tailwind"],"nature":"Impish","evs":{"hp":248,"atk":0,"def":196,"spa":0,"spd":0,"spe":64},"ivs":{"hp":31,"atk":31,"def":31,"spa":31,"spd":31,"spe":31}},{"name":"Heatran","species":"Heatran","item":"airballoon","ability":"Flash Fire","moves":["lavaplume","earthpower","stoneedge","flashcannon"],"nature":"Modest","evs":{"hp":0,"atk":0,"def":4,"spa":252,"spd":0,"spe":252},"ivs":{"hp":31,"atk":31,"def":31,"spa":31,"spd":31,"spe":31}},{"name":"Jirachi","species":"Jirachi","item":"choicescarf","ability":"Serene Grace","moves":["ironhead","playrough","icepunch","healingwish"],"nature":"Adamant","evs":{"hp":0,"atk":252,"def":0,"spa":0,"spd":4,"spe":252},"ivs":{"hp":31,"atk":31,"def":31,"spa":31,"spd":31,"spe":31}}],"log":["|player|p1|Silver - Zeyus|179","|player|p2|Alliance - Mxy|270","|gametype|singles","|gen|6","|tier|Monotype","|rated","|rule|Baton Pass Clause: Limit one Baton Passer, can't pass Spe and other stats simultaneously","|rule|Swagger Clause: Swagger is banned","|rule|Same Type Clause: Pokémon in a team must share a type","|clearpoke","|poke|p1|Fletchinder, F","|poke|p1|Infernape, M","|poke|p1|Victini","|poke|p1|Heatran, F","|poke|p1|Charizard, M","|poke|p1|Volcarona, M","|poke|p2|Durant, F","|poke|p2|Klefki, F","|poke|p2|Bisharp, F","|poke|p2|Skarmory, F","|poke|p2|Heatran, F","|poke|p2|Jirachi","|rule|Sleep Clause Mod: Limit one foe put to sleep","|rule|Species Clause: Limit one of each Pokémon","|rule|OHKO Clause: OHKO moves are banned","|rule|Moody Clause: Moody is banned","|rule|Evasion Moves Clause: Evasion moves are banned","|rule|Endless Battle Clause: Forcing endless battles is banned","|rule|HP Percentage Mod: HP is shown in percentages","|teampreview","|","|start","|switch|p1a: Odoacer|Charizard, M|297/297","|switch|p2a: Skarmory|Skarmory, F|333/333","|turn|1","|","|detailschange|p1a: Odoacer|Charizard-Mega-Y, M","|-mega|p1a: Odoacer|Charizard|Charizardite Y","|-weather|SunnyDay","|move|p1a: Odoacer|Flamethrower|p2a: Skarmory","|-supereffective|p2a: Skarmory","|-ability|p2a: Skarmory|Sturdy","|-damage|p2a: Skarmory|1/333","|move|p2a: Skarmory|Stealth Rock|p1a: Odoacer","|-sidestart|p1: Silver - Zeyus|move: Stealth Rock","|","|-weather|SunnyDay|[upkeep]","|turn|2","|-enditem|p2a: Skarmory|Custap Berry|[eat]","|-activate|p2a: Skarmory|Custap Berry","|","|move|p2a: Skarmory|Tailwind|p2a: Skarmory","|-sidestart|p2: Alliance - Mxy|move: Tailwind","|move|p1a: Odoacer|Focus Blast|p2a: Skarmory|[miss]","|-miss|p1a: Odoacer|p2a: Skarmory","|","|-weather|SunnyDay|[upkeep]","|turn|3","|","|move|p2a: Skarmory|Drill Peck|p1a: Odoacer","|-damage|p1a: Odoacer|203/297","|move|p1a: Odoacer|Defog|p2a: Skarmory","|-unboost|p2a: Skarmory|evasion|1","|-sideend|p1: Silver - Zeyus|Stealth Rock|[from] move: Defog|[of] p1a: Odoacer","|","|-weather|SunnyDay|[upkeep]","|turn|4","|","|move|p2a: Skarmory|Stealth Rock|p1a: Odoacer","|-sidestart|p1: Silver - Zeyus|move: Stealth Rock","|move|p1a: Odoacer|Flamethrower|p2a: Skarmory","|-supereffective|p2a: Skarmory","|-damage|p2a: Skarmory|0 fnt","|faint|p2a: Skarmory","|","|-weather|SunnyDay|[upkeep]","|","|switch|p2a: Heatran|Heatran, F|323/323","|-item|p2a: Heatran|Air Balloon","|turn|5","|","|move|p2a: Heatran|Stone Edge|p1a: Odoacer|[miss]","|-miss|p2a: Heatran|p1a: Odoacer","|move|p1a: Odoacer|Defog|p2a: Heatran","|-unboost|p2a: Heatran|evasion|1","|-sideend|p1: Silver - Zeyus|Stealth Rock|[from] move: Defog|[of] p1a: Odoacer","|","|-weather|none","|-sideend|p2: Alliance - Mxy|move: Tailwind","|turn|6","|","|switch|p2a: Klefki|Klefki, F|317/317","|move|p1a: Odoacer|Focus Blast|p2a: Klefki","|-damage|p2a: Klefki|192/317","|","|turn|7","|","|switch|p1a: Mark Anthony|Heatran, F|386/386","|-item|p1a: Mark Anthony|Air Balloon","|move|p2a: Klefki|Thunder Wave|p1a: Mark Anthony","|-status|p1a: Mark Anthony|par","|","|turn|8","|","|move|p2a: Klefki|Light Screen|p2a: Klefki","|-sidestart|p2: Alliance - Mxy|move: Light Screen","|cant|p1a: Mark Anthony|par","|","|turn|9","|","|move|p2a: Klefki|Spikes|p1a: Mark Anthony","|-sidestart|p1: Silver - Zeyus|Spikes","|move|p1a: Mark Anthony|Stealth Rock|p2a: Klefki","|-sidestart|p2: Alliance - Mxy|move: Stealth Rock","|","|turn|10","|","|move|p2a: Klefki|Spikes|p1a: Mark Anthony","|-sidestart|p1: Silver - Zeyus|Spikes","|move|p1a: Mark Anthony|Earth Power|p2a: Klefki","|-supereffective|p2a: Klefki","|-damage|p2a: Klefki|121/317","|","|turn|11","|","|switch|p2a: Heatran|Heatran, F|323/323","|-damage|p2a: Heatran|283/323|[from] Stealth Rock","|-item|p2a: Heatran|Air Balloon","|move|p1a: Mark Anthony|Lava Plume|p2a: Heatran","|-start|p2a: Heatran|ability: Flash Fire","|","|turn|12","|","|move|p2a: Heatran|Flash Cannon|p1a: Mark Anthony","|-crit|p1a: Mark Anthony","|-resisted|p1a: Mark Anthony","|-damage|p1a: Mark Anthony|344/386 par","|-enditem|p1a: Mark Anthony|Air Balloon","|move|p1a: Mark Anthony|Flash Cannon|p2a: Heatran","|-resisted|p2a: Heatran","|-damage|p2a: Heatran|269/323","|-enditem|p2a: Heatran|Air Balloon","|","|turn|13","|","|switch|p1a: Odoacer|Charizard-Mega-Y, M|203/297","|-weather|SunnyDay","|move|p2a: Heatran|Earth Power|p1a: Odoacer","|-immune|p1a: Odoacer|[msg]","|","|-weather|SunnyDay|[upkeep]","|turn|14","|","|move|p1a: Odoacer|Focus Blast|p2a: Heatran","|-supereffective|p2a: Heatran","|-damage|p2a: Heatran|112/323","|move|p2a: Heatran|Stone Edge|p1a: Odoacer","|-supereffective|p1a: Odoacer","|-damage|p1a: Odoacer|0 fnt","|faint|p1a: Odoacer","|","|-weather|SunnyDay|[upkeep]","|","|switch|p1a: Caesar|Infernape, M|293/293","|-damage|p1a: Caesar|245/293|[from] Spikes","|turn|15","|","|move|p1a: Caesar|Mach Punch|p2a: Heatran","|-supereffective|p2a: Heatran","|-damage|p2a: Heatran|0 fnt","|-damage|p1a: Caesar|216/293|[from] item: Life Orb","|faint|p2a: Heatran","|","|-weather|SunnyDay|[upkeep]","|-sideend|p2: Alliance - Mxy|move: Light Screen","|","|switch|p2a: Klefki|Klefki, F|121/317","|-damage|p2a: Klefki|102/317|[from] Stealth Rock","|turn|16","|","|move|p2a: Klefki|Reflect|p2a: Klefki","|-sidestart|p2: Alliance - Mxy|Reflect","|move|p1a: Caesar|Flamethrower|p2a: Klefki","|-supereffective|p2a: Klefki","|-damage|p2a: Klefki|0 fnt","|-damage|p1a: Caesar|187/293|[from] item: Life Orb","|faint|p2a: Klefki","|","|-weather|SunnyDay|[upkeep]","|","|switch|p2a: Durant|Durant, F|257/257","|-damage|p2a: Durant|225/257|[from] Stealth Rock","|turn|17","|","|move|p2a: Durant|Superpower|p1a: Caesar","|-damage|p1a: Caesar|0 fnt","|-unboost|p2a: Durant|atk|1","|-unboost|p2a: Durant|def|1","|faint|p1a: Caesar","|","|-weather|none","|","|switch|p1a: Pompey|Victini|341/341","|-damage|p1a: Pompey|285/341|[from] Spikes","|turn|18","|","|move|p1a: Pompey|V-create|p2a: Durant","|-supereffective|p2a: Durant","|-damage|p2a: Durant|0 fnt","|-unboost|p1a: Pompey|spe|1","|-unboost|p1a: Pompey|def|1","|-unboost|p1a: Pompey|spd|1","|faint|p2a: Durant","|","|","|switch|p2a: Bisharp|Bisharp, F|271/271","|-damage|p2a: Bisharp|255/271|[from] Stealth Rock","|turn|19","|","|switch|p1a: Mark Anthony|Heatran, F|344/386 par","|-damage|p1a: Mark Anthony|280/386 par|[from] Spikes","|move|p2a: Bisharp|Swords Dance|p2a: Bisharp","|-boost|p2a: Bisharp|atk|2","|","|turn|20","|","|move|p2a: Bisharp|Sucker Punch|p1a: Mark Anthony","|-fail|p2a: Bisharp","|move|p1a: Mark Anthony|Stealth Rock|p2a: Bisharp","|-fail|p2a: Bisharp","|","|turn|21","|","|move|p2a: Bisharp|Sucker Punch|p1a: Mark Anthony","|-damage|p1a: Mark Anthony|0 fnt","|faint|p1a: Mark Anthony","|","|","|switch|p1a: Brutus|Volcarona, M|373/373","|-damage|p1a: Brutus|311/373|[from] Spikes","|turn|22","|","|move|p2a: Bisharp|Sucker Punch|p1a: Brutus","|-fail|p2a: Bisharp","|move|p1a: Brutus|Quiver Dance|p1a: Brutus","|-boost|p1a: Brutus|spa|1","|-boost|p1a: Brutus|spd|1","|-boost|p1a: Brutus|spe|1","|","|-heal|p1a: Brutus|334/373|[from] item: Leftovers","|turn|23","|","|move|p2a: Bisharp|Sucker Punch|p1a: Brutus","|-fail|p2a: Bisharp","|move|p1a: Brutus|Quiver Dance|p1a: Brutus","|-boost|p1a: Brutus|spa|1","|-boost|p1a: Brutus|spd|1","|-boost|p1a: Brutus|spe|1","|","|-heal|p1a: Brutus|357/373|[from] item: Leftovers","|-sideend|p2: Alliance - Mxy|Reflect","|turn|24","|","|move|p2a: Bisharp|Sucker Punch|p1a: Brutus","|-fail|p2a: Bisharp","|move|p1a: Brutus|Quiver Dance|p1a: Brutus","|-boost|p1a: Brutus|spa|1","|-boost|p1a: Brutus|spd|1","|-boost|p1a: Brutus|spe|1","|","|-heal|p1a: Brutus|373/373|[from] item: Leftovers","|turn|25","|","|move|p1a: Brutus|Fiery Dance|p2a: Bisharp","|-supereffective|p2a: Bisharp","|-damage|p2a: Bisharp|0 fnt","|faint|p2a: Bisharp","|","|","|switch|p2a: Jirachi|Jirachi|341/341","|-damage|p2a: Jirachi|320/341|[from] Stealth Rock","|turn|26","|","|move|p1a: Brutus|Fiery Dance|p2a: Jirachi","|-supereffective|p2a: Jirachi","|-damage|p2a: Jirachi|0 fnt","|faint|p2a: Jirachi","|","|win|Silver - Zeyus"],"p1rating":{"entryid":"7506885","serverid":"eos","formatid":"monotype","userid":"silverzeyus","username":"Silver - Zeyus","w":2,"l":"2","t":"0","gxe":53.6,"r":"1500","rd":"130","sigma":"0","rptime":"1439110800","rpr":1528.5985565496,"rprd":106.62125141689,"rpsigma":"0","acre":1088.2440166346,"lacre":1088.2440166346,"oldacre":"1041.2938321701"},"p2rating":{"entryid":"6690851","serverid":"eos","formatid":"monotype","userid":"alliancemxy","username":"Alliance - Mxy","w":"67","l":37,"t":"0","gxe":63.2,"r":"1607.7140738408","rd":"38.746294404599","sigma":"0","rptime":"1439110800","rpr":1602.6548389448,"rprd":38.557811370743,"rpsigma":"0","acre":1149.1622383069,"lacre":1149.1622383069,"oldacre":"1183.8826195878"},"endType":"normal"}