{"seed":[5561,40745,45975,6551],"turns":23,"p1":"sovereign♕zoroark","p2":"Emg_DemZii","p1team":[{"name":"Mamoswine","species":"Mamoswine","item":"icicleplate","ability":"Thick Fat","moves":["hail","earthquake","icefang","ironhead"],"nature":"Adamant","evs":{"hp":0,"atk":252,"def":128,"spa":0,"spd":128,"spe":0},"shiny":true,"ivs":{"hp":31,"atk":31,"def":31,"spa":31,"spd":31,"spe":31}},{"name":"Weavile","species":"Weavile","item":"focussash","ability":"Pressure","moves":["fakeout","icepunch","swordsdance","brickbreak"],"nature":"Adamant","evs":{"hp":4,"atk":252,"def":0,"spa":0,"spd":0,"spe":252},"shiny":true,"ivs":{"hp":31,"atk":31,"def":31,"spa":31,"spd":31,"spe":31}},{"name":"Abomasnow","species":"Abomasnow","item":"abomasite","ability":"Snow Warning","moves":["protect","leechseed","earthquake","icepunch"],"nature":"","evs":{"hp":220,"atk":0,"def":144,"spa":0,"spd":144,"spe":0},"shiny":true,"ivs":{"hp":31,"atk":31,"def":31,"spa":31,"spd":31,"spe":31}},{"name":"Froslass","species":"Froslass","item":"petayaberry","ability":"Snow Cloak","moves":["hail","painsplit","spikes","shadowball"],"nature":"Timid","evs":{"hp":252,"atk":0,"def":4,"spa":0,"spd":0,"spe":252},"shiny":true,"ivs":{"hp":31,"atk":31,"def":31,"spa":31,"spd":31,"spe":31}},{"name":"Jynx","species":"Jynx","item":"leftovers","ability":"Dry Skin","moves":["icebeam","calmmind","lovelykiss","psyshock"],"nature":"Bold","evs":{"hp":196,"atk":0,"def":252,"spa":30,"spd":30,"spe":0},"shiny":true,"ivs":{"hp":31,"atk":31,"def":31,"spa":31,"spd":31,"spe":31}},{"name":"Rotom-Frost","species":"Rotom-Frost","item":"toxicorb","ability":"Levitate","moves":["blizzard","voltswitch","trick","shadowball"],"nature":"","evs":{"hp":4,"atk":0,"def":0,"spa":252,"spd":0,"spe":252},"shiny":true,"ivs":{"hp":31,"atk":31,"def":31,"spa":31,"spd":31,"spe":31}}],"p2team":[{"name":"Damage ll","species":"scizor","item":"scizorite","ability":"Technician","moves":["bugbite","bulletpunch","swordsdance","roost"],"nature":"Adamant","evs":{"hp":248,"atk":252,"def":0,"spa":0,"spd":8,"spe":0},"gender":"M","shiny":true,"ivs":{"hp":31,"atk":31,"def":31,"spa":31,"spd":31,"spe":31}},{"name":"Supa Hot fire","species":"heatran","item":"airballoon","ability":"Flash Fire","moves":["willowisp","earthpower","lavaplume","flashcannon"],"nature":"Modest","evs":{"hp":248,"atk":0,"def":0,"spa":252,"spd":8,"spe":0},"shiny":true,"ivs":{"hp":31,"atk":31,"def":31,"spa":31,"spd":31,"spe":31}},{"name":"Skarm","species":"skarmory","item":"rockyhelmet","ability":"Keen Eye","moves":["defog","roost","stealthrock","taunt"],"nature":"Timid","evs":{"hp":248,"atk":0,"def":0,"spa":0,"spd":200,"spe":60},"shiny":true,"ivs":{"hp":31,"atk":31,"def":31,"spa":31,"spd":31,"spe":31}},{"name":"Uber","species":"doublade","item":"eviolite","ability":"No Guard","moves":["ironhead","shadowsneak","swordsdance","rockslide"],"nature":"Adamant","evs":{"hp":248,"atk":252,"def":0,"spa":0,"spd":8,"spe":0},"shiny":true,"ivs":{"hp":31,"atk":31,"def":31,"spa":31,"spd":31,"spe":31}},{"name":"Pain in the Ass","species":"klefki","item":"leftovers","ability":"Prankster","moves":["thunderwave","lightscreen","reflect","foulplay"],"nature":"Bold","evs":{"hp":252,"atk":0,"def":252,"spa":0,"spd":4,"spe":0},"shiny":true,"ivs":{"hp":31,"atk":31,"def":31,"spa":31,"spd":31,"spe":31}},{"name":"Versace","species":"jirachi","item":"shucaberry","ability":"Serene Grace","moves":["zenheadbutt","bodyslam","wish","uturn"],"nature":"Adamant","evs":{"hp":248,"atk":252,"def":0,"spa":0,"spd":8,"spe":0},"shiny":true,"ivs":{"hp":31,"atk":31,"def":31,"spa":31,"spd":31,"spe":31}}],"log":["|player|p1|sovereign♕zoroark|1","|player|p2|Emg_DemZii|274","|gametype|singles","|gen|6","|tier|Monotype","|rated","|rule|Baton Pass Clause: Limit one Baton Passer, can't pass Spe and other stats simultaneously","|rule|Swagger Clause: Swagger is banned","|rule|Same Type Clause: Pokémon in a team must share a type","|clearpoke","|poke|p1|Mamoswine, F, shiny","|poke|p1|Weavile, M, shiny","|poke|p1|Abomasnow, M, shiny","|poke|p1|Froslass, F, shiny","|poke|p1|Jynx, F, shiny","|poke|p1|Rotom-Frost, shiny","|poke|p2|Scizor, M, shiny","|poke|p2|Heatran, M, shiny","|poke|p2|Skarmory, F, shiny","|poke|p2|Doublade, F, shiny","|poke|p2|Klefki, M, shiny","|poke|p2|Jirachi, shiny","|rule|Sleep Clause Mod: Limit one foe put to sleep","|rule|Species Clause: Limit one of each Pokémon","|rule|OHKO Clause: OHKO moves are banned","|rule|Moody Clause: Moody is banned","|rule|Evasion Moves Clause: Evasion moves are banned","|rule|Endless Battle Clause: Forcing endless battles is banned","|rule|HP Percentage Mod: HP is shown in percentages","|teampreview","|","|start","|switch|p1a: Abomasnow|Abomasnow, M, shiny|376/376","|switch|p2a: Versace|Jirachi, shiny|403/403","|-weather|Hail","|turn|1","|","|detailschange|p1a: Abomasnow|Abomasnow-Mega, M, shiny","|-mega|p1a: Abomasnow|Abomasnow|Abomasite","|move|p1a: Abomasnow|Protect|p1a: Abomasnow","|-singleturn|p1a: Abomasnow|Protect","|move|p2a: Versace|U-turn|p1a: Abomasnow","|-activate|p1a: Abomasnow|Protect","|","|-weather|Hail|[upkeep]","|-damage|p2a: Versace|378/403|[from] hail","|turn|2","|","|move|p2a: Versace|Zen Headbutt|p1a: Abomasnow","|-damage|p1a: Abomasnow|259/376","|move|p1a: Abomasnow|Leech Seed|p2a: Versace","|-start|p2a: Versace|move: Leech Seed","|","|-weather|Hail|[upkeep]","|-damage|p2a: Versace|353/403|[from] hail","|-damage|p2a: Versace|303/403|[from] Leech Seed|[of] p1a: Abomasnow","|-heal|p1a: Abomasnow|309/376|[silent]","|turn|3","|","|move|p1a: Abomasnow|Protect|p1a: Abomasnow","|-singleturn|p1a: Abomasnow|Protect","|move|p2a: Versace|U-turn|p1a: Abomasnow","|-activate|p1a: Abomasnow|Protect","|","|-weather|Hail|[upkeep]","|-damage|p2a: Versace|278/403|[from] hail","|-damage|p2a: Versace|228/403|[from] Leech Seed|[of] p1a: Abomasnow","|-heal|p1a: Abomasnow|359/376|[silent]","|turn|4","|","|move|p2a: Versace|U-turn|p1a: Abomasnow","|-supereffective|p1a: Abomasnow","|-damage|p1a: Abomasnow|229/376","|","|switch|p2a: Skarm|Skarmory, F, shiny|333/333","|move|p1a: Abomasnow|Leech Seed|p2a: Skarm","|-start|p2a: Skarm|move: Leech Seed","|","|-weather|Hail|[upkeep]","|-damage|p2a: Skarm|313/333|[from] hail","|-damage|p2a: Skarm|272/333|[from] Leech Seed|[of] p1a: Abomasnow","|-heal|p1a: Abomasnow|270/376|[silent]","|turn|5","|","|move|p1a: Abomasnow|Protect|p1a: Abomasnow","|-singleturn|p1a: Abomasnow|Protect","|move|p2a: Skarm|Stealth Rock|p1a: Abomasnow","|-sidestart|p1: sovereign♕zoroark|move: Stealth Rock","|","|-weather|none","|-damage|p2a: Skarm|231/333|[from] Leech Seed|[of] p1a: Abomasnow","|-heal|p1a: Abomasnow|311/376|[silent]","|turn|6","|","|switch|p2a: Supa Hot fire|Heatran, M, shiny|385/385","|-item|p2a: Supa Hot fire|Air Balloon","|move|p1a: Abomasnow|Ice Punch|p2a: Supa Hot fire","|-resisted|p2a: Supa Hot fire","|-damage|p2a: Supa Hot fire|360/385","|-enditem|p2a: Supa Hot fire|Air Balloon","|","|turn|7","|","|move|p1a: Abomasnow|Protect|p1a: Abomasnow","|-singleturn|p1a: Abomasnow|Protect","|move|p2a: Supa Hot fire|Flash Cannon|p1a: Abomasnow","|-activate|p1a: Abomasnow|Protect","|","|turn|8","|","|move|p2a: Supa Hot fire|Lava Plume|p1a: Abomasnow","|-supereffective|p1a: Abomasnow","|-damage|p1a: Abomasnow|0 fnt","|faint|p1a: Abomasnow","|","|","|switch|p1a: Weavile|Weavile, M, shiny|282/282","|-damage|p1a: Weavile|212/282|[from] Stealth Rock","|-ability|p1a: Weavile|Pressure","|turn|9","|","|move|p1a: Weavile|Fake Out|p2a: Supa Hot fire","|-resisted|p2a: Supa Hot fire","|-damage|p2a: Supa Hot fire|337/385","|cant|p2a: Supa Hot fire|flinch","|","|turn|10","|","|move|p1a: Weavile|Brick Break|p2a: Supa Hot fire","|-supereffective|p2a: Supa Hot fire","|-damage|p2a: Supa Hot fire|175/385","|move|p2a: Supa Hot fire|Flash Cannon|p1a: Weavile","|-supereffective|p1a: Weavile","|-damage|p1a: Weavile|0 fnt","|faint|p1a: Weavile","|","|","|switch|p1a: Froslass|Froslass, F, shiny|344/344","|-damage|p1a: Froslass|258/344|[from] Stealth Rock","|turn|11","|","|move|p1a: Froslass|Shadow Ball|p2a: Supa Hot fire","|-damage|p2a: Supa Hot fire|102/385","|-unboost|p2a: Supa Hot fire|spd|1","|move|p2a: Supa Hot fire|Will-O-Wisp|p1a: Froslass","|-status|p1a: Froslass|brn","|","|-damage|p1a: Froslass|215/344 brn|[from] brn","|turn|12","|","|switch|p2a: Skarm|Skarmory, F, shiny|231/333","|move|p1a: Froslass|Shadow Ball|p2a: Skarm","|-damage|p2a: Skarm|155/333","|-unboost|p2a: Skarm|spd|1","|","|-damage|p1a: Froslass|172/344 brn|[from] brn","|turn|13","|","|move|p1a: Froslass|Hail|p1a: Froslass","|-weather|Hail","|move|p2a: Skarm|Roost|p2a: Skarm","|-heal|p2a: Skarm|322/333","|","|-weather|Hail|[upkeep]","|-damage|p2a: Skarm|302/333|[from] hail","|-damage|p1a: Froslass|129/344 brn|[from] brn","|turn|14","|","|move|p1a: Froslass|Spikes|p2a: Skarm","|-sidestart|p2: Emg_DemZii|Spikes","|move|p2a: Skarm|Taunt|p1a: Froslass","|-start|p1a: Froslass|move: Taunt","|","|-weather|Hail|[upkeep]","|-damage|p2a: Skarm|282/333|[from] hail","|-damage|p1a: Froslass|86/344 brn|[from] brn","|-enditem|p1a: Froslass|Petaya Berry|[eat]","|-boost|p1a: Froslass|spa|1|[from] item: Petaya Berry","|turn|15","|","|switch|p2a: Pain in the Ass|Klefki, M, shiny|318/318","|-damage|p2a: Pain in the Ass|279/318|[from] Spikes","|move|p1a: Froslass|Shadow Ball|p2a: Pain in the Ass","|-damage|p2a: Pain in the Ass|147/318","|","|-weather|Hail|[upkeep]","|-damage|p2a: Pain in the Ass|128/318|[from] hail","|-heal|p2a: Pain in the Ass|147/318|[from] item: Leftovers","|-damage|p1a: Froslass|43/344 brn|[from] brn","|turn|16","|","|move|p2a: Pain in the Ass|Light Screen|p2a: Pain in the Ass","|-sidestart|p2: Emg_DemZii|move: Light Screen","|move|p1a: Froslass|Shadow Ball|p2a: Pain in the Ass","|-damage|p2a: Pain in the Ass|82/318","|","|-weather|Hail|[upkeep]","|-damage|p2a: Pain in the Ass|63/318|[from] hail","|-heal|p2a: Pain in the Ass|82/318|[from] item: Leftovers","|-damage|p1a: Froslass|0 fnt|[from] brn","|faint|p1a: Froslass","|","|switch|p1a: Mamoswine|Mamoswine, F, shiny|361/361","|-damage|p1a: Mamoswine|316/361|[from] Stealth Rock","|turn|17","|","|move|p2a: Pain in the Ass|Reflect|p2a: Pain in the Ass","|-sidestart|p2: Emg_DemZii|Reflect","|move|p1a: Mamoswine|Earthquake|p2a: Pain in the Ass","|-supereffective|p2a: Pain in the Ass","|-damage|p2a: Pain in the Ass|0 fnt","|faint|p2a: Pain in the Ass","|","|-weather|none","|","|switch|p2a: Uber|Doublade, F, shiny|321/321","|-damage|p2a: Uber|281/321|[from] Spikes","|turn|18","|","|move|p1a: Mamoswine|Earthquake|p2a: Uber","|-supereffective|p2a: Uber","|-damage|p2a: Uber|187/321","|move|p2a: Uber|Swords Dance|p2a: Uber","|-boost|p2a: Uber|atk|2","|","|turn|19","|","|move|p1a: Mamoswine|Earthquake|p2a: Uber","|-supereffective|p2a: Uber","|-damage|p2a: Uber|97/321","|move|p2a: Uber|Iron Head|p1a: Mamoswine","|-supereffective|p1a: Mamoswine","|-damage|p1a: Mamoswine|0 fnt","|faint|p1a: Mamoswine","|","|","|switch|p1a: Jynx|Jynx, F, shiny|320/320","|-damage|p1a: Jynx|240/320|[from] Stealth Rock","|turn|20","|","|move|p2a: Uber|Shadow Sneak|p1a: Jynx","|-supereffective|p1a: Jynx","|-damage|p1a: Jynx|0 fnt","|faint|p1a: Jynx","|","|-sideend|p2: Emg_DemZii|move: Light Screen","|","|switch|p1a: Rotom-Frost|Rotom-Frost, shiny|242/242","|-damage|p1a: Rotom-Frost|182/242|[from] Stealth Rock","|turn|21","|","|move|p1a: Rotom-Frost|Shadow Ball|p2a: Uber","|-supereffective|p2a: Uber","|-damage|p2a: Uber|0 fnt","|faint|p2a: Uber","|","|-sideend|p2: Emg_DemZii|Reflect","|-status|p1a: Rotom-Frost|tox|[from] item: Toxic Orb","|","|switch|p2a: Damage ll|Scizor, M, shiny|343/343","|-damage|p2a: Damage ll|301/343|[from] Spikes","|turn|22","|","|move|p2a: Damage ll|Bullet Punch|p1a: Rotom-Frost","|-damage|p1a: Rotom-Frost|62/242 tox","|move|p1a: Rotom-Frost|Trick|p2a: Damage ll","|-fail|p2a: Damage ll","|","|-damage|p1a: Rotom-Frost|47/242 tox|[from] psn","|turn|23","|","|move|p2a: Damage ll|Bullet Punch|p1a: Rotom-Frost","|-damage|p1a: Rotom-Frost|0 fnt","|faint|p1a: Rotom-Frost","|","|win|Emg_DemZii"],"p1rating":{"entryid":"7523691","serverid":"eos","formatid":"monotype","userid":"sovereignzoroark","username":"sovereign♕zoroark","w":"0","l":3,"t":"0","gxe":35.2,"r":"1500","rd":"130","sigma":"0","rptime":"1439110800","rpr":1379.665287543,"rprd":110.6027737536,"rpsigma":"0","acre":1000,"lacre":1000,"oldacre":"1000"},"p2rating":{"entryid":"7361210","serverid":"eos","formatid":"monotype","userid":"emgdemzii","username":"Emg_DemZii","w":7,"l":"18","t":"0","gxe":31,"r":1330.2948035948,"rd":66.492065156711,"sigma":"0","rptime":1439110800,"rpr":1346.6165074608,"rprd":65.653955312393,"rpsigma":"0","acre":1040,"lacre":1040,"oldacre":"1000"},"endType":"normal"}