{"seed":[62752,61726,62134,46128],"turns":28,"p1":"KuKuKu Baby","p2":"LunaMari","p1team":[{"name":"Hydreigon","species":"Hydreigon","item":"choicespecs","ability":"Levitate","moves":["dracometeor","darkpulse","flashcannon","focusblast"],"nature":"Timid","evs":{"hp":0,"atk":0,"def":0,"spa":252,"spd":4,"spe":252},"gender":"M","ivs":{"hp":31,"atk":0,"def":31,"spa":31,"spd":31,"spe":31},"shiny":true},{"name":"Kyurem-Black","species":"Kyurem-Black","item":"choicescarf","ability":"Teravolt","moves":["icebeam","outrage","fusionbolt","ironhead"],"nature":"Naive","evs":{"hp":0,"atk":252,"def":0,"spa":28,"spd":0,"spe":228},"ivs":{"hp":31,"atk":31,"def":31,"spa":31,"spd":31,"spe":31}},{"name":"Latios","species":"Latios","item":"lifeorb","ability":"Levitate","moves":["defog","roost","psyshock","dracometeor"],"nature":"Timid","evs":{"hp":0,"atk":0,"def":0,"spa":252,"spd":4,"spe":252},"ivs":{"hp":31,"atk":0,"def":31,"spa":31,"spd":31,"spe":31}},{"name":"Garchomp","species":"Garchomp","item":"rockyhelmet","ability":"Rough Skin","moves":["stealthrock","earthquake","dragontail","fireblast"],"nature":"Lax","evs":{"hp":252,"atk":0,"def":252,"spa":4,"spd":0,"spe":0},"gender":"M","ivs":{"hp":31,"atk":31,"def":31,"spa":31,"spd":31,"spe":31}},{"name":"Altaria","species":"Altaria","item":"altarianite","ability":"Cloud Nine","moves":["hypervoice","fireblast","roost","healbell"],"nature":"Modest","evs":{"hp":248,"atk":0,"def":0,"spa":168,"spd":0,"spe":92},"gender":"F","ivs":{"hp":31,"atk":0,"def":31,"spa":31,"spd":31,"spe":31}},{"name":"Dragonite","species":"Dragonite","item":"choiceband","ability":"Multiscale","moves":["extremespeed","outrage","earthquake","firepunch"],"nature":"Adamant","evs":{"hp":0,"atk":252,"def":0,"spa":0,"spd":4,"spe":252},"gender":"M","shiny":true,"ivs":{"hp":31,"atk":31,"def":31,"spa":31,"spd":31,"spe":31}}],"p2team":[{"name":"Ringa","species":"hoopa","item":"sitrusberry","ability":"Magician","moves":["guardsplit","hyperspacehole","destinybond","shadowball"],"nature":"Timid","evs":{"hp":0,"atk":0,"def":0,"spa":252,"spd":0,"spe":252},"ivs":{"hp":31,"atk":31,"def":31,"spa":31,"spd":31,"spe":31}},{"name":"Giggles","species":"gengar","item":"expertbelt","ability":"Levitate","moves":["icywind","shadowball","sludgewave","energyball"],"nature":"Timid","evs":{"hp":0,"atk":0,"def":0,"spa":252,"spd":4,"spe":252},"shiny":true,"ivs":{"hp":31,"atk":31,"def":31,"spa":31,"spd":31,"spe":31}},{"name":"Lurking","species":"golurk","item":"focussash","ability":"No Guard","moves":["dynamicpunch","earthquake","stealthrock","phantomforce"],"nature":"Jolly","evs":{"hp":0,"atk":252,"def":0,"spa":0,"spd":0,"spe":252},"ivs":{"hp":31,"atk":31,"def":31,"spa":31,"spd":31,"spe":31}},{"name":"Sin","species":"sableye","item":"sablenite","ability":"Prankster","moves":["willowisp","recover","knockoff","poweruppunch"],"nature":"Careful","evs":{"hp":248,"atk":8,"def":0,"spa":0,"spd":252,"spe":0},"ivs":{"hp":31,"atk":31,"def":31,"spa":31,"spd":31,"spe":31}},{"name":"Wisdame","species":"trevenant","item":"lumberry","ability":"Harvest","moves":["willowisp","hornleech","rest","leechseed"],"nature":"Careful","evs":{"hp":248,"atk":8,"def":0,"spa":0,"spd":252,"spe":0},"ivs":{"hp":31,"atk":31,"def":31,"spa":31,"spd":31,"spe":31}},{"name":"2nd Chance","species":"jellicent","item":"leftovers","ability":"Cursed Body","moves":["willowisp","recover","hex","scald"],"nature":"Bold","evs":{"hp":252,"atk":0,"def":252,"spa":0,"spd":4,"spe":0},"gender":"F","ivs":{"hp":31,"atk":31,"def":31,"spa":31,"spd":31,"spe":31}}],"log":["|player|p1|KuKuKu Baby|39","|player|p2|LunaMari|102","|gametype|singles","|gen|6","|tier|Monotype","|rated","|rule|Baton Pass Clause: Limit one Baton Passer, can't pass Spe and other stats simultaneously","|rule|Swagger Clause: Swagger is banned","|rule|Same Type Clause: Pokémon in a team must share a type","|clearpoke","|poke|p1|Hydreigon, M, shiny","|poke|p1|Kyurem-Black","|poke|p1|Latios, M","|poke|p1|Garchomp, M","|poke|p1|Altaria, F","|poke|p1|Dragonite, M, shiny","|poke|p2|Hoopa","|poke|p2|Gengar, F, shiny","|poke|p2|Golurk","|poke|p2|Sableye, F","|poke|p2|Trevenant, M","|poke|p2|Jellicent, F","|rule|Sleep Clause Mod: Limit one foe put to sleep","|rule|Species Clause: Limit one of each Pokémon","|rule|OHKO Clause: OHKO moves are banned","|rule|Moody Clause: Moody is banned","|rule|Evasion Moves Clause: Evasion moves are banned","|rule|Endless Battle Clause: Forcing endless battles is banned","|rule|HP Percentage Mod: HP is shown in percentages","|teampreview","|","|start","|switch|p1a: Altaria|Altaria, F|353/353","|switch|p2a: Giggles|Gengar, F, shiny|261/261","|-ability|p1a: Altaria|Cloud Nine","|turn|1","|","|move|p2a: Giggles|Icy Wind|p1a: Altaria","|-supereffective|p1a: Altaria","|-damage|p1a: Altaria|70/353","|-unboost|p1a: Altaria|spe|1","|move|p1a: Altaria|Fire Blast|p2a: Giggles","|-damage|p2a: Giggles|153/261","|-status|p2a: Giggles|brn","|","|-damage|p2a: Giggles|121/261 brn|[from] brn","|turn|2","|","|switch|p1a: Kyurem-Black|Kyurem-Black|391/391","|-ability|p1a: Kyurem-Black|Teravolt","|move|p2a: Giggles|Shadow Ball|p1a: Kyurem-Black","|-damage|p1a: Kyurem-Black|223/391","|","|-damage|p2a: Giggles|89/261 brn|[from] brn","|turn|3","|","|move|p1a: Kyurem-Black|Ice Beam|p2a: Giggles","|-damage|p2a: Giggles|0 fnt","|faint|p2a: Giggles","|","|","|switch|p2a: Sin|Sableye, F|303/303","|turn|4","|","|switch|p1a: Altaria|Altaria, F|70/353","|-ability|p1a: Altaria|Cloud Nine","|move|p2a: Sin|Will-O-Wisp|p1a: Altaria","|-status|p1a: Altaria|brn","|","|-damage|p1a: Altaria|26/353 brn|[from] brn","|turn|5","|","|switch|p2a: Wisdame|Trevenant, M|373/373","|detailschange|p1a: Altaria|Altaria-Mega, F","|-mega|p1a: Altaria|Altaria|Altarianite","|move|p1a: Altaria|Roost|p1a: Altaria","|-heal|p1a: Altaria|203/353 brn","|","|-damage|p1a: Altaria|159/353 brn|[from] brn","|turn|6","|","|move|p1a: Altaria|Fire Blast|p2a: Wisdame","|-supereffective|p2a: Wisdame","|-damage|p2a: Wisdame|175/373","|move|p2a: Wisdame|Leech Seed|p1a: Altaria|[miss]","|-miss|p2a: Wisdame|p1a: Altaria","|","|-damage|p1a: Altaria|115/353 brn|[from] brn","|turn|7","|","|switch|p2a: 2nd Chance|Jellicent, F|404/404","|move|p1a: Altaria|Heal Bell|p1a: Altaria","|-cureteam|p1a: Altaria|[from] move: HealBell","|","|turn|8","|","|switch|p1a: Hydreigon|Hydreigon, M, shiny|325/325","|move|p2a: 2nd Chance|Will-O-Wisp|p1a: Hydreigon|[miss]","|-miss|p2a: 2nd Chance|p1a: Hydreigon","|","|turn|9","|","|move|p1a: Hydreigon|Dark Pulse|p2a: 2nd Chance","|-supereffective|p2a: 2nd Chance","|-damage|p2a: 2nd Chance|30/404","|-start|p1a: Hydreigon|Disable|Dark Pulse","|move|p2a: 2nd Chance|Recover|p2a: 2nd Chance","|-heal|p2a: 2nd Chance|232/404","|","|-heal|p2a: 2nd Chance|257/404|[from] item: Leftovers","|turn|10","|","|switch|p1a: Latios|Latios, M|301/301","|move|p2a: 2nd Chance|Will-O-Wisp|p1a: Latios","|-status|p1a: Latios|brn","|","|-heal|p2a: 2nd Chance|282/404|[from] item: Leftovers","|-damage|p1a: Latios|264/301 brn|[from] brn","|turn|11","|","|switch|p1a: Hydreigon|Hydreigon, M, shiny|325/325","|move|p2a: 2nd Chance|Recover|p2a: 2nd Chance","|-heal|p2a: 2nd Chance|404/404","|","|turn|12","|","|switch|p2a: Wisdame|Trevenant, M|175/373","|move|p1a: Hydreigon|Dark Pulse|p2a: Wisdame","|-supereffective|p2a: Wisdame","|-damage|p2a: Wisdame|0 fnt","|faint|p2a: Wisdame","|","|","|switch|p2a: Sin|Sableye, F|303/303","|turn|13","|","|move|p1a: Hydreigon|Dark Pulse|p2a: Sin","|-damage|p2a: Sin|119/303","|move|p2a: Sin|Power-Up Punch|p1a: Hydreigon","|-supereffective|p1a: Hydreigon","|-damage|p1a: Hydreigon|273/325","|-boost|p2a: Sin|atk|1","|","|turn|14","|","|move|p2a: Sin|Recover|p2a: Sin","|-heal|p2a: Sin|271/303","|move|p1a: Hydreigon|Dark Pulse|p2a: Sin","|-damage|p2a: Sin|72/303","|","|turn|15","|","|move|p2a: Sin|Recover|p2a: Sin","|-heal|p2a: Sin|224/303","|move|p1a: Hydreigon|Dark Pulse|p2a: Sin","|-damage|p2a: Sin|38/303","|","|turn|16","|","|detailschange|p2a: Sin|Sableye-Mega, F","|-mega|p2a: Sin|Sableye|Sablenite","|move|p2a: Sin|Recover|p2a: Sin","|-heal|p2a: Sin|190/303","|move|p1a: Hydreigon|Dark Pulse|p2a: Sin","|-damage|p2a: Sin|57/303","|","|turn|17","|","|move|p1a: Hydreigon|Dark Pulse|p2a: Sin","|-damage|p2a: Sin|0 fnt","|faint|p2a: Sin","|","|","|switch|p2a: Lurking|Golurk|319/319","|turn|18","|","|move|p1a: Hydreigon|Dark Pulse|p2a: Lurking","|-supereffective|p2a: Lurking","|-enditem|p2a: Lurking|Focus Sash","|-damage|p2a: Lurking|1/319","|move|p2a: Lurking|Dynamic Punch|p1a: Hydreigon","|-crit|p1a: Hydreigon","|-supereffective|p1a: Hydreigon","|-damage|p1a: Hydreigon|0 fnt","|faint|p1a: Hydreigon","|","|","|switch|p1a: Garchomp|Garchomp, M|420/420","|turn|19","|","|move|p1a: Garchomp|Stealth Rock|p2a: Lurking","|-sidestart|p2: LunaMari|move: Stealth Rock","|move|p2a: Lurking|Stealth Rock|p1a: Garchomp","|-sidestart|p1: KuKuKu Baby|move: Stealth Rock","|","|turn|20","|","|move|p1a: Garchomp|Earthquake|p2a: Lurking","|-damage|p2a: Lurking|0 fnt","|faint|p2a: Lurking","|","|","|switch|p2a: 2nd Chance|Jellicent, F|404/404","|-damage|p2a: 2nd Chance|354/404|[from] Stealth Rock","|turn|21","|","|move|p2a: 2nd Chance|Will-O-Wisp|p1a: Garchomp","|-status|p1a: Garchomp|brn","|move|p1a: Garchomp|Dragon Tail|p2a: 2nd Chance","|-damage|p2a: 2nd Chance|311/404","|drag|p2a: Ringa|Hoopa|301/301","|-damage|p2a: Ringa|264/301|[from] Stealth Rock","|","|-damage|p1a: Garchomp|368/420 brn|[from] brn","|turn|22","|","|move|p2a: Ringa|Guard Split|p1a: Garchomp","|-activate|p2a: Ringa|Guard Split|[of] p1a: Garchomp","|move|p1a: Garchomp|Earthquake|p2a: Ringa","|-damage|p2a: Ringa|195/301","|","|-damage|p1a: Garchomp|316/420 brn|[from] brn","|turn|23","|","|move|p2a: Ringa|Hyperspace Hole|p1a: Garchomp","|-damage|p1a: Garchomp|168/420 brn","|move|p1a: Garchomp|Earthquake|p2a: Ringa","|-damage|p2a: Ringa|126/301","|-enditem|p2a: Ringa|Sitrus Berry|[eat]","|-heal|p2a: Ringa|201/301|[from] item: Sitrus Berry","|","|-damage|p1a: Garchomp|116/420 brn|[from] brn","|turn|24","|","|move|p2a: Ringa|Shadow Ball|p1a: Garchomp","|-damage|p1a: Garchomp|0 fnt","|-item|p2a: Ringa|Rocky Helmet|[from] ability: Magician|[of] p1a: Garchomp","|faint|p1a: Garchomp","|","|","|switch|p1a: Latios|Latios, M|264/301 brn","|-damage|p1a: Latios|227/301 brn|[from] Stealth Rock","|turn|25","|","|move|p1a: Latios|Draco Meteor|p2a: Ringa","|-damage|p2a: Ringa|0 fnt","|-unboost|p1a: Latios|spa|2","|-damage|p1a: Latios|197/301 brn|[from] item: Life Orb","|faint|p2a: Ringa","|","|-damage|p1a: Latios|160/301 brn|[from] brn","|","|switch|p2a: 2nd Chance|Jellicent, F|311/404","|-damage|p2a: 2nd Chance|261/404|[from] Stealth Rock","|turn|26","|","|move|p1a: Latios|Defog|p2a: 2nd Chance","|-unboost|p2a: 2nd Chance|evasion|1","|-sideend|p2: LunaMari|Stealth Rock|[from] move: Defog|[of] p2a: 2nd Chance","|-sideend|p1: KuKuKu Baby|Stealth Rock|[from] move: Defog|[of] p1a: Latios","|move|p2a: 2nd Chance|Recover|p2a: 2nd Chance","|-heal|p2a: 2nd Chance|404/404","|","|-damage|p1a: Latios|123/301 brn|[from] brn","|turn|27","|","|move|p1a: Latios|Psyshock|p2a: 2nd Chance","|-crit|p2a: 2nd Chance","|-damage|p2a: 2nd Chance|158/404","|-damage|p1a: Latios|93/301 brn|[from] item: Life Orb","|move|p2a: 2nd Chance|Will-O-Wisp|p1a: Latios","|-fail|p1a: Latios|brn","|","|-heal|p2a: 2nd Chance|183/404|[from] item: Leftovers","|-damage|p1a: Latios|56/301 brn|[from] brn","|turn|28","|","|move|p1a: Latios|Draco Meteor|p2a: 2nd Chance","|-crit|p2a: 2nd Chance","|-damage|p2a: 2nd Chance|0 fnt","|-unboost|p1a: Latios|spa|2","|-damage|p1a: Latios|26/301 brn|[from] item: Life Orb","|faint|p2a: 2nd Chance","|","|win|KuKuKu Baby"],"p1rating":{"entryid":"6819439","serverid":"eos","formatid":"monotype","userid":"kukukubaby","username":"KuKuKu Baby","w":18,"l":"9","t":"0","gxe":63.2,"r":"1585.9568932499","rd":"66.782845424615","sigma":"0","rptime":"1439110800","rpr":1603.3140727911,"rprd":64.866625321605,"rpsigma":"0","acre":1227.9497200488,"lacre":1227.9497200488,"oldacre":"1216.7972663871"},"p2rating":{"entryid":7511999,"formatid":"monotype","userid":"lunamari","username":"LunaMari","r":1500,"rd":130,"sigma":0,"rpr":1467.7851238475,"rprd":122.4872144782,"rpsigma":0,"rptime":1439110800,"w":0,"l":1,"t":0,"gxe":46,"acre":1000,"lacre":1000,"oldacre":1000},"endType":"normal"}