{"seed":[41321,34093,7694,27248],"turns":30,"p1":"alliance - ed wins","p2":"SL DrTroller","p1team":[{"name":"Generic Fairy V2.1","species":"diancie","item":"leftovers","ability":"Clear Body","moves":["stealthrock","trickroom","diamondstorm","explosion"],"nature":"Brave","evs":{"hp":248,"atk":252,"def":8,"spa":0,"spd":0,"spe":0},"ivs":{"hp":31,"atk":31,"def":31,"spa":31,"spd":31,"spe":0}},{"name":"Anon Twink","species":"sylveon","item":"choicespecs","ability":"Pixilate","moves":["hypervoice","hiddenpowerfire","psyshock","shadowball"],"nature":"Quiet","evs":{"hp":248,"atk":0,"def":8,"spa":252,"spd":0,"spe":0},"gender":"M","ivs":{"hp":31,"atk":0,"def":31,"spa":30,"spd":31,"spe":0}},{"name":"Urine Trouble","species":"azumarill","item":"lifeorb","ability":"Huge Power","moves":["playrough","waterfall","superpower","aquajet"],"nature":"Brave","evs":{"hp":248,"atk":252,"def":0,"spa":0,"spd":8,"spe":0},"gender":"M","ivs":{"hp":31,"atk":31,"def":31,"spa":31,"spd":31,"spe":0},"shiny":true},{"name":"Gardevoir-Senpai","species":"gardevoir","item":"gardevoirite","ability":"Trace","moves":["hypervoice","focusblast","trickroom","healingwish"],"nature":"Quiet","evs":{"hp":248,"atk":0,"def":8,"spa":252,"spd":0,"spe":0},"gender":"M","ivs":{"hp":31,"atk":0,"def":31,"spa":31,"spd":31,"spe":0},"shiny":true},{"name":"Janitors Fren","species":"klefki","item":"lightclay","ability":"Prankster","moves":["reflect","lightscreen","foulplay","spikes"],"nature":"Bold","evs":{"hp":248,"atk":0,"def":252,"spa":0,"spd":8,"spe":0},"ivs":{"hp":31,"atk":0,"def":31,"spa":31,"spd":31,"spe":31}},{"name":"'Murica","species":"togekiss","item":"choicescarf","ability":"Serene Grace","moves":["airslash","fireblast","dazzlinggleam","trick"],"nature":"Timid","evs":{"hp":0,"atk":0,"def":0,"spa":252,"spd":4,"spe":252},"ivs":{"hp":31,"atk":0,"def":31,"spa":31,"spd":31,"spe":31}}],"p2team":[{"name":"Spooner","species":"alakazam","item":"twistedspoon","ability":"Magic Guard","moves":["psyshock","focusblast","shadowball","psychup"],"nature":"Timid","evs":{"hp":0,"atk":0,"def":0,"spa":252,"spd":4,"spe":252},"ivs":{"hp":31,"atk":31,"def":31,"spa":31,"spd":31,"spe":31}},{"name":"African VooDoo Dol","species":"claydol","item":"leftovers","ability":"Levitate","moves":["rapidspin","earthquake","icebeam","psyshock"],"nature":"Modest","evs":{"hp":4,"atk":0,"def":0,"spa":252,"spd":0,"spe":252},"ivs":{"hp":31,"atk":31,"def":31,"spa":31,"spd":31,"spe":31}},{"name":"EggHead","species":"exeggutor","item":"sitrusberry","ability":"Harvest","moves":["substitute","sunnyday","protect","leechseed"],"nature":"Bold","evs":{"hp":252,"atk":0,"def":252,"spa":0,"spd":4,"spe":0},"ivs":{"hp":31,"atk":30,"def":31,"spa":30,"spd":31,"spe":30}},{"name":"Mistress","species":"gardevoir","item":"gardevoirite","ability":"Synchronize","moves":["hypervoice","focusblast","psychic","shadowball"],"nature":"Modest","evs":{"hp":212,"atk":0,"def":0,"spa":232,"spd":8,"spe":56},"gender":"F","shiny":true,"ivs":{"hp":31,"atk":31,"def":31,"spa":31,"spd":31,"spe":31}},{"name":"Victini","species":"Victini","item":"whiteherb","ability":"Victory Star","moves":["vcreate","brickbreak","boltstrike","uturn"],"nature":"Adamant","evs":{"hp":0,"atk":252,"def":4,"spa":0,"spd":0,"spe":252},"ivs":{"hp":31,"atk":31,"def":31,"spa":31,"spd":31,"spe":31}},{"name":"Wobbuffet","species":"Wobbuffet","item":"leftovers","ability":"Shadow Tag","moves":["counter","mirrorcoat","encore","safeguard"],"nature":"Brave","evs":{"hp":168,"atk":156,"def":4,"spa":0,"spd":180,"spe":0},"ivs":{"hp":31,"atk":31,"def":31,"spa":31,"spd":31,"spe":31}}],"log":["|player|p1|alliance - ed wins|102","|player|p2|SL DrTroller|52","|gametype|singles","|gen|6","|tier|Monotype","|rated","|rule|Baton Pass Clause: Limit one Baton Passer, can't pass Spe and other stats simultaneously","|rule|Swagger Clause: Swagger is banned","|rule|Same Type Clause: Pokémon in a team must share a type","|clearpoke","|poke|p1|Diancie","|poke|p1|Sylveon, M","|poke|p1|Azumarill, M, shiny","|poke|p1|Gardevoir, M, shiny","|poke|p1|Klefki, M","|poke|p1|Togekiss, M","|poke|p2|Alakazam, F","|poke|p2|Claydol","|poke|p2|Exeggutor, F","|poke|p2|Gardevoir, F, shiny","|poke|p2|Victini","|poke|p2|Wobbuffet, F","|rule|Sleep Clause Mod: Limit one foe put to sleep","|rule|Species Clause: Limit one of each Pokémon","|rule|OHKO Clause: OHKO moves are banned","|rule|Moody Clause: Moody is banned","|rule|Evasion Moves Clause: Evasion moves are banned","|rule|Endless Battle Clause: Forcing endless battles is banned","|rule|HP Percentage Mod: HP is shown in percentages","|teampreview","|","|start","|switch|p1a: Generic Fairy V2.1|Diancie|303/303","|switch|p2a: Wobbuffet|Wobbuffet, F|563/563","|turn|1","|","|move|p1a: Generic Fairy V2.1|Stealth Rock|p2a: Wobbuffet","|-sidestart|p2: SL DrTroller|move: Stealth Rock","|move|p2a: Wobbuffet|Mirror Coat|p1a: Generic Fairy V2.1","|-fail|p1a: Generic Fairy V2.1","|","|turn|2","|","|move|p1a: Generic Fairy V2.1|Stealth Rock|p2a: Wobbuffet","|-fail|p2a: Wobbuffet","|move|p2a: Wobbuffet|Encore|p1a: Generic Fairy V2.1","|-start|p1a: Generic Fairy V2.1|Encore","|","|turn|3","|","|move|p1a: Generic Fairy V2.1|Stealth Rock|p2a: Wobbuffet","|-fail|p2a: Wobbuffet","|move|p2a: Wobbuffet|Safeguard|p2a: Wobbuffet","|-sidestart|p2: SL DrTroller|Safeguard","|","|turn|4","|","|move|p1a: Generic Fairy V2.1|Stealth Rock|p2a: Wobbuffet","|-fail|p2a: Wobbuffet","|move|p2a: Wobbuffet|Safeguard|p2a: Wobbuffet","|-fail|p2a: Wobbuffet","|","|turn|5","|","|move|p1a: Generic Fairy V2.1|Stealth Rock|p2a: Wobbuffet","|-fail|p2a: Wobbuffet","|move|p2a: Wobbuffet|Safeguard|p2a: Wobbuffet","|-fail|p2a: Wobbuffet","|","|-end|p1a: Generic Fairy V2.1|Encore","|turn|6","|","|move|p1a: Generic Fairy V2.1|Stealth Rock|p2a: Wobbuffet","|-fail|p2a: Wobbuffet","|move|p2a: Wobbuffet|Mirror Coat|p1a: Generic Fairy V2.1","|-fail|p1a: Generic Fairy V2.1","|","|turn|7","|","|move|p1a: Generic Fairy V2.1|Stealth Rock|p2a: Wobbuffet","|-fail|p2a: Wobbuffet","|move|p2a: Wobbuffet|Mirror Coat|p1a: Generic Fairy V2.1","|-fail|p1a: Generic Fairy V2.1","|","|-sideend|p2: SL DrTroller|Safeguard","|turn|8","|","|move|p1a: Generic Fairy V2.1|Diamond Storm|p2a: Wobbuffet","|-damage|p2a: Wobbuffet|329/563","|-boost|p1a: Generic Fairy V2.1|def|1","|move|p2a: Wobbuffet|Mirror Coat|p1a: Generic Fairy V2.1","|-fail|p1a: Generic Fairy V2.1","|","|-heal|p2a: Wobbuffet|364/563|[from] item: Leftovers","|turn|9","|","|move|p1a: Generic Fairy V2.1|Diamond Storm|p2a: Wobbuffet","|-damage|p2a: Wobbuffet|100/563","|-boost|p1a: Generic Fairy V2.1|def|1","|move|p2a: Wobbuffet|Counter|p1a: Generic Fairy V2.1","|-damage|p1a: Generic Fairy V2.1|0 fnt","|faint|p1a: Generic Fairy V2.1","|","|-heal|p2a: Wobbuffet|135/563|[from] item: Leftovers","|","|switch|p1a: Anon Twink|Sylveon, M|393/393","|turn|10","|","|move|p1a: Anon Twink|Shadow Ball|p2a: Wobbuffet","|-supereffective|p2a: Wobbuffet","|-damage|p2a: Wobbuffet|0 fnt","|faint|p2a: Wobbuffet","|","|","|switch|p2a: African VooDoo Dol|Claydol|262/262","|-damage|p2a: African VooDoo Dol|246/262|[from] Stealth Rock","|turn|11","|","|move|p2a: African VooDoo Dol|Rapid Spin|p1a: Anon Twink","|-crit|p1a: Anon Twink","|-damage|p1a: Anon Twink|369/393","|-sideend|p2: SL DrTroller|Stealth Rock|[from] move: Rapid Spin|[of] p2a: African VooDoo Dol","|move|p1a: Anon Twink|Shadow Ball|p2a: African VooDoo Dol","|-supereffective|p2a: African VooDoo Dol","|-damage|p2a: African VooDoo Dol|0 fnt","|faint|p2a: African VooDoo Dol","|","|","|switch|p2a: Mistress|Gardevoir, F, shiny|330/330","|turn|12","|","|switch|p1a: Janitors Fren|Klefki, M|317/317","|detailschange|p2a: Mistress|Gardevoir-Mega, F, shiny","|-mega|p2a: Mistress|Gardevoir|Gardevoirite","|move|p2a: Mistress|Hyper Voice|p1a: Janitors Fren","|-resisted|p1a: Janitors Fren","|-damage|p1a: Janitors Fren|170/317","|","|turn|13","|","|move|p1a: Janitors Fren|Light Screen|p1a: Janitors Fren","|-sidestart|p1: alliance - ed wins|move: Light Screen","|move|p2a: Mistress|Focus Blast|p1a: Janitors Fren","|-damage|p1a: Janitors Fren|62/317","|","|turn|14","|","|switch|p1a: 'Murica|Togekiss, M|311/311","|move|p2a: Mistress|Hyper Voice|p1a: 'Murica","|-damage|p1a: 'Murica|185/311","|","|turn|15","|","|move|p1a: 'Murica|Air Slash|p2a: Mistress","|-damage|p2a: Mistress|240/330","|move|p2a: Mistress|Psychic|p1a: 'Murica","|-damage|p1a: 'Murica|91/311","|-unboost|p1a: 'Murica|spd|1","|","|turn|16","|","|move|p1a: 'Murica|Air Slash|p2a: Mistress","|-damage|p2a: Mistress|135/330","|cant|p2a: Mistress|flinch","|","|turn|17","|","|move|p1a: 'Murica|Air Slash|p2a: Mistress","|-damage|p2a: Mistress|30/330","|cant|p2a: Mistress|flinch","|","|turn|18","|","|switch|p2a: Spooner|Alakazam, F|251/251","|move|p1a: 'Murica|Air Slash|p2a: Spooner","|-damage|p2a: Spooner|127/251","|","|turn|19","|","|move|p1a: 'Murica|Air Slash|p2a: Spooner","|-damage|p2a: Spooner|0 fnt","|faint|p2a: Spooner","|","|","|switch|p2a: Victini|Victini|341/341","|turn|20","|","|switch|p1a: Urine Trouble|Azumarill, M, shiny|403/403","|move|p2a: Victini|Bolt Strike|p1a: Urine Trouble","|-supereffective|p1a: Urine Trouble","|-damage|p1a: Urine Trouble|87/403","|","|-sideend|p1: alliance - ed wins|move: Light Screen","|turn|21","|","|move|p1a: Urine Trouble|Aqua Jet|p2a: Victini","|-supereffective|p2a: Victini","|-damage|p2a: Victini|107/341","|-damage|p1a: Urine Trouble|47/403|[from] item: Life Orb","|move|p2a: Victini|Bolt Strike|p1a: Urine Trouble","|-supereffective|p1a: Urine Trouble","|-damage|p1a: Urine Trouble|0 fnt","|faint|p1a: Urine Trouble","|","|","|switch|p1a: Janitors Fren|Klefki, M|62/317","|turn|22","|","|move|p1a: Janitors Fren|Reflect|p1a: Janitors Fren","|-sidestart|p1: alliance - ed wins|Reflect","|move|p2a: Victini|V-create|p1a: Janitors Fren","|-supereffective|p1a: Janitors Fren","|-damage|p1a: Janitors Fren|0 fnt","|-unboost|p2a: Victini|spe|1","|-unboost|p2a: Victini|def|1","|-unboost|p2a: Victini|spd|1","|faint|p1a: Janitors Fren","|-enditem|p2a: Victini|White Herb","|-restoreboost|p2a: Victini|[silent]","|","|","|switch|p1a: 'Murica|Togekiss, M|91/311","|turn|23","|","|move|p1a: 'Murica|Air Slash|p2a: Victini","|-damage|p2a: Victini|0 fnt","|faint|p2a: Victini","|","|","|switch|p2a: Mistress|Gardevoir-Mega, F, shiny|30/330","|turn|24","|","|move|p1a: 'Murica|Air Slash|p2a: Mistress","|-damage|p2a: Mistress|0 fnt","|faint|p2a: Mistress","|","|","|switch|p2a: EggHead|Exeggutor, F|394/394","|turn|25","|","|move|p2a: EggHead|Protect|p2a: EggHead","|-singleturn|p2a: EggHead|Protect","|move|p1a: 'Murica|Air Slash|p2a: EggHead","|-activate|p2a: EggHead|Protect","|","|turn|26","|","|move|p1a: 'Murica|Air Slash|p2a: EggHead|[miss]","|-miss|p1a: 'Murica|p2a: EggHead","|move|p2a: EggHead|Substitute|p2a: EggHead","|-start|p2a: EggHead|Substitute","|-damage|p2a: EggHead|296/394","|","|turn|27","|","|switch|p1a: Gardevoir-Senpai|Gardevoir, M, shiny|339/339","|-ability|p1a: Gardevoir-Senpai|Harvest|[from] ability: Trace|[of] p2a: EggHead","|move|p2a: EggHead|Protect|p2a: EggHead","|-fail|p2a: EggHead","|","|turn|28","|","|move|p2a: EggHead|Leech Seed|p1a: Gardevoir-Senpai","|-start|p1a: Gardevoir-Senpai|move: Leech Seed","|move|p1a: Gardevoir-Senpai|Trick Room|p1a: Gardevoir-Senpai","|-fieldstart|move: Trick Room|[of] p1a: Gardevoir-Senpai","|","|-damage|p1a: Gardevoir-Senpai|297/339|[from] Leech Seed|[of] p2a: EggHead","|-heal|p2a: EggHead|338/394|[silent]","|turn|29","|","|switch|p1a: Anon Twink|Sylveon, M|369/393","|move|p2a: EggHead|Protect|p2a: EggHead","|-fail|p2a: EggHead","|","|-sideend|p1: alliance - ed wins|Reflect","|turn|30","|","|move|p1a: Anon Twink|Hyper Voice|p2a: EggHead","|-damage|p2a: EggHead|0 fnt","|faint|p2a: EggHead","|","|win|alliance - ed wins"],"p1rating":{"entryid":"7432721","serverid":"eos","formatid":"monotype","userid":"allianceedwins","username":"alliance - ed wins","w":19,"l":"4","t":"0","gxe":74.4,"r":"1676.9209256086","rd":"73.702044392138","sigma":"0","rptime":"1439110800","rpr":1704.6899603596,"rprd":69.430051367949,"rpsigma":"0","acre":1303.7047582445,"lacre":1303.7047582445,"oldacre":"1294.7868893627"},"p2rating":{"entryid":"7479374","serverid":"eos","formatid":"monotype","userid":"sldrtroller","username":"SL DrTroller","w":"1","l":4,"t":"0","gxe":43.3,"r":1460.7991649884,"rd":107.58647512107,"sigma":"0","rptime":1439110800,"rpr":1446.8117846808,"rprd":104.28609277216,"rpsigma":"0","acre":1024.2882645431,"lacre":1024.2882645431,"oldacre":"1029.4301366973"},"endType":"normal"}