{"seed":[63603,13780,30362,46428],"turns":34,"p1":"D Cj","p2":"Traine X DUDE","p1team":[{"name":"Krookodile","species":"Krookodile","item":"choicescarf","ability":"Moxie","moves":["outrage","earthquake","superpower","stoneedge"],"nature":"Jolly","evs":{"hp":0,"atk":252,"def":0,"spa":0,"spd":4,"spe":252},"ivs":{"hp":31,"atk":31,"def":31,"spa":31,"spd":31,"spe":31}},{"name":"Claydol","species":"Claydol","item":"lightclay","ability":"Levitate","moves":["reflect","lightscreen","explosion","toxic"],"nature":"Careful","evs":{"hp":248,"atk":0,"def":252,"spa":0,"spd":8,"spe":0},"ivs":{"hp":31,"atk":31,"def":31,"spa":31,"spd":31,"spe":31}},{"name":"Gastrodon","species":"Gastrodon","item":"leftovers","ability":"Storm Drain","moves":["scald","earthpower","toxic","recover"],"nature":"Calm","evs":{"hp":252,"atk":0,"def":0,"spa":4,"spd":252,"spe":0},"ivs":{"hp":31,"atk":31,"def":31,"spa":31,"spd":31,"spe":31}},{"name":"Nidoking","species":"Nidoking","item":"choicescarf","ability":"Sheer Force","moves":["fireblast","icebeam","earthpower","sludgewave"],"nature":"Timid","evs":{"hp":0,"atk":0,"def":0,"spa":252,"spd":4,"spe":252},"ivs":{"hp":31,"atk":31,"def":31,"spa":31,"spd":31,"spe":31}},{"name":"Donphan","species":"Donphan","item":"assaultvest","ability":"Sturdy","moves":["earthquake","knockoff","stoneedge","iceshard"],"nature":"Careful","evs":{"hp":248,"atk":8,"def":0,"spa":0,"spd":252,"spe":0},"ivs":{"hp":31,"atk":31,"def":31,"spa":31,"spd":31,"spe":31}},{"name":"Zygarde","species":"Zygarde","item":"leftovers","ability":"Aura Break","moves":["glare","substitute","dragontail","earthquake"],"nature":"Impish","evs":{"hp":248,"atk":8,"def":252,"spa":0,"spd":0,"spe":0},"ivs":{"hp":31,"atk":31,"def":31,"spa":31,"spd":31,"spe":31}}],"p2team":[{"name":"Manectric","species":"Manectric","item":"manectite","ability":"Static","moves":["thunderbolt","hiddenpowerice","flamethrower","voltswitch"],"nature":"Timid","evs":{"hp":0,"atk":0,"def":0,"spa":252,"spd":4,"spe":252},"ivs":{"atk":30,"def":30,"hp":31,"spe":31,"spa":31,"spd":31}},{"name":"Magnezone","species":"Magnezone","item":"choicescarf","ability":"Magnet Pull","moves":["discharge","hiddenpowerfire","flashcannon","voltswitch"],"nature":"Timid","evs":{"hp":0,"atk":0,"def":0,"spa":252,"spd":4,"spe":252},"ivs":{"atk":30,"spa":30,"spe":30,"hp":31,"def":31,"spd":31}},{"name":"Zapdos","species":"Zapdos","item":"leftovers","ability":"Pressure","moves":["thunderbolt","roost","hiddenpowerwater","heatwave"],"nature":"Bold","evs":{"hp":248,"atk":0,"def":176,"spa":68,"spd":0,"spe":16},"ivs":{"atk":30,"def":30,"spa":30,"hp":31,"spe":31,"spd":31}},{"name":"Galvantula","species":"Galvantula","item":"focussash","ability":"Compound Eyes","moves":["stickyweb","thunder","voltswitch","bugbuzz"],"nature":"Timid","evs":{"hp":0,"atk":0,"def":0,"spa":252,"spd":4,"spe":252},"ivs":{"hp":31,"atk":31,"def":31,"spa":31,"spd":31,"spe":31}},{"name":"Rotom-Wash","species":"Rotom-Wash","item":"leftovers","ability":"Levitate","moves":["willowisp","voltswitch","hydropump","thunderbolt"],"nature":"Calm","evs":{"hp":248,"atk":0,"def":0,"spa":8,"spd":252,"spe":0},"ivs":{"hp":31,"atk":31,"def":31,"spa":31,"spd":31,"spe":31}},{"name":"Raikou","species":"Raikou","item":"assaultvest","ability":"Pressure","moves":["aurasphere","hiddenpowergrass","thunderbolt","extrasensory"],"nature":"Rash","evs":{"hp":0,"atk":0,"def":0,"spa":252,"spd":4,"spe":252},"ivs":{"hp":31,"atk":30,"def":31,"spa":30,"spd":31,"spe":31},"shiny":true}],"log":["|player|p1|D Cj|101","|player|p2|Traine X DUDE|248","|gametype|singles","|gen|6","|tier|Monotype","|rated","|rule|Baton Pass Clause: Limit one Baton Passer, can't pass Spe and other stats simultaneously","|rule|Swagger Clause: Swagger is banned","|rule|Same Type Clause: Pokémon in a team must share a type","|clearpoke","|poke|p1|Krookodile, M","|poke|p1|Claydol","|poke|p1|Gastrodon, M","|poke|p1|Nidoking, M","|poke|p1|Donphan, F","|poke|p1|Zygarde","|poke|p2|Manectric, M","|poke|p2|Magnezone","|poke|p2|Zapdos","|poke|p2|Galvantula, F","|poke|p2|Rotom-Wash","|poke|p2|Raikou, shiny","|rule|Sleep Clause Mod: Limit one foe put to sleep","|rule|Species Clause: Limit one of each Pokémon","|rule|OHKO Clause: OHKO moves are banned","|rule|Moody Clause: Moody is banned","|rule|Evasion Moves Clause: Evasion moves are banned","|rule|Endless Battle Clause: Forcing endless battles is banned","|rule|HP Percentage Mod: HP is shown in percentages","|teampreview","|","|start","|switch|p1a: Zygarde|Zygarde|419/419","|switch|p2a: Galvantula|Galvantula, F|281/281","|-ability|p1a: Zygarde|Aura Break","|turn|1","|","|move|p2a: Galvantula|Sticky Web|p1a: Zygarde","|-sidestart|p1: D Cj|move: Sticky Web","|move|p1a: Zygarde|Substitute|p1a: Zygarde","|-start|p1a: Zygarde|Substitute","|-damage|p1a: Zygarde|315/419","|","|-heal|p1a: Zygarde|341/419|[from] item: Leftovers","|turn|2","|","|move|p2a: Galvantula|Bug Buzz|p1a: Zygarde","|-damage|p1a: Zygarde|191/419","|move|p1a: Zygarde|Earthquake|p2a: Galvantula","|-damage|p2a: Galvantula|91/281","|","|-heal|p1a: Zygarde|217/419|[from] item: Leftovers","|turn|3","|","|move|p2a: Galvantula|Bug Buzz|p1a: Zygarde","|-damage|p1a: Zygarde|85/419","|-unboost|p1a: Zygarde|spd|1","|move|p1a: Zygarde|Earthquake|p2a: Galvantula","|-damage|p2a: Galvantula|0 fnt","|faint|p2a: Galvantula","|","|-heal|p1a: Zygarde|111/419|[from] item: Leftovers","|","|switch|p2a: Zapdos|Zapdos|383/383","|-ability|p2a: Zapdos|Pressure","|turn|4","|","|move|p2a: Zapdos|Hidden Power|p1a: Zygarde","|-activate|p1a: Zygarde|Substitute|[damage]","|move|p1a: Zygarde|Dragon Tail|p2a: Zapdos","|-damage|p2a: Zapdos|323/383","|drag|p2a: Magnezone|Magnezone|281/281","|","|-heal|p1a: Zygarde|137/419|[from] item: Leftovers","|turn|5","|","|move|p2a: Magnezone|Flash Cannon|p1a: Zygarde","|-end|p1a: Zygarde|Substitute","|move|p1a: Zygarde|Earthquake|p2a: Magnezone","|-supereffective|p2a: Magnezone","|-damage|p2a: Magnezone|0 fnt","|faint|p2a: Magnezone","|","|-heal|p1a: Zygarde|163/419|[from] item: Leftovers","|","|switch|p2a: Manectric|Manectric, M|281/281","|turn|6","|","|detailschange|p2a: Manectric|Manectric-Mega, M","|-mega|p2a: Manectric|Manectric|Manectite","|-ability|p2a: Manectric|Intimidate","|-unboost|p1a: Zygarde|atk|1","|move|p2a: Manectric|Hidden Power|p1a: Zygarde","|-supereffective|p1a: Zygarde","|-damage|p1a: Zygarde|0 fnt","|faint|p1a: Zygarde","|","|","|switch|p1a: Claydol|Claydol|323/323","|turn|7","|","|switch|p2a: Zapdos|Zapdos|323/383","|-ability|p2a: Zapdos|Pressure","|move|p1a: Claydol|Light Screen|p1a: Claydol","|-sidestart|p1: D Cj|move: Light Screen","|","|-heal|p2a: Zapdos|346/383|[from] item: Leftovers","|turn|8","|","|switch|p1a: Donphan|Donphan, F|383/383","|-activate|p1a: Donphan|move: Sticky Web","|-unboost|p1a: Donphan|spe|1","|move|p2a: Zapdos|Hidden Power|p1a: Donphan","|-supereffective|p1a: Donphan","|-damage|p1a: Donphan|344/383","|","|-heal|p2a: Zapdos|369/383|[from] item: Leftovers","|turn|9","|","|move|p2a: Zapdos|Hidden Power|p1a: Donphan","|-supereffective|p1a: Donphan","|-damage|p1a: Donphan|303/383","|move|p1a: Donphan|Stone Edge|p2a: Zapdos|[miss]","|-miss|p1a: Donphan|p2a: Zapdos","|","|-heal|p2a: Zapdos|383/383|[from] item: Leftovers","|turn|10","|","|move|p2a: Zapdos|Hidden Power|p1a: Donphan","|-supereffective|p1a: Donphan","|-damage|p1a: Donphan|266/383","|move|p1a: Donphan|Stone Edge|p2a: Zapdos|[miss]","|-miss|p1a: Donphan|p2a: Zapdos","|","|turn|11","|","|move|p2a: Zapdos|Hidden Power|p1a: Donphan","|-supereffective|p1a: Donphan","|-damage|p1a: Donphan|224/383","|move|p1a: Donphan|Stone Edge|p2a: Zapdos","|-supereffective|p2a: Zapdos","|-damage|p2a: Zapdos|231/383","|","|-heal|p2a: Zapdos|254/383|[from] item: Leftovers","|turn|12","|","|move|p1a: Donphan|Ice Shard|p2a: Zapdos","|-supereffective|p2a: Zapdos","|-damage|p2a: Zapdos|192/383","|move|p2a: Zapdos|Roost|p2a: Zapdos","|-heal|p2a: Zapdos|383/383","|","|turn|13","|","|move|p2a: Zapdos|Hidden Power|p1a: Donphan","|-supereffective|p1a: Donphan","|-damage|p1a: Donphan|187/383","|move|p1a: Donphan|Knock Off|p2a: Zapdos","|-damage|p2a: Zapdos|300/383","|-enditem|p2a: Zapdos|Leftovers|[from] move: Knock Off|[of] p1a: Donphan","|","|turn|14","|","|switch|p1a: Gastrodon|Gastrodon, M|426/426","|-activate|p1a: Gastrodon|move: Sticky Web","|-unboost|p1a: Gastrodon|spe|1","|move|p2a: Zapdos|Hidden Power|p1a: Gastrodon","|-boost|p1a: Gastrodon|spa|1|[from] ability: Storm Drain","|","|-sideend|p1: D Cj|move: Light Screen","|turn|15","|","|switch|p2a: Raikou|Raikou, shiny|321/321","|-ability|p2a: Raikou|Pressure","|move|p1a: Gastrodon|Toxic|p2a: Raikou","|-status|p2a: Raikou|tox","|","|-damage|p2a: Raikou|301/321 tox|[from] psn","|turn|16","|","|move|p2a: Raikou|Hidden Power|p1a: Gastrodon","|-supereffective|p1a: Gastrodon","|-damage|p1a: Gastrodon|194/426","|move|p1a: Gastrodon|Earth Power|p2a: Raikou","|-supereffective|p2a: Raikou","|-damage|p2a: Raikou|83/321 tox","|","|-heal|p1a: Gastrodon|220/426|[from] item: Leftovers","|-damage|p2a: Raikou|43/321 tox|[from] psn","|turn|17","|","|switch|p1a: Nidoking|Nidoking, M|303/303","|-activate|p1a: Nidoking|move: Sticky Web","|-unboost|p1a: Nidoking|spe|1","|move|p2a: Raikou|Hidden Power|p1a: Nidoking","|-damage|p1a: Nidoking|212/303","|","|-damage|p2a: Raikou|0 fnt|[from] psn","|faint|p2a: Raikou","|","|switch|p2a: Rotom-Wash|Rotom-Wash|303/303","|turn|18","|","|switch|p1a: Gastrodon|Gastrodon, M|220/426","|-activate|p1a: Gastrodon|move: Sticky Web","|-unboost|p1a: Gastrodon|spe|1","|move|p2a: Rotom-Wash|Hydro Pump|p1a: Gastrodon","|-boost|p1a: Gastrodon|spa|1|[from] ability: Storm Drain","|","|-heal|p1a: Gastrodon|246/426|[from] item: Leftovers","|turn|19","|","|move|p2a: Rotom-Wash|Will-O-Wisp|p1a: Gastrodon|[miss]","|-miss|p2a: Rotom-Wash|p1a: Gastrodon","|move|p1a: Gastrodon|Recover|p1a: Gastrodon","|-heal|p1a: Gastrodon|426/426","|","|turn|20","|","|switch|p1a: Claydol|Claydol|323/323","|move|p2a: Rotom-Wash|Will-O-Wisp|p1a: Claydol|[miss]","|-miss|p2a: Rotom-Wash|p1a: Claydol","|","|turn|21","|","|move|p2a: Rotom-Wash|Hydro Pump|p1a: Claydol","|-supereffective|p1a: Claydol","|-damage|p1a: Claydol|107/323","|move|p1a: Claydol|Light Screen|p1a: Claydol","|-sidestart|p1: D Cj|move: Light Screen","|","|turn|22","|","|move|p2a: Rotom-Wash|Will-O-Wisp|p1a: Claydol","|-status|p1a: Claydol|brn","|move|p1a: Claydol|Toxic|p2a: Rotom-Wash","|-status|p2a: Rotom-Wash|tox","|","|-damage|p2a: Rotom-Wash|285/303 tox|[from] psn","|-damage|p1a: Claydol|67/323 brn|[from] brn","|turn|23","|","|move|p2a: Rotom-Wash|Hydro Pump|p1a: Claydol","|-supereffective|p1a: Claydol","|-damage|p1a: Claydol|0 fnt","|faint|p1a: Claydol","|","|-heal|p2a: Rotom-Wash|303/303 tox|[from] item: Leftovers","|-damage|p2a: Rotom-Wash|267/303 tox|[from] psn","|","|switch|p1a: Krookodile|Krookodile, M|331/331","|-activate|p1a: Krookodile|move: Sticky Web","|-unboost|p1a: Krookodile|spe|1","|turn|24","|","|switch|p2a: Zapdos|Zapdos|300/383","|-ability|p2a: Zapdos|Pressure","|move|p1a: Krookodile|Outrage|p2a: Zapdos","|-damage|p2a: Zapdos|178/383","|","|turn|25","|","|move|p1a: Krookodile|Outrage|p2a: Zapdos|[from]lockedmove","|-damage|p2a: Zapdos|67/383","|-start|p1a: Krookodile|confusion|[fatigue]","|move|p2a: Zapdos|Roost|p2a: Zapdos","|-heal|p2a: Zapdos|259/383","|","|turn|26","|","|switch|p1a: Gastrodon|Gastrodon, M|426/426","|-activate|p1a: Gastrodon|move: Sticky Web","|-unboost|p1a: Gastrodon|spe|1","|switch|p2a: Manectric|Manectric-Mega, M|281/281","|-ability|p2a: Manectric|Intimidate","|-unboost|p1a: Gastrodon|atk|1","|","|turn|27","|","|switch|p2a: Zapdos|Zapdos|259/383","|-ability|p2a: Zapdos|Pressure","|move|p1a: Gastrodon|Toxic|p2a: Zapdos","|-status|p2a: Zapdos|tox","|","|-damage|p2a: Zapdos|236/383 tox|[from] psn","|turn|28","|","|move|p2a: Zapdos|Roost|p2a: Zapdos","|-heal|p2a: Zapdos|383/383 tox","|move|p1a: Gastrodon|Scald|p2a: Zapdos","|-damage|p2a: Zapdos|284/383 tox","|","|-damage|p2a: Zapdos|238/383 tox|[from] psn","|-sideend|p1: D Cj|move: Light Screen","|turn|29","|","|switch|p2a: Manectric|Manectric-Mega, M|281/281","|-ability|p2a: Manectric|Intimidate","|-unboost|p1a: Gastrodon|atk|1","|move|p1a: Gastrodon|Scald|p2a: Manectric","|-damage|p2a: Manectric|173/281","|","|turn|30","|","|move|p2a: Manectric|Flamethrower|p1a: Gastrodon","|-resisted|p1a: Gastrodon","|-damage|p1a: Gastrodon|379/426","|move|p1a: Gastrodon|Earth Power|p2a: Manectric","|-crit|p2a: Manectric","|-supereffective|p2a: Manectric","|-damage|p2a: Manectric|0 fnt","|faint|p2a: Manectric","|","|-heal|p1a: Gastrodon|405/426|[from] item: Leftovers","|","|switch|p2a: Rotom-Wash|Rotom-Wash|267/303 tox","|turn|31","|","|move|p2a: Rotom-Wash|Will-O-Wisp|p1a: Gastrodon","|-status|p1a: Gastrodon|brn","|move|p1a: Gastrodon|Scald|p2a: Rotom-Wash","|-resisted|p2a: Rotom-Wash","|-damage|p2a: Rotom-Wash|235/303 tox","|","|-heal|p2a: Rotom-Wash|253/303 tox|[from] item: Leftovers","|-heal|p1a: Gastrodon|426/426 brn|[from] item: Leftovers","|-damage|p2a: Rotom-Wash|235/303 tox|[from] psn","|-damage|p1a: Gastrodon|373/426 brn|[from] brn","|turn|32","|","|move|p2a: Rotom-Wash|Volt Switch|p1a: Gastrodon","|-immune|p1a: Gastrodon|[msg]","|move|p1a: Gastrodon|Scald|p2a: Rotom-Wash","|-resisted|p2a: Rotom-Wash","|-damage|p2a: Rotom-Wash|207/303 tox","|","|-heal|p2a: Rotom-Wash|225/303 tox|[from] item: Leftovers","|-heal|p1a: Gastrodon|399/426 brn|[from] item: Leftovers","|-damage|p2a: Rotom-Wash|189/303 tox|[from] psn","|-damage|p1a: Gastrodon|346/426 brn|[from] brn","|turn|33","|","|switch|p2a: Zapdos|Zapdos|238/383 tox","|-ability|p2a: Zapdos|Pressure","|move|p1a: Gastrodon|Scald|p2a: Zapdos","|-damage|p2a: Zapdos|133/383 tox","|","|-heal|p1a: Gastrodon|372/426 brn|[from] item: Leftovers","|-damage|p2a: Zapdos|110/383 tox|[from] psn","|-damage|p1a: Gastrodon|319/426 brn|[from] brn","|turn|34","|","|win|D Cj"],"p1rating":{"entryid":"6457520","serverid":"eos","formatid":"monotype","userid":"dcj","username":"D Cj","w":40,"l":"34","t":"0","gxe":53.6,"r":"1524.5015816634","rd":"49.705088147264","sigma":"0","rptime":"1439110800","rpr":1527.608452666,"rprd":48.353316120039,"rpsigma":"0","acre":1173.371292772,"lacre":1173.371292772,"oldacre":"1157.7014270129"},"p2rating":{"entryid":"7269993","serverid":"eos","formatid":"monotype","userid":"trainexdude","username":"Traine X DUDE","w":"2","l":8,"t":"0","gxe":33.6,"r":1381.6379455462,"rd":90.266119705821,"sigma":"0","rptime":1439110800,"rpr":1368.1526837455,"rprd":87.836463440313,"rpsigma":"0","acre":1013.1719889179,"lacre":1013.1719889179,"oldacre":"1021.457336739"},"endType":"forfeit"}