{"seed":[31912,127,35809,26468],"turns":28,"p1":"Gen3rox","p2":"Wanderer DJ","p1team":[{"name":"Garchomp","species":"Garchomp","item":"focussash","ability":"Rough Skin","moves":["outrage","stealthrock","earthquake","firefang"],"nature":"Jolly","evs":{"hp":0,"atk":252,"def":0,"spa":0,"spd":4,"spe":252},"ivs":{"hp":31,"atk":30,"def":30,"spa":31,"spd":31,"spe":31}},{"name":"Altaria","species":"Altaria","item":"altarianite","ability":"Natural Cure","moves":["hypervoice","roost","earthquake","flamethrower"],"nature":"Gentle","evs":{"hp":248,"atk":8,"def":0,"spa":96,"spd":156,"spe":0},"ivs":{"hp":31,"atk":31,"def":31,"spa":31,"spd":31,"spe":31}},{"name":"Hydreigon","species":"Hydreigon","item":"choicescarf","ability":"Levitate","moves":["darkpulse","dracometeor","earthpower","flashcannon"],"nature":"Timid","evs":{"hp":0,"atk":0,"def":0,"spa":252,"spd":4,"spe":252},"ivs":{"hp":31,"atk":31,"def":31,"spa":31,"spd":31,"spe":31}},{"name":"Goodra","species":"Goodra","item":"assaultvest","ability":"Sap Sipper","moves":["dracometeor","thunderbolt","flamethrower","icebeam"],"nature":"Modest","evs":{"hp":248,"atk":0,"def":0,"spa":252,"spd":8,"spe":0},"ivs":{"hp":31,"atk":31,"def":31,"spa":31,"spd":31,"spe":31}},{"name":"Dragonite","species":"Dragonite","item":"weaknesspolicy","ability":"Multiscale","moves":["dragondance","brickbreak","dragonclaw","earthquake"],"nature":"Adamant","evs":{"hp":0,"atk":252,"def":0,"spa":0,"spd":4,"spe":252},"ivs":{"hp":31,"atk":31,"def":31,"spa":31,"spd":31,"spe":31}},{"name":"Haxorus","species":"Haxorus","item":"focussash","ability":"Mold Breaker","moves":["dragondance","earthquake","outrage","poisonjab"],"nature":"Adamant","evs":{"hp":0,"atk":252,"def":0,"spa":0,"spd":32,"spe":224},"ivs":{"hp":31,"atk":31,"def":31,"spa":31,"spd":31,"spe":31}}],"p2team":[{"name":"Weezing","species":"Weezing","item":"sitrusberry","ability":"Levitate","moves":["toxicspikes","willowisp","memento","thief"],"nature":"Careful","evs":{"hp":248,"atk":8,"def":0,"spa":0,"spd":252,"spe":0},"ivs":{"hp":31,"atk":31,"def":31,"spa":31,"spd":31,"spe":31}},{"name":"Tentacruel","species":"Tentacruel","item":"assaultvest","ability":"Liquid Ooze","moves":["scald","acidspray","gigadrain","hex"],"nature":"Timid","evs":{"hp":0,"atk":0,"def":4,"spa":252,"spd":0,"spe":252},"ivs":{"hp":31,"atk":31,"def":31,"spa":31,"spd":31,"spe":31}},{"name":"Skuntank","species":"Skuntank","item":"","ability":"Stench","moves":["snatch","thief","suckerpunch","poisonjab"],"nature":"Adamant","evs":{"hp":248,"atk":252,"def":0,"spa":0,"spd":8,"spe":0},"ivs":{"hp":31,"atk":31,"def":31,"spa":31,"spd":31,"spe":31}},{"name":"Crobat","species":"Crobat","item":"whiteherb","ability":"Infiltrator","moves":["curse","acrobatics","roost","hypnosis"],"nature":"Jolly","evs":{"hp":248,"atk":8,"def":0,"spa":0,"spd":0,"spe":252},"ivs":{"hp":31,"atk":31,"def":31,"spa":31,"spd":31,"spe":31}},{"name":"Gengar","species":"Gengar","item":"choicescarf","ability":"Levitate","moves":["trick","destinybond","venoshock","hex"],"nature":"Timid","evs":{"hp":0,"atk":0,"def":0,"spa":252,"spd":4,"spe":252},"ivs":{"hp":31,"atk":31,"def":31,"spa":31,"spd":31,"spe":31}},{"name":"Amoonguss","species":"Amoonguss","item":"blacksludge","ability":"Regenerator","moves":["spore","gigadrain","gastroacid","stunspore"],"nature":"Calm","evs":{"hp":248,"atk":0,"def":0,"spa":8,"spd":252,"spe":0},"shiny":true,"ivs":{"hp":31,"atk":31,"def":31,"spa":31,"spd":31,"spe":31}}],"log":["|player|p1|Gen3rox|290","|player|p2|Wanderer DJ|235","|gametype|singles","|gen|6","|tier|Monotype","|rated","|rule|Baton Pass Clause: Limit one Baton Passer, can't pass Spe and other stats simultaneously","|rule|Swagger Clause: Swagger is banned","|rule|Same Type Clause: Pokémon in a team must share a type","|clearpoke","|poke|p1|Garchomp, M","|poke|p1|Altaria, M","|poke|p1|Hydreigon, M","|poke|p1|Goodra, M","|poke|p1|Dragonite, M","|poke|p1|Haxorus, M","|poke|p2|Weezing, M","|poke|p2|Tentacruel, M","|poke|p2|Skuntank, M","|poke|p2|Crobat, F","|poke|p2|Gengar, F","|poke|p2|Amoonguss, F, shiny","|rule|Sleep Clause Mod: Limit one foe put to sleep","|rule|Species Clause: Limit one of each Pokémon","|rule|OHKO Clause: OHKO moves are banned","|rule|Moody Clause: Moody is banned","|rule|Evasion Moves Clause: Evasion moves are banned","|rule|Endless Battle Clause: Forcing endless battles is banned","|rule|HP Percentage Mod: HP is shown in percentages","|teampreview","|","|start","|switch|p1a: Garchomp|Garchomp, M|357/357","|switch|p2a: Weezing|Weezing, M|333/333","|turn|1","|","|move|p1a: Garchomp|Stealth Rock|p2a: Weezing","|-sidestart|p2: Wanderer DJ|move: Stealth Rock","|move|p2a: Weezing|Will-O-Wisp|p1a: Garchomp","|-status|p1a: Garchomp|brn","|","|-damage|p1a: Garchomp|313/357 brn|[from] brn","|turn|2","|","|move|p1a: Garchomp|Outrage|p2a: Weezing","|-damage|p2a: Weezing|242/333","|move|p2a: Weezing|Toxic Spikes|p1a: Garchomp","|-sidestart|p1: Gen3rox|move: Toxic Spikes","|","|-damage|p1a: Garchomp|269/357 brn|[from] brn","|turn|3","|","|move|p1a: Garchomp|Outrage|p2a: Weezing|[from]lockedmove","|-damage|p2a: Weezing|149/333","|-enditem|p2a: Weezing|Sitrus Berry|[eat]","|-heal|p2a: Weezing|232/333|[from] item: Sitrus Berry","|move|p2a: Weezing|Toxic Spikes|p1a: Garchomp","|-sidestart|p1: Gen3rox|move: Toxic Spikes","|","|-damage|p1a: Garchomp|225/357 brn|[from] brn","|turn|4","|","|move|p1a: Garchomp|Outrage|p2a: Weezing|[from]lockedmove","|-damage|p2a: Weezing|139/333","|-start|p1a: Garchomp|confusion|[fatigue]","|move|p2a: Weezing|Thief|p1a: Garchomp","|-damage|p1a: Garchomp|176/357 brn","|-damage|p2a: Weezing|98/333|[from] ability: Rough Skin|[of] p1a: Garchomp","|-item|p2a: Weezing|Focus Sash|[from] move: Thief|[of] p1a: Garchomp","|","|-damage|p1a: Garchomp|132/357 brn|[from] brn","|turn|5","|","|switch|p2a: Amoonguss|Amoonguss, F, shiny|431/431","|-damage|p2a: Amoonguss|378/431|[from] Stealth Rock","|-activate|p1a: Garchomp|confusion","|-damage|p1a: Garchomp|105/357 brn|[from] confusion","|","|-heal|p2a: Amoonguss|404/431|[from] item: Black Sludge","|-damage|p1a: Garchomp|61/357 brn|[from] brn","|turn|6","|","|-activate|p1a: Garchomp|confusion","|move|p1a: Garchomp|Fire Fang|p2a: Amoonguss","|-supereffective|p2a: Amoonguss","|-damage|p2a: Amoonguss|306/431","|move|p2a: Amoonguss|Giga Drain|p1a: Garchomp","|-damage|p1a: Garchomp|0 fnt","|-heal|p2a: Amoonguss|337/431|[from] drain|[of] p1a: Garchomp","|faint|p1a: Garchomp","|","|-heal|p2a: Amoonguss|363/431|[from] item: Black Sludge","|","|switch|p1a: Goodra|Goodra, M|383/383","|-status|p1a: Goodra|tox","|turn|7","|","|move|p1a: Goodra|Flamethrower|p2a: Amoonguss","|-supereffective|p2a: Amoonguss","|-damage|p2a: Amoonguss|189/431","|move|p2a: Amoonguss|Gastro Acid|p1a: Goodra","|-endability|p1a: Goodra","|","|-heal|p2a: Amoonguss|215/431|[from] item: Black Sludge","|-damage|p1a: Goodra|360/383 tox|[from] psn","|turn|8","|","|switch|p2a: Tentacruel|Tentacruel, M|301/301","|-damage|p2a: Tentacruel|264/301|[from] Stealth Rock","|move|p1a: Goodra|Draco Meteor|p2a: Tentacruel","|-damage|p2a: Tentacruel|131/301","|-unboost|p1a: Goodra|spa|2","|","|-damage|p1a: Goodra|314/383 tox|[from] psn","|turn|9","|","|switch|p1a: Dragonite|Dragonite, M|323/323","|move|p2a: Tentacruel|Acid Spray|p1a: Dragonite","|-damage|p1a: Dragonite|298/323","|-unboost|p1a: Dragonite|spd|2","|","|turn|10","|","|move|p2a: Tentacruel|Scald|p1a: Dragonite","|-resisted|p1a: Dragonite","|-damage|p1a: Dragonite|202/323","|move|p1a: Dragonite|Dragon Dance|p1a: Dragonite","|-boost|p1a: Dragonite|atk|1","|-boost|p1a: Dragonite|spe|1","|","|turn|11","|","|move|p1a: Dragonite|Earthquake|p2a: Tentacruel","|-supereffective|p2a: Tentacruel","|-damage|p2a: Tentacruel|0 fnt","|faint|p2a: Tentacruel","|","|","|switch|p2a: Amoonguss|Amoonguss, F, shiny|358/431","|-damage|p2a: Amoonguss|305/431|[from] Stealth Rock","|turn|12","|","|move|p1a: Dragonite|Dragon Claw|p2a: Amoonguss","|-damage|p2a: Amoonguss|7/431","|move|p2a: Amoonguss|Stun Spore|p1a: Dragonite","|-status|p1a: Dragonite|par","|","|-heal|p2a: Amoonguss|33/431|[from] item: Black Sludge","|turn|13","|","|switch|p2a: Weezing|Weezing, M|98/333","|-damage|p2a: Weezing|57/333|[from] Stealth Rock","|move|p1a: Dragonite|Dragon Claw|p2a: Weezing","|-damage|p2a: Weezing|0 fnt","|faint|p2a: Weezing","|","|","|switch|p2a: Gengar|Gengar, F|261/261","|-damage|p2a: Gengar|229/261|[from] Stealth Rock","|turn|14","|","|move|p2a: Gengar|Hex|p1a: Dragonite","|-damage|p1a: Dragonite|0 fnt","|faint|p1a: Dragonite","|","|","|switch|p1a: Hydreigon|Hydreigon, M|325/325","|turn|15","|","|switch|p2a: Skuntank|Skuntank, M|409/409","|-damage|p2a: Skuntank|358/409|[from] Stealth Rock","|move|p1a: Hydreigon|Dark Pulse|p2a: Skuntank","|-resisted|p2a: Skuntank","|-damage|p2a: Skuntank|258/409","|","|turn|16","|","|switch|p1a: Goodra|Goodra, M|314/383 tox","|move|p2a: Skuntank|Poison Jab|p1a: Goodra","|-damage|p1a: Goodra|148/383 tox","|","|-damage|p1a: Goodra|125/383 tox|[from] psn","|turn|17","|","|move|p2a: Skuntank|Sucker Punch|p1a: Goodra","|-damage|p1a: Goodra|0 fnt","|faint|p1a: Goodra","|","|","|switch|p1a: Haxorus|Haxorus, M|293/293","|-status|p1a: Haxorus|tox","|-ability|p1a: Haxorus|Mold Breaker","|turn|18","|","|switch|p2a: Amoonguss|Amoonguss, F, shiny|176/431","|-damage|p2a: Amoonguss|123/431|[from] Stealth Rock","|move|p1a: Haxorus|Earthquake|p2a: Amoonguss","|-damage|p2a: Amoonguss|0 fnt","|faint|p2a: Amoonguss","|","|-damage|p1a: Haxorus|275/293 tox|[from] psn","|","|switch|p2a: Crobat|Crobat, F|373/373","|-damage|p2a: Crobat|280/373|[from] Stealth Rock","|turn|19","|","|move|p2a: Crobat|Curse|p2a: Crobat","|-unboost|p2a: Crobat|spe|1","|-boost|p2a: Crobat|atk|1","|-boost|p2a: Crobat|def|1","|-enditem|p2a: Crobat|White Herb","|-restoreboost|p2a: Crobat|[silent]","|move|p1a: Haxorus|Outrage|p2a: Crobat","|-damage|p2a: Crobat|85/373","|","|-damage|p1a: Haxorus|239/293 tox|[from] psn","|turn|20","|","|move|p2a: Crobat|Roost|p2a: Crobat","|-heal|p2a: Crobat|272/373","|move|p1a: Haxorus|Outrage|p2a: Crobat|[from]lockedmove","|-damage|p2a: Crobat|82/373","|","|-damage|p1a: Haxorus|185/293 tox|[from] psn","|turn|21","|","|move|p2a: Crobat|Roost|p2a: Crobat","|-heal|p2a: Crobat|269/373","|move|p1a: Haxorus|Outrage|p2a: Crobat|[from]lockedmove","|-damage|p2a: Crobat|49/373","|-start|p1a: Haxorus|confusion|[fatigue]","|","|-damage|p1a: Haxorus|113/293 tox|[from] psn","|turn|22","|","|move|p2a: Crobat|Roost|p2a: Crobat","|-heal|p2a: Crobat|236/373","|-activate|p1a: Haxorus|confusion","|-damage|p1a: Haxorus|50/293 tox|[from] confusion","|","|-damage|p1a: Haxorus|0 fnt|[from] psn","|faint|p1a: Haxorus","|","|switch|p1a: Altaria|Altaria, M|353/353","|turn|23","|","|move|p2a: Crobat|Hypnosis|p1a: Altaria|[miss]","|-miss|p2a: Crobat|p1a: Altaria","|move|p1a: Altaria|Hyper Voice|p2a: Crobat","|-damage|p2a: Crobat|161/373","|","|turn|24","|","|detailschange|p1a: Altaria|Altaria-Mega, M","|-mega|p1a: Altaria|Altaria|Altarianite","|move|p2a: Crobat|Hypnosis|p1a: Altaria|[miss]","|-miss|p2a: Crobat|p1a: Altaria","|move|p1a: Altaria|Hyper Voice|p2a: Crobat","|-resisted|p2a: Crobat","|-damage|p2a: Crobat|68/373","|","|turn|25","|","|move|p2a: Crobat|Hypnosis|p1a: Altaria|[miss]","|-miss|p2a: Crobat|p1a: Altaria","|move|p1a: Altaria|Hyper Voice|p2a: Crobat","|-resisted|p2a: Crobat","|-damage|p2a: Crobat|0 fnt","|faint|p2a: Crobat","|","|","|switch|p2a: Skuntank|Skuntank, M|258/409","|-damage|p2a: Skuntank|207/409|[from] Stealth Rock","|turn|26","|","|move|p2a: Skuntank|Poison Jab|p1a: Altaria","|-supereffective|p1a: Altaria","|-damage|p1a: Altaria|81/353","|move|p1a: Altaria|Earthquake|p2a: Skuntank","|-supereffective|p2a: Skuntank","|-damage|p2a: Skuntank|0 fnt","|faint|p2a: Skuntank","|","|","|switch|p2a: Gengar|Gengar, F|229/261","|-damage|p2a: Gengar|197/261|[from] Stealth Rock","|turn|27","|","|move|p2a: Gengar|Venoshock|p1a: Altaria","|-supereffective|p1a: Altaria","|-damage|p1a: Altaria|0 fnt","|faint|p1a: Altaria","|","|","|switch|p1a: Hydreigon|Hydreigon, M|325/325","|turn|28","|","|move|p2a: Gengar|Venoshock|p1a: Hydreigon","|-damage|p1a: Hydreigon|207/325","|move|p1a: Hydreigon|Dark Pulse|p2a: Gengar","|-supereffective|p2a: Gengar","|-damage|p2a: Gengar|0 fnt","|faint|p2a: Gengar","|","|win|Gen3rox"],"p1rating":{"entryid":7512529,"formatid":"monotype","userid":"gen3rox","username":"Gen3rox","r":1500,"rd":130,"sigma":0,"rpr":1531.6119709451,"rprd":123.09801845152,"rpsigma":0,"rptime":1439110800,"w":1,"l":0,"t":0,"gxe":53.9,"acre":1047.2378576674,"lacre":1047.2378576674,"oldacre":1000},"p2rating":{"entryid":"6343115","serverid":"eos","formatid":"monotype","userid":"wandererdj","username":"Wanderer DJ","w":"2","l":5,"t":"0","gxe":41.1,"r":1453.9025743823,"rd":106.25467998509,"sigma":"0","rptime":1439110800,"rpr":1429.4542884089,"rprd":102.30359583048,"rpsigma":"0","acre":1040.497284038,"lacre":1040.497284038,"oldacre":"1063.5671602022"},"endType":"normal"}