{"seed":[51017,61292,58236,55485],"turns":29,"p1":"Alliance - Thunder","p2":"Sovereign♕Cactus","p1team":[{"name":"ThunderLegion","species":"manectric","item":"manectite","ability":"Static","moves":["voltswitch","thunderbolt","flamethrower","hiddenpowerice"],"nature":"Timid","evs":{"hp":4,"atk":0,"def":0,"spa":252,"spd":0,"spe":252},"ivs":{"hp":31,"atk":30,"def":30,"spa":31,"spd":31,"spe":31},"shiny":true},{"name":"ClothesWasher","species":"rotomwash","item":"leftovers","ability":"Levitate","moves":["willowisp","voltswitch","hydropump","painsplit"],"nature":"Bold","evs":{"hp":248,"atk":0,"def":252,"spa":0,"spd":8,"spe":0},"ivs":{"hp":31,"atk":30,"def":30,"spa":31,"spd":31,"spe":31},"shiny":true},{"name":"Laxus","species":"luxray","item":"toxicorb","ability":"Guts","moves":["quickattack","superpower","wildcharge","crunch"],"nature":"Adamant","evs":{"hp":0,"atk":252,"def":0,"spa":0,"spd":0,"spe":252},"ivs":{"hp":31,"atk":31,"def":31,"spa":31,"spd":31,"spe":31}},{"name":"ThunderBird","species":"zapdos","item":"rockyhelmet","ability":"Pressure","moves":["discharge","defog","roost","heatwave"],"nature":"Bold","evs":{"hp":248,"atk":0,"def":252,"spa":0,"spd":0,"spe":8},"ivs":{"hp":31,"atk":30,"def":31,"spa":30,"spd":31,"spe":31},"shiny":true},{"name":"Thundurus","species":"Thundurus","item":"lifeorb","ability":"Prankster","moves":["thunderbolt","hiddenpowerice","knockoff","thunderwave"],"nature":"Naive","evs":{"hp":0,"atk":4,"def":0,"spa":248,"spd":0,"spe":252},"ivs":{"hp":31,"atk":30,"def":30,"spa":31,"spd":31,"spe":31}},{"name":"Sparky","species":"jolteon","item":"choicespecs","ability":"Volt Absorb","moves":["thunderbolt","shadowball","voltswitch","hiddenpowergrass"],"nature":"Timid","evs":{"hp":4,"atk":0,"def":0,"spa":252,"spd":0,"spe":252},"ivs":{"hp":31,"atk":30,"def":31,"spa":30,"spd":31,"spe":31},"shiny":true}],"p2team":[{"name":"Dragalge","species":"Dragalge","item":"dracoplate","ability":"Adaptability","moves":["dracometeor","scald","sludgebomb","toxicspikes"],"nature":"Modest","evs":{"hp":248,"atk":0,"def":0,"spa":252,"spd":8,"spe":0},"ivs":{"hp":31,"atk":31,"def":31,"spa":31,"spd":31,"spe":31}},{"name":"Kyurem-Black","species":"Kyurem-Black","item":"choicescarf","ability":"Teravolt","moves":["dragonclaw","fusionbolt","ironhead","icebeam"],"nature":"Naive","evs":{"hp":0,"atk":252,"def":0,"spa":4,"spd":0,"spe":252},"ivs":{"hp":31,"atk":31,"def":31,"spa":31,"spd":31,"spe":31}},{"name":"Altaria","species":"Altaria","item":"altarianite","ability":"Natural Cure","moves":["frustration","earthquake","dragondance","substitute"],"nature":"Adamant","evs":{"hp":0,"atk":252,"def":0,"spa":0,"spd":4,"spe":252},"happiness":0,"ivs":{"hp":31,"atk":31,"def":31,"spa":31,"spd":31,"spe":31}},{"name":"Goodra","species":"Goodra","item":"assaultvest","ability":"Sap Sipper","moves":["thunderpunch","firepunch","outrage","powerwhip"],"nature":"Adamant","evs":{"hp":248,"atk":252,"def":0,"spa":0,"spd":8,"spe":0},"ivs":{"hp":31,"atk":31,"def":31,"spa":31,"spd":31,"spe":31}},{"name":"Latios","species":"Latios","item":"lifeorb","ability":"Levitate","moves":["calmmind","dragonpulse","psyshock","shadowball"],"nature":"Timid","evs":{"hp":0,"atk":0,"def":0,"spa":252,"spd":4,"spe":252},"ivs":{"hp":31,"atk":31,"def":31,"spa":31,"spd":31,"spe":31}},{"name":"Dragonite","species":"Dragonite","item":"weaknesspolicy","ability":"Multiscale","moves":["dragonclaw","firepunch","extremespeed","ironhead"],"nature":"Adamant","evs":{"hp":248,"atk":252,"def":0,"spa":0,"spd":8,"spe":0},"ivs":{"hp":31,"atk":31,"def":31,"spa":31,"spd":31,"spe":31}}],"log":["|player|p1|Alliance - Thunder|alliancethunder.png","|player|p2|Sovereign♕Cactus|251","|gametype|singles","|gen|6","|tier|Monotype","|rated","|rule|Baton Pass Clause: Limit one Baton Passer, can't pass Spe and other stats simultaneously","|rule|Swagger Clause: Swagger is banned","|rule|Same Type Clause: Pokémon in a team must share a type","|clearpoke","|poke|p1|Manectric, F, shiny","|poke|p1|Rotom-Wash, shiny","|poke|p1|Luxray, F","|poke|p1|Zapdos, shiny","|poke|p1|Thundurus, M","|poke|p1|Jolteon, M, shiny","|poke|p2|Dragalge, F","|poke|p2|Kyurem-Black","|poke|p2|Altaria, M","|poke|p2|Goodra, M","|poke|p2|Latios, M","|poke|p2|Dragonite, M","|rule|Sleep Clause Mod: Limit one foe put to sleep","|rule|Species Clause: Limit one of each Pokémon","|rule|OHKO Clause: OHKO moves are banned","|rule|Moody Clause: Moody is banned","|rule|Evasion Moves Clause: Evasion moves are banned","|rule|Endless Battle Clause: Forcing endless battles is banned","|rule|HP Percentage Mod: HP is shown in percentages","|teampreview","|","|start","|switch|p1a: ThunderLegion|Manectric, F, shiny|282/282","|switch|p2a: Dragalge|Dragalge, F|333/333","|turn|1","|","|detailschange|p1a: ThunderLegion|Manectric-Mega, F, shiny","|-mega|p1a: ThunderLegion|Manectric|Manectite","|-ability|p1a: ThunderLegion|Intimidate","|-unboost|p2a: Dragalge|atk|1","|move|p1a: ThunderLegion|Volt Switch|p2a: Dragalge","|-resisted|p2a: Dragalge","|-damage|p2a: Dragalge|283/333","|","|switch|p1a: ClothesWasher|Rotom-Wash, shiny|303/303","|move|p2a: Dragalge|Toxic Spikes|p1a: ClothesWasher","|-sidestart|p1: Alliance - Thunder|move: Toxic Spikes","|","|turn|2","|","|move|p1a: ClothesWasher|Will-O-Wisp|p2a: Dragalge","|-status|p2a: Dragalge|brn","|move|p2a: Dragalge|Toxic Spikes|p1a: ClothesWasher","|-sidestart|p1: Alliance - Thunder|move: Toxic Spikes","|","|-damage|p2a: Dragalge|242/333 brn|[from] brn","|turn|3","|","|move|p1a: ClothesWasher|Volt Switch|p2a: Dragalge","|-resisted|p2a: Dragalge","|-damage|p2a: Dragalge|209/333 brn","|","|switch|p1a: ThunderBird|Zapdos, shiny|383/383","|-ability|p1a: ThunderBird|Pressure","|move|p2a: Dragalge|Draco Meteor|p1a: ThunderBird","|-damage|p1a: ThunderBird|1/383","|-unboost|p2a: Dragalge|spa|2","|","|-damage|p2a: Dragalge|168/333 brn|[from] brn","|turn|4","|","|switch|p2a: Kyurem-Black|Kyurem-Black|391/391","|-ability|p2a: Kyurem-Black|Teravolt","|move|p1a: ThunderBird|Defog|p2a: Kyurem-Black","|-unboost|p2a: Kyurem-Black|evasion|1","|-sideend|p1: Alliance - Thunder|Toxic Spikes|[from] move: Defog|[of] p1a: ThunderBird","|","|turn|5","|","|switch|p1a: ClothesWasher|Rotom-Wash, shiny|303/303","|move|p2a: Kyurem-Black|Dragon Claw|p1a: ClothesWasher","|-damage|p1a: ClothesWasher|183/303","|","|-heal|p1a: ClothesWasher|201/303|[from] item: Leftovers","|turn|6","|","|switch|p2a: Dragalge|Dragalge, F|168/333 brn","|move|p1a: ClothesWasher|Will-O-Wisp|p2a: Dragalge","|-fail|p2a: Dragalge|brn","|","|-heal|p1a: ClothesWasher|219/303|[from] item: Leftovers","|-damage|p2a: Dragalge|127/333 brn|[from] brn","|turn|7","|","|move|p1a: ClothesWasher|Volt Switch|p2a: Dragalge","|-resisted|p2a: Dragalge","|-damage|p2a: Dragalge|91/333 brn","|","|switch|p1a: ThunderBird|Zapdos, shiny|1/383","|-ability|p1a: ThunderBird|Pressure","|move|p2a: Dragalge|Draco Meteor|p1a: ThunderBird","|-crit|p1a: ThunderBird","|-damage|p1a: ThunderBird|0 fnt","|-unboost|p2a: Dragalge|spa|2","|faint|p1a: ThunderBird","|","|-damage|p2a: Dragalge|50/333 brn|[from] brn","|","|switch|p1a: ClothesWasher|Rotom-Wash, shiny|219/303","|turn|8","|","|move|p1a: ClothesWasher|Volt Switch|p2a: Dragalge","|-resisted|p2a: Dragalge","|-damage|p2a: Dragalge|14/333 brn","|","|switch|p1a: Sparky|Jolteon, M, shiny|272/272","|move|p2a: Dragalge|Draco Meteor|p1a: Sparky","|-damage|p1a: Sparky|82/272","|-unboost|p2a: Dragalge|spa|2","|","|-damage|p2a: Dragalge|0 fnt|[from] brn","|faint|p2a: Dragalge","|","|switch|p2a: Dragonite|Dragonite, M|385/385","|turn|9","|","|move|p2a: Dragonite|Extreme Speed|p1a: Sparky","|-damage|p1a: Sparky|0 fnt","|faint|p1a: Sparky","|","|","|switch|p1a: Thundurus|Thundurus, M|299/299","|turn|10","|","|switch|p2a: Goodra|Goodra, M|383/383","|move|p1a: Thundurus|Hidden Power|p2a: Goodra","|-supereffective|p2a: Goodra","|-damage|p2a: Goodra|300/383","|-damage|p1a: Thundurus|270/299|[from] item: Life Orb","|","|turn|11","|","|switch|p1a: ClothesWasher|Rotom-Wash, shiny|219/303","|move|p2a: Goodra|Outrage|p1a: ClothesWasher","|-damage|p1a: ClothesWasher|90/303","|","|-heal|p1a: ClothesWasher|108/303|[from] item: Leftovers","|turn|12","|","|move|p1a: ClothesWasher|Pain Split|p2a: Goodra","|-sethp|p2a: Goodra|204/383|p1a: ClothesWasher|204/303|[from] move: Pain Split","|move|p2a: Goodra|Outrage|p1a: ClothesWasher|[from]lockedmove","|-damage|p1a: ClothesWasher|77/303","|-start|p2a: Goodra|confusion|[fatigue]","|","|-heal|p1a: ClothesWasher|95/303|[from] item: Leftovers","|turn|13","|","|switch|p2a: Latios|Latios, M|301/301","|move|p1a: ClothesWasher|Pain Split|p2a: Latios","|-sethp|p2a: Latios|198/301|p1a: ClothesWasher|198/303|[from] move: Pain Split","|","|-heal|p1a: ClothesWasher|216/303|[from] item: Leftovers","|turn|14","|","|move|p2a: Latios|Calm Mind|p2a: Latios","|-boost|p2a: Latios|spa|1","|-boost|p2a: Latios|spd|1","|move|p1a: ClothesWasher|Volt Switch|p2a: Latios","|-resisted|p2a: Latios","|-damage|p2a: Latios|174/301","|","|switch|p1a: Laxus|Luxray, F|301/301","|","|-status|p1a: Laxus|tox|[from] item: Toxic Orb","|turn|15","|","|move|p2a: Latios|Dragon Pulse|p1a: Laxus","|-damage|p1a: Laxus|0 fnt","|-damage|p2a: Latios|144/301|[from] item: Life Orb","|faint|p1a: Laxus","|","|","|switch|p1a: Thundurus|Thundurus, M|270/299","|turn|16","|","|move|p1a: Thundurus|Thunder Wave|p2a: Latios","|-status|p2a: Latios|par","|move|p2a: Latios|Dragon Pulse|p1a: Thundurus","|-damage|p1a: Thundurus|0 fnt","|-damage|p2a: Latios|114/301 par|[from] item: Life Orb","|faint|p1a: Thundurus","|","|","|switch|p1a: ThunderLegion|Manectric-Mega, F, shiny|282/282","|-ability|p1a: ThunderLegion|Intimidate","|-unboost|p2a: Latios|atk|1","|turn|17","|","|move|p1a: ThunderLegion|Hidden Power|p2a: Latios","|-supereffective|p2a: Latios","|-damage|p2a: Latios|16/301 par","|move|p2a: Latios|Dragon Pulse|p1a: ThunderLegion","|-damage|p1a: ThunderLegion|0 fnt","|-damage|p2a: Latios|0 fnt|[from] item: Life Orb","|faint|p1a: ThunderLegion","|faint|p2a: Latios","|","|","|switch|p1a: ClothesWasher|Rotom-Wash, shiny|216/303","|switch|p2a: Dragonite|Dragonite, M|385/385","|turn|18","|","|move|p1a: ClothesWasher|Will-O-Wisp|p2a: Dragonite","|-status|p2a: Dragonite|brn","|move|p2a: Dragonite|Dragon Claw|p1a: ClothesWasher","|-damage|p1a: ClothesWasher|162/303","|","|-heal|p1a: ClothesWasher|180/303|[from] item: Leftovers","|-damage|p2a: Dragonite|337/385 brn|[from] brn","|turn|19","|","|move|p1a: ClothesWasher|Pain Split|p2a: Dragonite","|-sethp|p2a: Dragonite|258/385 brn|p1a: ClothesWasher|258/303|[from] move: Pain Split","|move|p2a: Dragonite|Dragon Claw|p1a: ClothesWasher","|-damage|p1a: ClothesWasher|207/303","|","|-heal|p1a: ClothesWasher|225/303|[from] item: Leftovers","|-damage|p2a: Dragonite|210/385 brn|[from] brn","|turn|20","|","|switch|p2a: Goodra|Goodra, M|204/383","|move|p1a: ClothesWasher|Volt Switch|p2a: Goodra","|-resisted|p2a: Goodra","|-damage|p2a: Goodra|184/383","|","|-heal|p1a: ClothesWasher|243/303|[from] item: Leftovers","|turn|21","|","|move|p1a: ClothesWasher|Will-O-Wisp|p2a: Goodra","|-status|p2a: Goodra|brn","|move|p2a: Goodra|Power Whip|p1a: ClothesWasher|[miss]","|-miss|p2a: Goodra|p1a: ClothesWasher","|","|-heal|p1a: ClothesWasher|261/303|[from] item: Leftovers","|-damage|p2a: Goodra|137/383 brn|[from] brn","|turn|22","|","|move|p1a: ClothesWasher|Hydro Pump|p2a: Goodra","|-resisted|p2a: Goodra","|-damage|p2a: Goodra|104/383 brn","|move|p2a: Goodra|Power Whip|p1a: ClothesWasher","|-supereffective|p1a: ClothesWasher","|-damage|p1a: ClothesWasher|175/303","|","|-heal|p1a: ClothesWasher|193/303|[from] item: Leftovers","|-damage|p2a: Goodra|57/383 brn|[from] brn","|turn|23","|","|move|p1a: ClothesWasher|Hydro Pump|p2a: Goodra|[miss]","|-miss|p1a: ClothesWasher|p2a: Goodra","|move|p2a: Goodra|Outrage|p1a: ClothesWasher","|-damage|p1a: ClothesWasher|130/303","|","|-heal|p1a: ClothesWasher|148/303|[from] item: Leftovers","|-damage|p2a: Goodra|10/383 brn|[from] brn","|turn|24","|","|move|p1a: ClothesWasher|Volt Switch|p2a: Goodra","|-crit|p2a: Goodra","|-resisted|p2a: Goodra","|-damage|p2a: Goodra|0 fnt","|faint|p2a: Goodra","|","|-heal|p1a: ClothesWasher|166/303|[from] item: Leftovers","|","|switch|p2a: Altaria|Altaria, M|291/291","|turn|25","|","|detailschange|p2a: Altaria|Altaria-Mega, M","|-mega|p2a: Altaria|Altaria|Altarianite","|move|p2a: Altaria|Substitute|p2a: Altaria","|-start|p2a: Altaria|Substitute","|-damage|p2a: Altaria|219/291","|move|p1a: ClothesWasher|Will-O-Wisp|p2a: Altaria","|-fail|p2a: Altaria","|","|-heal|p1a: ClothesWasher|184/303|[from] item: Leftovers","|turn|26","|","|move|p2a: Altaria|Dragon Dance|p2a: Altaria","|-boost|p2a: Altaria|atk|1","|-boost|p2a: Altaria|spe|1","|move|p1a: ClothesWasher|Volt Switch|p2a: Altaria","|-resisted|p2a: Altaria","|-activate|p2a: Altaria|Substitute|[damage]","|","|-heal|p1a: ClothesWasher|202/303|[from] item: Leftovers","|turn|27","|","|move|p2a: Altaria|Dragon Dance|p2a: Altaria","|-boost|p2a: Altaria|atk|1","|-boost|p2a: Altaria|spe|1","|move|p1a: ClothesWasher|Volt Switch|p2a: Altaria","|-resisted|p2a: Altaria","|-end|p2a: Altaria|Substitute","|","|-heal|p1a: ClothesWasher|220/303|[from] item: Leftovers","|turn|28","|","|move|p2a: Altaria|Substitute|p2a: Altaria","|-start|p2a: Altaria|Substitute","|-damage|p2a: Altaria|147/291","|move|p1a: ClothesWasher|Hydro Pump|p2a: Altaria|[miss]","|-miss|p1a: ClothesWasher|p2a: Altaria","|","|-heal|p1a: ClothesWasher|238/303|[from] item: Leftovers","|turn|29","|","|move|p2a: Altaria|Frustration|p1a: ClothesWasher","|-damage|p1a: ClothesWasher|0 fnt","|faint|p1a: ClothesWasher","|","|win|Sovereign♕Cactus"],"p1rating":{"entryid":"6436216","serverid":"eos","formatid":"monotype","userid":"alliancethunder","username":"Alliance - Thunder","w":"6","l":7,"t":"0","gxe":45.4,"r":"1494.0511561673","rd":"97.357288131672","sigma":"0","rptime":"1439110800","rpr":1464.2558152163,"rprd":88.187102956892,"rpsigma":"0","acre":1094.8864638215,"lacre":1094.8864638215,"oldacre":"1120.1622906767"},"p2rating":{"entryid":"6867552","serverid":"eos","formatid":"monotype","userid":"sovereigncactus","username":"Sovereign♕Cactus","w":111,"l":"134","t":"0","gxe":44.8,"r":"1456.3116450521","rd":"25","sigma":"0","rptime":"1439110800","rpr":1460.741723024,"rprd":25,"rpsigma":"0","acre":1141.6046793822,"lacre":1141.6046793822,"oldacre":"1116.328852527"},"endType":"normal"}