{"seed":[47773,28286,966,30421],"turns":39,"p1":"irock28","p2":"Seven Swell","p1team":[{"name":"Kyurem-Black","species":"Kyurem-Black","item":"choicescarf","ability":"Teravolt","moves":["icebeam","outrage","ironhead","fusionbolt"],"nature":"Naive","evs":{"hp":0,"atk":220,"def":0,"spa":36,"spd":0,"spe":252},"ivs":{"hp":31,"atk":31,"def":31,"spa":31,"spd":31,"spe":31}},{"name":"Garchomp","species":"Garchomp","item":"rockyhelmet","ability":"Rough Skin","moves":["stealthrock","dragontail","rest","earthquake"],"nature":"Impish","evs":{"hp":252,"atk":0,"def":252,"spa":0,"spd":4,"spe":0},"ivs":{"hp":31,"atk":31,"def":31,"spa":31,"spd":31,"spe":31}},{"name":"Latias","species":"Latias","item":"leftovers","ability":"Levitate","moves":["wish","healingwish","defog","surf"],"nature":"Calm","evs":{"hp":252,"atk":0,"def":252,"spa":0,"spd":4,"spe":0},"ivs":{"hp":31,"atk":0,"def":31,"spa":31,"spd":31,"spe":31},"shiny":true},{"name":"Altaria","species":"Altaria","item":"altarianite","ability":"Natural Cure","moves":["frustration","healbell","roost","dragondance"],"nature":"Impish","evs":{"hp":248,"atk":0,"def":136,"spa":0,"spd":96,"spe":28},"shiny":true,"happiness":0,"ivs":{"hp":31,"atk":31,"def":31,"spa":31,"spd":31,"spe":31}},{"name":"Latios","species":"Latios","item":"choicescarf","ability":"Levitate","moves":["psyshock","icebeam","energyball","hiddenpowerfire"],"nature":"Timid","evs":{"hp":0,"atk":0,"def":4,"spa":252,"spd":0,"spe":252},"ivs":{"hp":31,"atk":30,"def":31,"spa":30,"spd":31,"spe":30},"shiny":true},{"name":"Dragonite","species":"Dragonite","item":"choiceband","ability":"Multiscale","moves":["outrage","earthquake","extremespeed","firepunch"],"nature":"Adamant","evs":{"hp":80,"atk":252,"def":0,"spa":0,"spd":0,"spe":176},"shiny":true,"ivs":{"hp":31,"atk":31,"def":31,"spa":31,"spd":31,"spe":31}}],"p2team":[{"name":"Mew","species":"Mew","item":"leftovers","ability":"Synchronize","moves":["roost","toxic","healbell","aurasphere"],"nature":"Calm","evs":{"hp":252,"atk":0,"def":0,"spa":4,"spd":252,"spe":0},"ivs":{"hp":31,"atk":31,"def":31,"spa":31,"spd":31,"spe":31}},{"name":"Slowbro","species":"Slowbro","item":"rockyhelmet","ability":"Regenerator","moves":["scald","yawn","flamethrower","slackoff"],"nature":"Bold","evs":{"hp":252,"atk":0,"def":252,"spa":4,"spd":0,"spe":0},"ivs":{"hp":31,"atk":31,"def":31,"spa":31,"spd":31,"spe":31}},{"name":"Deoxys-Speed","species":"Deoxys-Speed","item":"focussash","ability":"Pressure","moves":["stealthrock","thunderbolt","thunderwave","icebeam"],"nature":"Timid","evs":{"hp":252,"atk":0,"def":44,"spa":0,"spd":0,"spe":212},"ivs":{"hp":31,"atk":31,"def":31,"spa":31,"spd":31,"spe":31}},{"name":"Gardevoir","species":"Gardevoir","item":"gardevoirite","ability":"Trace","moves":["hypervoice","psyshock","destinybond","thunderbolt"],"nature":"Timid","evs":{"hp":0,"atk":0,"def":4,"spa":252,"spd":0,"spe":252},"ivs":{"hp":31,"atk":0,"def":31,"spa":31,"spd":31,"spe":31}},{"name":"Latias","species":"Latias","item":"leftovers","ability":"Levitate","moves":["dracometeor","psyshock","roost","defog"],"nature":"Timid","evs":{"hp":252,"atk":0,"def":0,"spa":4,"spd":0,"spe":252},"ivs":{"hp":31,"atk":31,"def":31,"spa":31,"spd":31,"spe":31}},{"name":"Hoopa-Unbound","species":"Hoopa-Unbound","item":"focussash","ability":"Magician","moves":["hyperspacefury","drainpunch","firepunch","gunkshot"],"nature":"Adamant","evs":{"hp":0,"atk":252,"def":0,"spa":0,"spd":4,"spe":252},"ivs":{"hp":31,"atk":31,"def":31,"spa":31,"spd":31,"spe":31}}],"log":["|player|p1|irock28|169","|player|p2|Seven Swell|sevenswell.png","|gametype|singles","|gen|6","|tier|Monotype","|rated","|rule|Baton Pass Clause: Limit one Baton Passer, can't pass Spe and other stats simultaneously","|rule|Swagger Clause: Swagger is banned","|rule|Same Type Clause: Pokémon in a team must share a type","|clearpoke","|poke|p1|Kyurem-Black","|poke|p1|Garchomp, M","|poke|p1|Latias, F, shiny","|poke|p1|Altaria, M, shiny","|poke|p1|Latios, M, shiny","|poke|p1|Dragonite, F, shiny","|poke|p2|Mew","|poke|p2|Slowbro, F","|poke|p2|Deoxys-Speed","|poke|p2|Gardevoir, F","|poke|p2|Latias, F","|poke|p2|Hoopa-Unbound","|rule|Sleep Clause Mod: Limit one foe put to sleep","|rule|Species Clause: Limit one of each Pokémon","|rule|OHKO Clause: OHKO moves are banned","|rule|Moody Clause: Moody is banned","|rule|Evasion Moves Clause: Evasion moves are banned","|rule|Endless Battle Clause: Forcing endless battles is banned","|rule|HP Percentage Mod: HP is shown in percentages","|teampreview","|","|start","|switch|p1a: Garchomp|Garchomp, M|420/420","|switch|p2a: Gardevoir|Gardevoir, F|277/277","|-ability|p2a: Gardevoir|Rough Skin|[from] ability: Trace|[of] p1a: Garchomp","|turn|1","|","|detailschange|p2a: Gardevoir|Gardevoir-Mega, F","|-mega|p2a: Gardevoir|Gardevoir|Gardevoirite","|move|p2a: Gardevoir|Hyper Voice|p1a: Garchomp","|-supereffective|p1a: Garchomp","|-damage|p1a: Garchomp|0 fnt","|faint|p1a: Garchomp","|","|","|switch|p1a: Dragonite|Dragonite, F, shiny|343/343","|turn|2","|","|move|p1a: Dragonite|Extreme Speed|p2a: Gardevoir","|-damage|p2a: Gardevoir|64/277","|move|p2a: Gardevoir|Hyper Voice|p1a: Dragonite","|-supereffective|p1a: Dragonite","|-damage|p1a: Dragonite|96/343","|","|turn|3","|","|switch|p2a: Slowbro|Slowbro, F|394/394","|move|p1a: Dragonite|Extreme Speed|p2a: Slowbro","|-damage|p2a: Slowbro|281/394","|-damage|p1a: Dragonite|39/343|[from] item: Rocky Helmet|[of] p2a: Slowbro","|","|turn|4","|","|move|p1a: Dragonite|Extreme Speed|p2a: Slowbro","|-damage|p2a: Slowbro|175/394","|-damage|p1a: Dragonite|0 fnt|[from] item: Rocky Helmet|[of] p2a: Slowbro","|faint|p1a: Dragonite","|move|p2a: Slowbro|Yawn|p1: Dragonite|[notarget]","|-notarget","|","|","|switch|p1a: Latios|Latios, M, shiny|301/301","|turn|5","|","|switch|p2a: Mew|Mew|404/404","|move|p1a: Latios|Energy Ball|p2a: Mew","|-damage|p2a: Mew|321/404","|","|-heal|p2a: Mew|346/404|[from] item: Leftovers","|turn|6","|","|switch|p1a: Altaria|Altaria, M, shiny|353/353","|move|p2a: Mew|Toxic|p1a: Altaria","|-status|p1a: Altaria|tox","|","|-heal|p2a: Mew|371/404|[from] item: Leftovers","|-damage|p1a: Altaria|331/353 tox|[from] psn","|turn|7","|","|switch|p2a: Slowbro|Slowbro, F|306/394","|detailschange|p1a: Altaria|Altaria-Mega, M, shiny","|-mega|p1a: Altaria|Altaria|Altarianite","|move|p1a: Altaria|Frustration|p2a: Slowbro","|-crit|p2a: Slowbro","|-damage|p2a: Slowbro|141/394","|-damage|p1a: Altaria|273/353 tox|[from] item: Rocky Helmet|[of] p2a: Slowbro","|","|-damage|p1a: Altaria|229/353 tox|[from] psn","|turn|8","|","|move|p1a: Altaria|Heal Bell|p1a: Altaria","|-cureteam|p1a: Altaria|[from] move: HealBell","|move|p2a: Slowbro|Slack Off|p2a: Slowbro","|-heal|p2a: Slowbro|338/394","|","|turn|9","|","|move|p1a: Altaria|Roost|p1a: Altaria","|-heal|p1a: Altaria|353/353","|move|p2a: Slowbro|Yawn|p1a: Altaria","|-start|p1a: Altaria|move: Yawn|[of] p2a: Slowbro","|","|turn|10","|","|switch|p1a: Latios|Latios, M, shiny|301/301","|move|p2a: Slowbro|Scald|p1a: Latios","|-resisted|p1a: Latios","|-damage|p1a: Latios|259/301","|","|turn|11","|","|switch|p2a: Mew|Mew|371/404","|move|p1a: Latios|Energy Ball|p2a: Mew","|-damage|p2a: Mew|289/404","|","|-heal|p2a: Mew|314/404|[from] item: Leftovers","|turn|12","|","|switch|p1a: Kyurem-Black|Kyurem-Black|391/391","|-ability|p1a: Kyurem-Black|Teravolt","|move|p2a: Mew|Toxic|p1a: Kyurem-Black","|-status|p1a: Kyurem-Black|tox","|","|-heal|p2a: Mew|339/404|[from] item: Leftovers","|-damage|p1a: Kyurem-Black|367/391 tox|[from] psn","|turn|13","|","|move|p1a: Kyurem-Black|Iron Head|p2a: Mew","|-damage|p2a: Mew|222/404","|cant|p2a: Mew|flinch","|","|-heal|p2a: Mew|247/404|[from] item: Leftovers","|-damage|p1a: Kyurem-Black|319/391 tox|[from] psn","|turn|14","|","|move|p1a: Kyurem-Black|Iron Head|p2a: Mew","|-damage|p2a: Mew|142/404","|move|p2a: Mew|Roost|p2a: Mew","|-heal|p2a: Mew|344/404","|","|-heal|p2a: Mew|369/404|[from] item: Leftovers","|-damage|p1a: Kyurem-Black|247/391 tox|[from] psn","|turn|15","|","|switch|p1a: Altaria|Altaria-Mega, M, shiny|353/353","|move|p2a: Mew|Aura Sphere|p1a: Altaria","|-resisted|p1a: Altaria","|-damage|p1a: Altaria|326/353","|","|-heal|p2a: Mew|394/404|[from] item: Leftovers","|turn|16","|","|switch|p2a: Slowbro|Slowbro, F|394/394","|move|p1a: Altaria|Frustration|p2a: Slowbro","|-damage|p2a: Slowbro|274/394","|-damage|p1a: Altaria|268/353|[from] item: Rocky Helmet|[of] p2a: Slowbro","|","|turn|17","|","|move|p1a: Altaria|Heal Bell|p1a: Altaria","|-cureteam|p1a: Altaria|[from] move: HealBell","|move|p2a: Slowbro|Yawn|p1a: Altaria","|-start|p1a: Altaria|move: Yawn|[of] p2a: Slowbro","|","|turn|18","|","|switch|p1a: Kyurem-Black|Kyurem-Black|247/391","|-ability|p1a: Kyurem-Black|Teravolt","|move|p2a: Slowbro|Slack Off|p2a: Slowbro","|-heal|p2a: Slowbro|394/394","|","|turn|19","|","|switch|p2a: Latias|Latias, F|364/364","|move|p1a: Kyurem-Black|Fusion Bolt|p2a: Latias","|-resisted|p2a: Latias","|-damage|p2a: Latias|289/364","|","|-heal|p2a: Latias|311/364|[from] item: Leftovers","|turn|20","|","|switch|p1a: Altaria|Altaria-Mega, M, shiny|268/353","|move|p2a: Latias|Draco Meteor|p1a: Altaria","|-immune|p1a: Altaria|[msg]","|","|-heal|p2a: Latias|333/364|[from] item: Leftovers","|turn|21","|","|switch|p2a: Slowbro|Slowbro, F|394/394","|move|p1a: Altaria|Frustration|p2a: Slowbro","|-damage|p2a: Slowbro|282/394","|-damage|p1a: Altaria|210/353|[from] item: Rocky Helmet|[of] p2a: Slowbro","|","|turn|22","|","|move|p1a: Altaria|Roost|p1a: Altaria","|-heal|p1a: Altaria|353/353","|move|p2a: Slowbro|Yawn|p1a: Altaria","|-start|p1a: Altaria|move: Yawn|[of] p2a: Slowbro","|","|turn|23","|","|switch|p1a: Latias|Latias, F, shiny|364/364","|move|p2a: Slowbro|Scald|p1a: Latias","|-resisted|p1a: Latias","|-damage|p1a: Latias|328/364","|","|-heal|p1a: Latias|350/364|[from] item: Leftovers","|turn|24","|","|switch|p2a: Mew|Mew|394/404","|move|p1a: Latias|Wish|p1a: Latias","|","|-heal|p1a: Latias|364/364|[from] item: Leftovers","|-heal|p2a: Mew|404/404|[from] item: Leftovers","|turn|25","|","|switch|p1a: Kyurem-Black|Kyurem-Black|247/391","|-ability|p1a: Kyurem-Black|Teravolt","|move|p2a: Mew|Toxic|p1a: Kyurem-Black","|-status|p1a: Kyurem-Black|tox","|","|-heal|p1a: Kyurem-Black|391/391 tox|[from] move: Wish|[wisher] Latias","|-damage|p1a: Kyurem-Black|367/391 tox|[from] psn","|turn|26","|","|move|p1a: Kyurem-Black|Fusion Bolt|p2a: Mew","|-damage|p2a: Mew|257/404","|move|p2a: Mew|Roost|p2a: Mew","|-heal|p2a: Mew|404/404","|","|-damage|p1a: Kyurem-Black|319/391 tox|[from] psn","|turn|27","|","|move|p1a: Kyurem-Black|Fusion Bolt|p2a: Mew","|-damage|p2a: Mew|267/404","|move|p2a: Mew|Aura Sphere|p1a: Kyurem-Black","|-supereffective|p1a: Kyurem-Black","|-damage|p1a: Kyurem-Black|163/391 tox","|","|-heal|p2a: Mew|292/404|[from] item: Leftovers","|-damage|p1a: Kyurem-Black|91/391 tox|[from] psn","|turn|28","|","|switch|p1a: Altaria|Altaria-Mega, M, shiny|353/353","|move|p2a: Mew|Roost|p2a: Mew","|-heal|p2a: Mew|404/404","|","|turn|29","|","|switch|p2a: Slowbro|Slowbro, F|394/394","|move|p1a: Altaria|Dragon Dance|p1a: Altaria","|-boost|p1a: Altaria|atk|1","|-boost|p1a: Altaria|spe|1","|","|turn|30","|","|move|p1a: Altaria|Frustration|p2a: Slowbro","|-damage|p2a: Slowbro|222/394","|-damage|p1a: Altaria|295/353|[from] item: Rocky Helmet|[of] p2a: Slowbro","|move|p2a: Slowbro|Yawn|p1a: Altaria","|-start|p1a: Altaria|move: Yawn|[of] p2a: Slowbro","|","|turn|31","|","|switch|p1a: Latios|Latios, M, shiny|259/301","|switch|p2a: Hoopa-Unbound|Hoopa-Unbound|301/301","|","|turn|32","|","|move|p1a: Latios|Energy Ball|p2a: Hoopa-Unbound","|-damage|p2a: Hoopa-Unbound|210/301","|move|p2a: Hoopa-Unbound|Hyperspace Fury|p1a: Latios","|-supereffective|p1a: Latios","|-damage|p1a: Latios|0 fnt","|-unboost|p2a: Hoopa-Unbound|def|1","|faint|p1a: Latios","|","|","|switch|p1a: Altaria|Altaria-Mega, M, shiny|295/353","|turn|33","|","|move|p2a: Hoopa-Unbound|Gunk Shot|p1a: Altaria","|-supereffective|p1a: Altaria","|-damage|p1a: Altaria|35/353","|move|p1a: Altaria|Frustration|p2a: Hoopa-Unbound","|-supereffective|p2a: Hoopa-Unbound","|-damage|p2a: Hoopa-Unbound|0 fnt","|faint|p2a: Hoopa-Unbound","|","|","|switch|p2a: Deoxys-Speed|Deoxys-Speed|304/304","|-ability|p2a: Deoxys-Speed|Pressure","|turn|34","|","|switch|p1a: Latias|Latias, F, shiny|364/364","|move|p2a: Deoxys-Speed|Ice Beam|p1a: Latias","|-supereffective|p1a: Latias","|-damage|p1a: Latias|260/364","|","|-heal|p1a: Latias|282/364|[from] item: Leftovers","|turn|35","|","|move|p2a: Deoxys-Speed|Thunder Wave|p1a: Latias","|-status|p1a: Latias|par","|move|p1a: Latias|Wish|p1a: Latias","|","|-heal|p1a: Latias|304/364 par|[from] item: Leftovers","|turn|36","|","|switch|p1a: Kyurem-Black|Kyurem-Black|91/391 tox","|-ability|p1a: Kyurem-Black|Teravolt","|move|p2a: Deoxys-Speed|Ice Beam|p1a: Kyurem-Black","|-damage|p1a: Kyurem-Black|5/391 tox","|","|-heal|p1a: Kyurem-Black|187/391 tox|[from] move: Wish|[wisher] Latias","|-damage|p1a: Kyurem-Black|163/391 tox|[from] psn","|turn|37","|","|move|p2a: Deoxys-Speed|Stealth Rock|p1a: Kyurem-Black","|-sidestart|p1: irock28|move: Stealth Rock","|move|p1a: Kyurem-Black|Outrage|p2a: Deoxys-Speed","|-damage|p2a: Deoxys-Speed|48/304","|","|-damage|p1a: Kyurem-Black|115/391 tox|[from] psn","|turn|38","|","|switch|p2a: Gardevoir|Gardevoir-Mega, F|64/277","|move|p1a: Kyurem-Black|Outrage|p2a: Gardevoir|[from]lockedmove","|-immune|p2a: Gardevoir|[msg]","|-start|p1a: Kyurem-Black|confusion|[fatigue]","|","|-damage|p1a: Kyurem-Black|43/391 tox|[from] psn","|turn|39","|","|switch|p1a: Latias|Latias, F, shiny|304/364 par","|-damage|p1a: Latias|259/364 par|[from] Stealth Rock","|move|p2a: Gardevoir|Hyper Voice|p1a: Latias","|-supereffective|p1a: Latias","|-damage|p1a: Latias|0 fnt","|faint|p1a: Latias","|","|","|switch|p1a: Altaria|Altaria-Mega, M, shiny|35/353","|-damage|p1a: Altaria|0 fnt|[from] Stealth Rock","|faint|p1a: Altaria","|","|switch|p1a: Kyurem-Black|Kyurem-Black|43/391 tox","|-damage|p1a: Kyurem-Black|0 fnt|[from] Stealth Rock","|faint|p1a: Kyurem-Black","|","|win|Seven Swell"],"p1rating":{"entryid":"7525190","serverid":"eos","formatid":"monotype","userid":"irock28","username":"irock28","w":"2","l":1,"t":"0","gxe":54.6,"r":"1500","rd":"130","sigma":"0","rptime":"1439110800","rpr":1536.5066901893,"rprd":110.75913313063,"rpsigma":"0","acre":1065.1477012903,"lacre":1065.1477012903,"oldacre":"1075.7696846678"},"p2rating":{"entryid":"7267988","serverid":"eos","formatid":"monotype","userid":"sevenswell","username":"Seven Swell","w":40,"l":"24","t":"0","gxe":64.6,"r":"1609.0070414774","rd":"47.069548194523","sigma":"0","rptime":"1439110800","rpr":1614.1457049203,"rprd":45.306989778423,"rpsigma":"0","acre":1280.3666517111,"lacre":1280.3666517111,"oldacre":"1267.9377278702"},"endType":"normal"}