{"seed":[42669,13074,34379,48552],"turns":18,"p1":"sl ice rapton","p2":"In da mix","p1team":[{"name":"Aurorus","species":"Aurorus","item":"focussash","ability":"Snow Warning","moves":["stealthrock","encore","ancientpower","thunderwave"],"nature":"","evs":{"hp":252,"atk":0,"def":4,"spa":0,"spd":252,"spe":0},"ivs":{"hp":31,"atk":31,"def":31,"spa":31,"spd":31,"spe":31}},{"name":"Avalugg","species":"Avalugg","item":"rockyhelmet","ability":"Sturdy","moves":["rapidspin","recover","avalanche","earthquake"],"nature":"Impish","evs":{"hp":252,"atk":4,"def":252,"spa":0,"spd":0,"spe":0},"ivs":{"hp":31,"atk":31,"def":31,"spa":31,"spd":31,"spe":31}},{"name":"Kyurem-Black","species":"Kyurem-Black","item":"lumberry","ability":"Teravolt","moves":["outrage","fusionbolt","ironhead","honeclaws"],"nature":"","evs":{"hp":4,"atk":252,"def":0,"spa":0,"spd":0,"spe":252},"ivs":{"hp":31,"atk":31,"def":31,"spa":31,"spd":31,"spe":31}},{"name":"Mamoswine","species":"Mamoswine","item":"choicescarf","ability":"Thick Fat","moves":["earthquake","iciclecrash","superpower","rockslide"],"nature":"Jolly","evs":{"hp":4,"atk":252,"def":0,"spa":0,"spd":0,"spe":252},"ivs":{"hp":31,"atk":31,"def":31,"spa":31,"spd":31,"spe":31}},{"name":"Cloyster","species":"Cloyster","item":"focussash","ability":"Skill Link","moves":["iciclespear","rockblast","shellsmash","rapidspin"],"nature":"Adamant","evs":{"hp":0,"atk":252,"def":0,"spa":0,"spd":4,"spe":252},"ivs":{"hp":31,"atk":31,"def":31,"spa":31,"spd":31,"spe":31}},{"name":"Froslass","species":"Froslass","item":"airballoon","ability":"Cursed Body","moves":["spikes","thunderwave","psychic","icebeam"],"nature":"","evs":{"hp":0,"atk":0,"def":0,"spa":0,"spd":0,"spe":0},"ivs":{"hp":31,"atk":31,"def":31,"spa":31,"spd":31,"spe":31}}],"p2team":[{"name":"Charizard","species":"Charizard","item":"charizarditey","ability":"Blaze","moves":["solarbeam","roost","fireblast","airslash"],"nature":"Timid","evs":{"hp":0,"atk":0,"def":0,"spa":252,"spd":4,"spe":252},"ivs":{"hp":31,"atk":31,"def":31,"spa":31,"spd":31,"spe":31}},{"name":"Infernape","species":"Infernape","item":"focussash","ability":"Iron Fist","moves":["closecombat","machpunch","thunderpunch","flareblitz"],"nature":"Jolly","evs":{"hp":0,"atk":252,"def":0,"spa":0,"spd":4,"spe":252},"ivs":{"hp":31,"atk":31,"def":31,"spa":31,"spd":31,"spe":31}},{"name":"Victini","species":"Victini","item":"choicescarf","ability":"Victory Star","moves":["boltstrike","vcreate","zenheadbutt","blueflare"],"nature":"Jolly","evs":{"hp":0,"atk":252,"def":0,"spa":0,"spd":4,"spe":252},"ivs":{"hp":31,"atk":31,"def":31,"spa":31,"spd":31,"spe":31}},{"name":"Torkoal","species":"Torkoal","item":"leftovers","ability":"Shell Armor","moves":["rapidspin","stealthrock","yawn","lavaplume"],"nature":"Bold","evs":{"hp":252,"atk":0,"def":252,"spa":4,"spd":0,"spe":0},"ivs":{"hp":31,"atk":31,"def":31,"spa":31,"spd":31,"spe":31}},{"name":"Heatran","species":"Heatran","item":"airballoon","ability":"Flash Fire","moves":["earthpower","lavaplume","ironhead","toxic"],"nature":"Modest","evs":{"hp":248,"atk":0,"def":0,"spa":252,"spd":8,"spe":0},"ivs":{"hp":31,"atk":31,"def":31,"spa":31,"spd":31,"spe":31}},{"name":"Entei","species":"Entei","item":"lifeorb","ability":"Pressure","moves":["extremespeed","stoneedge","sacredfire","ironhead"],"nature":"Adamant","evs":{"hp":0,"atk":252,"def":0,"spa":0,"spd":4,"spe":252},"shiny":true,"ivs":{"hp":31,"atk":31,"def":31,"spa":31,"spd":31,"spe":31}}],"log":["|player|p1|sl ice rapton|225","|player|p2|In da mix|168","|gametype|singles","|gen|6","|tier|Monotype","|rated","|rule|Baton Pass Clause: Limit one Baton Passer, can't pass Spe and other stats simultaneously","|rule|Swagger Clause: Swagger is banned","|rule|Same Type Clause: Pokémon in a team must share a type","|clearpoke","|poke|p1|Aurorus, F","|poke|p1|Avalugg, F","|poke|p1|Kyurem-Black","|poke|p1|Mamoswine, M","|poke|p1|Cloyster, M","|poke|p1|Froslass, F","|poke|p2|Charizard, F","|poke|p2|Infernape, M","|poke|p2|Victini","|poke|p2|Torkoal, F","|poke|p2|Heatran, F","|poke|p2|Entei, shiny","|rule|Sleep Clause Mod: Limit one foe put to sleep","|rule|Species Clause: Limit one of each Pokémon","|rule|OHKO Clause: OHKO moves are banned","|rule|Moody Clause: Moody is banned","|rule|Evasion Moves Clause: Evasion moves are banned","|rule|Endless Battle Clause: Forcing endless battles is banned","|rule|HP Percentage Mod: HP is shown in percentages","|teampreview","|","|start","|switch|p1a: Aurorus|Aurorus, F|450/450","|switch|p2a: Heatran|Heatran, F|385/385","|-item|p2a: Heatran|Air Balloon","|-weather|Hail","|turn|1","|","|move|p2a: Heatran|Iron Head|p1a: Aurorus","|-supereffective|p1a: Aurorus","|-damage|p1a: Aurorus|62/450","|move|p1a: Aurorus|Stealth Rock|p2a: Heatran","|-sidestart|p2: In da mix|move: Stealth Rock","|","|-weather|Hail|[upkeep]","|-damage|p2a: Heatran|361/385|[from] hail","|turn|2","|","|move|p2a: Heatran|Iron Head|p1a: Aurorus","|-supereffective|p1a: Aurorus","|-damage|p1a: Aurorus|0 fnt","|faint|p1a: Aurorus","|","|-weather|Hail|[upkeep]","|-damage|p2a: Heatran|337/385|[from] hail","|","|switch|p1a: Froslass|Froslass, F|281/281","|-item|p1a: Froslass|Air Balloon","|turn|3","|","|move|p1a: Froslass|Thunder Wave|p2a: Heatran","|-status|p2a: Heatran|par","|move|p2a: Heatran|Toxic|p1a: Froslass","|-status|p1a: Froslass|tox","|","|-weather|Hail|[upkeep]","|-damage|p2a: Heatran|313/385 par|[from] hail","|-damage|p1a: Froslass|264/281 tox|[from] psn","|turn|4","|","|switch|p2a: Torkoal|Torkoal, F|344/344","|-damage|p2a: Torkoal|258/344|[from] Stealth Rock","|move|p1a: Froslass|Ice Beam|p2a: Torkoal","|-resisted|p2a: Torkoal","|-damage|p2a: Torkoal|202/344","|","|-weather|Hail|[upkeep]","|-damage|p2a: Torkoal|181/344|[from] hail","|-heal|p2a: Torkoal|202/344|[from] item: Leftovers","|-damage|p1a: Froslass|230/281 tox|[from] psn","|turn|5","|","|move|p1a: Froslass|Thunder Wave|p2a: Torkoal","|-status|p2a: Torkoal|par","|move|p2a: Torkoal|Stealth Rock|p1a: Froslass","|-sidestart|p1: sl ice rapton|move: Stealth Rock","|","|-weather|none","|-heal|p2a: Torkoal|223/344 par|[from] item: Leftovers","|-damage|p1a: Froslass|179/281 tox|[from] psn","|turn|6","|","|move|p1a: Froslass|Psychic|p2a: Torkoal","|-damage|p2a: Torkoal|145/344 par","|move|p2a: Torkoal|Lava Plume|p1a: Froslass","|-supereffective|p1a: Froslass","|-damage|p1a: Froslass|0 fnt","|-start|p2a: Torkoal|Disable|Lava Plume","|-enditem|p1a: Froslass|Air Balloon","|faint|p1a: Froslass","|","|-heal|p2a: Torkoal|166/344 par|[from] item: Leftovers","|","|switch|p1a: Avalugg|Avalugg, F|394/394","|-damage|p1a: Avalugg|296/394|[from] Stealth Rock","|turn|7","|","|move|p1a: Avalugg|Rapid Spin|p2a: Torkoal","|-damage|p2a: Torkoal|156/344 par","|-sideend|p1: sl ice rapton|Stealth Rock|[from] move: Rapid Spin|[of] p1a: Avalugg","|move|p2a: Torkoal|Rapid Spin|p1a: Avalugg","|-damage|p1a: Avalugg|290/394","|-damage|p2a: Torkoal|99/344 par|[from] item: Rocky Helmet|[of] p1a: Avalugg","|-sideend|p2: In da mix|Stealth Rock|[from] move: Rapid Spin|[of] p2a: Torkoal","|","|-heal|p2a: Torkoal|120/344 par|[from] item: Leftovers","|turn|8","|","|move|p1a: Avalugg|Earthquake|p2a: Torkoal","|-supereffective|p2a: Torkoal","|-damage|p2a: Torkoal|22/344 par","|cant|p2a: Torkoal|par","|","|-heal|p2a: Torkoal|43/344 par|[from] item: Leftovers","|turn|9","|","|switch|p2a: Charizard|Charizard, F|297/297","|move|p1a: Avalugg|Earthquake|p2a: Charizard","|-immune|p2a: Charizard|[msg]","|","|turn|10","|","|detailschange|p2a: Charizard|Charizard-Mega-Y, F","|-mega|p2a: Charizard|Charizard|Charizardite Y","|-weather|SunnyDay","|move|p2a: Charizard|Fire Blast|p1a: Avalugg","|-supereffective|p1a: Avalugg","|-damage|p1a: Avalugg|0 fnt","|faint|p1a: Avalugg","|","|-weather|SunnyDay|[upkeep]","|","|switch|p1a: Cloyster|Cloyster, M|241/241","|turn|11","|","|move|p2a: Charizard|Solar Beam|p1a: Cloyster|[still]","|-prepare|p2a: Charizard|Solar Beam|p1a: Cloyster","|-anim|p2a: Charizard|Solar Beam|p1a: Cloyster","|-supereffective|p1a: Cloyster","|-enditem|p1a: Cloyster|Focus Sash","|-damage|p1a: Cloyster|1/241","|move|p1a: Cloyster|Shell Smash|p1a: Cloyster","|-unboost|p1a: Cloyster|def|1","|-unboost|p1a: Cloyster|spd|1","|-boost|p1a: Cloyster|atk|2","|-boost|p1a: Cloyster|spa|2","|-boost|p1a: Cloyster|spe|2","|","|-weather|SunnyDay|[upkeep]","|turn|12","|","|switch|p2a: Torkoal|Torkoal, F|43/344 par","|move|p1a: Cloyster|Rock Blast|p2a: Torkoal","|-supereffective|p2a: Torkoal","|-damage|p2a: Torkoal|0 fnt","|-hitcount|p2a: Torkoal|1","|faint|p2a: Torkoal","|","|-weather|SunnyDay|[upkeep]","|","|switch|p2a: Infernape|Infernape, M|293/293","|turn|13","|","|move|p2a: Infernape|Mach Punch|p1a: Cloyster","|-supereffective|p1a: Cloyster","|-damage|p1a: Cloyster|0 fnt","|faint|p1a: Cloyster","|","|-weather|SunnyDay|[upkeep]","|","|switch|p1a: Mamoswine|Mamoswine, M|362/362","|turn|14","|","|move|p1a: Mamoswine|Earthquake|p2a: Infernape","|-supereffective|p2a: Infernape","|-enditem|p2a: Infernape|Focus Sash","|-damage|p2a: Infernape|1/293","|move|p2a: Infernape|Close Combat|p1a: Mamoswine","|-supereffective|p1a: Mamoswine","|-damage|p1a: Mamoswine|0 fnt","|-unboost|p2a: Infernape|def|1","|-unboost|p2a: Infernape|spd|1","|faint|p1a: Mamoswine","|","|-weather|none","|","|switch|p1a: Kyurem-Black|Kyurem-Black|392/392","|-ability|p1a: Kyurem-Black|Teravolt","|turn|15","|","|switch|p2a: Heatran|Heatran, F|313/385 par","|-item|p2a: Heatran|Air Balloon","|move|p1a: Kyurem-Black|Fusion Bolt|p2a: Heatran","|-damage|p2a: Heatran|186/385 par","|-enditem|p2a: Heatran|Air Balloon","|","|turn|16","|","|move|p1a: Kyurem-Black|Hone Claws|p1a: Kyurem-Black","|-boost|p1a: Kyurem-Black|atk|1","|-boost|p1a: Kyurem-Black|accuracy|1","|move|p2a: Heatran|Iron Head|p1a: Kyurem-Black","|-crit|p1a: Kyurem-Black","|-supereffective|p1a: Kyurem-Black","|-damage|p1a: Kyurem-Black|156/392","|","|turn|17","|","|move|p1a: Kyurem-Black|Outrage|p2a: Heatran","|-resisted|p2a: Heatran","|-damage|p2a: Heatran|0 fnt","|faint|p2a: Heatran","|","|","|switch|p2a: Infernape|Infernape, M|1/293","|turn|18","|","|move|p2a: Infernape|Close Combat|p1a: Kyurem-Black","|-supereffective|p1a: Kyurem-Black","|-damage|p1a: Kyurem-Black|0 fnt","|-unboost|p2a: Infernape|def|1","|-unboost|p2a: Infernape|spd|1","|faint|p1a: Kyurem-Black","|","|win|In da mix"],"p1rating":{"entryid":"7497722","serverid":"eos","formatid":"monotype","userid":"slicerapton","username":"sl ice rapton","w":"10","l":5,"t":"0","gxe":57,"r":"1527.8644024715","rd":"123.01328871718","sigma":"0","rptime":"1439110800","rpr":1554.435894627,"rprd":78.656504460884,"rpsigma":"0","acre":1099.6892559848,"lacre":1099.6892559848,"oldacre":"1133.8721120632"},"p2rating":{"entryid":7525711,"formatid":"monotype","userid":"indamix","username":"In da mix","r":1500,"rd":130,"sigma":0,"rpr":1543.441983189,"rprd":122.79400687405,"rpsigma":0,"rptime":1439110800,"w":1,"l":0,"t":0,"gxe":55.4,"acre":1054.6925697254,"lacre":1054.6925697254,"oldacre":1000},"endType":"normal"}