{"seed":[62753,8623,37032,28940],"turns":27,"p1":"Grass Photon","p2":"Crystal Blade64","p1team":[{"name":"Venusaur","species":"Venusaur","item":"venusaurite","ability":"Overgrow","moves":["earthquake","powerwhip","curse","synthesis"],"nature":"Adamant","evs":{"hp":216,"atk":252,"def":40,"spa":0,"spd":0,"spe":0},"ivs":{"hp":31,"atk":30,"def":30,"spa":31,"spd":31,"spe":31}},{"name":"Celebi","species":"Celebi","item":"lightclay","ability":"Natural Cure","moves":["reflect","lightscreen","recover","gigadrain"],"nature":"Calm","evs":{"hp":248,"atk":0,"def":0,"spa":0,"spd":224,"spe":36},"ivs":{"hp":31,"atk":31,"def":31,"spa":31,"spd":31,"spe":31}},{"name":"Ludicolo","species":"Ludicolo","item":"choicespecs","ability":"Swift Swim","moves":["energyball","hiddenpowerfire","surf","icebeam"],"nature":"Modest","evs":{"hp":0,"atk":0,"def":0,"spa":252,"spd":4,"spe":252},"ivs":{"hp":31,"atk":30,"def":31,"spa":30,"spd":31,"spe":30}},{"name":"Ferrothorn","species":"Ferrothorn","item":"rockyhelmet","ability":"Iron Barbs","moves":["leechseed","stealthrock","thunderwave","gyroball"],"nature":"Relaxed","evs":{"hp":252,"atk":0,"def":252,"spa":0,"spd":0,"spe":0},"ivs":{"hp":31,"atk":31,"def":31,"spa":31,"spd":31,"spe":0}},{"name":"Cradily","species":"Cradily","item":"leftovers","ability":"Suction Cups","moves":["stoneedge","recover","toxic","stealthrock"],"nature":"Careful","evs":{"hp":0,"atk":0,"def":0,"spa":252,"spd":0,"spe":252},"ivs":{"hp":31,"atk":31,"def":31,"spa":31,"spd":31,"spe":31}},{"name":"Roserade","species":"Roserade","item":"choicescarf","ability":"Technician","moves":["sludgebomb","energyball","hiddenpowerice","shadowball"],"nature":"Modest","evs":{"hp":0,"atk":0,"def":0,"spa":252,"spd":0,"spe":252},"ivs":{"hp":31,"atk":30,"def":30,"spa":31,"spd":31,"spe":31}}],"p2team":[{"name":"Not DEG","species":"gengar","item":"lifeorb","ability":"Levitate","moves":["dazzlinggleam","shadowball","sludgewave","destinybond"],"nature":"Timid","evs":{"hp":0,"atk":0,"def":0,"spa":252,"spd":4,"spe":252},"ivs":{"hp":31,"atk":31,"def":31,"spa":31,"spd":31,"spe":31}},{"name":"Poison Point","species":"nidoking","item":"lifeorb","ability":"Sheer Force","moves":["earthpower","icebeam","fireblast","sludgewave"],"nature":"Timid","evs":{"hp":0,"atk":0,"def":0,"spa":252,"spd":4,"spe":252},"ivs":{"hp":31,"atk":31,"def":31,"spa":31,"spd":31,"spe":31}},{"name":"Original Name","species":"venusaur","item":"venusaurite","ability":"Overgrow","moves":["leechseed","synthesis","gigadrain","sludgebomb"],"nature":"Bold","evs":{"hp":248,"atk":0,"def":252,"spa":8,"spd":0,"spe":0},"ivs":{"hp":31,"atk":31,"def":31,"spa":31,"spd":31,"spe":31}},{"name":"Name not included","species":"dragalge","item":"choicespecs","ability":"Adaptability","moves":["dracometeor","sludgewave","thunder","hydropump"],"nature":"Modest","evs":{"hp":248,"atk":0,"def":0,"spa":252,"spd":8,"spe":0},"ivs":{"hp":31,"atk":31,"def":31,"spa":31,"spd":31,"spe":31}},{"name":"Totally not BP","species":"scolipede","item":"blacksludge","ability":"Speed Boost","moves":["protect","megahorn","earthquake","batonpass"],"nature":"Timid","evs":{"hp":248,"atk":0,"def":0,"spa":0,"spd":8,"spe":252},"ivs":{"hp":31,"atk":31,"def":31,"spa":31,"spd":31,"spe":31}},{"name":"Brobat","species":"crobat","item":"blacksludge","ability":"Infiltrator","moves":["bravebird","defog","haze","roost"],"nature":"Jolly","evs":{"hp":252,"atk":4,"def":0,"spa":0,"spd":0,"spe":252},"ivs":{"hp":31,"atk":31,"def":31,"spa":31,"spd":31,"spe":31}}],"log":["|player|p1|Grass Photon|66","|player|p2|Crystal Blade64|165","|gametype|singles","|gen|6","|tier|Monotype","|rated","|rule|Baton Pass Clause: Limit one Baton Passer, can't pass Spe and other stats simultaneously","|rule|Swagger Clause: Swagger is banned","|rule|Same Type Clause: Pokémon in a team must share a type","|clearpoke","|poke|p1|Venusaur, M","|poke|p1|Celebi","|poke|p1|Ludicolo, F","|poke|p1|Ferrothorn, M","|poke|p1|Cradily, F","|poke|p1|Roserade, M","|poke|p2|Gengar, F","|poke|p2|Nidoking, M","|poke|p2|Venusaur, F","|poke|p2|Dragalge, F","|poke|p2|Scolipede, F","|poke|p2|Crobat, M","|rule|Sleep Clause Mod: Limit one foe put to sleep","|rule|Species Clause: Limit one of each Pokémon","|rule|OHKO Clause: OHKO moves are banned","|rule|Moody Clause: Moody is banned","|rule|Evasion Moves Clause: Evasion moves are banned","|rule|Endless Battle Clause: Forcing endless battles is banned","|rule|HP Percentage Mod: HP is shown in percentages","|teampreview","|","|start","|switch|p1a: Ludicolo|Ludicolo, F|301/301","|switch|p2a: Brobat|Crobat, M|374/374","|turn|1","|","|switch|p1a: Ferrothorn|Ferrothorn, M|352/352","|move|p2a: Brobat|Brave Bird|p1a: Ferrothorn","|-damage|p1a: Ferrothorn|270/352","|-damage|p2a: Brobat|328/374|[from] ability: Iron Barbs|[of] p1a: Ferrothorn","|-damage|p2a: Brobat|266/374|[from] item: Rocky Helmet|[of] p1a: Ferrothorn","|-damage|p2a: Brobat|239/374|[from] recoil|[of] p1a: Ferrothorn","|","|-heal|p2a: Brobat|262/374|[from] item: Black Sludge","|turn|2","|","|switch|p2a: Totally not BP|Scolipede, F|323/323","|move|p1a: Ferrothorn|Stealth Rock|p2a: Totally not BP","|-sidestart|p2: Crystal Blade64|move: Stealth Rock","|","|turn|3","|","|move|p2a: Totally not BP|Earthquake|p1a: Ferrothorn","|-damage|p1a: Ferrothorn|231/352","|move|p1a: Ferrothorn|Leech Seed|p2a: Totally not BP","|-start|p2a: Totally not BP|move: Leech Seed","|","|-damage|p2a: Totally not BP|283/323|[from] Leech Seed|[of] p1a: Ferrothorn","|-heal|p1a: Ferrothorn|271/352|[silent]","|-boost|p2a: Totally not BP|spe|1|[from] ability: Speed Boost","|turn|4","|","|move|p2a: Totally not BP|Protect|p2a: Totally not BP","|-singleturn|p2a: Totally not BP|Protect","|move|p1a: Ferrothorn|Gyro Ball|p2a: Totally not BP","|-activate|p2a: Totally not BP|Protect","|","|-heal|p2a: Totally not BP|303/323|[from] item: Black Sludge","|-damage|p2a: Totally not BP|263/323|[from] Leech Seed|[of] p1a: Ferrothorn","|-heal|p1a: Ferrothorn|311/352|[silent]","|-boost|p2a: Totally not BP|spe|1|[from] ability: Speed Boost","|turn|5","|","|move|p2a: Totally not BP|Baton Pass|p2a: Totally not BP","|","|switch|p2a: Brobat|Crobat, M|262/374","|-damage|p2a: Brobat|169/374|[from] Stealth Rock","|move|p1a: Ferrothorn|Gyro Ball|p2a: Brobat","|-damage|p2a: Brobat|0 fnt","|faint|p2a: Brobat","|","|","|switch|p2a: Name not included|Dragalge, F|333/333","|-damage|p2a: Name not included|292/333|[from] Stealth Rock","|turn|6","|","|move|p2a: Name not included|Draco Meteor|p1a: Ferrothorn","|-crit|p1a: Ferrothorn","|-resisted|p1a: Ferrothorn","|-damage|p1a: Ferrothorn|47/352","|-unboost|p2a: Name not included|spa|2","|move|p1a: Ferrothorn|Leech Seed|p2a: Name not included","|-start|p2a: Name not included|move: Leech Seed","|","|-damage|p2a: Name not included|251/333|[from] Leech Seed|[of] p1a: Ferrothorn","|-heal|p1a: Ferrothorn|88/352|[silent]","|turn|7","|","|switch|p2a: Totally not BP|Scolipede, F|263/323","|-damage|p2a: Totally not BP|183/323|[from] Stealth Rock","|move|p1a: Ferrothorn|Thunder Wave|p2a: Totally not BP","|-status|p2a: Totally not BP|par","|","|-heal|p2a: Totally not BP|203/323 par|[from] item: Black Sludge","|turn|8","|","|move|p2a: Totally not BP|Protect|p2a: Totally not BP","|-singleturn|p2a: Totally not BP|Protect","|move|p1a: Ferrothorn|Leech Seed|p2a: Totally not BP","|-activate|p2a: Totally not BP|Protect","|","|-heal|p2a: Totally not BP|223/323 par|[from] item: Black Sludge","|-boost|p2a: Totally not BP|spe|1|[from] ability: Speed Boost","|turn|9","|","|cant|p2a: Totally not BP|par","|move|p1a: Ferrothorn|Gyro Ball|p2a: Totally not BP","|-damage|p2a: Totally not BP|120/323 par","|","|-heal|p2a: Totally not BP|140/323 par|[from] item: Black Sludge","|-boost|p2a: Totally not BP|spe|1|[from] ability: Speed Boost","|turn|10","|","|cant|p2a: Totally not BP|par","|move|p1a: Ferrothorn|Leech Seed|p2a: Totally not BP","|-start|p2a: Totally not BP|move: Leech Seed","|","|-heal|p2a: Totally not BP|160/323 par|[from] item: Black Sludge","|-damage|p2a: Totally not BP|120/323 par|[from] Leech Seed|[of] p1a: Ferrothorn","|-heal|p1a: Ferrothorn|128/352|[silent]","|-boost|p2a: Totally not BP|spe|1|[from] ability: Speed Boost","|turn|11","|","|move|p2a: Totally not BP|Baton Pass|p2a: Totally not BP","|","|switch|p2a: Name not included|Dragalge, F|251/333","|-damage|p2a: Name not included|210/333|[from] Stealth Rock","|move|p1a: Ferrothorn|Gyro Ball|p2a: Name not included","|-damage|p2a: Name not included|17/333","|","|-damage|p2a: Name not included|0 fnt|[from] Leech Seed|[of] p1a: Ferrothorn","|-heal|p1a: Ferrothorn|145/352|[silent]","|faint|p2a: Name not included","|","|switch|p2a: Not DEG|Gengar, F|261/261","|-damage|p2a: Not DEG|229/261|[from] Stealth Rock","|turn|12","|","|switch|p1a: Cradily|Cradily, F|313/313","|move|p2a: Not DEG|Shadow Ball|p1a: Cradily","|-damage|p1a: Cradily|153/313","|-unboost|p1a: Cradily|spd|1","|-damage|p2a: Not DEG|203/261|[from] item: Life Orb","|","|-heal|p1a: Cradily|172/313|[from] item: Leftovers","|turn|13","|","|switch|p1a: Ferrothorn|Ferrothorn, M|145/352","|move|p2a: Not DEG|Shadow Ball|p1a: Ferrothorn","|-damage|p1a: Ferrothorn|0 fnt","|-damage|p2a: Not DEG|177/261|[from] item: Life Orb","|faint|p1a: Ferrothorn","|","|","|switch|p1a: Roserade|Roserade, M|261/261","|turn|14","|","|move|p1a: Roserade|Shadow Ball|p2a: Not DEG","|-crit|p2a: Not DEG","|-supereffective|p2a: Not DEG","|-damage|p2a: Not DEG|0 fnt","|faint|p2a: Not DEG","|","|","|switch|p2a: Totally not BP|Scolipede, F|120/323 par","|-damage|p2a: Totally not BP|40/323 par|[from] Stealth Rock","|turn|15","|","|move|p2a: Totally not BP|Protect|p2a: Totally not BP","|-singleturn|p2a: Totally not BP|Protect","|move|p1a: Roserade|Shadow Ball|p2a: Totally not BP","|-activate|p2a: Totally not BP|Protect","|","|-heal|p2a: Totally not BP|60/323 par|[from] item: Black Sludge","|-boost|p2a: Totally not BP|spe|1|[from] ability: Speed Boost","|turn|16","|","|move|p1a: Roserade|Shadow Ball|p2a: Totally not BP","|-damage|p2a: Totally not BP|0 fnt","|faint|p2a: Totally not BP","|","|","|switch|p2a: Poison Point|Nidoking, M|303/303","|-damage|p2a: Poison Point|285/303|[from] Stealth Rock","|turn|17","|","|switch|p1a: Cradily|Cradily, F|172/313","|move|p2a: Poison Point|Ice Beam|p1a: Cradily","|-supereffective|p1a: Cradily","|-damage|p1a: Cradily|0 fnt","|faint|p1a: Cradily","|","|","|switch|p1a: Venusaur|Venusaur, M|355/355","|turn|18","|","|detailschange|p1a: Venusaur|Venusaur-Mega, M","|-mega|p1a: Venusaur|Venusaur|Venusaurite","|move|p2a: Poison Point|Fire Blast|p1a: Venusaur","|-supereffective|p1a: Venusaur","|-damage|p1a: Venusaur|212/355","|move|p1a: Venusaur|Earthquake|p2a: Poison Point","|-supereffective|p2a: Poison Point","|-damage|p2a: Poison Point|35/303","|","|turn|19","|","|move|p2a: Poison Point|Sludge Wave|p1a: Venusaur","|-damage|p1a: Venusaur|17/355","|move|p1a: Venusaur|Earthquake|p2a: Poison Point","|-supereffective|p2a: Poison Point","|-damage|p2a: Poison Point|0 fnt","|faint|p2a: Poison Point","|","|","|switch|p2a: Original Name|Venusaur, F|363/363","|-damage|p2a: Original Name|318/363|[from] Stealth Rock","|turn|20","|","|detailschange|p2a: Original Name|Venusaur-Mega, F","|-mega|p2a: Original Name|Venusaur|Venusaurite","|move|p2a: Original Name|Giga Drain|p1a: Venusaur","|-resisted|p1a: Venusaur","|-damage|p1a: Venusaur|0 fnt","|-heal|p2a: Original Name|327/363|[from] drain|[of] p1a: Venusaur","|faint|p1a: Venusaur","|","|","|switch|p1a: Roserade|Roserade, M|261/261","|turn|21","|","|move|p1a: Roserade|Sludge Bomb|p2a: Original Name","|-damage|p2a: Original Name|183/363","|move|p2a: Original Name|Sludge Bomb|p1a: Roserade","|-damage|p1a: Roserade|135/261","|","|turn|22","|","|move|p1a: Roserade|Sludge Bomb|p2a: Original Name","|-damage|p2a: Original Name|48/363","|move|p2a: Original Name|Synthesis|p2a: Original Name","|-heal|p2a: Original Name|229/363","|","|turn|23","|","|move|p1a: Roserade|Sludge Bomb|p2a: Original Name","|-damage|p2a: Original Name|85/363","|move|p2a: Original Name|Synthesis|p2a: Original Name","|-heal|p2a: Original Name|266/363","|","|turn|24","|","|move|p1a: Roserade|Sludge Bomb|p2a: Original Name","|-damage|p2a: Original Name|110/363","|move|p2a: Original Name|Synthesis|p2a: Original Name","|-heal|p2a: Original Name|291/363","|","|turn|25","|","|move|p1a: Roserade|Sludge Bomb|p2a: Original Name","|-damage|p2a: Original Name|141/363","|move|p2a: Original Name|Sludge Bomb|p1a: Roserade","|-damage|p1a: Roserade|15/261","|","|turn|26","|","|move|p1a: Roserade|Sludge Bomb|p2a: Original Name","|-damage|p2a: Original Name|6/363","|move|p2a: Original Name|Synthesis|p2a: Original Name","|-heal|p2a: Original Name|187/363","|","|turn|27","|","|move|p1a: Roserade|Sludge Bomb|p2a: Original Name","|-crit|p2a: Original Name","|-damage|p2a: Original Name|0 fnt","|faint|p2a: Original Name","|","|win|Grass Photon"],"p1rating":{"entryid":"7519849","serverid":"eos","formatid":"monotype","userid":"grassphoton","username":"Grass Photon","w":4,"l":"4","t":"0","gxe":49.4,"r":"1500","rd":"130","sigma":"0","rptime":"1439110800","rpr":1495.2752358635,"rprd":92.102255379572,"rpsigma":"0","acre":1095.8558129787,"lacre":1095.8558129787,"oldacre":"1049.5421420115"},"p2rating":{"entryid":"6391332","serverid":"eos","formatid":"monotype","userid":"crystalblade64","username":"Crystal Blade64","w":"16","l":16,"t":"0","gxe":51,"r":"1518.3514011811","rd":"61.856376031197","sigma":"0","rptime":"1439110800","rpr":1507.9553516683,"rprd":61.037201249195,"rpsigma":"0","acre":1170.3931773493,"lacre":1170.3931773493,"oldacre":"1205.9439525252"},"endType":"normal"}