{"seed":[45881,62548,4556,38508],"turns":24,"p1":"Zukushiku","p2":"Inferno Sapphire","p1team":[{"name":"Drifblim","species":"Drifblim","item":"weaknesspolicy","ability":"Unburden","moves":["stockpile","substitute","batonpass","tailwind"],"nature":"Timid","evs":{"hp":248,"atk":0,"def":0,"spa":0,"spd":8,"spe":252},"ivs":{"hp":31,"atk":0,"def":31,"spa":31,"spd":31,"spe":31},"shiny":true},{"name":"Gengar","species":"Gengar","item":"lifeorb","ability":"Levitate","moves":["shadowball","focusblast","substitute","painsplit"],"nature":"Timid","evs":{"hp":0,"atk":0,"def":0,"spa":252,"spd":4,"spe":252},"ivs":{"hp":31,"atk":0,"def":31,"spa":31,"spd":31,"spe":31}},{"name":"Sableye","species":"Sableye","item":"sablenite","ability":"Prankster","moves":["knockoff","willowisp","recover","foulplay"],"nature":"Careful","evs":{"hp":252,"atk":0,"def":112,"spa":0,"spd":144,"spe":0},"ivs":{"hp":31,"atk":31,"def":31,"spa":31,"spd":31,"spe":31}},{"name":"Chandelure","species":"Chandelure","item":"choicescarf","ability":"Flash Fire","moves":["fireblast","shadowball","energyball","hiddenpowerice"],"nature":"Timid","evs":{"hp":0,"atk":0,"def":0,"spa":252,"spd":4,"spe":252},"ivs":{"hp":31,"atk":0,"def":30,"spa":31,"spd":31,"spe":31},"shiny":true},{"name":"Jellicent","species":"Jellicent","item":"leftovers","ability":"Water Absorb","moves":["taunt","toxic","scald","recover"],"nature":"Calm","evs":{"hp":248,"atk":0,"def":0,"spa":0,"spd":44,"spe":216},"ivs":{"hp":31,"atk":31,"def":31,"spa":31,"spd":31,"spe":31}},{"name":"Hoopa","species":"Hoopa","item":"lifeorb","ability":"Magician","moves":["substitute","psychic","shadowball","drainpunch"],"nature":"Naive","evs":{"hp":0,"atk":84,"def":0,"spa":172,"spd":0,"spe":252},"ivs":{"hp":31,"atk":31,"def":31,"spa":31,"spd":31,"spe":31}}],"p2team":[{"name":"Breloom","species":"Breloom","item":"focussash","ability":"Technician","moves":["spore","bulletseed","machpunch","swordsdance"],"nature":"Jolly","evs":{"hp":0,"atk":252,"def":0,"spa":0,"spd":4,"spe":252},"ivs":{"hp":31,"atk":31,"def":31,"spa":31,"spd":31,"spe":31}},{"name":"Ferrothorn","species":"Ferrothorn","item":"leftovers","ability":"Iron Barbs","moves":["stealthrock","leechseed","gyroball","powerwhip"],"nature":"Relaxed","evs":{"hp":252,"atk":4,"def":84,"spa":0,"spd":168,"spe":0},"ivs":{"hp":31,"atk":31,"def":31,"spa":31,"spd":31,"spe":0}},{"name":"Roserade","species":"Roserade","item":"blacksludge","ability":"Natural Cure","moves":["synthesis","toxicspikes","gigadrain","sludgebomb"],"nature":"Calm","evs":{"hp":240,"atk":0,"def":0,"spa":4,"spd":252,"spe":12},"ivs":{"hp":31,"atk":31,"def":31,"spa":31,"spd":31,"spe":31}},{"name":"Venusaur","species":"Venusaur","item":"venusaurite","ability":"Chlorophyll","moves":["gigadrain","sludgebomb","hiddenpowerfire","synthesis"],"nature":"Modest","evs":{"hp":232,"atk":0,"def":0,"spa":252,"spd":4,"spe":20},"ivs":{"hp":31,"atk":30,"def":31,"spa":30,"spd":31,"spe":30}},{"name":"Celebi","species":"Celebi","item":"leftovers","ability":"Natural Cure","moves":["nastyplot","gigadrain","psychic","earthpower"],"nature":"Bold","evs":{"hp":252,"atk":0,"def":148,"spa":0,"spd":0,"spe":108},"ivs":{"hp":31,"atk":31,"def":31,"spa":31,"spd":31,"spe":31}},{"name":"Gourgeist-Super","species":"Gourgeist-Super","item":"leftovers","ability":"Frisk","moves":["phantomforce","willowisp","leechseed","protect"],"nature":"Careful","evs":{"hp":252,"atk":4,"def":0,"spa":0,"spd":252,"spe":0},"ivs":{"hp":31,"atk":31,"def":31,"spa":31,"spd":31,"spe":31}}],"log":["|player|p1|Zukushiku|zukushiku.png","|player|p2|Inferno Sapphire|194","|gametype|singles","|gen|6","|tier|Monotype","|rated","|rule|Baton Pass Clause: Limit one Baton Passer, can't pass Spe and other stats simultaneously","|rule|Swagger Clause: Swagger is banned","|rule|Same Type Clause: Pokémon in a team must share a type","|clearpoke","|poke|p1|Drifblim, F, shiny","|poke|p1|Gengar, F","|poke|p1|Sableye, M","|poke|p1|Chandelure, F, shiny","|poke|p1|Jellicent, M","|poke|p1|Hoopa","|poke|p2|Breloom, M","|poke|p2|Ferrothorn, F","|poke|p2|Roserade, F","|poke|p2|Venusaur, M","|poke|p2|Celebi","|poke|p2|Gourgeist-*, M","|rule|Sleep Clause Mod: Limit one foe put to sleep","|rule|Species Clause: Limit one of each Pokémon","|rule|OHKO Clause: OHKO moves are banned","|rule|Moody Clause: Moody is banned","|rule|Evasion Moves Clause: Evasion moves are banned","|rule|Endless Battle Clause: Forcing endless battles is banned","|rule|HP Percentage Mod: HP is shown in percentages","|teampreview","|","|start","|switch|p1a: Sableye|Sableye, M|304/304","|switch|p2a: Celebi|Celebi|404/404","|turn|1","|","|detailschange|p1a: Sableye|Sableye-Mega, M","|-mega|p1a: Sableye|Sableye|Sablenite","|move|p2a: Celebi|Nasty Plot|p2a: Celebi","|-boost|p2a: Celebi|spa|2","|move|p1a: Sableye|Knock Off|p2a: Celebi","|-supereffective|p2a: Celebi","|-damage|p2a: Celebi|242/404","|-enditem|p2a: Celebi|Leftovers|[from] move: Knock Off|[of] p1a: Sableye","|","|turn|2","|","|switch|p1a: Chandelure|Chandelure, F, shiny|261/261","|move|p2a: Celebi|Giga Drain|p1a: Chandelure","|-resisted|p1a: Chandelure","|-damage|p1a: Chandelure|167/261","|-heal|p2a: Celebi|289/404|[from] drain|[of] p1a: Chandelure","|","|turn|3","|","|switch|p2a: Ferrothorn|Ferrothorn, F|352/352","|move|p1a: Chandelure|Fire Blast|p2a: Ferrothorn","|-supereffective|p2a: Ferrothorn","|-damage|p2a: Ferrothorn|0 fnt","|faint|p2a: Ferrothorn","|","|","|switch|p2a: Breloom|Breloom, M|261/261","|turn|4","|","|switch|p1a: Sableye|Sableye-Mega, M|304/304","|move|p2a: Breloom|Spore|p1a: Sableye","|move|p1a: Sableye|Spore|p2a: Breloom|[from]Magic Bounce","|-immune|p2a: Breloom|[msg]","|","|turn|5","|","|switch|p2a: Roserade|Roserade, F|321/321","|move|p1a: Sableye|Will-O-Wisp|p2a: Roserade","|-status|p2a: Roserade|brn","|","|-damage|p2a: Roserade|281/321 brn|[from] brn","|turn|6","|","|move|p2a: Roserade|Sludge Bomb|p1a: Sableye","|-resisted|p1a: Sableye","|-damage|p1a: Sableye|258/304","|-status|p1a: Sableye|psn","|move|p1a: Sableye|Recover|p1a: Sableye","|-heal|p1a: Sableye|304/304 psn","|","|-heal|p2a: Roserade|301/321 brn|[from] item: Black Sludge","|-damage|p2a: Roserade|261/321 brn|[from] brn","|-damage|p1a: Sableye|266/304 psn|[from] psn","|turn|7","|","|move|p2a: Roserade|Sludge Bomb|p1a: Sableye","|-resisted|p1a: Sableye","|-damage|p1a: Sableye|216/304 psn","|move|p1a: Sableye|Knock Off|p2a: Roserade","|-damage|p2a: Roserade|129/321 brn","|-enditem|p2a: Roserade|Black Sludge|[from] move: Knock Off|[of] p1a: Sableye","|","|-damage|p2a: Roserade|89/321 brn|[from] brn","|-damage|p1a: Sableye|178/304 psn|[from] psn","|turn|8","|","|move|p2a: Roserade|Synthesis|p2a: Roserade","|-heal|p2a: Roserade|249/321 brn","|move|p1a: Sableye|Recover|p1a: Sableye","|-heal|p1a: Sableye|304/304 psn","|","|-damage|p2a: Roserade|209/321 brn|[from] brn","|-damage|p1a: Sableye|266/304 psn|[from] psn","|turn|9","|","|switch|p2a: Celebi|Celebi|289/404","|switch|p1a: Drifblim|Drifblim, F, shiny|503/503","|","|turn|10","|","|switch|p2a: Roserade|Roserade, F|209/321","|move|p1a: Drifblim|Substitute|p1a: Drifblim","|-start|p1a: Drifblim|Substitute","|-damage|p1a: Drifblim|378/503","|","|turn|11","|","|move|p1a: Drifblim|Stockpile|p1a: Drifblim","|-start|p1a: Drifblim|stockpile1","|-boost|p1a: Drifblim|def|1","|-boost|p1a: Drifblim|spd|1","|move|p2a: Roserade|Sludge Bomb|p1a: Drifblim","|-resisted|p1a: Drifblim","|-activate|p1a: Drifblim|Substitute|[damage]","|","|turn|12","|","|move|p1a: Drifblim|Stockpile|p1a: Drifblim","|-start|p1a: Drifblim|stockpile2","|-boost|p1a: Drifblim|def|1","|-boost|p1a: Drifblim|spd|1","|move|p2a: Roserade|Sludge Bomb|p1a: Drifblim","|-resisted|p1a: Drifblim","|-activate|p1a: Drifblim|Substitute|[damage]","|","|turn|13","|","|move|p1a: Drifblim|Tailwind|p1a: Drifblim","|-sidestart|p1: Zukushiku|move: Tailwind","|move|p2a: Roserade|Sludge Bomb|p1a: Drifblim","|-resisted|p1a: Drifblim","|-end|p1a: Drifblim|Substitute","|","|turn|14","|","|move|p1a: Drifblim|Substitute|p1a: Drifblim","|-start|p1a: Drifblim|Substitute","|-damage|p1a: Drifblim|253/503","|move|p2a: Roserade|Toxic Spikes|p1a: Drifblim","|-sidestart|p1: Zukushiku|move: Toxic Spikes","|","|turn|15","|","|move|p1a: Drifblim|Stockpile|p1a: Drifblim","|-start|p1a: Drifblim|stockpile3","|-boost|p1a: Drifblim|def|1","|-boost|p1a: Drifblim|spd|1","|move|p2a: Roserade|Sludge Bomb|p1a: Drifblim","|-resisted|p1a: Drifblim","|-activate|p1a: Drifblim|Substitute|[damage]","|","|turn|16","|","|move|p1a: Drifblim|Baton Pass|p1a: Drifblim","|","|switch|p1a: Gengar|Gengar, F|261/261","|move|p2a: Roserade|Toxic Spikes|p1a: Gengar","|-sidestart|p1: Zukushiku|move: Toxic Spikes","|","|-sideend|p1: Zukushiku|move: Tailwind","|turn|17","|","|move|p1a: Gengar|Shadow Ball|p2a: Roserade","|-crit|p2a: Roserade","|-damage|p2a: Roserade|24/321","|-damage|p1a: Gengar|235/261|[from] item: Life Orb","|move|p2a: Roserade|Sludge Bomb|p1a: Gengar","|-resisted|p1a: Gengar","|-activate|p1a: Gengar|Substitute|[damage]","|","|turn|18","|","|move|p1a: Gengar|Shadow Ball|p2a: Roserade","|-damage|p2a: Roserade|0 fnt","|-damage|p1a: Gengar|209/261|[from] item: Life Orb","|faint|p2a: Roserade","|","|","|switch|p2a: Venusaur|Venusaur, M|359/359","|turn|19","|","|detailschange|p2a: Venusaur|Venusaur-Mega, M","|-mega|p2a: Venusaur|Venusaur|Venusaurite","|move|p1a: Gengar|Shadow Ball|p2a: Venusaur","|-damage|p2a: Venusaur|195/359","|-damage|p1a: Gengar|183/261|[from] item: Life Orb","|move|p2a: Venusaur|Sludge Bomb|p1a: Gengar","|-resisted|p1a: Gengar","|-activate|p1a: Gengar|Substitute|[damage]","|","|turn|20","|","|move|p1a: Gengar|Shadow Ball|p2a: Venusaur","|-crit|p2a: Venusaur","|-damage|p2a: Venusaur|0 fnt","|-damage|p1a: Gengar|157/261|[from] item: Life Orb","|faint|p2a: Venusaur","|","|","|switch|p2a: Breloom|Breloom, M|261/261","|turn|21","|","|move|p1a: Gengar|Shadow Ball|p2a: Breloom","|-enditem|p2a: Breloom|Focus Sash","|-damage|p2a: Breloom|1/261","|-damage|p1a: Gengar|131/261|[from] item: Life Orb","|move|p2a: Breloom|Bullet Seed|p1a: Gengar","|-resisted|p1a: Gengar","|-activate|p1a: Gengar|Substitute|[damage]","|-resisted|p1a: Gengar","|-activate|p1a: Gengar|Substitute|[damage]","|-hitcount|p1a: Gengar|2","|","|turn|22","|","|move|p1a: Gengar|Shadow Ball|p2a: Breloom","|-damage|p2a: Breloom|0 fnt","|-damage|p1a: Gengar|105/261|[from] item: Life Orb","|faint|p2a: Breloom","|","|","|switch|p2a: Gourgeist-Super|Gourgeist-Super, M|374/374","|-item|p1a: Gengar|Life Orb|[from] ability: Frisk|[of] p2a: Gourgeist-Super|[identify]","|turn|23","|","|move|p1a: Gengar|Shadow Ball|p2a: Gourgeist-Super","|-crit|p2a: Gourgeist-Super","|-supereffective|p2a: Gourgeist-Super","|-damage|p2a: Gourgeist-Super|0 fnt","|-damage|p1a: Gengar|79/261|[from] item: Life Orb","|faint|p2a: Gourgeist-Super","|","|","|switch|p2a: Celebi|Celebi|289/404","|turn|24","|","|move|p1a: Gengar|Shadow Ball|p2a: Celebi","|-supereffective|p2a: Celebi","|-damage|p2a: Celebi|0 fnt","|-damage|p1a: Gengar|53/261|[from] item: Life Orb","|faint|p2a: Celebi","|","|win|Zukushiku"],"p1rating":{"entryid":"7076911","serverid":"eos","formatid":"monotype","userid":"zukushiku","username":"Zukushiku","w":36,"l":"15","t":"0","gxe":69.1,"r":"1644.5841694678","rd":"50.568513403167","sigma":"0","rptime":"1439024400","rpr":1652.9390532766,"rprd":49.794380131182,"rpsigma":"0","acre":1352.4581082874,"lacre":1352.4581082874,"oldacre":"1343.9577025693"},"p2rating":{"entryid":"7502993","serverid":"eos","formatid":"monotype","userid":"infernosapphire","username":"Inferno Sapphire","w":"4","l":2,"t":"0","gxe":56.7,"r":"1500","rd":"130","sigma":"0","rptime":"1439024400","rpr":1552.5442182938,"rprd":99.47410445741,"rpsigma":"0","acre":1105.7860733006,"lacre":1105.7860733006,"oldacre":"1116.4115804482"},"endType":"normal"}