{"seed":[47093,53588,53278,26555],"turns":20,"p1":"Inferno Sapphire","p2":"nick152","p1team":[{"name":"Breloom","species":"Breloom","item":"focussash","ability":"Technician","moves":["spore","bulletseed","machpunch","swordsdance"],"nature":"Jolly","evs":{"hp":0,"atk":252,"def":0,"spa":0,"spd":4,"spe":252},"ivs":{"hp":31,"atk":31,"def":31,"spa":31,"spd":31,"spe":31}},{"name":"Ferrothorn","species":"Ferrothorn","item":"leftovers","ability":"Iron Barbs","moves":["stealthrock","leechseed","gyroball","powerwhip"],"nature":"Relaxed","evs":{"hp":252,"atk":4,"def":84,"spa":0,"spd":168,"spe":0},"ivs":{"hp":31,"atk":31,"def":31,"spa":31,"spd":31,"spe":0}},{"name":"Roserade","species":"Roserade","item":"blacksludge","ability":"Natural Cure","moves":["synthesis","toxicspikes","gigadrain","sludgebomb"],"nature":"Calm","evs":{"hp":240,"atk":0,"def":0,"spa":4,"spd":252,"spe":12},"ivs":{"hp":31,"atk":31,"def":31,"spa":31,"spd":31,"spe":31}},{"name":"Venusaur","species":"Venusaur","item":"venusaurite","ability":"Chlorophyll","moves":["gigadrain","sludgebomb","hiddenpowerfire","synthesis"],"nature":"Modest","evs":{"hp":232,"atk":0,"def":0,"spa":252,"spd":4,"spe":20},"ivs":{"hp":31,"atk":30,"def":31,"spa":30,"spd":31,"spe":30}},{"name":"Celebi","species":"Celebi","item":"leftovers","ability":"Natural Cure","moves":["nastyplot","gigadrain","psychic","earthpower"],"nature":"Bold","evs":{"hp":252,"atk":0,"def":148,"spa":0,"spd":0,"spe":108},"ivs":{"hp":31,"atk":31,"def":31,"spa":31,"spd":31,"spe":31}},{"name":"Gourgeist-Super","species":"Gourgeist-Super","item":"leftovers","ability":"Frisk","moves":["phantomforce","willowisp","leechseed","protect"],"nature":"Careful","evs":{"hp":252,"atk":4,"def":0,"spa":0,"spd":252,"spe":0},"ivs":{"hp":31,"atk":31,"def":31,"spa":31,"spd":31,"spe":31}}],"p2team":[{"name":"Amoonguss","species":"Amoonguss","item":"chestoberry","ability":"Effect Spore","moves":["gigadrain","rest","sleeptalk","spore"],"nature":"","evs":{"hp":252,"atk":0,"def":4,"spa":0,"spd":252,"spe":0},"ivs":{"hp":31,"atk":31,"def":31,"spa":31,"spd":31,"spe":31}},{"name":"Venusaur","species":"Venusaur","item":"leftovers","ability":"Overgrow","moves":["leechseed","gigadrain","protect","earthquake"],"nature":"Gentle","evs":{"hp":248,"atk":8,"def":0,"spa":0,"spd":252,"spe":0},"ivs":{"hp":31,"atk":31,"def":31,"spa":31,"spd":31,"spe":31}},{"name":"Beedrill","species":"Beedrill","item":"beedrillite","ability":"Swarm","moves":["uturn","drillrun","knockoff","poisonjab"],"nature":"Jolly","evs":{"hp":0,"atk":252,"def":0,"spa":0,"spd":4,"spe":252},"ivs":{"hp":31,"atk":31,"def":31,"spa":31,"spd":31,"spe":31}},{"name":"Scolipede","species":"Scolipede","item":"focussash","ability":"Speed Boost","moves":["protect","swordsdance","poisonjab","megahorn"],"nature":"Adamant","evs":{"hp":0,"atk":252,"def":0,"spa":0,"spd":4,"spe":252},"ivs":{"hp":31,"atk":31,"def":31,"spa":31,"spd":31,"spe":31}},{"name":"Drapion","species":"Drapion","item":"","ability":"Battle Armor","moves":["crunch","toxicspikes","earthquake","honeclaws"],"nature":"Adamant","evs":{"hp":248,"atk":252,"def":0,"spa":0,"spd":8,"spe":0},"ivs":{"hp":31,"atk":31,"def":31,"spa":31,"spd":31,"spe":31}},{"name":"Crobat","species":"Crobat","item":"expertbelt","ability":"Infiltrator","moves":["bravebird","darkpulse","nastyplot","heatwave"],"nature":"Hasty","evs":{"hp":0,"atk":156,"def":0,"spa":100,"spd":0,"spe":252},"ivs":{"hp":31,"atk":31,"def":31,"spa":31,"spd":31,"spe":31}}],"log":["|player|p1|Inferno Sapphire|194","|player|p2|nick152|nick152.gif","|gametype|singles","|gen|6","|tier|Monotype","|rated","|rule|Baton Pass Clause: Limit one Baton Passer, can't pass Spe and other stats simultaneously","|rule|Swagger Clause: Swagger is banned","|rule|Same Type Clause: Pokémon in a team must share a type","|clearpoke","|poke|p1|Breloom, M","|poke|p1|Ferrothorn, M","|poke|p1|Roserade, M","|poke|p1|Venusaur, M","|poke|p1|Celebi","|poke|p1|Gourgeist-*, F","|poke|p2|Amoonguss, F","|poke|p2|Venusaur, F","|poke|p2|Beedrill, M","|poke|p2|Scolipede, F","|poke|p2|Drapion, M","|poke|p2|Crobat, F","|rule|Sleep Clause Mod: Limit one foe put to sleep","|rule|Species Clause: Limit one of each Pokémon","|rule|OHKO Clause: OHKO moves are banned","|rule|Moody Clause: Moody is banned","|rule|Evasion Moves Clause: Evasion moves are banned","|rule|Endless Battle Clause: Forcing endless battles is banned","|rule|HP Percentage Mod: HP is shown in percentages","|teampreview","|","|start","|switch|p1a: Venusaur|Venusaur, M|359/359","|switch|p2a: Scolipede|Scolipede, F|261/261","|turn|1","|","|detailschange|p1a: Venusaur|Venusaur-Mega, M","|-mega|p1a: Venusaur|Venusaur|Venusaurite","|move|p2a: Scolipede|Swords Dance|p2a: Scolipede","|-boost|p2a: Scolipede|atk|2","|move|p1a: Venusaur|Hidden Power|p2a: Scolipede","|-supereffective|p2a: Scolipede","|-damage|p2a: Scolipede|55/261","|","|-boost|p2a: Scolipede|spe|1|[from] ability: Speed Boost","|turn|2","|","|move|p2a: Scolipede|Protect|p2a: Scolipede","|-singleturn|p2a: Scolipede|Protect","|move|p1a: Venusaur|Hidden Power|p2a: Scolipede","|-activate|p2a: Scolipede|Protect","|","|-boost|p2a: Scolipede|spe|1|[from] ability: Speed Boost","|turn|3","|","|move|p2a: Scolipede|Megahorn|p1a: Venusaur|[miss]","|-miss|p2a: Scolipede|p1a: Venusaur","|move|p1a: Venusaur|Hidden Power|p2a: Scolipede","|-supereffective|p2a: Scolipede","|-damage|p2a: Scolipede|0 fnt","|faint|p2a: Scolipede","|","|","|switch|p2a: Beedrill|Beedrill, M|271/271","|turn|4","|","|switch|p1a: Ferrothorn|Ferrothorn, M|352/352","|detailschange|p2a: Beedrill|Beedrill-Mega, M","|-mega|p2a: Beedrill|Beedrill|Beedrillite","|move|p2a: Beedrill|U-turn|p1a: Ferrothorn","|-damage|p1a: Ferrothorn|224/352","|-damage|p2a: Beedrill|238/271|[from] ability: Iron Barbs|[of] p1a: Ferrothorn","|","|switch|p2a: Crobat|Crobat, F|311/311","|","|-heal|p1a: Ferrothorn|246/352|[from] item: Leftovers","|turn|5","|","|move|p2a: Crobat|Heat Wave|p1a: Ferrothorn","|-supereffective|p1a: Ferrothorn","|-damage|p1a: Ferrothorn|11/352","|move|p1a: Ferrothorn|Gyro Ball|p2a: Crobat","|-damage|p2a: Crobat|67/311","|","|-heal|p1a: Ferrothorn|33/352|[from] item: Leftovers","|turn|6","|","|switch|p1a: Roserade|Roserade, M|321/321","|move|p2a: Crobat|Dark Pulse|p1a: Roserade","|-damage|p1a: Roserade|281/321","|","|-heal|p1a: Roserade|301/321|[from] item: Black Sludge","|turn|7","|","|move|p2a: Crobat|Heat Wave|p1a: Roserade","|-supereffective|p1a: Roserade","|-damage|p1a: Roserade|200/321","|move|p1a: Roserade|Sludge Bomb|p2a: Crobat","|-resisted|p2a: Crobat","|-damage|p2a: Crobat|0 fnt","|faint|p2a: Crobat","|","|-heal|p1a: Roserade|220/321|[from] item: Black Sludge","|","|switch|p2a: Beedrill|Beedrill-Mega, M|238/271","|turn|8","|","|switch|p1a: Ferrothorn|Ferrothorn, M|33/352","|move|p2a: Beedrill|U-turn|p1a: Ferrothorn","|-damage|p1a: Ferrothorn|0 fnt","|-damage|p2a: Beedrill|205/271|[from] ability: Iron Barbs|[of] p1a: Ferrothorn","|faint|p1a: Ferrothorn","|","|switch|p2a: Drapion|Drapion, M|343/343","|","|","|switch|p1a: Celebi|Celebi|404/404","|turn|9","|","|move|p1a: Celebi|Earth Power|p2a: Drapion","|-supereffective|p2a: Drapion","|-damage|p2a: Drapion|157/343","|move|p2a: Drapion|Crunch|p1a: Celebi","|-supereffective|p1a: Celebi","|-damage|p1a: Celebi|212/404","|-unboost|p1a: Celebi|def|1","|","|-heal|p1a: Celebi|237/404|[from] item: Leftovers","|turn|10","|","|switch|p1a: Roserade|Roserade, M|220/321","|switch|p2a: Venusaur|Venusaur, F|363/363","|","|-heal|p1a: Roserade|240/321|[from] item: Black Sludge","|turn|11","|","|move|p2a: Venusaur|Protect|p2a: Venusaur","|-singleturn|p2a: Venusaur|Protect","|move|p1a: Roserade|Sludge Bomb|p2a: Venusaur","|-activate|p2a: Venusaur|Protect","|","|-heal|p1a: Roserade|260/321|[from] item: Black Sludge","|turn|12","|","|move|p1a: Roserade|Sludge Bomb|p2a: Venusaur","|-damage|p2a: Venusaur|266/363","|move|p2a: Venusaur|Giga Drain|p1a: Roserade","|-resisted|p1a: Roserade","|-damage|p1a: Roserade|245/321","|-heal|p2a: Venusaur|274/363|[from] drain|[of] p1a: Roserade","|","|-heal|p1a: Roserade|265/321|[from] item: Black Sludge","|-heal|p2a: Venusaur|296/363|[from] item: Leftovers","|turn|13","|","|switch|p1a: Gourgeist-Super|Gourgeist-Super, F|374/374","|-item|p2a: Venusaur|Leftovers|[from] ability: Frisk|[of] p1a: Gourgeist-Super|[identify]","|switch|p2a: Beedrill|Beedrill-Mega, M|205/271","|","|turn|14","|","|move|p2a: Beedrill|Knock Off|p1a: Gourgeist-Super","|-supereffective|p1a: Gourgeist-Super","|-damage|p1a: Gourgeist-Super|170/374","|-enditem|p1a: Gourgeist-Super|Leftovers|[from] move: Knock Off|[of] p2a: Beedrill","|move|p1a: Gourgeist-Super|Will-O-Wisp|p2a: Beedrill","|-status|p2a: Beedrill|brn","|","|-damage|p2a: Beedrill|172/271 brn|[from] brn","|turn|15","|","|move|p2a: Beedrill|Knock Off|p1a: Gourgeist-Super","|-supereffective|p1a: Gourgeist-Super","|-damage|p1a: Gourgeist-Super|96/374","|move|p1a: Gourgeist-Super|Leech Seed|p2a: Beedrill","|-start|p2a: Beedrill|move: Leech Seed","|","|-damage|p2a: Beedrill|139/271 brn|[from] Leech Seed|[of] p1a: Gourgeist-Super","|-heal|p1a: Gourgeist-Super|129/374|[silent]","|-damage|p2a: Beedrill|106/271 brn|[from] brn","|turn|16","|","|switch|p2a: Venusaur|Venusaur, F|296/363","|move|p1a: Gourgeist-Super|Protect|p1a: Gourgeist-Super","|-fail|p1a: Gourgeist-Super","|","|-heal|p2a: Venusaur|318/363|[from] item: Leftovers","|turn|17","|","|move|p2a: Venusaur|Earthquake|p1a: Gourgeist-Super","|-resisted|p1a: Gourgeist-Super","|-damage|p1a: Gourgeist-Super|101/374","|move|p1a: Gourgeist-Super|Will-O-Wisp|p2a: Venusaur","|-status|p2a: Venusaur|brn","|","|-heal|p2a: Venusaur|340/363 brn|[from] item: Leftovers","|-damage|p2a: Venusaur|295/363 brn|[from] brn","|turn|18","|","|switch|p2a: Amoonguss|Amoonguss, F|432/432","|move|p1a: Gourgeist-Super|Phantom Force|p2a: Amoonguss|[still]","|-prepare|p1a: Gourgeist-Super|Phantom Force|p2a: Amoonguss","|","|turn|19","|","|move|p1a: Gourgeist-Super|Phantom Force|p2a: Amoonguss|[from]lockedmove","|-damage|p2a: Amoonguss|285/432","|move|p2a: Amoonguss|Rest|p2a: Amoonguss","|-status|p2a: Amoonguss|slp","|-heal|p2a: Amoonguss|432/432 slp|[silent]","|-status|p2a: Amoonguss|slp|[from] move: Rest","|-enditem|p2a: Amoonguss|Chesto Berry|[eat]","|-curestatus|p2a: Amoonguss|slp","|","|turn|20","|","|win|Inferno Sapphire"],"p1rating":{"entryid":"7502993","serverid":"eos","formatid":"monotype","userid":"infernosapphire","username":"Inferno Sapphire","w":4,"l":"1","t":"0","gxe":59.4,"r":"1500","rd":"130","sigma":"0","rptime":"1439024400","rpr":1574.790890865,"rprd":103.02848670669,"rpsigma":"0","acre":1116.4115804482,"lacre":1116.4115804482,"oldacre":"1098.0782149763"},"p2rating":{"entryid":"7504207","serverid":"eos","formatid":"monotype","userid":"nick152","username":"nick152","w":"0","l":2,"t":"0","gxe":41,"r":"1500","rd":"130","sigma":"0","rptime":"1439024400","rpr":1427.4328741711,"rprd":116.77753930647,"rpsigma":"0","acre":1000,"lacre":1000,"oldacre":"1000"},"endType":"forfeit"}