{"seed":[62932,2684,41351,43027],"turns":24,"p1":"Erebus JZB","p2":"Jake1079","p1team":[{"name":"Chansey","species":"Chansey","item":"eviolite","ability":"Natural Cure","moves":["thunderwave","seismictoss","sweetkiss","softboiled"],"nature":"Bold","evs":{"hp":252,"atk":0,"def":252,"spa":0,"spd":4,"spe":0},"ivs":{"hp":31,"atk":31,"def":31,"spa":31,"spd":31,"spe":31}},{"name":"Cinccino","species":"Cinccino","item":"kingsrock","ability":"Skill Link","moves":["bulletseed","rockblast","tailslap","uturn"],"nature":"Jolly","evs":{"hp":0,"atk":252,"def":0,"spa":0,"spd":4,"spe":252},"ivs":{"hp":31,"atk":31,"def":31,"spa":31,"spd":31,"spe":31}},{"name":"Porygon2","species":"Porygon2","item":"eviolite","ability":"Trace","moves":["recover","icebeam","triattack","psyshock"],"nature":"Modest","evs":{"hp":252,"atk":0,"def":136,"spa":116,"spd":4,"spe":0},"ivs":{"hp":31,"atk":31,"def":31,"spa":31,"spd":31,"spe":31}},{"name":"Vigoroth","species":"Vigoroth","item":"eviolite","ability":"Vital Spirit","moves":["bulkup","slackoff","return","suckerpunch"],"nature":"Careful","evs":{"hp":252,"atk":4,"def":0,"spa":0,"spd":252,"spe":0},"ivs":{"hp":31,"atk":31,"def":31,"spa":31,"spd":31,"spe":31}},{"name":"Chatot","species":"Chatot","item":"leftovers","ability":"Tangled Feet","moves":["chatter","boomburst","substitute","nastyplot"],"nature":"Naive","evs":{"hp":0,"atk":4,"def":0,"spa":252,"spd":0,"spe":252},"ivs":{"hp":31,"atk":30,"def":31,"spa":30,"spd":31,"spe":30}},{"name":"Drukz","species":"spinda","item":"focussash","ability":"Contrary","moves":["superpower","fakeout","suckerpunch","hypnosis"],"nature":"Adamant","evs":{"hp":248,"atk":252,"def":0,"spa":0,"spd":8,"spe":0},"shiny":true,"ivs":{"hp":31,"atk":31,"def":31,"spa":31,"spd":31,"spe":31}}],"p2team":[{"name":"Aggron","species":"Aggron","item":"aggronite","ability":"Sturdy","moves":["thunderwave","earthquake","ironhead","endeavor"],"nature":"Adamant","evs":{"hp":252,"atk":68,"def":12,"spa":0,"spd":176,"spe":0},"ivs":{"hp":31,"atk":31,"def":31,"spa":31,"spd":31,"spe":31}},{"name":"Empoleon","species":"Empoleon","item":"choicespecs","ability":"Torrent","moves":["icebeam","scald","flashcannon","hiddenpowerfire"],"nature":"Modest","evs":{"hp":252,"atk":0,"def":0,"spa":252,"spd":4,"spe":0},"ivs":{"hp":31,"atk":30,"def":31,"spa":30,"spd":31,"spe":30}},{"name":"Heatran","species":"Heatran","item":"airballoon","ability":"Flash Fire","moves":["darkpulse","earthpower","flamethrower","flashcannon"],"nature":"Modest","evs":{"hp":252,"atk":0,"def":0,"spa":252,"spd":4,"spe":0},"ivs":{"hp":31,"atk":31,"def":31,"spa":31,"spd":31,"spe":31}},{"name":"Excadrill","species":"Excadrill","item":"choicescarf","ability":"Mold Breaker","moves":["earthquake","rockslide","xscissor","ironhead"],"nature":"Jolly","evs":{"hp":0,"atk":252,"def":0,"spa":0,"spd":4,"spe":252},"ivs":{"hp":31,"atk":31,"def":31,"spa":31,"spd":31,"spe":31}},{"name":"Doublade","species":"Doublade","item":"eviolite","ability":"No Guard","moves":["swordsdance","shadowsneak","sacredsword","shadowclaw"],"nature":"Adamant","evs":{"hp":248,"atk":252,"def":0,"spa":0,"spd":8,"spe":0},"ivs":{"hp":31,"atk":31,"def":31,"spa":31,"spd":31,"spe":31}},{"name":"Ferrothorn","species":"Ferrothorn","item":"rockyhelmet","ability":"Iron Barbs","moves":["gyroball","leechseed","stealthrock","protect"],"nature":"Relaxed","evs":{"hp":248,"atk":8,"def":252,"spa":0,"spd":0,"spe":0},"ivs":{"hp":31,"atk":31,"def":31,"spa":31,"spd":31,"spe":0}}],"log":["|player|p1|Erebus JZB|154","|player|p2|Jake1079|150","|gametype|singles","|gen|6","|tier|Monotype","|rated","|rule|Baton Pass Clause: Limit one Baton Passer, can't pass Spe and other stats simultaneously","|rule|Swagger Clause: Swagger is banned","|rule|Same Type Clause: Pokémon in a team must share a type","|clearpoke","|poke|p1|Chansey, F","|poke|p1|Cinccino, M","|poke|p1|Porygon2","|poke|p1|Vigoroth, M","|poke|p1|Chatot, F","|poke|p1|Spinda, M, shiny","|poke|p2|Aggron, M","|poke|p2|Empoleon, F","|poke|p2|Heatran, M","|poke|p2|Excadrill, F","|poke|p2|Doublade, F","|poke|p2|Ferrothorn, F","|rule|Sleep Clause Mod: Limit one foe put to sleep","|rule|Species Clause: Limit one of each Pokémon","|rule|OHKO Clause: OHKO moves are banned","|rule|Moody Clause: Moody is banned","|rule|Evasion Moves Clause: Evasion moves are banned","|rule|Endless Battle Clause: Forcing endless battles is banned","|rule|HP Percentage Mod: HP is shown in percentages","|teampreview","|","|start","|switch|p1a: Drukz|Spinda, M, shiny|323/323","|switch|p2a: Aggron|Aggron, M|344/344","|turn|1","|","|detailschange|p2a: Aggron|Aggron-Mega, M","|-mega|p2a: Aggron|Aggron|Aggronite","|move|p1a: Drukz|Hypnosis|p2a: Aggron","|-status|p2a: Aggron|slp","|cant|p2a: Aggron|slp","|","|turn|2","|","|move|p1a: Drukz|Superpower|p2a: Aggron","|-supereffective|p2a: Aggron","|-damage|p2a: Aggron|271/344 slp","|-boost|p1a: Drukz|atk|1","|-boost|p1a: Drukz|def|1","|cant|p2a: Aggron|slp","|","|turn|3","|","|switch|p2a: Doublade|Doublade, F|321/321","|move|p1a: Drukz|Superpower|p2a: Doublade","|-immune|p2a: Doublade|[msg]","|","|turn|4","|","|move|p1a: Drukz|Sucker Punch|p2a: Doublade","|-fail|p1a: Drukz","|move|p2a: Doublade|Swords Dance|p2a: Doublade","|-boost|p2a: Doublade|atk|2","|","|turn|5","|","|move|p1a: Drukz|Sucker Punch|p2a: Doublade","|-fail|p1a: Drukz","|move|p2a: Doublade|Swords Dance|p2a: Doublade","|-boost|p2a: Doublade|atk|2","|","|turn|6","|","|switch|p1a: Vigoroth|Vigoroth, M|364/364","|move|p2a: Doublade|Swords Dance|p2a: Doublade","|-boost|p2a: Doublade|atk|2","|","|turn|7","|","|move|p1a: Vigoroth|Bulk Up|p1a: Vigoroth","|-boost|p1a: Vigoroth|atk|1","|-boost|p1a: Vigoroth|def|1","|move|p2a: Doublade|Sacred Sword|p1a: Vigoroth","|-supereffective|p1a: Vigoroth","|-damage|p1a: Vigoroth|0 fnt","|faint|p1a: Vigoroth","|","|","|switch|p1a: Chatot|Chatot, F|293/293","|turn|8","|","|move|p1a: Chatot|Chatter|p2a: Doublade","|-resisted|p2a: Doublade","|-damage|p2a: Doublade|269/321","|-start|p2a: Doublade|confusion","|-activate|p2a: Doublade|confusion","|-damage|p2a: Doublade|178/321|[from] confusion","|","|turn|9","|","|move|p1a: Chatot|Substitute|p1a: Chatot","|-start|p1a: Chatot|Substitute","|-damage|p1a: Chatot|220/293","|-activate|p2a: Doublade|confusion","|move|p2a: Doublade|Sacred Sword|p1a: Chatot","|-end|p1a: Chatot|Substitute","|","|-heal|p1a: Chatot|238/293|[from] item: Leftovers","|turn|10","|","|move|p1a: Chatot|Substitute|p1a: Chatot","|-start|p1a: Chatot|Substitute","|-damage|p1a: Chatot|165/293","|-end|p2a: Doublade|confusion","|move|p2a: Doublade|Sacred Sword|p1a: Chatot","|-end|p1a: Chatot|Substitute","|","|-heal|p1a: Chatot|183/293|[from] item: Leftovers","|turn|11","|","|move|p1a: Chatot|Chatter|p2a: Doublade","|-resisted|p2a: Doublade","|-damage|p2a: Doublade|127/321","|-start|p2a: Doublade|confusion","|-activate|p2a: Doublade|confusion","|-damage|p2a: Doublade|35/321|[from] confusion","|","|-heal|p1a: Chatot|201/293|[from] item: Leftovers","|turn|12","|","|move|p1a: Chatot|Chatter|p2a: Doublade","|-resisted|p2a: Doublade","|-damage|p2a: Doublade|0 fnt","|faint|p2a: Doublade","|","|-heal|p1a: Chatot|219/293|[from] item: Leftovers","|","|switch|p2a: Ferrothorn|Ferrothorn, F|351/351","|turn|13","|","|move|p1a: Chatot|Substitute|p1a: Chatot","|-start|p1a: Chatot|Substitute","|-damage|p1a: Chatot|146/293","|move|p2a: Ferrothorn|Leech Seed|p1a: Chatot","|-fail|p1a: Chatot","|","|-heal|p1a: Chatot|164/293|[from] item: Leftovers","|turn|14","|","|move|p1a: Chatot|Chatter|p2a: Ferrothorn","|-damage|p2a: Ferrothorn|272/351","|-start|p2a: Ferrothorn|confusion","|-activate|p2a: Ferrothorn|confusion","|-damage|p2a: Ferrothorn|252/351|[from] confusion","|","|-heal|p1a: Chatot|182/293|[from] item: Leftovers","|turn|15","|","|move|p1a: Chatot|Nasty Plot|p1a: Chatot","|-boost|p1a: Chatot|spa|2","|-end|p2a: Ferrothorn|confusion","|move|p2a: Ferrothorn|Stealth Rock|p1a: Chatot","|-sidestart|p1: Erebus JZB|move: Stealth Rock","|","|-heal|p1a: Chatot|200/293|[from] item: Leftovers","|turn|16","|","|switch|p2a: Empoleon|Empoleon, F|372/372","|move|p1a: Chatot|Chatter|p2a: Empoleon","|-resisted|p2a: Empoleon","|-damage|p2a: Empoleon|280/372","|-start|p2a: Empoleon|confusion","|","|-heal|p1a: Chatot|218/293|[from] item: Leftovers","|turn|17","|","|move|p1a: Chatot|Nasty Plot|p1a: Chatot","|-boost|p1a: Chatot|spa|2","|-activate|p2a: Empoleon|confusion","|-damage|p2a: Empoleon|254/372|[from] confusion","|","|-heal|p1a: Chatot|236/293|[from] item: Leftovers","|turn|18","|","|move|p1a: Chatot|Boomburst|p2a: Empoleon","|-resisted|p2a: Empoleon","|-damage|p2a: Empoleon|0 fnt","|faint|p2a: Empoleon","|","|-heal|p1a: Chatot|254/293|[from] item: Leftovers","|","|switch|p2a: Heatran|Heatran, M|386/386","|-item|p2a: Heatran|Air Balloon","|turn|19","|","|move|p1a: Chatot|Chatter|p2a: Heatran","|-resisted|p2a: Heatran","|-damage|p2a: Heatran|257/386","|-enditem|p2a: Heatran|Air Balloon","|-start|p2a: Heatran|confusion","|-activate|p2a: Heatran|confusion","|-damage|p2a: Heatran|231/386|[from] confusion","|","|-heal|p1a: Chatot|272/293|[from] item: Leftovers","|turn|20","|","|move|p1a: Chatot|Boomburst|p2a: Heatran","|-resisted|p2a: Heatran","|-damage|p2a: Heatran|0 fnt","|faint|p2a: Heatran","|","|-heal|p1a: Chatot|290/293|[from] item: Leftovers","|","|switch|p2a: Aggron|Aggron-Mega, M|271/344 slp","|turn|21","|","|move|p1a: Chatot|Chatter|p2a: Aggron","|-resisted|p2a: Aggron","|-damage|p2a: Aggron|147/344 slp","|-start|p2a: Aggron|confusion","|-curestatus|p2a: Aggron|slp","|-activate|p2a: Aggron|confusion","|-damage|p2a: Aggron|124/344|[from] confusion","|","|-heal|p1a: Chatot|293/293|[from] item: Leftovers","|turn|22","|","|move|p1a: Chatot|Boomburst|p2a: Aggron","|-resisted|p2a: Aggron","|-damage|p2a: Aggron|0 fnt","|faint|p2a: Aggron","|","|","|switch|p2a: Excadrill|Excadrill, F|361/361","|-ability|p2a: Excadrill|Mold Breaker","|turn|23","|","|move|p2a: Excadrill|Rock Slide|p1a: Chatot","|-supereffective|p1a: Chatot","|-end|p1a: Chatot|Substitute","|move|p1a: Chatot|Boomburst|p2a: Excadrill","|-resisted|p2a: Excadrill","|-damage|p2a: Excadrill|0 fnt","|faint|p2a: Excadrill","|","|","|switch|p2a: Ferrothorn|Ferrothorn, F|252/351","|turn|24","|","|move|p1a: Chatot|Boomburst|p2a: Ferrothorn","|-resisted|p2a: Ferrothorn","|-damage|p2a: Ferrothorn|0 fnt","|faint|p2a: Ferrothorn","|","|win|Erebus JZB"],"p1rating":{"entryid":"7514877","serverid":"eos","formatid":"monotype","userid":"erebusjzb","username":"Erebus JZB","w":6,"l":"1","t":"0","gxe":63.9,"r":"1500","rd":"130","sigma":"0","rptime":"1439110800","rpr":1611.7207880097,"rprd":94.47796975984,"rpsigma":"0","acre":1174.6985906314,"lacre":1174.6985906314,"oldacre":"1149.4674173101"},"p2rating":{"entryid":"7429437","serverid":"eos","formatid":"monotype","userid":"jake1079","username":"Jake1079","w":"28","l":42,"t":"0","gxe":43.1,"r":"1431.2030779181","rd":"44.325998755676","sigma":"0","rptime":"1439110800","rpr":1447.3867691601,"rprd":42.584059984826,"rpsigma":"0","acre":1127.4490490911,"lacre":1127.4490490911,"oldacre":"1152.6802224124"},"endType":"normal"}