{"seed":[62177,30007,61071,11741],"turns":16,"p1":"Alliance ♋ akaFila","p2":"Crystal Bronze","p1team":[{"name":"LukAtMahDicks","species":"anorith","item":"choicescarf","ability":"Swift Swim","moves":["xscissor","rockslide","brickbreak","aquajet"],"nature":"Adamant","evs":{"hp":0,"atk":252,"def":0,"spa":0,"spd":4,"spe":252},"shiny":true,"ivs":{"hp":31,"atk":31,"def":31,"spa":31,"spd":31,"spe":31}},{"name":"CatchThisTackle","species":"dwebble","item":"liechiberry","ability":"Sturdy","moves":["shellsmash","xscissor","stoneedge","earthquake"],"nature":"Adamant","evs":{"hp":0,"atk":252,"def":0,"spa":0,"spd":4,"spe":252},"shiny":true,"ivs":{"hp":31,"atk":31,"def":31,"spa":31,"spd":31,"spe":31}},{"name":"BootyCrackOfTerror","species":"golem","item":"custapberry","ability":"Sturdy","moves":["stealthrock","earthquake","endure","explosion"],"nature":"Adamant","evs":{"hp":248,"atk":252,"def":0,"spa":0,"spd":8,"spe":0},"shiny":true,"ivs":{"hp":31,"atk":31,"def":31,"spa":31,"spd":31,"spe":31}},{"name":"GoldenShowers4Life","species":"lileep","item":"eviolite","ability":"Storm Drain","moves":["toxic","stockpile","recover","protect"],"nature":"Calm","evs":{"hp":248,"atk":0,"def":8,"spa":0,"spd":252,"spe":0},"shiny":true,"ivs":{"hp":31,"atk":31,"def":31,"spa":31,"spd":31,"spe":31}},{"name":"MahNigga","species":"aron","item":"shellbell","ability":"Sturdy","moves":["endeavor","ironhead","roar","sandstorm"],"nature":"Impish","evs":{"hp":248,"atk":8,"def":252,"spa":0,"spd":0,"spe":0},"shiny":true,"level":1,"ivs":{"hp":31,"atk":31,"def":31,"spa":31,"spd":31,"spe":31}},{"name":"TotesFab","species":"amaura","item":"choicespecs","ability":"Refrigerate","moves":["naturepower","ancientpower","earthpower","discharge"],"nature":"Modest","evs":{"hp":248,"atk":0,"def":0,"spa":252,"spd":8,"spe":0},"shiny":true,"ivs":{"hp":31,"atk":31,"def":31,"spa":31,"spd":31,"spe":31}}],"p2team":[{"name":"Shuckle","species":"Shuckle","item":"redcard","ability":"Sturdy","moves":["stickyweb","stealthrock","infestation","toxic"],"nature":"Calm","evs":{"hp":248,"atk":0,"def":0,"spa":8,"spd":252,"spe":0},"ivs":{"hp":31,"atk":31,"def":31,"spa":31,"spd":31,"spe":31}},{"name":"Forretress","species":"Forretress","item":"custapberry","ability":"Sturdy","moves":["toxicspikes","explosion","rapidspin","counter"],"nature":"Adamant","evs":{"hp":252,"atk":252,"def":4,"spa":0,"spd":0,"spe":0},"ivs":{"hp":31,"atk":31,"def":31,"spa":31,"spd":31,"spe":31}},{"name":"Yanmega","species":"Yanmega","item":"lifeorb","ability":"Speed Boost","moves":["detect","hiddenpowerfire","bugbuzz","airslash"],"nature":"Modest","evs":{"hp":0,"atk":0,"def":0,"spa":252,"spd":4,"spe":252},"ivs":{"hp":31,"atk":30,"def":31,"spa":30,"spd":31,"spe":30}},{"name":"Pinsir","species":"Pinsir","item":"pinsirite","ability":"Moxie","moves":["quickattack","return","earthquake","swordsdance"],"nature":"Adamant","evs":{"hp":248,"atk":252,"def":0,"spa":0,"spd":8,"spe":0},"ivs":{"hp":31,"atk":31,"def":31,"spa":31,"spd":31,"spe":31}},{"name":"Heracross","species":"Heracross","item":"salacberry","ability":"Moxie","moves":["endure","reversal","bugbite","rockslide"],"nature":"Jolly","evs":{"hp":4,"atk":252,"def":0,"spa":0,"spd":0,"spe":252},"ivs":{"hp":31,"atk":31,"def":31,"spa":31,"spd":31,"spe":31}},{"name":"Volcarona","species":"Volcarona","item":"weaknesspolicy","ability":"Flame Body","moves":["quiverdance","fireblast","gigadrain","bugbuzz"],"nature":"Timid","evs":{"hp":0,"atk":0,"def":0,"spa":252,"spd":4,"spe":252},"ivs":{"hp":31,"atk":31,"def":31,"spa":31,"spd":31,"spe":31}}],"log":["|player|p1|Alliance ♋ akaFila|allianceakafila.gif","|player|p2|Crystal Bronze|274","|gametype|singles","|gen|6","|tier|Monotype","|rated","|rule|Baton Pass Clause: Limit one Baton Passer, can't pass Spe and other stats simultaneously","|rule|Swagger Clause: Swagger is banned","|rule|Same Type Clause: Pokémon in a team must share a type","|clearpoke","|poke|p1|Anorith, F, shiny","|poke|p1|Dwebble, M, shiny","|poke|p1|Golem, F, shiny","|poke|p1|Lileep, M, shiny","|poke|p1|Aron, L1, M, shiny","|poke|p1|Amaura, M, shiny","|poke|p2|Shuckle, F","|poke|p2|Forretress, M","|poke|p2|Yanmega, M","|poke|p2|Pinsir, M","|poke|p2|Heracross, F","|poke|p2|Volcarona, F","|rule|Sleep Clause Mod: Limit one foe put to sleep","|rule|Species Clause: Limit one of each Pokémon","|rule|OHKO Clause: OHKO moves are banned","|rule|Moody Clause: Moody is banned","|rule|Evasion Moves Clause: Evasion moves are banned","|rule|Endless Battle Clause: Forcing endless battles is banned","|rule|HP Percentage Mod: HP is shown in percentages","|teampreview","|","|start","|switch|p1a: CatchThisTackle|Dwebble, M, shiny|241/241","|switch|p2a: Shuckle|Shuckle, F|243/243","|turn|1","|","|move|p1a: CatchThisTackle|Earthquake|p2a: Shuckle","|-damage|p2a: Shuckle|206/243","|-enditem|p2a: Shuckle|Red Card|[of] p1a: CatchThisTackle","|drag|p1a: GoldenShowers4Life|Lileep, M, shiny|335/335","|move|p2a: Shuckle|Stealth Rock|p1a: GoldenShowers4Life","|-sidestart|p1: Alliance ♋ akaFila|move: Stealth Rock","|","|turn|2","|","|move|p1a: GoldenShowers4Life|Toxic|p2a: Shuckle","|-status|p2a: Shuckle|tox","|move|p2a: Shuckle|Toxic|p1a: GoldenShowers4Life","|-status|p1a: GoldenShowers4Life|tox","|","|-damage|p1a: GoldenShowers4Life|315/335 tox|[from] psn","|-damage|p2a: Shuckle|191/243 tox|[from] psn","|turn|3","|","|switch|p1a: BootyCrackOfTerror|Golem, F, shiny|363/363","|-damage|p1a: BootyCrackOfTerror|341/363|[from] Stealth Rock","|move|p2a: Shuckle|Sticky Web|p1a: BootyCrackOfTerror","|-sidestart|p1: Alliance ♋ akaFila|move: Sticky Web","|","|-damage|p2a: Shuckle|161/243 tox|[from] psn","|turn|4","|","|move|p1a: BootyCrackOfTerror|Stealth Rock|p2a: Shuckle","|-sidestart|p2: Crystal Bronze|move: Stealth Rock","|move|p2a: Shuckle|Toxic|p1a: BootyCrackOfTerror|[miss]","|-miss|p2a: Shuckle|p1a: BootyCrackOfTerror","|","|-damage|p2a: Shuckle|116/243 tox|[from] psn","|turn|5","|","|move|p1a: BootyCrackOfTerror|Earthquake|p2a: Shuckle","|-damage|p2a: Shuckle|28/243 tox","|move|p2a: Shuckle|Toxic|p1a: BootyCrackOfTerror","|-status|p1a: BootyCrackOfTerror|tox","|","|-damage|p1a: BootyCrackOfTerror|319/363 tox|[from] psn","|-damage|p2a: Shuckle|0 fnt|[from] psn","|faint|p2a: Shuckle","|","|switch|p2a: Forretress|Forretress, M|354/354","|-damage|p2a: Forretress|310/354|[from] Stealth Rock","|turn|6","|","|move|p1a: BootyCrackOfTerror|Earthquake|p2a: Forretress","|-damage|p2a: Forretress|177/354","|move|p2a: Forretress|Toxic Spikes|p1a: BootyCrackOfTerror","|-sidestart|p1: Alliance ♋ akaFila|move: Toxic Spikes","|","|-damage|p1a: BootyCrackOfTerror|275/363 tox|[from] psn","|turn|7","|","|move|p1a: BootyCrackOfTerror|Earthquake|p2a: Forretress","|-damage|p2a: Forretress|27/354","|move|p2a: Forretress|Toxic Spikes|p1a: BootyCrackOfTerror","|-sidestart|p1: Alliance ♋ akaFila|move: Toxic Spikes","|","|-damage|p1a: BootyCrackOfTerror|209/363 tox|[from] psn","|turn|8","|-enditem|p2a: Forretress|Custap Berry|[eat]","|-activate|p2a: Forretress|Custap Berry","|","|move|p2a: Forretress|Rapid Spin|p1a: BootyCrackOfTerror","|-resisted|p1a: BootyCrackOfTerror","|-damage|p1a: BootyCrackOfTerror|201/363 tox","|-sideend|p2: Crystal Bronze|Stealth Rock|[from] move: Rapid Spin|[of] p2a: Forretress","|move|p1a: BootyCrackOfTerror|Earthquake|p2a: Forretress","|-damage|p2a: Forretress|0 fnt","|faint|p2a: Forretress","|","|-damage|p1a: BootyCrackOfTerror|113/363 tox|[from] psn","|","|switch|p2a: Pinsir|Pinsir, M|333/333","|turn|9","|","|switch|p1a: MahNigga|Aron, L1, M, shiny|12/12","|-activate|p1a: MahNigga|move: Sticky Web","|-unboost|p1a: MahNigga|spe|1","|-damage|p1a: MahNigga|11/12|[from] Stealth Rock","|move|p2a: Pinsir|Earthquake|p1a: MahNigga","|-supereffective|p1a: MahNigga","|-damage|p1a: MahNigga|0 fnt","|faint|p1a: MahNigga","|-boost|p2a: Pinsir|atk|1|[from] ability: Moxie","|","|","|switch|p1a: LukAtMahDicks|Anorith, F, shiny|231/231","|-damage|p1a: LukAtMahDicks|174/231|[from] Stealth Rock","|-status|p1a: LukAtMahDicks|tox","|-activate|p1a: LukAtMahDicks|move: Sticky Web","|-unboost|p1a: LukAtMahDicks|spe|1","|turn|10","|","|detailschange|p2a: Pinsir|Pinsir-Mega, M","|-mega|p2a: Pinsir|Pinsir|Pinsirite","|move|p1a: LukAtMahDicks|Rock Slide|p2a: Pinsir","|-supereffective|p2a: Pinsir","|-damage|p2a: Pinsir|0 fnt","|faint|p2a: Pinsir","|","|-damage|p1a: LukAtMahDicks|160/231 tox|[from] psn","|","|switch|p2a: Yanmega|Yanmega, M|313/313","|turn|11","|","|move|p2a: Yanmega|Bug Buzz|p1a: LukAtMahDicks","|-damage|p1a: LukAtMahDicks|0 fnt","|-damage|p2a: Yanmega|282/313|[from] item: Life Orb","|faint|p1a: LukAtMahDicks","|","|-boost|p2a: Yanmega|spe|1|[from] ability: Speed Boost","|","|switch|p1a: BootyCrackOfTerror|Golem, F, shiny|113/363 tox","|-activate|p1a: BootyCrackOfTerror|move: Sticky Web","|-unboost|p1a: BootyCrackOfTerror|spe|1","|-damage|p1a: BootyCrackOfTerror|91/363 tox|[from] Stealth Rock","|turn|12","|","|switch|p1a: GoldenShowers4Life|Lileep, M, shiny|315/335 tox","|-damage|p1a: GoldenShowers4Life|274/335 tox|[from] Stealth Rock","|-activate|p1a: GoldenShowers4Life|move: Sticky Web","|-unboost|p1a: GoldenShowers4Life|spe|1","|move|p2a: Yanmega|Bug Buzz|p1a: GoldenShowers4Life","|-supereffective|p1a: GoldenShowers4Life","|-damage|p1a: GoldenShowers4Life|71/335 tox","|-damage|p2a: Yanmega|251/313|[from] item: Life Orb","|","|-damage|p1a: GoldenShowers4Life|51/335 tox|[from] psn","|-boost|p2a: Yanmega|spe|1|[from] ability: Speed Boost","|turn|13","|","|move|p2a: Yanmega|Detect|p2a: Yanmega","|-singleturn|p2a: Yanmega|Protect","|move|p1a: GoldenShowers4Life|Toxic|p2a: Yanmega","|-activate|p2a: Yanmega|Protect","|","|-damage|p1a: GoldenShowers4Life|11/335 tox|[from] psn","|-boost|p2a: Yanmega|spe|1|[from] ability: Speed Boost","|turn|14","|","|move|p2a: Yanmega|Air Slash|p1a: GoldenShowers4Life","|-damage|p1a: GoldenShowers4Life|0 fnt","|-damage|p2a: Yanmega|220/313|[from] item: Life Orb","|faint|p1a: GoldenShowers4Life","|","|-boost|p2a: Yanmega|spe|1|[from] ability: Speed Boost","|","|switch|p1a: BootyCrackOfTerror|Golem, F, shiny|91/363 tox","|-damage|p1a: BootyCrackOfTerror|69/363 tox|[from] Stealth Rock","|-activate|p1a: BootyCrackOfTerror|move: Sticky Web","|-unboost|p1a: BootyCrackOfTerror|spe|1","|turn|15","|-enditem|p1a: BootyCrackOfTerror|Custap Berry|[eat]","|-activate|p1a: BootyCrackOfTerror|Custap Berry","|","|move|p1a: BootyCrackOfTerror|Explosion|p2a: Yanmega","|-damage|p2a: Yanmega|0 fnt","|faint|p1a: BootyCrackOfTerror","|faint|p2a: Yanmega","|","|","|switch|p2a: Volcarona|Volcarona, F|311/311","|switch|p1a: CatchThisTackle|Dwebble, M, shiny|241/241","|-damage|p1a: CatchThisTackle|181/241|[from] Stealth Rock","|-activate|p1a: CatchThisTackle|move: Sticky Web","|-unboost|p1a: CatchThisTackle|spe|1","|-status|p1a: CatchThisTackle|tox","|turn|16","|","|move|p2a: Volcarona|Bug Buzz|p1a: CatchThisTackle","|-crit|p1a: CatchThisTackle","|-damage|p1a: CatchThisTackle|0 fnt","|faint|p1a: CatchThisTackle","|","|","|win|Crystal Bronze"],"p1rating":{"entryid":"6670496","serverid":"eos","formatid":"monotype","userid":"allianceakafila","username":"Alliance ♋ akaFila","w":"25","l":30,"t":"0","gxe":45.4,"r":1470.6315909574,"rd":50.404641116452,"sigma":"0","rptime":1439110800,"rpr":1465.1707803183,"rprd":49.965651575185,"rpsigma":"0","acre":1062.8006426578,"lacre":1062.8006426578,"oldacre":"1084.1274645095"},"p2rating":{"entryid":"7501630","serverid":"eos","formatid":"monotype","userid":"crystalbronze","username":"Crystal Bronze","w":7,"l":"4","t":"0","gxe":54.7,"r":"1540.1606143388","rd":"122.8583080769","sigma":"0","rptime":"1439110800","rpr":1536.6400104003,"rprd":85.184650755349,"rpsigma":"0","acre":1127.5708123859,"lacre":1127.5708123859,"oldacre":"1103.9991370104"},"endType":"forfeit"}