{"seed":[8059,13594,23969,12239],"turns":32,"p1":"Alliance - Mxy","p2":"GTX♥Hiddenshadow","p1team":[{"name":"Beedrill","species":"Beedrill","item":"beedrillite","ability":"Swarm","moves":["uturn","poisonjab","drillrun","protect"],"nature":"Jolly","evs":{"hp":0,"atk":252,"def":0,"spa":0,"spd":4,"spe":252},"ivs":{"hp":31,"atk":31,"def":31,"spa":31,"spd":31,"spe":31}},{"name":"Weezing","species":"Weezing","item":"blacksludge","ability":"Levitate","moves":["fireblast","sludgewave","willowisp","painsplit"],"nature":"Bold","evs":{"hp":248,"atk":0,"def":252,"spa":8,"spd":0,"spe":0},"ivs":{"hp":31,"atk":31,"def":31,"spa":31,"spd":31,"spe":31}},{"name":"Venusaur","species":"Venusaur","item":"venusaurite","ability":"Overgrow","moves":["seedbomb","earthquake","curse","synthesis"],"nature":"Sassy","evs":{"hp":248,"atk":60,"def":80,"spa":0,"spd":120,"spe":0},"ivs":{"hp":31,"atk":31,"def":31,"spa":31,"spd":31,"spe":31}},{"name":"Gengar","species":"Gengar","item":"focussash","ability":"Levitate","moves":["shadowball","sludgewave","dazzlinggleam","destinybond"],"nature":"Timid","evs":{"hp":0,"atk":0,"def":0,"spa":252,"spd":4,"spe":252},"ivs":{"hp":31,"atk":31,"def":31,"spa":31,"spd":31,"spe":31}},{"name":"Drapion","species":"Drapion","item":"airballoon","ability":"Sniper","moves":["knockoff","nightslash","poisonjab","rockslide"],"nature":"Jolly","evs":{"hp":0,"atk":252,"def":0,"spa":0,"spd":4,"spe":252},"ivs":{"hp":31,"atk":31,"def":31,"spa":31,"spd":31,"spe":31}},{"name":"Tentacruel","species":"Tentacruel","item":"choicescarf","ability":"Liquid Ooze","moves":["surf","rapidspin","icebeam","sludgewave"],"nature":"Modest","evs":{"hp":0,"atk":0,"def":0,"spa":252,"spd":4,"spe":252},"ivs":{"hp":31,"atk":31,"def":31,"spa":31,"spd":31,"spe":31}}],"p2team":[{"name":"Tyranitar","species":"Tyranitar","item":"leftovers","ability":"Sand Stream","moves":["stealthrock","thunderwave","darkpulse","earthpower"],"nature":"Calm","evs":{"hp":252,"atk":0,"def":0,"spa":0,"spd":252,"spe":0},"ivs":{"hp":31,"atk":0,"def":31,"spa":31,"spd":31,"spe":31}},{"name":"Sableye","species":"Sableye","item":"leftovers","ability":"Prankster","moves":["willowisp","recover","snarl","taunt"],"nature":"Calm","evs":{"hp":252,"atk":0,"def":0,"spa":4,"spd":252,"spe":0},"ivs":{"hp":31,"atk":0,"def":31,"spa":31,"spd":31,"spe":31}},{"name":"Mandibuzz","species":"Mandibuzz","item":"rockyhelmet","ability":"Overcoat","moves":["foulplay","toxic","defog","roost"],"nature":"Bold","evs":{"hp":248,"atk":0,"def":252,"spa":0,"spd":8,"spe":0},"ivs":{"hp":31,"atk":31,"def":31,"spa":0,"spd":31,"spe":31}},{"name":"Absol","species":"Absol","item":"absolite","ability":"Pressure","moves":["swordsdance","suckerpunch","playrough","superpower"],"nature":"Jolly","evs":{"hp":0,"atk":252,"def":0,"spa":0,"spd":4,"spe":252},"ivs":{"hp":31,"atk":31,"def":31,"spa":0,"spd":31,"spe":31}},{"name":"Bisharp","species":"Bisharp","item":"leftovers","ability":"Defiant","moves":["swordsdance","substitute","suckerpunch","ironhead"],"nature":"Impish","evs":{"hp":252,"atk":0,"def":252,"spa":0,"spd":4,"spe":0},"ivs":{"hp":31,"atk":31,"def":31,"spa":0,"spd":31,"spe":31}},{"name":"Hydreigon","species":"Hydreigon","item":"choicescarf","ability":"Levitate","moves":["dracometeor","darkpulse","flamethrower","flashcannon"],"nature":"Timid","evs":{"hp":0,"atk":0,"def":0,"spa":252,"spd":4,"spe":252},"ivs":{"hp":31,"atk":0,"def":31,"spa":31,"spd":31,"spe":31}}],"log":["|player|p1|Alliance - Mxy|270","|player|p2|GTX♥Hiddenshadow|4","|gametype|singles","|gen|6","|tier|Monotype","|rated","|rule|Baton Pass Clause: Limit one Baton Passer, can't pass Spe and other stats simultaneously","|rule|Swagger Clause: Swagger is banned","|rule|Same Type Clause: Pokémon in a team must share a type","|clearpoke","|poke|p1|Beedrill, F","|poke|p1|Weezing, M","|poke|p1|Venusaur, M","|poke|p1|Gengar, M","|poke|p1|Drapion, F","|poke|p1|Tentacruel, M","|poke|p2|Tyranitar, M","|poke|p2|Sableye, F","|poke|p2|Mandibuzz, F","|poke|p2|Absol, M","|poke|p2|Bisharp, F","|poke|p2|Hydreigon, F","|rule|Sleep Clause Mod: Limit one foe put to sleep","|rule|Species Clause: Limit one of each Pokémon","|rule|OHKO Clause: OHKO moves are banned","|rule|Moody Clause: Moody is banned","|rule|Evasion Moves Clause: Evasion moves are banned","|rule|Endless Battle Clause: Forcing endless battles is banned","|rule|HP Percentage Mod: HP is shown in percentages","|teampreview","|","|start","|switch|p1a: Beedrill|Beedrill, F|271/271","|switch|p2a: Sableye|Sableye, F|304/304","|turn|1","|","|detailschange|p1a: Beedrill|Beedrill-Mega, F","|-mega|p1a: Beedrill|Beedrill|Beedrillite","|move|p1a: Beedrill|Protect|p1a: Beedrill","|-singleturn|p1a: Beedrill|Protect","|move|p2a: Sableye|Will-O-Wisp|p1a: Beedrill","|-activate|p1a: Beedrill|Protect","|","|turn|2","|","|switch|p1a: Tentacruel|Tentacruel, M|301/301","|move|p2a: Sableye|Will-O-Wisp|p1a: Tentacruel","|-status|p1a: Tentacruel|brn","|","|-damage|p1a: Tentacruel|264/301 brn|[from] brn","|turn|3","|","|move|p2a: Sableye|Taunt|p1a: Tentacruel","|-start|p1a: Tentacruel|move: Taunt","|move|p1a: Tentacruel|Surf|p2a: Sableye","|-damage|p2a: Sableye|174/304","|","|-heal|p2a: Sableye|193/304|[from] item: Leftovers","|-damage|p1a: Tentacruel|227/301 brn|[from] brn","|turn|4","|","|move|p1a: Tentacruel|Surf|p2a: Sableye","|-damage|p2a: Sableye|79/304","|move|p2a: Sableye|Snarl|p1a: Tentacruel","|-damage|p1a: Tentacruel|188/301 brn","|-unboost|p1a: Tentacruel|spa|1","|","|-heal|p2a: Sableye|98/304|[from] item: Leftovers","|-damage|p1a: Tentacruel|151/301 brn|[from] brn","|turn|5","|","|switch|p1a: Gengar|Gengar, M|261/261","|move|p2a: Sableye|Recover|p2a: Sableye","|-heal|p2a: Sableye|250/304","|","|-heal|p2a: Sableye|269/304|[from] item: Leftovers","|turn|6","|","|move|p2a: Sableye|Taunt|p1a: Gengar","|-start|p1a: Gengar|move: Taunt","|move|p1a: Gengar|Dazzling Gleam|p2a: Sableye","|-supereffective|p2a: Sableye","|-damage|p2a: Sableye|73/304","|","|-heal|p2a: Sableye|92/304|[from] item: Leftovers","|turn|7","|","|switch|p2a: Tyranitar|Tyranitar, M|404/404","|-weather|Sandstorm","|move|p1a: Gengar|Dazzling Gleam|p2a: Tyranitar","|-supereffective|p2a: Tyranitar","|-damage|p2a: Tyranitar|312/404","|","|-weather|Sandstorm|[upkeep]","|-damage|p1a: Gengar|245/261|[from] sandstorm","|-heal|p2a: Tyranitar|337/404|[from] item: Leftovers","|turn|8","|","|switch|p1a: Weezing|Weezing, M|333/333","|move|p2a: Tyranitar|Thunder Wave|p1a: Weezing","|-status|p1a: Weezing|par","|","|-weather|Sandstorm|[upkeep]","|-damage|p1a: Weezing|313/333 par|[from] sandstorm","|-heal|p2a: Tyranitar|362/404|[from] item: Leftovers","|-heal|p1a: Weezing|333/333 par|[from] item: Black Sludge","|turn|9","|","|move|p2a: Tyranitar|Stealth Rock|p1a: Weezing","|-sidestart|p1: Alliance - Mxy|move: Stealth Rock","|move|p1a: Weezing|Will-O-Wisp|p2a: Tyranitar","|-status|p2a: Tyranitar|brn","|","|-weather|Sandstorm|[upkeep]","|-damage|p1a: Weezing|313/333 par|[from] sandstorm","|-heal|p2a: Tyranitar|387/404 brn|[from] item: Leftovers","|-heal|p1a: Weezing|333/333 par|[from] item: Black Sludge","|-damage|p2a: Tyranitar|337/404 brn|[from] brn","|turn|10","|","|switch|p2a: Absol|Absol, M|271/271","|-ability|p2a: Absol|Pressure","|switch|p1a: Tentacruel|Tentacruel, M|151/301 brn","|-damage|p1a: Tentacruel|114/301 brn|[from] Stealth Rock","|","|-weather|Sandstorm|[upkeep]","|-damage|p1a: Tentacruel|96/301 brn|[from] sandstorm","|-damage|p2a: Absol|255/271|[from] sandstorm","|-damage|p1a: Tentacruel|59/301 brn|[from] brn","|turn|11","|","|detailschange|p2a: Absol|Absol-Mega, M","|-mega|p2a: Absol|Absol|Absolite","|move|p2a: Absol|Sucker Punch|p1a: Tentacruel","|-damage|p1a: Tentacruel|0 fnt","|faint|p1a: Tentacruel","|","|-weather|none","|","|switch|p1a: Venusaur|Venusaur, M|363/363","|-damage|p1a: Venusaur|318/363|[from] Stealth Rock","|turn|12","|","|switch|p2a: Bisharp|Bisharp, F|334/334","|move|p1a: Venusaur|Curse|p1a: Venusaur","|-unboost|p1a: Venusaur|spe|1","|-boost|p1a: Venusaur|atk|1","|-boost|p1a: Venusaur|def|1","|","|turn|13","|","|move|p2a: Bisharp|Substitute|p2a: Bisharp","|-start|p2a: Bisharp|Substitute","|-damage|p2a: Bisharp|251/334","|move|p1a: Venusaur|Curse|p1a: Venusaur","|-unboost|p1a: Venusaur|spe|1","|-boost|p1a: Venusaur|atk|1","|-boost|p1a: Venusaur|def|1","|","|-heal|p2a: Bisharp|271/334|[from] item: Leftovers","|turn|14","|","|move|p2a: Bisharp|Swords Dance|p2a: Bisharp","|-boost|p2a: Bisharp|atk|2","|move|p1a: Venusaur|Earthquake|p2a: Bisharp","|-supereffective|p2a: Bisharp","|-end|p2a: Bisharp|Substitute","|","|-heal|p2a: Bisharp|291/334|[from] item: Leftovers","|turn|15","|","|move|p2a: Bisharp|Sucker Punch|p1a: Venusaur","|-damage|p1a: Venusaur|203/363","|move|p1a: Venusaur|Earthquake|p2a: Bisharp","|-supereffective|p2a: Bisharp","|-damage|p2a: Bisharp|67/334","|","|-heal|p2a: Bisharp|87/334|[from] item: Leftovers","|turn|16","|","|switch|p2a: Mandibuzz|Mandibuzz, F|423/423","|move|p1a: Venusaur|Synthesis|p1a: Venusaur","|-heal|p1a: Venusaur|363/363","|","|turn|17","|","|move|p2a: Mandibuzz|Foul Play|p1a: Venusaur","|-damage|p1a: Venusaur|257/363","|move|p1a: Venusaur|Seed Bomb|p2a: Mandibuzz","|-resisted|p2a: Mandibuzz","|-damage|p2a: Mandibuzz|359/423","|","|turn|18","|","|switch|p1a: Weezing|Weezing, M|333/333 par","|-damage|p1a: Weezing|292/333 par|[from] Stealth Rock","|move|p2a: Mandibuzz|Foul Play|p1a: Weezing","|-damage|p1a: Weezing|234/333 par","|","|-heal|p1a: Weezing|254/333 par|[from] item: Black Sludge","|turn|19","|","|switch|p2a: Absol|Absol-Mega, M|255/271","|move|p1a: Weezing|Will-O-Wisp|p2a: Absol","|move|p2a: Absol|Will-O-Wisp|p1a: Weezing|[from]Magic Bounce","|-fail|p1a: Weezing","|","|-heal|p1a: Weezing|274/333 par|[from] item: Black Sludge","|turn|20","|","|move|p2a: Absol|Swords Dance|p2a: Absol","|-boost|p2a: Absol|atk|2","|move|p1a: Weezing|Sludge Wave|p2a: Absol","|-damage|p2a: Absol|113/271","|","|-heal|p1a: Weezing|294/333 par|[from] item: Black Sludge","|turn|21","|","|move|p2a: Absol|Sucker Punch|p1a: Weezing","|-damage|p1a: Weezing|107/333 par","|move|p1a: Weezing|Sludge Wave|p2a: Absol","|-damage|p2a: Absol|0 fnt","|faint|p2a: Absol","|","|-heal|p1a: Weezing|127/333 par|[from] item: Black Sludge","|","|switch|p2a: Bisharp|Bisharp, F|87/334","|turn|22","|","|move|p2a: Bisharp|Sucker Punch|p1a: Weezing","|-damage|p1a: Weezing|57/333 par","|move|p1a: Weezing|Fire Blast|p2a: Bisharp","|-supereffective|p2a: Bisharp","|-damage|p2a: Bisharp|0 fnt","|faint|p2a: Bisharp","|","|-heal|p1a: Weezing|77/333 par|[from] item: Black Sludge","|","|switch|p2a: Hydreigon|Hydreigon, F|325/325","|turn|23","|","|move|p2a: Hydreigon|Dark Pulse|p1a: Weezing","|-damage|p1a: Weezing|0 fnt","|faint|p1a: Weezing","|","|","|switch|p1a: Gengar|Gengar, M|245/261","|-damage|p1a: Gengar|213/261|[from] Stealth Rock","|turn|24","|","|move|p2a: Hydreigon|Dark Pulse|p1a: Gengar","|-supereffective|p1a: Gengar","|-damage|p1a: Gengar|0 fnt","|faint|p1a: Gengar","|","|","|switch|p1a: Drapion|Drapion, F|281/281","|-damage|p1a: Drapion|246/281|[from] Stealth Rock","|-item|p1a: Drapion|Air Balloon","|turn|25","|","|move|p2a: Hydreigon|Dark Pulse|p1a: Drapion","|-crit|p1a: Drapion","|-resisted|p1a: Drapion","|-damage|p1a: Drapion|104/281","|-enditem|p1a: Drapion|Air Balloon","|move|p1a: Drapion|Knock Off|p2a: Hydreigon","|-resisted|p2a: Hydreigon","|-damage|p2a: Hydreigon|247/325","|-enditem|p2a: Hydreigon|Choice Scarf|[from] move: Knock Off|[of] p1a: Drapion","|","|turn|26","|","|move|p2a: Hydreigon|Flamethrower|p1a: Drapion","|-damage|p1a: Drapion|0 fnt","|faint|p1a: Drapion","|","|","|switch|p1a: Beedrill|Beedrill-Mega, F|271/271","|-damage|p1a: Beedrill|204/271|[from] Stealth Rock","|turn|27","|","|switch|p2a: Mandibuzz|Mandibuzz, F|359/423","|move|p1a: Beedrill|Poison Jab|p2a: Mandibuzz","|-damage|p2a: Mandibuzz|217/423","|-damage|p1a: Beedrill|159/271|[from] item: Rocky Helmet|[of] p2a: Mandibuzz","|-status|p2a: Mandibuzz|psn","|","|-damage|p2a: Mandibuzz|165/423 psn|[from] psn","|turn|28","|","|move|p1a: Beedrill|Protect|p1a: Beedrill","|-singleturn|p1a: Beedrill|Protect","|move|p2a: Mandibuzz|Roost|p2a: Mandibuzz","|-heal|p2a: Mandibuzz|377/423 psn","|","|-damage|p2a: Mandibuzz|325/423 psn|[from] psn","|turn|29","|","|move|p1a: Beedrill|Poison Jab|p2a: Mandibuzz","|-crit|p2a: Mandibuzz","|-damage|p2a: Mandibuzz|109/423 psn","|-damage|p1a: Beedrill|114/271|[from] item: Rocky Helmet|[of] p2a: Mandibuzz","|move|p2a: Mandibuzz|Foul Play|p1a: Beedrill","|-damage|p1a: Beedrill|0 fnt","|faint|p1a: Beedrill","|","|-damage|p2a: Mandibuzz|57/423 psn|[from] psn","|","|switch|p1a: Venusaur|Venusaur, M|257/363","|-damage|p1a: Venusaur|212/363|[from] Stealth Rock","|turn|30","|","|switch|p2a: Sableye|Sableye, F|92/304","|move|p1a: Venusaur|Synthesis|p1a: Venusaur","|-heal|p1a: Venusaur|363/363","|","|-heal|p2a: Sableye|111/304|[from] item: Leftovers","|turn|31","|","|move|p2a: Sableye|Recover|p2a: Sableye","|-heal|p2a: Sableye|263/304","|move|p1a: Venusaur|Seed Bomb|p2a: Sableye","|-damage|p2a: Sableye|149/304","|","|-heal|p2a: Sableye|168/304|[from] item: Leftovers","|turn|32","|","|win|GTX♥Hiddenshadow"],"p1rating":{"entryid":"6690851","serverid":"eos","formatid":"monotype","userid":"alliancemxy","username":"Alliance - Mxy","w":"68","l":39,"t":"0","gxe":62.5,"r":"1607.7140738408","rd":"38.746294404599","sigma":"0","rptime":"1439110800","rpr":1596.928270389,"rprd":37.97580782297,"rpsigma":"0","acre":1123.8591305885,"lacre":1123.8591305885,"oldacre":"1142.4423491306"},"p2rating":{"entryid":"7114911","serverid":"eos","formatid":"monotype","userid":"gtxhiddenshadow","username":"GTX♅Hiddenshadow","w":11,"l":"2","t":"0","gxe":71,"r":"1655.8302884272","rd":"87.526040503775","sigma":"0","rptime":"1439110800","rpr":1673.6334189624,"rprd":84.958644460138,"rpsigma":"0","acre":1252.2418703475,"lacre":1252.2418703475,"oldacre":"1233.6586518054"},"endType":"forfeit"}