{"seed":[50187,31235,18124,35153],"turns":21,"p1":"tboltrider","p2":"Shintu","p1team":[{"name":"Altaria","species":"Altaria","item":"altarianite","ability":"Natural Cure","moves":["hypervoice","roost","flamethrower","healbell"],"nature":"Modest","evs":{"hp":0,"atk":0,"def":104,"spa":252,"spd":0,"spe":152},"gender":"F","ivs":{"hp":31,"atk":31,"def":31,"spa":31,"spd":31,"spe":31}},{"name":"Landorus-Therian","species":"Landorus-Therian","item":"assaultvest","ability":"Intimidate","moves":["earthquake","knockoff","uturn","stoneedge"],"nature":"Jolly","evs":{"hp":0,"atk":56,"def":0,"spa":0,"spd":200,"spe":252},"ivs":{"hp":31,"atk":31,"def":31,"spa":31,"spd":31,"spe":31}},{"name":"Skarmory","species":"Skarmory","item":"rockyhelmet","ability":"Sturdy","moves":["roost","swordsdance","stealthrock","ironhead"],"nature":"Jolly","evs":{"hp":0,"atk":128,"def":0,"spa":0,"spd":248,"spe":132},"gender":"M","ivs":{"hp":31,"atk":31,"def":31,"spa":31,"spd":31,"spe":31}},{"name":"Togekiss","species":"Togekiss","item":"leftovers","ability":"Serene Grace","moves":["aurasphere","airslash","softboiled","thunderwave"],"nature":"Modest","evs":{"hp":0,"atk":0,"def":148,"spa":108,"spd":0,"spe":252},"gender":"F","ivs":{"hp":31,"atk":31,"def":31,"spa":31,"spd":31,"spe":31}},{"name":"Mandibuzz","species":"Mandibuzz","item":"weaknesspolicy","ability":"Big Pecks","moves":["bravebird","defog","foulplay","taunt"],"nature":"Adamant","evs":{"hp":0,"atk":232,"def":0,"spa":0,"spd":156,"spe":120},"ivs":{"hp":31,"atk":31,"def":31,"spa":31,"spd":31,"spe":31}},{"name":"Hawlucha","species":"Hawlucha","item":"sitrusberry","ability":"Unburden","moves":["swordsdance","acrobatics","highjumpkick","substitute"],"nature":"","evs":{"hp":12,"atk":252,"def":0,"spa":0,"spd":0,"spe":244},"ivs":{"hp":31,"atk":31,"def":31,"spa":31,"spd":31,"spe":31}}],"p2team":[{"name":"Cinccino","species":"Cinccino","item":"choicescarf","ability":"Skill Link","moves":["tailslap","bulletseed","rockblast","gunkshot"],"nature":"Jolly","evs":{"hp":0,"atk":252,"def":0,"spa":0,"spd":4,"spe":252},"gender":"F","shiny":true,"ivs":{"hp":31,"atk":31,"def":31,"spa":31,"spd":31,"spe":31}},{"name":"Lopunny","species":"Lopunny","item":"lopunnite","ability":"Cute Charm","moves":["highjumpkick","return","fakeout","icepunch"],"nature":"Jolly","evs":{"hp":4,"atk":252,"def":0,"spa":0,"spd":0,"spe":252},"gender":"F","ivs":{"hp":31,"atk":31,"def":31,"spa":31,"spd":31,"spe":31}},{"name":"Ditto","species":"Ditto","item":"leftovers","ability":"Imposter","moves":["transform"],"nature":"Serious","evs":{"hp":252,"atk":0,"def":4,"spa":0,"spd":0,"spe":252},"ivs":{"hp":31,"atk":31,"def":31,"spa":31,"spd":31,"spe":31}},{"name":"Snorlax","species":"Snorlax","item":"choiceband","ability":"Thick Fat","moves":["return","firepunch","earthquake","crunch"],"nature":"Adamant","evs":{"hp":0,"atk":252,"def":80,"spa":0,"spd":176,"spe":0},"gender":"F","ivs":{"hp":31,"atk":31,"def":31,"spa":31,"spd":31,"spe":31}},{"name":"Bouffalant","species":"Bouffalant","item":"lumberry","ability":"Sap Sipper","moves":["swordsdance","headcharge","earthquake","stoneedge"],"nature":"Adamant","evs":{"hp":120,"atk":252,"def":68,"spa":0,"spd":68,"spe":0},"gender":"F","ivs":{"hp":31,"atk":31,"def":31,"spa":31,"spd":31,"spe":31}},{"name":"Sawsbuck","species":"Sawsbuck","item":"lifeorb","ability":"Sap Sipper","moves":["hornleech","megahorn","substitute","swordsdance"],"nature":"Jolly","evs":{"hp":0,"atk":252,"def":0,"spa":0,"spd":4,"spe":252},"gender":"F","ivs":{"hp":31,"atk":31,"def":31,"spa":31,"spd":31,"spe":31}}],"log":["|player|p1|tboltrider|93","|player|p2|Shintu|292","|gametype|singles","|gen|6","|tier|Monotype","|rated","|rule|Baton Pass Clause: Limit one Baton Passer, can't pass Spe and other stats simultaneously","|rule|Swagger Clause: Swagger is banned","|rule|Same Type Clause: Pokémon in a team must share a type","|clearpoke","|poke|p1|Altaria, F","|poke|p1|Landorus-Therian, M","|poke|p1|Skarmory, M","|poke|p1|Togekiss, F","|poke|p1|Mandibuzz, F","|poke|p1|Hawlucha, F","|poke|p2|Cinccino, F, shiny","|poke|p2|Lopunny, F","|poke|p2|Ditto","|poke|p2|Snorlax, F","|poke|p2|Bouffalant, F","|poke|p2|Sawsbuck, F","|rule|Sleep Clause Mod: Limit one foe put to sleep","|rule|Species Clause: Limit one of each Pokémon","|rule|OHKO Clause: OHKO moves are banned","|rule|Moody Clause: Moody is banned","|rule|Evasion Moves Clause: Evasion moves are banned","|rule|Endless Battle Clause: Forcing endless battles is banned","|rule|HP Percentage Mod: HP is shown in percentages","|teampreview","|","|start","|switch|p1a: Skarmory|Skarmory, M|271/271","|switch|p2a: Cinccino|Cinccino, F, shiny|291/291","|turn|1","|","|switch|p2a: Snorlax|Snorlax, F|461/461","|move|p1a: Skarmory|Swords Dance|p1a: Skarmory","|-boost|p1a: Skarmory|atk|2","|","|turn|2","|","|move|p1a: Skarmory|Stealth Rock|p2a: Snorlax","|-sidestart|p2: Shintu|move: Stealth Rock","|move|p2a: Snorlax|Fire Punch|p1a: Skarmory","|-supereffective|p1a: Skarmory","|-damage|p1a: Skarmory|91/271","|-damage|p2a: Snorlax|385/461|[from] item: Rocky Helmet|[of] p1a: Skarmory","|","|turn|3","|","|move|p1a: Skarmory|Iron Head|p2a: Snorlax","|-damage|p2a: Snorlax|139/461","|move|p2a: Snorlax|Fire Punch|p1a: Skarmory","|-supereffective|p1a: Skarmory","|-damage|p1a: Skarmory|0 fnt","|-damage|p2a: Snorlax|63/461|[from] item: Rocky Helmet|[of] p1a: Skarmory","|faint|p1a: Skarmory","|","|","|switch|p1a: Togekiss|Togekiss, F|311/311","|turn|4","|","|move|p1a: Togekiss|Aura Sphere|p2a: Snorlax","|-supereffective|p2a: Snorlax","|-damage|p2a: Snorlax|0 fnt","|faint|p2a: Snorlax","|","|","|switch|p2a: Cinccino|Cinccino, F, shiny|291/291","|-damage|p2a: Cinccino|255/291|[from] Stealth Rock","|turn|5","|","|move|p2a: Cinccino|Gunk Shot|p1a: Togekiss","|-supereffective|p1a: Togekiss","|-damage|p1a: Togekiss|95/311","|-status|p1a: Togekiss|psn","|move|p1a: Togekiss|Thunder Wave|p2a: Cinccino","|-status|p2a: Cinccino|par","|","|-heal|p1a: Togekiss|114/311 psn|[from] item: Leftovers","|-damage|p1a: Togekiss|76/311 psn|[from] psn","|turn|6","|","|switch|p1a: Landorus-Therian|Landorus-Therian, M|319/319","|-ability|p1a: Landorus-Therian|Intimidate","|-unboost|p2a: Cinccino|atk|1","|cant|p2a: Cinccino|par","|","|turn|7","|","|move|p1a: Landorus-Therian|Knock Off|p2a: Cinccino","|-damage|p2a: Cinccino|98/291 par","|-enditem|p2a: Cinccino|Choice Scarf|[from] move: Knock Off|[of] p1a: Landorus-Therian","|move|p2a: Cinccino|Gunk Shot|p1a: Landorus-Therian|[miss]","|-miss|p2a: Cinccino|p1a: Landorus-Therian","|","|turn|8","|","|move|p1a: Landorus-Therian|Earthquake|p2a: Cinccino","|-damage|p2a: Cinccino|0 fnt","|faint|p2a: Cinccino","|","|","|switch|p2a: Ditto|Ditto|300/300","|-damage|p2a: Ditto|263/300|[from] Stealth Rock","|-transform|p2a: Ditto|p1a: Landorus-Therian","|-ability|p2a: Ditto|Intimidate","|-unboost|p1a: Landorus-Therian|atk|1","|turn|9","|","|move|p1a: Landorus-Therian|Stone Edge|p2a: Ditto","|-damage|p2a: Ditto|176/300","|move|p2a: Ditto|Knock Off|p1a: Landorus-Therian","|-damage|p1a: Landorus-Therian|192/319","|-enditem|p1a: Landorus-Therian|Assault Vest|[from] move: Knock Off|[of] p2a: Ditto","|","|-heal|p2a: Ditto|194/300|[from] item: Leftovers","|turn|10","|","|move|p1a: Landorus-Therian|Knock Off|p2a: Ditto","|-damage|p2a: Ditto|118/300","|-enditem|p2a: Ditto|Leftovers|[from] move: Knock Off|[of] p1a: Landorus-Therian","|move|p2a: Ditto|Stone Edge|p1a: Landorus-Therian|[miss]","|-miss|p2a: Ditto|p1a: Landorus-Therian","|","|turn|11","|","|move|p1a: Landorus-Therian|U-turn|p2a: Ditto","|-resisted|p2a: Ditto","|-damage|p2a: Ditto|87/300","|","|switch|p1a: Mandibuzz|Mandibuzz, F|361/361","|move|p2a: Ditto|Knock Off|p1a: Mandibuzz","|-resisted|p1a: Mandibuzz","|-damage|p1a: Mandibuzz|306/361","|-enditem|p1a: Mandibuzz|Weakness Policy|[from] move: Knock Off|[of] p2a: Ditto","|","|turn|12","|","|move|p2a: Ditto|Stone Edge|p1a: Mandibuzz","|-supereffective|p1a: Mandibuzz","|-damage|p1a: Mandibuzz|92/361","|move|p1a: Mandibuzz|Foul Play|p2a: Ditto","|-damage|p2a: Ditto|0 fnt","|faint|p2a: Ditto","|","|","|switch|p2a: Sawsbuck|Sawsbuck, F|301/301","|-damage|p2a: Sawsbuck|264/301|[from] Stealth Rock","|turn|13","|","|move|p2a: Sawsbuck|Swords Dance|p2a: Sawsbuck","|-boost|p2a: Sawsbuck|atk|2","|move|p1a: Mandibuzz|Brave Bird|p2a: Sawsbuck","|-supereffective|p2a: Sawsbuck","|-damage|p2a: Sawsbuck|0 fnt","|-damage|p1a: Mandibuzz|5/361|[from] recoil|[of] p2a: Sawsbuck","|faint|p2a: Sawsbuck","|","|","|switch|p2a: Bouffalant|Bouffalant, F|361/361","|-damage|p2a: Bouffalant|316/361|[from] Stealth Rock","|turn|14","|","|move|p1a: Mandibuzz|Foul Play|p2a: Bouffalant","|-damage|p2a: Bouffalant|151/361","|move|p2a: Bouffalant|Stone Edge|p1a: Mandibuzz","|-supereffective|p1a: Mandibuzz","|-damage|p1a: Mandibuzz|0 fnt","|faint|p1a: Mandibuzz","|","|","|switch|p1a: Hawlucha|Hawlucha, F|300/300","|turn|15","|","|move|p1a: Hawlucha|Substitute|p1a: Hawlucha","|-start|p1a: Hawlucha|Substitute","|-damage|p1a: Hawlucha|225/300","|move|p2a: Bouffalant|Stone Edge|p1a: Hawlucha|[miss]","|-miss|p2a: Bouffalant|p1a: Hawlucha","|","|turn|16","|","|move|p1a: Hawlucha|Swords Dance|p1a: Hawlucha","|-boost|p1a: Hawlucha|atk|2","|move|p2a: Bouffalant|Stone Edge|p1a: Hawlucha","|-end|p1a: Hawlucha|Substitute","|","|turn|17","|","|move|p1a: Hawlucha|Substitute|p1a: Hawlucha","|-start|p1a: Hawlucha|Substitute","|-damage|p1a: Hawlucha|150/300","|-enditem|p1a: Hawlucha|Sitrus Berry|[eat]","|-heal|p1a: Hawlucha|225/300|[from] item: Sitrus Berry","|move|p2a: Bouffalant|Stone Edge|p1a: Hawlucha","|-end|p1a: Hawlucha|Substitute","|","|turn|18","|","|move|p1a: Hawlucha|Acrobatics|p2a: Bouffalant","|-damage|p2a: Bouffalant|0 fnt","|faint|p2a: Bouffalant","|","|","|switch|p2a: Lopunny|Lopunny, F|272/272","|-damage|p2a: Lopunny|238/272|[from] Stealth Rock","|turn|19","|","|detailschange|p2a: Lopunny|Lopunny-Mega, F","|-mega|p2a: Lopunny|Lopunny|Lopunnite","|move|p2a: Lopunny|Fake Out|p1a: Hawlucha","|-damage|p1a: Hawlucha|132/300","|cant|p1a: Hawlucha|flinch","|","|turn|20","|","|move|p1a: Hawlucha|Substitute|p1a: Hawlucha","|-start|p1a: Hawlucha|Substitute","|-damage|p1a: Hawlucha|57/300","|move|p2a: Lopunny|Ice Punch|p1a: Hawlucha","|-crit|p1a: Hawlucha","|-supereffective|p1a: Hawlucha","|-end|p1a: Hawlucha|Substitute","|","|turn|21","|","|move|p1a: Hawlucha|Acrobatics|p2a: Lopunny","|-supereffective|p2a: Lopunny","|-damage|p2a: Lopunny|0 fnt","|faint|p2a: Lopunny","|","|win|tboltrider"],"p1rating":{"entryid":"6783929","serverid":"eos","formatid":"monotype","userid":"tboltrider","username":"tboltrider","w":23,"l":"29","t":"0","gxe":46.2,"r":"1425.2116979133","rd":"53.980057879337","sigma":"0","rptime":"1439110800","rpr":1471.1808880903,"rprd":50.809540890183,"rpsigma":"0","acre":1237.8833223141,"lacre":1237.8833223141,"oldacre":"1227.2432178374"},"p2rating":{"entryid":7518016,"formatid":"monotype","userid":"shintu","username":"Shintu","r":1500,"rd":130,"sigma":0,"rpr":1448.7059478977,"rprd":122.29003265757,"rpsigma":0,"rptime":1439110800,"w":0,"l":1,"t":0,"gxe":43.6,"acre":1000,"lacre":1000,"oldacre":1000},"endType":"normal"}