{"seed":[4929,30339,16897,27244],"turns":36,"p1":"Zukushiku","p2":"DSV","p1team":[{"name":"Drifblim","species":"Drifblim","item":"weaknesspolicy","ability":"Unburden","moves":["stockpile","substitute","batonpass","tailwind"],"nature":"Timid","evs":{"hp":248,"atk":0,"def":0,"spa":0,"spd":8,"spe":252},"ivs":{"hp":31,"atk":0,"def":31,"spa":31,"spd":31,"spe":31},"shiny":true},{"name":"Gengar","species":"Gengar","item":"lifeorb","ability":"Levitate","moves":["shadowball","focusblast","substitute","painsplit"],"nature":"Timid","evs":{"hp":0,"atk":0,"def":0,"spa":252,"spd":4,"spe":252},"ivs":{"hp":31,"atk":0,"def":31,"spa":31,"spd":31,"spe":31}},{"name":"Sableye","species":"Sableye","item":"sablenite","ability":"Prankster","moves":["knockoff","willowisp","recover","foulplay"],"nature":"Careful","evs":{"hp":252,"atk":0,"def":112,"spa":0,"spd":144,"spe":0},"ivs":{"hp":31,"atk":31,"def":31,"spa":31,"spd":31,"spe":31}},{"name":"Chandelure","species":"Chandelure","item":"choicescarf","ability":"Flash Fire","moves":["fireblast","shadowball","energyball","hiddenpowerice"],"nature":"Timid","evs":{"hp":0,"atk":0,"def":0,"spa":252,"spd":4,"spe":252},"ivs":{"hp":31,"atk":0,"def":30,"spa":31,"spd":31,"spe":31},"shiny":true},{"name":"Jellicent","species":"Jellicent","item":"leftovers","ability":"Water Absorb","moves":["taunt","toxic","scald","recover"],"nature":"Calm","evs":{"hp":248,"atk":0,"def":0,"spa":0,"spd":44,"spe":216},"ivs":{"hp":31,"atk":31,"def":31,"spa":31,"spd":31,"spe":31}},{"name":"Hoopa","species":"Hoopa","item":"lifeorb","ability":"Magician","moves":["substitute","psychic","shadowball","drainpunch"],"nature":"Naive","evs":{"hp":0,"atk":84,"def":0,"spa":172,"spd":0,"spe":252},"ivs":{"hp":31,"atk":31,"def":31,"spa":31,"spd":31,"spe":31}}],"p2team":[{"name":"Toxicroak","species":"Toxicroak","item":"lifeorb","ability":"Dry Skin","moves":["poisonjab","swordsdance","stoneedge","suckerpunch"],"nature":"Adamant","evs":{"hp":0,"atk":252,"def":0,"spa":0,"spd":4,"spe":252},"ivs":{"hp":31,"atk":31,"def":31,"spa":31,"spd":31,"spe":31}},{"name":"Infernape","species":"Infernape","item":"focussash","ability":"Blaze","moves":["vacuumwave","taunt","stealthrock","endeavor"],"nature":"Timid","evs":{"hp":248,"atk":0,"def":0,"spa":8,"spd":0,"spe":252},"ivs":{"hp":31,"atk":31,"def":31,"spa":31,"spd":31,"spe":31}},{"name":"Medicham","species":"Medicham","item":"medichamite","ability":"Pure Power","moves":["bulletpunch","psychocut","drainpunch","fakeout"],"nature":"Adamant","evs":{"hp":0,"atk":252,"def":0,"spa":0,"spd":4,"spe":252},"ivs":{"hp":31,"atk":31,"def":31,"spa":31,"spd":31,"spe":31}},{"name":"Scrafty","species":"Scrafty","item":"leftovers","ability":"Shed Skin","moves":["rest","bulkup","knockoff","drainpunch"],"nature":"Careful","evs":{"hp":252,"atk":4,"def":0,"spa":0,"spd":252,"spe":0},"ivs":{"hp":31,"atk":31,"def":31,"spa":31,"spd":31,"spe":31}},{"name":"Terrakion","species":"Terrakion","item":"choiceband","ability":"Justified","moves":["closecombat","stoneedge","xscissor","earthquake"],"nature":"Jolly","evs":{"hp":0,"atk":252,"def":0,"spa":0,"spd":4,"spe":252},"ivs":{"hp":31,"atk":31,"def":31,"spa":31,"spd":31,"spe":31}},{"name":"Keldeo","species":"Keldeo","item":"choicespecs","ability":"Justified","moves":["secretsword","surf","icywind","hiddenpowerghost"],"nature":"Timid","evs":{"hp":0,"atk":0,"def":0,"spa":252,"spd":4,"spe":252},"ivs":{"hp":31,"atk":31,"def":30,"spa":31,"spd":30,"spe":31}}],"log":["|player|p1|Zukushiku|zukushiku.png","|player|p2|DSV|159","|gametype|singles","|gen|6","|tier|Monotype","|rated","|rule|Baton Pass Clause: Limit one Baton Passer, can't pass Spe and other stats simultaneously","|rule|Swagger Clause: Swagger is banned","|rule|Same Type Clause: Pokémon in a team must share a type","|clearpoke","|poke|p1|Drifblim, M, shiny","|poke|p1|Gengar, F","|poke|p1|Sableye, F","|poke|p1|Chandelure, M, shiny","|poke|p1|Jellicent, M","|poke|p1|Hoopa","|poke|p2|Toxicroak, F","|poke|p2|Infernape, M","|poke|p2|Medicham, F","|poke|p2|Scrafty, M","|poke|p2|Terrakion","|poke|p2|Keldeo","|rule|Sleep Clause Mod: Limit one foe put to sleep","|rule|Species Clause: Limit one of each Pokémon","|rule|OHKO Clause: OHKO moves are banned","|rule|Moody Clause: Moody is banned","|rule|Evasion Moves Clause: Evasion moves are banned","|rule|Endless Battle Clause: Forcing endless battles is banned","|rule|HP Percentage Mod: HP is shown in percentages","|teampreview","|","|start","|switch|p1a: Sableye|Sableye, F|304/304","|switch|p2a: Infernape|Infernape, M|355/355","|turn|1","|","|detailschange|p1a: Sableye|Sableye-Mega, F","|-mega|p1a: Sableye|Sableye|Sablenite","|move|p2a: Infernape|Taunt|p1a: Sableye","|move|p1a: Sableye|Taunt|p2a: Infernape|[from]Magic Bounce","|-start|p2a: Infernape|move: Taunt","|move|p1a: Sableye|Knock Off|p2a: Infernape","|-resisted|p2a: Infernape","|-damage|p2a: Infernape|295/355","|-enditem|p2a: Infernape|Focus Sash|[from] move: Knock Off|[of] p1a: Sableye","|","|turn|2","|","|switch|p2a: Scrafty|Scrafty, M|334/334","|move|p1a: Sableye|Will-O-Wisp|p2a: Scrafty|[miss]","|-miss|p1a: Sableye|p2a: Scrafty","|","|turn|3","|","|move|p2a: Scrafty|Bulk Up|p2a: Scrafty","|-boost|p2a: Scrafty|atk|1","|-boost|p2a: Scrafty|def|1","|move|p1a: Sableye|Will-O-Wisp|p2a: Scrafty","|-status|p2a: Scrafty|brn","|","|-activate|p2a: Scrafty|ability: Shed Skin","|-curestatus|p2a: Scrafty|brn","|turn|4","|","|move|p2a: Scrafty|Bulk Up|p2a: Scrafty","|-boost|p2a: Scrafty|atk|1","|-boost|p2a: Scrafty|def|1","|move|p1a: Sableye|Will-O-Wisp|p2a: Scrafty","|-status|p2a: Scrafty|brn","|","|-damage|p2a: Scrafty|293/334 brn|[from] brn","|turn|5","|","|switch|p1a: Gengar|Gengar, F|261/261","|move|p2a: Scrafty|Bulk Up|p2a: Scrafty","|-boost|p2a: Scrafty|atk|1","|-boost|p2a: Scrafty|def|1","|","|-activate|p2a: Scrafty|ability: Shed Skin","|-curestatus|p2a: Scrafty|brn","|-heal|p2a: Scrafty|313/334|[from] item: Leftovers","|turn|6","|","|move|p1a: Gengar|Focus Blast|p2a: Scrafty","|-supereffective|p2a: Scrafty","|-damage|p2a: Scrafty|66/334","|-damage|p1a: Gengar|235/261|[from] item: Life Orb","|move|p2a: Scrafty|Knock Off|p1a: Gengar","|-supereffective|p1a: Gengar","|-damage|p1a: Gengar|0 fnt","|-enditem|p1a: Gengar|Life Orb|[from] move: Knock Off|[of] p2a: Scrafty","|faint|p1a: Gengar","|","|-heal|p2a: Scrafty|86/334|[from] item: Leftovers","|","|switch|p1a: Chandelure|Chandelure, M, shiny|261/261","|turn|7","|","|switch|p2a: Infernape|Infernape, M|295/355","|move|p1a: Chandelure|Energy Ball|p2a: Infernape","|-resisted|p2a: Infernape","|-damage|p2a: Infernape|215/355","|","|turn|8","|","|switch|p1a: Sableye|Sableye-Mega, F|304/304","|move|p2a: Infernape|Taunt|p1a: Sableye","|move|p1a: Sableye|Taunt|p2a: Infernape|[from]Magic Bounce","|-start|p2a: Infernape|move: Taunt","|","|turn|9","|","|switch|p2a: Scrafty|Scrafty, M|86/334","|switch|p1a: Chandelure|Chandelure, M, shiny|261/261","|","|-heal|p2a: Scrafty|106/334|[from] item: Leftovers","|turn|10","|","|switch|p2a: Infernape|Infernape, M|215/355","|move|p1a: Chandelure|Fire Blast|p2a: Infernape|[miss]","|-miss|p1a: Chandelure|p2a: Infernape","|","|turn|11","|","|move|p1a: Chandelure|Fire Blast|p2a: Infernape","|-resisted|p2a: Infernape","|-damage|p2a: Infernape|68/355","|move|p2a: Infernape|Stealth Rock|p1a: Chandelure","|-sidestart|p1: Zukushiku|move: Stealth Rock","|","|turn|12","|","|switch|p2a: Terrakion|Terrakion|323/323","|move|p1a: Chandelure|Fire Blast|p2a: Terrakion|[miss]","|-miss|p1a: Chandelure|p2a: Terrakion","|","|turn|13","|","|switch|p1a: Sableye|Sableye-Mega, F|304/304","|-damage|p1a: Sableye|266/304|[from] Stealth Rock","|move|p2a: Terrakion|Stone Edge|p1a: Sableye","|-crit|p1a: Sableye","|-damage|p1a: Sableye|0 fnt","|faint|p1a: Sableye","|","|","|switch|p1a: Chandelure|Chandelure, M, shiny|261/261","|-damage|p1a: Chandelure|196/261|[from] Stealth Rock","|turn|14","|","|switch|p2a: Infernape|Infernape, M|68/355","|move|p1a: Chandelure|Energy Ball|p2a: Infernape","|-resisted|p2a: Infernape","|-damage|p2a: Infernape|0 fnt","|faint|p2a: Infernape","|","|","|switch|p2a: Toxicroak|Toxicroak, F|307/307","|turn|15","|","|switch|p1a: Drifblim|Drifblim, M, shiny|503/503","|-damage|p1a: Drifblim|378/503|[from] Stealth Rock","|move|p2a: Toxicroak|Swords Dance|p2a: Toxicroak","|-boost|p2a: Toxicroak|atk|2","|","|turn|16","|","|move|p1a: Drifblim|Substitute|p1a: Drifblim","|-start|p1a: Drifblim|Substitute","|-damage|p1a: Drifblim|253/503","|move|p2a: Toxicroak|Stone Edge|p1a: Drifblim|[miss]","|-miss|p2a: Toxicroak|p1a: Drifblim","|","|turn|17","|","|move|p1a: Drifblim|Stockpile|p1a: Drifblim","|-start|p1a: Drifblim|stockpile1","|-boost|p1a: Drifblim|def|1","|-boost|p1a: Drifblim|spd|1","|move|p2a: Toxicroak|Poison Jab|p1a: Drifblim","|-resisted|p1a: Drifblim","|-end|p1a: Drifblim|Substitute","|-damage|p2a: Toxicroak|277/307|[from] item: Life Orb","|","|turn|18","|","|move|p1a: Drifblim|Substitute|p1a: Drifblim","|-start|p1a: Drifblim|Substitute","|-damage|p1a: Drifblim|128/503","|move|p2a: Toxicroak|Stone Edge|p1a: Drifblim","|-crit|p1a: Drifblim","|-supereffective|p1a: Drifblim","|-end|p1a: Drifblim|Substitute","|-damage|p2a: Toxicroak|247/307|[from] item: Life Orb","|","|turn|19","|","|move|p1a: Drifblim|Substitute|p1a: Drifblim","|-start|p1a: Drifblim|Substitute","|-damage|p1a: Drifblim|3/503","|move|p2a: Toxicroak|Poison Jab|p1a: Drifblim","|-resisted|p1a: Drifblim","|-end|p1a: Drifblim|Substitute","|-damage|p2a: Toxicroak|217/307|[from] item: Life Orb","|","|turn|20","|","|move|p1a: Drifblim|Tailwind|p1a: Drifblim","|-sidestart|p1: Zukushiku|move: Tailwind","|move|p2a: Toxicroak|Stone Edge|p1a: Drifblim","|-crit|p1a: Drifblim","|-supereffective|p1a: Drifblim","|-damage|p1a: Drifblim|0 fnt","|-damage|p2a: Toxicroak|187/307|[from] item: Life Orb","|faint|p1a: Drifblim","|","|","|switch|p1a: Hoopa|Hoopa|301/301","|-damage|p1a: Hoopa|264/301|[from] Stealth Rock","|turn|21","|","|move|p2a: Toxicroak|Sucker Punch|p1a: Hoopa","|-fail|p2a: Toxicroak","|move|p1a: Hoopa|Substitute|p1a: Hoopa","|-start|p1a: Hoopa|Substitute","|-damage|p1a: Hoopa|189/301","|","|turn|22","|","|move|p1a: Hoopa|Psychic|p2a: Toxicroak","|-crit|p2a: Toxicroak","|-supereffective|p2a: Toxicroak","|-damage|p2a: Toxicroak|0 fnt","|-damage|p1a: Hoopa|159/301|[from] item: Life Orb","|faint|p2a: Toxicroak","|","|","|switch|p2a: Medicham|Medicham, F|261/261","|turn|23","|","|detailschange|p2a: Medicham|Medicham-Mega, F","|-mega|p2a: Medicham|Medicham|Medichamite","|move|p2a: Medicham|Bullet Punch|p1a: Hoopa","|-end|p1a: Hoopa|Substitute","|move|p1a: Hoopa|Shadow Ball|p2a: Medicham","|-supereffective|p2a: Medicham","|-damage|p2a: Medicham|0 fnt","|-damage|p1a: Hoopa|129/301|[from] item: Life Orb","|faint|p2a: Medicham","|","|-sideend|p1: Zukushiku|move: Tailwind","|","|switch|p2a: Terrakion|Terrakion|323/323","|turn|24","|","|move|p2a: Terrakion|Earthquake|p1a: Hoopa","|-damage|p1a: Hoopa|0 fnt","|faint|p1a: Hoopa","|","|","|switch|p1a: Jellicent|Jellicent, M|403/403","|-damage|p1a: Jellicent|353/403|[from] Stealth Rock","|turn|25","|","|switch|p2a: Keldeo|Keldeo|323/323","|move|p1a: Jellicent|Scald|p2a: Keldeo","|-resisted|p2a: Keldeo","|-damage|p2a: Keldeo|277/323","|-status|p2a: Keldeo|brn","|","|-heal|p1a: Jellicent|378/403|[from] item: Leftovers","|-damage|p2a: Keldeo|237/323 brn|[from] brn","|turn|26","|","|move|p2a: Keldeo|Hidden Power|p1a: Jellicent","|-supereffective|p1a: Jellicent","|-damage|p1a: Jellicent|206/403","|move|p1a: Jellicent|Scald|p2a: Keldeo","|-resisted|p2a: Keldeo","|-damage|p2a: Keldeo|195/323 brn","|","|-heal|p1a: Jellicent|231/403|[from] item: Leftovers","|-damage|p2a: Keldeo|155/323 brn|[from] brn","|turn|27","|","|switch|p2a: Scrafty|Scrafty, M|106/334","|move|p1a: Jellicent|Recover|p1a: Jellicent","|-heal|p1a: Jellicent|403/403","|","|-heal|p2a: Scrafty|126/334|[from] item: Leftovers","|turn|28","|","|move|p1a: Jellicent|Taunt|p2a: Scrafty","|-start|p2a: Scrafty|move: Taunt","|cant|p2a: Scrafty|move: Taunt|Rest","|","|-heal|p2a: Scrafty|146/334|[from] item: Leftovers","|turn|29","|","|switch|p2a: Keldeo|Keldeo|155/323 brn","|move|p1a: Jellicent|Scald|p2a: Keldeo","|-resisted|p2a: Keldeo","|-damage|p2a: Keldeo|107/323 brn","|","|-damage|p2a: Keldeo|67/323 brn|[from] brn","|turn|30","|","|switch|p1a: Chandelure|Chandelure, M, shiny|196/261","|-damage|p1a: Chandelure|131/261|[from] Stealth Rock","|move|p2a: Keldeo|Hidden Power|p1a: Chandelure","|-supereffective|p1a: Chandelure","|-damage|p1a: Chandelure|0 fnt","|faint|p1a: Chandelure","|","|-damage|p2a: Keldeo|27/323 brn|[from] brn","|","|switch|p1a: Jellicent|Jellicent, M|403/403","|-damage|p1a: Jellicent|353/403|[from] Stealth Rock","|turn|31","|","|move|p2a: Keldeo|Hidden Power|p1a: Jellicent","|-supereffective|p1a: Jellicent","|-damage|p1a: Jellicent|167/403","|move|p1a: Jellicent|Recover|p1a: Jellicent","|-heal|p1a: Jellicent|369/403","|","|-heal|p1a: Jellicent|394/403|[from] item: Leftovers","|-damage|p2a: Keldeo|0 fnt|[from] brn","|faint|p2a: Keldeo","|","|switch|p2a: Scrafty|Scrafty, M|146/334","|turn|32","|","|move|p1a: Jellicent|Scald|p2a: Scrafty","|-damage|p2a: Scrafty|95/334","|-status|p2a: Scrafty|brn","|move|p2a: Scrafty|Knock Off|p1a: Jellicent","|-supereffective|p1a: Jellicent","|-damage|p1a: Jellicent|258/403","|-enditem|p1a: Jellicent|Leftovers|[from] move: Knock Off|[of] p2a: Scrafty","|","|-heal|p2a: Scrafty|115/334 brn|[from] item: Leftovers","|-damage|p2a: Scrafty|74/334 brn|[from] brn","|turn|33","|","|move|p1a: Jellicent|Taunt|p2a: Scrafty","|-start|p2a: Scrafty|move: Taunt","|cant|p2a: Scrafty|move: Taunt|Rest","|","|-heal|p2a: Scrafty|94/334 brn|[from] item: Leftovers","|-damage|p2a: Scrafty|53/334 brn|[from] brn","|turn|34","|","|move|p1a: Jellicent|Recover|p1a: Jellicent","|-heal|p1a: Jellicent|403/403","|move|p2a: Scrafty|Knock Off|p1a: Jellicent","|-supereffective|p1a: Jellicent","|-damage|p1a: Jellicent|301/403","|","|-heal|p2a: Scrafty|73/334 brn|[from] item: Leftovers","|-damage|p2a: Scrafty|32/334 brn|[from] brn","|turn|35","|","|move|p1a: Jellicent|Scald|p2a: Scrafty","|-damage|p2a: Scrafty|0 fnt","|faint|p2a: Scrafty","|","|","|switch|p2a: Terrakion|Terrakion|323/323","|turn|36","|","|move|p2a: Terrakion|Stone Edge|p1a: Jellicent","|-damage|p1a: Jellicent|0 fnt","|faint|p1a: Jellicent","|","|win|DSV"],"p1rating":{"entryid":"7076911","serverid":"eos","formatid":"monotype","userid":"zukushiku","username":"Zukushiku","w":"37","l":16,"t":"0","gxe":69.1,"r":"1644.5841694678","rd":"50.568513403167","sigma":"0","rptime":"1439024400","rpr":1652.4865039555,"rprd":48.879801643025,"rpsigma":"0","acre":1338.562937817,"lacre":1338.562937817,"oldacre":"1359.4739338969"},"p2rating":{"entryid":"6124841","serverid":"eos","formatid":"monotype","userid":"dsv","username":"DSV","w":45,"l":"19","t":"0","gxe":72.9,"r":"1691.765799518","rd":"51.12970908302","sigma":"0","rptime":"1439024400","rpr":1687.7770826039,"rprd":49.230725518589,"rpsigma":"0","acre":1364.5483485904,"lacre":1364.5483485904,"oldacre":"1343.6373525105"},"endType":"normal"}