{"seed":[25614,344,1598,36830],"turns":40,"p1":"Erebus JZB","p2":"Professor♅ Gotenks","p1team":[{"name":"Chansey","species":"Chansey","item":"eviolite","ability":"Natural Cure","moves":["thunderwave","seismictoss","sweetkiss","softboiled"],"nature":"Bold","evs":{"hp":252,"atk":0,"def":252,"spa":0,"spd":4,"spe":0},"ivs":{"hp":31,"atk":31,"def":31,"spa":31,"spd":31,"spe":31}},{"name":"Cinccino","species":"Cinccino","item":"kingsrock","ability":"Skill Link","moves":["bulletseed","rockblast","tailslap","uturn"],"nature":"Jolly","evs":{"hp":0,"atk":252,"def":0,"spa":0,"spd":4,"spe":252},"ivs":{"hp":31,"atk":31,"def":31,"spa":31,"spd":31,"spe":31}},{"name":"Porygon2","species":"Porygon2","item":"eviolite","ability":"Trace","moves":["recover","icebeam","triattack","psyshock"],"nature":"Modest","evs":{"hp":252,"atk":0,"def":136,"spa":116,"spd":4,"spe":0},"ivs":{"hp":31,"atk":31,"def":31,"spa":31,"spd":31,"spe":31}},{"name":"Vigoroth","species":"Vigoroth","item":"eviolite","ability":"Vital Spirit","moves":["bulkup","slackoff","return","suckerpunch"],"nature":"Careful","evs":{"hp":252,"atk":4,"def":0,"spa":0,"spd":252,"spe":0},"ivs":{"hp":31,"atk":31,"def":31,"spa":31,"spd":31,"spe":31}},{"name":"Chatot","species":"Chatot","item":"leftovers","ability":"Tangled Feet","moves":["chatter","boomburst","substitute","nastyplot"],"nature":"Naive","evs":{"hp":0,"atk":4,"def":0,"spa":252,"spd":0,"spe":252},"ivs":{"hp":31,"atk":30,"def":31,"spa":30,"spd":31,"spe":30}},{"name":"Drukz","species":"spinda","item":"focussash","ability":"Contrary","moves":["superpower","fakeout","suckerpunch","hypnosis"],"nature":"Adamant","evs":{"hp":248,"atk":252,"def":0,"spa":0,"spd":8,"spe":0},"shiny":true,"ivs":{"hp":31,"atk":31,"def":31,"spa":31,"spd":31,"spe":31}}],"p2team":[{"name":"Ferrothorn","species":"Ferrothorn","item":"rockyhelmet","ability":"Iron Barbs","moves":["leechseed","gyroball","toxic","powerwhip"],"nature":"Relaxed","evs":{"hp":248,"atk":8,"def":252,"spa":0,"spd":0,"spe":0},"ivs":{"hp":31,"atk":31,"def":31,"spa":31,"spd":31,"spe":0}},{"name":"Klefki","species":"Klefki","item":"lightclay","ability":"Prankster","moves":["lightscreen","reflect","thunderwave","drainingkiss"],"nature":"Bold","evs":{"hp":248,"atk":0,"def":116,"spa":8,"spd":136,"spe":0},"ivs":{"hp":31,"atk":31,"def":31,"spa":31,"spd":31,"spe":31}},{"name":"Excadrill","species":"Excadrill","item":"choicescarf","ability":"Mold Breaker","moves":["earthquake","ironhead","rockslide","rapidspin"],"nature":"Jolly","evs":{"hp":0,"atk":252,"def":0,"spa":0,"spd":4,"spe":252},"ivs":{"hp":31,"atk":31,"def":31,"spa":31,"spd":31,"spe":31}},{"name":"Heatran","species":"Heatran","item":"airballoon","ability":"Flash Fire","moves":["earthpower","lavaplume","flashcannon","ancientpower"],"nature":"Modest","evs":{"hp":248,"atk":0,"def":0,"spa":252,"spd":8,"spe":0},"ivs":{"hp":31,"atk":30,"def":30,"spa":31,"spd":31,"spe":31}},{"name":"Skarmory","species":"Skarmory","item":"rockyhelmet","ability":"Sturdy","moves":["stealthrock","spikes","bravebird","whirlwind"],"nature":"Impish","evs":{"hp":248,"atk":0,"def":236,"spa":0,"spd":0,"spe":24},"ivs":{"hp":31,"atk":31,"def":31,"spa":31,"spd":31,"spe":31}},{"name":"Scizor","species":"Scizor","item":"scizorite","ability":"Light Metal","moves":["roost","swordsdance","bulletpunch","bugbite"],"nature":"Adamant","evs":{"hp":176,"atk":180,"def":0,"spa":0,"spd":8,"spe":144},"shiny":true,"ivs":{"hp":31,"atk":31,"def":31,"spa":31,"spd":31,"spe":31}}],"log":["|player|p1|Erebus JZB|154","|player|p2|Professor♅ Gotenks|professorgotenks.png","|gametype|singles","|gen|6","|tier|Monotype","|rated","|rule|Baton Pass Clause: Limit one Baton Passer, can't pass Spe and other stats simultaneously","|rule|Swagger Clause: Swagger is banned","|rule|Same Type Clause: Pokémon in a team must share a type","|clearpoke","|poke|p1|Chansey, F","|poke|p1|Cinccino, M","|poke|p1|Porygon2","|poke|p1|Vigoroth, F","|poke|p1|Chatot, F","|poke|p1|Spinda, F, shiny","|poke|p2|Ferrothorn, M","|poke|p2|Klefki, M","|poke|p2|Excadrill, F","|poke|p2|Heatran, M","|poke|p2|Skarmory, M","|poke|p2|Scizor, M, shiny","|rule|Sleep Clause Mod: Limit one foe put to sleep","|rule|Species Clause: Limit one of each Pokémon","|rule|OHKO Clause: OHKO moves are banned","|rule|Moody Clause: Moody is banned","|rule|Evasion Moves Clause: Evasion moves are banned","|rule|Endless Battle Clause: Forcing endless battles is banned","|rule|HP Percentage Mod: HP is shown in percentages","|teampreview","|","|start","|switch|p1a: Chatot|Chatot, F|293/293","|switch|p2a: Skarmory|Skarmory, M|333/333","|turn|1","|","|move|p1a: Chatot|Chatter|p2a: Skarmory","|-resisted|p2a: Skarmory","|-damage|p2a: Skarmory|269/333","|-start|p2a: Skarmory|confusion","|-activate|p2a: Skarmory|confusion","|-damage|p2a: Skarmory|253/333|[from] confusion","|","|turn|2","|","|move|p1a: Chatot|Substitute|p1a: Chatot","|-start|p1a: Chatot|Substitute","|-damage|p1a: Chatot|220/293","|-activate|p2a: Skarmory|confusion","|-damage|p2a: Skarmory|237/333|[from] confusion","|","|-heal|p1a: Chatot|238/293|[from] item: Leftovers","|turn|3","|","|move|p1a: Chatot|Nasty Plot|p1a: Chatot","|-boost|p1a: Chatot|spa|2","|-activate|p2a: Skarmory|confusion","|move|p2a: Skarmory|Stealth Rock|p1a: Chatot","|-sidestart|p1: Erebus JZB|move: Stealth Rock","|","|-heal|p1a: Chatot|256/293|[from] item: Leftovers","|turn|4","|","|move|p1a: Chatot|Boomburst|p2a: Skarmory","|-resisted|p2a: Skarmory","|-damage|p2a: Skarmory|0 fnt","|faint|p2a: Skarmory","|","|-heal|p1a: Chatot|274/293|[from] item: Leftovers","|","|switch|p2a: Klefki|Klefki, M|317/317","|turn|5","|","|move|p2a: Klefki|Light Screen|p2a: Klefki","|-sidestart|p2: Professor♅ Gotenks|move: Light Screen","|move|p1a: Chatot|Chatter|p2a: Klefki","|-resisted|p2a: Klefki","|-damage|p2a: Klefki|271/317","|-start|p2a: Klefki|confusion","|","|-heal|p1a: Chatot|292/293|[from] item: Leftovers","|turn|6","|","|switch|p2a: Scizor|Scizor, M, shiny|325/325","|move|p1a: Chatot|Nasty Plot|p1a: Chatot","|-boost|p1a: Chatot|spa|2","|","|-heal|p1a: Chatot|293/293|[from] item: Leftovers","|turn|7","|","|detailschange|p2a: Scizor|Scizor-Mega, M, shiny","|-mega|p2a: Scizor|Scizor|Scizorite","|move|p2a: Scizor|Bullet Punch|p1a: Chatot","|-end|p1a: Chatot|Substitute","|move|p1a: Chatot|Chatter|p2a: Scizor","|-damage|p2a: Scizor|187/325","|-start|p2a: Scizor|confusion","|","|turn|8","|","|-activate|p2a: Scizor|confusion","|move|p2a: Scizor|Bullet Punch|p1a: Chatot","|-damage|p1a: Chatot|79/293","|move|p1a: Chatot|Substitute|p1a: Chatot","|-start|p1a: Chatot|Substitute","|-damage|p1a: Chatot|6/293","|","|-heal|p1a: Chatot|24/293|[from] item: Leftovers","|turn|9","|","|switch|p2a: Klefki|Klefki, M|271/317","|move|p1a: Chatot|Boomburst|p2a: Klefki","|-resisted|p2a: Klefki","|-damage|p2a: Klefki|121/317","|","|-heal|p1a: Chatot|42/293|[from] item: Leftovers","|turn|10","|","|move|p1a: Chatot|Boomburst|p2a: Klefki","|-resisted|p2a: Klefki","|-damage|p2a: Klefki|0 fnt","|faint|p2a: Klefki","|","|-heal|p1a: Chatot|60/293|[from] item: Leftovers","|","|switch|p2a: Scizor|Scizor-Mega, M, shiny|187/325","|turn|11","|","|move|p2a: Scizor|Bullet Punch|p1a: Chatot","|-end|p1a: Chatot|Substitute","|move|p1a: Chatot|Boomburst|p2a: Scizor","|-resisted|p2a: Scizor","|-damage|p2a: Scizor|54/325","|","|-heal|p1a: Chatot|78/293|[from] item: Leftovers","|turn|12","|","|move|p1a: Chatot|Chatter|p2a: Scizor","|-damage|p2a: Scizor|0 fnt","|faint|p2a: Scizor","|","|-heal|p1a: Chatot|96/293|[from] item: Leftovers","|-sideend|p2: Professor♅ Gotenks|move: Light Screen","|","|switch|p2a: Excadrill|Excadrill, F|361/361","|-ability|p2a: Excadrill|Mold Breaker","|turn|13","|","|move|p2a: Excadrill|Rock Slide|p1a: Chatot","|-supereffective|p1a: Chatot","|-damage|p1a: Chatot|0 fnt","|faint|p1a: Chatot","|","|","|switch|p1a: Drukz|Spinda, F, shiny|323/323","|-damage|p1a: Drukz|283/323|[from] Stealth Rock","|turn|14","|","|switch|p2a: Ferrothorn|Ferrothorn, M|351/351","|move|p1a: Drukz|Fake Out|p2a: Ferrothorn","|-resisted|p2a: Ferrothorn","|-damage|p2a: Ferrothorn|336/351","|-damage|p1a: Drukz|243/323|[from] ability: Iron Barbs|[of] p2a: Ferrothorn","|-damage|p1a: Drukz|190/323|[from] item: Rocky Helmet|[of] p2a: Ferrothorn","|","|turn|15","|","|move|p1a: Drukz|Hypnosis|p2a: Ferrothorn","|-status|p2a: Ferrothorn|slp","|cant|p2a: Ferrothorn|slp","|","|turn|16","|","|move|p1a: Drukz|Superpower|p2a: Ferrothorn","|-supereffective|p2a: Ferrothorn","|-damage|p2a: Ferrothorn|228/351 slp","|-damage|p1a: Drukz|150/323|[from] ability: Iron Barbs|[of] p2a: Ferrothorn","|-damage|p1a: Drukz|97/323|[from] item: Rocky Helmet|[of] p2a: Ferrothorn","|-boost|p1a: Drukz|atk|1","|-boost|p1a: Drukz|def|1","|cant|p2a: Ferrothorn|slp","|","|turn|17","|","|move|p1a: Drukz|Superpower|p2a: Ferrothorn","|-supereffective|p2a: Ferrothorn","|-damage|p2a: Ferrothorn|44/351 slp","|-damage|p1a: Drukz|57/323|[from] ability: Iron Barbs|[of] p2a: Ferrothorn","|-damage|p1a: Drukz|4/323|[from] item: Rocky Helmet|[of] p2a: Ferrothorn","|-boost|p1a: Drukz|atk|1","|-boost|p1a: Drukz|def|1","|-curestatus|p2a: Ferrothorn|slp","|move|p2a: Ferrothorn|Leech Seed|p1a: Drukz","|-start|p1a: Drukz|move: Leech Seed","|","|-damage|p1a: Drukz|0 fnt|[from] Leech Seed|[of] p2a: Ferrothorn","|-heal|p2a: Ferrothorn|48/351|[silent]","|faint|p1a: Drukz","|","|switch|p1a: Cinccino|Cinccino, M|291/291","|-damage|p1a: Cinccino|255/291|[from] Stealth Rock","|turn|18","|","|move|p1a: Cinccino|Bullet Seed|p2a: Ferrothorn","|-resisted|p2a: Ferrothorn","|-damage|p2a: Ferrothorn|45/351","|-resisted|p2a: Ferrothorn","|-damage|p2a: Ferrothorn|41/351","|-resisted|p2a: Ferrothorn","|-damage|p2a: Ferrothorn|38/351","|-resisted|p2a: Ferrothorn","|-damage|p2a: Ferrothorn|35/351","|-resisted|p2a: Ferrothorn","|-damage|p2a: Ferrothorn|32/351","|-hitcount|p2a: Ferrothorn|5","|move|p2a: Ferrothorn|Gyro Ball|p1a: Cinccino","|-damage|p1a: Cinccino|8/291","|","|turn|19","|","|move|p1a: Cinccino|Rock Blast|p2a: Ferrothorn","|-resisted|p2a: Ferrothorn","|-damage|p2a: Ferrothorn|25/351","|-resisted|p2a: Ferrothorn","|-damage|p2a: Ferrothorn|18/351","|-resisted|p2a: Ferrothorn","|-damage|p2a: Ferrothorn|11/351","|-resisted|p2a: Ferrothorn","|-damage|p2a: Ferrothorn|3/351","|-resisted|p2a: Ferrothorn","|-damage|p2a: Ferrothorn|0 fnt","|-hitcount|p2a: Ferrothorn|5","|faint|p2a: Ferrothorn","|","|","|switch|p2a: Excadrill|Excadrill, F|361/361","|-ability|p2a: Excadrill|Mold Breaker","|turn|20","|","|move|p2a: Excadrill|Earthquake|p1a: Cinccino","|-damage|p1a: Cinccino|0 fnt","|faint|p1a: Cinccino","|","|","|switch|p1a: Vigoroth|Vigoroth, F|364/364","|-damage|p1a: Vigoroth|319/364|[from] Stealth Rock","|turn|21","|","|move|p2a: Excadrill|Earthquake|p1a: Vigoroth","|-damage|p1a: Vigoroth|159/364","|move|p1a: Vigoroth|Bulk Up|p1a: Vigoroth","|-boost|p1a: Vigoroth|atk|1","|-boost|p1a: Vigoroth|def|1","|","|turn|22","|","|move|p2a: Excadrill|Earthquake|p1a: Vigoroth","|-damage|p1a: Vigoroth|57/364","|move|p1a: Vigoroth|Slack Off|p1a: Vigoroth","|-heal|p1a: Vigoroth|239/364","|","|turn|23","|","|switch|p2a: Heatran|Heatran, M|385/385","|-item|p2a: Heatran|Air Balloon","|move|p1a: Vigoroth|Slack Off|p1a: Vigoroth","|-heal|p1a: Vigoroth|364/364","|","|turn|24","|","|switch|p1a: Porygon2|Porygon2|374/374","|-damage|p1a: Porygon2|328/374|[from] Stealth Rock","|-ability|p1a: Porygon2|Flash Fire|[from] ability: Trace|[of] p2a: Heatran","|move|p2a: Heatran|Lava Plume|p1a: Porygon2","|-start|p1a: Porygon2|ability: Flash Fire","|","|turn|25","|","|move|p2a: Heatran|Ancient Power|p1a: Porygon2","|-crit|p1a: Porygon2","|-damage|p1a: Porygon2|246/374","|move|p1a: Porygon2|Tri Attack|p2a: Heatran","|-resisted|p2a: Heatran","|-damage|p2a: Heatran|330/385","|-enditem|p2a: Heatran|Air Balloon","|","|turn|26","|","|move|p2a: Heatran|Ancient Power|p1a: Porygon2","|-damage|p1a: Porygon2|188/374","|move|p1a: Porygon2|Tri Attack|p2a: Heatran","|-resisted|p2a: Heatran","|-damage|p2a: Heatran|270/385","|","|turn|27","|","|move|p2a: Heatran|Ancient Power|p1a: Porygon2","|-damage|p1a: Porygon2|135/374","|move|p1a: Porygon2|Recover|p1a: Porygon2","|-heal|p1a: Porygon2|322/374","|","|turn|28","|","|move|p2a: Heatran|Ancient Power|p1a: Porygon2","|-damage|p1a: Porygon2|264/374","|move|p1a: Porygon2|Tri Attack|p2a: Heatran","|-resisted|p2a: Heatran","|-damage|p2a: Heatran|211/385","|","|turn|29","|","|move|p2a: Heatran|Ancient Power|p1a: Porygon2","|-damage|p1a: Porygon2|211/374","|move|p1a: Porygon2|Tri Attack|p2a: Heatran","|-resisted|p2a: Heatran","|-damage|p2a: Heatran|153/385","|","|turn|30","|","|move|p2a: Heatran|Ancient Power|p1a: Porygon2","|-damage|p1a: Porygon2|160/374","|move|p1a: Porygon2|Recover|p1a: Porygon2","|-heal|p1a: Porygon2|347/374","|","|turn|31","|","|move|p2a: Heatran|Ancient Power|p1a: Porygon2","|-damage|p1a: Porygon2|292/374","|move|p1a: Porygon2|Tri Attack|p2a: Heatran","|-resisted|p2a: Heatran","|-damage|p2a: Heatran|96/385","|","|turn|32","|","|move|p2a: Heatran|Ancient Power|p1a: Porygon2","|-damage|p1a: Porygon2|232/374","|move|p1a: Porygon2|Tri Attack|p2a: Heatran","|-resisted|p2a: Heatran","|-damage|p2a: Heatran|43/385","|","|turn|33","|","|switch|p2a: Excadrill|Excadrill, F|361/361","|-ability|p2a: Excadrill|Mold Breaker","|move|p1a: Porygon2|Recover|p1a: Porygon2","|-heal|p1a: Porygon2|374/374","|","|turn|34","|","|move|p2a: Excadrill|Iron Head|p1a: Porygon2","|-damage|p1a: Porygon2|274/374","|move|p1a: Porygon2|Tri Attack|p2a: Excadrill","|-resisted|p2a: Excadrill","|-damage|p2a: Excadrill|279/361","|","|turn|35","|","|move|p2a: Excadrill|Iron Head|p1a: Porygon2","|-damage|p1a: Porygon2|183/374","|move|p1a: Porygon2|Tri Attack|p2a: Excadrill","|-resisted|p2a: Excadrill","|-damage|p2a: Excadrill|191/361","|-status|p2a: Excadrill|frz","|","|turn|36","|","|cant|p2a: Excadrill|frz","|move|p1a: Porygon2|Recover|p1a: Porygon2","|-heal|p1a: Porygon2|370/374","|","|turn|37","|","|cant|p2a: Excadrill|frz","|move|p1a: Porygon2|Tri Attack|p2a: Excadrill","|-resisted|p2a: Excadrill","|-damage|p2a: Excadrill|101/361 frz","|","|turn|38","|","|cant|p2a: Excadrill|frz","|move|p1a: Porygon2|Tri Attack|p2a: Excadrill","|-resisted|p2a: Excadrill","|-damage|p2a: Excadrill|20/361 frz","|","|turn|39","|","|cant|p2a: Excadrill|frz","|move|p1a: Porygon2|Tri Attack|p2a: Excadrill","|-resisted|p2a: Excadrill","|-damage|p2a: Excadrill|0 fnt","|faint|p2a: Excadrill","|","|","|switch|p2a: Heatran|Heatran, M|43/385","|turn|40","|","|move|p2a: Heatran|Earth Power|p1a: Porygon2","|-crit|p1a: Porygon2","|-damage|p1a: Porygon2|252/374","|move|p1a: Porygon2|Tri Attack|p2a: Heatran","|-resisted|p2a: Heatran","|-damage|p2a: Heatran|0 fnt","|faint|p2a: Heatran","|","|win|Erebus JZB"],"p1rating":{"entryid":"7514877","serverid":"eos","formatid":"monotype","userid":"erebusjzb","username":"Erebus JZB","w":4,"l":"1","t":"0","gxe":59.4,"r":"1500","rd":"130","sigma":"0","rptime":"1439110800","rpr":1574.519301066,"rprd":101.45302024377,"rpsigma":"0","acre":1129.8584721453,"lacre":1129.8584721453,"oldacre":"1105.0993281344"},"p2rating":{"entryid":"6600838","serverid":"eos","formatid":"monotype","userid":"professorgotenks","username":"Professor♅ Gotenks","w":"27","l":39,"t":"0","gxe":42,"r":1443.9661291194,"rd":46.578918660951,"sigma":"0","rptime":1439110800,"rpr":1439.1206399339,"rprd":46.232944696538,"rpsigma":"0","acre":1076.9928028908,"lacre":1076.9928028908,"oldacre":"1101.7519469017"},"endType":"normal"}