{"seed":[58488,61323,36958,2152],"turns":27,"p1":"The Mockingbird","p2":"Carnie Marx","p1team":[{"name":"Loki","species":"sableye","item":"sablenite","ability":"Prankster","moves":["calmmind","recover","willowisp","snarl"],"nature":"Bold","evs":{"hp":252,"atk":0,"def":196,"spa":0,"spd":60,"spe":0},"gender":"M","ivs":{"hp":31,"atk":31,"def":31,"spa":31,"spd":31,"spe":31}},{"name":"Sobek","species":"tyranitar","item":"leftovers","ability":"Sand Stream","moves":["stoneedge","fireblast","stealthrock","thunderwave"],"nature":"Brave","evs":{"hp":252,"atk":56,"def":0,"spa":0,"spd":200,"spe":0},"gender":"M","ivs":{"hp":31,"atk":31,"def":31,"spa":31,"spd":31,"spe":31}},{"name":"Eros","species":"hoopaunbound","item":"choicescarf","ability":"Magician","moves":["hyperspacefury","hyperspacehole","gunkshot","energyball"],"nature":"Hasty","evs":{"hp":0,"atk":180,"def":0,"spa":76,"spd":0,"spe":252},"ivs":{"hp":31,"atk":31,"def":31,"spa":31,"spd":31,"spe":31}},{"name":"Akkorokamui","species":"crawdaunt","item":"lifeorb","ability":"Adaptability","moves":["knockoff","aquajet","swordsdance","crabhammer"],"nature":"Adamant","evs":{"hp":0,"atk":252,"def":0,"spa":0,"spd":4,"spe":252},"ivs":{"hp":31,"atk":31,"def":31,"spa":31,"spd":31,"spe":31}},{"name":"Urubutsin","species":"mandibuzz","item":"rockyhelmet","ability":"Overcoat","moves":["bravebird","foulplay","roost","defog"],"nature":"Impish","evs":{"hp":248,"atk":8,"def":252,"spa":0,"spd":0,"spe":0},"ivs":{"hp":31,"atk":31,"def":31,"spa":31,"spd":31,"spe":31}},{"name":"The Golem of Vilna","species":"bisharp","item":"lumberry","ability":"Defiant","moves":["swordsdance","knockoff","ironhead","suckerpunch"],"nature":"Adamant","evs":{"hp":0,"atk":252,"def":0,"spa":0,"spd":4,"spe":252},"gender":"M","ivs":{"hp":31,"atk":31,"def":31,"spa":31,"spd":31,"spe":31}}],"p2team":[{"name":"Murkrow","species":"Murkrow","item":"eviolite","ability":"Prankster","moves":["roost","thunderwave","featherdance","darkpulse"],"nature":"Calm","evs":{"hp":248,"atk":0,"def":0,"spa":8,"spd":252,"spe":0},"ivs":{"hp":31,"atk":31,"def":31,"spa":31,"spd":31,"spe":31}},{"name":"Absol","species":"Absol","item":"scopelens","ability":"Super Luck","moves":["nightslash","shadowclaw","thunderwave","suckerpunch"],"nature":"Jolly","evs":{"hp":0,"atk":252,"def":0,"spa":0,"spd":4,"spe":252},"ivs":{"hp":31,"atk":31,"def":31,"spa":31,"spd":31,"spe":31}},{"name":"Mandibuzz","species":"Mandibuzz","item":"rockyhelmet","ability":"Overcoat","moves":["foulplay","roost","toxic","bravebird"],"nature":"Impish","evs":{"hp":248,"atk":8,"def":252,"spa":0,"spd":0,"spe":0},"ivs":{"hp":31,"atk":31,"def":31,"spa":31,"spd":31,"spe":31}},{"name":"Malamar","species":"Malamar","item":"muscleband","ability":"Contrary","moves":["nightslash","psychocut","superpower","foulplay"],"nature":"Adamant","evs":{"hp":248,"atk":252,"def":0,"spa":0,"spd":8,"spe":0},"ivs":{"hp":31,"atk":31,"def":31,"spa":31,"spd":31,"spe":31}},{"name":"Hydreigon","species":"Hydreigon","item":"choicespecs","ability":"Levitate","moves":["darkpulse","dragonpulse","earthpower","flamethrower"],"nature":"Timid","evs":{"hp":0,"atk":0,"def":0,"spa":252,"spd":4,"spe":252},"ivs":{"hp":31,"atk":31,"def":31,"spa":31,"spd":31,"spe":31}},{"name":"Sharpedo","species":"Sharpedo","item":"focussash","ability":"Speed Boost","moves":["destinybond","crunch","earthquake","waterfall"],"nature":"Adamant","evs":{"hp":0,"atk":252,"def":0,"spa":0,"spd":4,"spe":252},"ivs":{"hp":31,"atk":31,"def":31,"spa":31,"spd":31,"spe":31}}],"log":["|player|p1|The Mockingbird|149","|player|p2|Carnie Marx|238","|gametype|singles","|gen|6","|tier|Monotype","|rated","|rule|Baton Pass Clause: Limit one Baton Passer, can't pass Spe and other stats simultaneously","|rule|Swagger Clause: Swagger is banned","|rule|Same Type Clause: Pokémon in a team must share a type","|clearpoke","|poke|p1|Sableye, M","|poke|p1|Tyranitar, M","|poke|p1|Hoopa-Unbound","|poke|p1|Crawdaunt, M","|poke|p1|Mandibuzz, F","|poke|p1|Bisharp, M","|poke|p2|Murkrow, F","|poke|p2|Absol, M","|poke|p2|Mandibuzz, F","|poke|p2|Malamar, M","|poke|p2|Hydreigon, M","|poke|p2|Sharpedo, M","|rule|Sleep Clause Mod: Limit one foe put to sleep","|rule|Species Clause: Limit one of each Pokémon","|rule|OHKO Clause: OHKO moves are banned","|rule|Moody Clause: Moody is banned","|rule|Evasion Moves Clause: Evasion moves are banned","|rule|Endless Battle Clause: Forcing endless battles is banned","|rule|HP Percentage Mod: HP is shown in percentages","|teampreview","|","|start","|switch|p1a: Sobek|Tyranitar, M|404/404","|switch|p2a: Mandibuzz|Mandibuzz, F|423/423","|-weather|Sandstorm","|turn|1","|","|move|p2a: Mandibuzz|Toxic|p1a: Sobek|[miss]","|-miss|p2a: Mandibuzz|p1a: Sobek","|move|p1a: Sobek|Stealth Rock|p2a: Mandibuzz","|-sidestart|p2: Carnie Marx|move: Stealth Rock","|","|-weather|Sandstorm|[upkeep]","|turn|2","|","|move|p2a: Mandibuzz|Toxic|p1a: Sobek","|-status|p1a: Sobek|tox","|move|p1a: Sobek|Thunder Wave|p2a: Mandibuzz","|-status|p2a: Mandibuzz|par","|","|-weather|Sandstorm|[upkeep]","|-damage|p1a: Sobek|379/404 tox|[from] psn","|turn|3","|","|move|p1a: Sobek|Stone Edge|p2a: Mandibuzz","|-supereffective|p2a: Mandibuzz","|-damage|p2a: Mandibuzz|163/423 par","|move|p2a: Mandibuzz|Foul Play|p1a: Sobek","|-resisted|p1a: Sobek","|-damage|p1a: Sobek|302/404 tox","|","|-weather|Sandstorm|[upkeep]","|-heal|p1a: Sobek|327/404 tox|[from] item: Leftovers","|-damage|p1a: Sobek|277/404 tox|[from] psn","|turn|4","|","|move|p1a: Sobek|Stone Edge|p2a: Mandibuzz","|-supereffective|p2a: Mandibuzz","|-damage|p2a: Mandibuzz|0 fnt","|faint|p2a: Mandibuzz","|","|-weather|Sandstorm|[upkeep]","|-heal|p1a: Sobek|302/404 tox|[from] item: Leftovers","|-damage|p1a: Sobek|227/404 tox|[from] psn","|","|switch|p2a: Hydreigon|Hydreigon, M|325/325","|-damage|p2a: Hydreigon|285/325|[from] Stealth Rock","|turn|5","|","|move|p2a: Hydreigon|Earth Power|p1a: Sobek","|-supereffective|p1a: Sobek","|-damage|p1a: Sobek|67/404 tox","|-unboost|p1a: Sobek|spd|1","|move|p1a: Sobek|Thunder Wave|p2a: Hydreigon","|-status|p2a: Hydreigon|par","|","|-weather|none","|-heal|p1a: Sobek|92/404 tox|[from] item: Leftovers","|-damage|p1a: Sobek|0 fnt|[from] psn","|faint|p1a: Sobek","|","|switch|p1a: The Golem of Vilna|Bisharp, M|271/271","|turn|6","|","|switch|p1a: Urubutsin|Mandibuzz, F|423/423","|cant|p2a: Hydreigon|par","|","|turn|7","|","|switch|p2a: Murkrow|Murkrow, F|323/323","|-damage|p2a: Murkrow|243/323|[from] Stealth Rock","|move|p1a: Urubutsin|Brave Bird|p2a: Murkrow","|-damage|p2a: Murkrow|122/323","|-damage|p1a: Urubutsin|383/423|[from] recoil|[of] p2a: Murkrow","|","|turn|8","|","|move|p2a: Murkrow|Feather Dance|p1a: Urubutsin","|-unboost|p1a: Urubutsin|atk|2","|move|p1a: Urubutsin|Brave Bird|p2a: Murkrow","|-damage|p2a: Murkrow|52/323","|-damage|p1a: Urubutsin|360/423|[from] recoil|[of] p2a: Murkrow","|","|turn|9","|","|move|p2a: Murkrow|Roost|p2a: Murkrow","|-heal|p2a: Murkrow|214/323","|move|p1a: Urubutsin|Foul Play|p2a: Murkrow","|-resisted|p2a: Murkrow","|-damage|p2a: Murkrow|155/323","|","|turn|10","|","|move|p2a: Murkrow|Thunder Wave|p1a: Urubutsin","|-status|p1a: Urubutsin|par","|cant|p1a: Urubutsin|par","|","|turn|11","|","|switch|p1a: The Golem of Vilna|Bisharp, M|271/271","|move|p2a: Murkrow|Roost|p2a: Murkrow","|-heal|p2a: Murkrow|317/323","|","|turn|12","|","|move|p2a: Murkrow|Thunder Wave|p1a: The Golem of Vilna","|-status|p1a: The Golem of Vilna|par","|-enditem|p1a: The Golem of Vilna|Lum Berry|[eat]","|-curestatus|p1a: The Golem of Vilna|par","|move|p1a: The Golem of Vilna|Swords Dance|p1a: The Golem of Vilna","|-boost|p1a: The Golem of Vilna|atk|2","|","|turn|13","|","|move|p2a: Murkrow|Feather Dance|p1a: The Golem of Vilna","|-unboost|p1a: The Golem of Vilna|atk|2","|-boost|p1a: The Golem of Vilna|atk|2|[from] ability: Defiant","|move|p1a: The Golem of Vilna|Swords Dance|p1a: The Golem of Vilna","|-boost|p1a: The Golem of Vilna|atk|2","|","|turn|14","|","|move|p2a: Murkrow|Thunder Wave|p1a: The Golem of Vilna","|-status|p1a: The Golem of Vilna|par","|cant|p1a: The Golem of Vilna|par","|","|turn|15","|","|move|p2a: Murkrow|Feather Dance|p1a: The Golem of Vilna","|-unboost|p1a: The Golem of Vilna|atk|2","|-boost|p1a: The Golem of Vilna|atk|2|[from] ability: Defiant","|move|p1a: The Golem of Vilna|Iron Head|p2a: Murkrow","|-damage|p2a: Murkrow|0 fnt","|faint|p2a: Murkrow","|","|","|switch|p2a: Hydreigon|Hydreigon, M|285/325 par","|-damage|p2a: Hydreigon|245/325 par|[from] Stealth Rock","|turn|16","|","|move|p2a: Hydreigon|Flamethrower|p1a: The Golem of Vilna","|-supereffective|p1a: The Golem of Vilna","|-damage|p1a: The Golem of Vilna|0 fnt","|faint|p1a: The Golem of Vilna","|","|","|switch|p1a: Urubutsin|Mandibuzz, F|360/423 par","|turn|17","|","|move|p2a: Hydreigon|Flamethrower|p1a: Urubutsin","|-damage|p1a: Urubutsin|197/423 par","|move|p1a: Urubutsin|Brave Bird|p2a: Hydreigon","|-damage|p2a: Hydreigon|143/325 par","|-damage|p1a: Urubutsin|163/423 par|[from] recoil|[of] p2a: Hydreigon","|","|turn|18","|","|cant|p2a: Hydreigon|par","|cant|p1a: Urubutsin|par","|","|turn|19","|","|move|p2a: Hydreigon|Flamethrower|p1a: Urubutsin","|-damage|p1a: Urubutsin|0 fnt","|faint|p1a: Urubutsin","|","|","|switch|p1a: Akkorokamui|Crawdaunt, M|267/267","|turn|20","|","|move|p1a: Akkorokamui|Swords Dance|p1a: Akkorokamui","|-boost|p1a: Akkorokamui|atk|2","|move|p2a: Hydreigon|Flamethrower|p1a: Akkorokamui","|-resisted|p1a: Akkorokamui","|-damage|p1a: Akkorokamui|142/267","|","|turn|21","|","|move|p1a: Akkorokamui|Crabhammer|p2a: Hydreigon","|-resisted|p2a: Hydreigon","|-damage|p2a: Hydreigon|0 fnt","|-damage|p1a: Akkorokamui|116/267|[from] item: Life Orb","|faint|p2a: Hydreigon","|","|","|switch|p2a: Absol|Absol, M|271/271","|-damage|p2a: Absol|238/271|[from] Stealth Rock","|turn|22","|","|move|p2a: Absol|Sucker Punch|p1a: Akkorokamui","|-resisted|p1a: Akkorokamui","|-damage|p1a: Akkorokamui|29/267","|move|p1a: Akkorokamui|Aqua Jet|p2a: Absol","|-damage|p2a: Absol|0 fnt","|-damage|p1a: Akkorokamui|3/267|[from] item: Life Orb","|faint|p2a: Absol","|","|","|switch|p2a: Sharpedo|Sharpedo, M|281/281","|-damage|p2a: Sharpedo|246/281|[from] Stealth Rock","|turn|23","|","|move|p1a: Akkorokamui|Aqua Jet|p2a: Sharpedo","|-resisted|p2a: Sharpedo","|-damage|p2a: Sharpedo|0 fnt","|-damage|p1a: Akkorokamui|0 fnt|[from] item: Life Orb","|faint|p2a: Sharpedo","|faint|p1a: Akkorokamui","|","|","|switch|p1a: Eros|Hoopa-Unbound|301/301","|switch|p2a: Malamar|Malamar, M|375/375","|-damage|p2a: Malamar|329/375|[from] Stealth Rock","|turn|24","|","|move|p1a: Eros|Gunk Shot|p2a: Malamar","|-damage|p2a: Malamar|166/375","|-status|p2a: Malamar|psn","|move|p2a: Malamar|Superpower|p1a: Eros","|-damage|p1a: Eros|63/301","|-boost|p2a: Malamar|atk|1","|-boost|p2a: Malamar|def|1","|","|-damage|p2a: Malamar|120/375 psn|[from] psn","|turn|25","|","|move|p1a: Eros|Gunk Shot|p2a: Malamar|[miss]","|-miss|p1a: Eros|p2a: Malamar","|move|p2a: Malamar|Night Slash|p1a: Eros","|-damage|p1a: Eros|0 fnt","|faint|p1a: Eros","|","|-damage|p2a: Malamar|74/375 psn|[from] psn","|","|switch|p1a: Loki|Sableye, M|304/304","|turn|26","|","|move|p1a: Loki|Calm Mind|p1a: Loki","|-boost|p1a: Loki|spa|1","|-boost|p1a: Loki|spd|1","|move|p2a: Malamar|Night Slash|p1a: Loki","|-damage|p1a: Loki|144/304","|","|-damage|p2a: Malamar|28/375 psn|[from] psn","|turn|27","|","|move|p1a: Loki|Recover|p1a: Loki","|-heal|p1a: Loki|296/304","|move|p2a: Malamar|Night Slash|p1a: Loki","|-damage|p1a: Loki|131/304","|","|-damage|p2a: Malamar|0 fnt|[from] psn","|faint|p2a: Malamar","|","|win|The Mockingbird"],"p1rating":{"entryid":"6022870","serverid":"eos","formatid":"monotype","userid":"themockingbird","username":"The Mockingbird","w":9,"l":"12","t":"0","gxe":44,"r":"1449.2591161923","rd":"83.488694152499","sigma":"0","rptime":"1439110800","rpr":1453.7639467266,"rprd":79.4501727626,"rpsigma":"0","acre":1077.8006594181,"lacre":1077.8006594181,"oldacre":"1042.7188112372"},"p2rating":{"entryid":"5821777","serverid":"eos","formatid":"monotype","userid":"carniemarx","username":"Carnie Marx","w":"68","l":94,"t":"0","gxe":41.3,"r":"1436.1762507786","rd":"34.341689604988","sigma":"0","rptime":"1439110800","rpr":1433.9199808879,"rprd":33.62101714424,"rpsigma":"0","acre":1038.5856068341,"lacre":1038.5856068341,"oldacre":"1058.1362095785"},"endType":"normal"}