{"seed":[35928,56100,11205,30143],"turns":24,"p1":"Guard Darkrai","p2":"Inferno DPX","p1team":[{"name":"Hitmonlee","species":"Hitmonlee","item":"normalgem","ability":"Unburden","moves":["fakeout","highjumpkick","poisonjab","stoneedge"],"nature":"Adamant","evs":{"hp":0,"atk":252,"def":0,"spa":0,"spd":4,"spe":252},"ivs":{"hp":31,"atk":31,"def":31,"spa":31,"spd":31,"spe":31}},{"name":"Conkeldurr","species":"Conkeldurr","item":"assaultvest","ability":"Guts","moves":["icepunch","machpunch","drainpunch","bulkup"],"nature":"Adamant","evs":{"hp":248,"atk":252,"def":0,"spa":0,"spd":8,"spe":0},"ivs":{"hp":31,"atk":31,"def":31,"spa":31,"spd":31,"spe":31}},{"name":"Gallade","species":"Gallade","item":"galladite","ability":"Justified","moves":["swordsdance","shadowsneak","drainpunch","psychocut"],"nature":"Adamant","evs":{"hp":248,"atk":252,"def":0,"spa":0,"spd":8,"spe":0},"ivs":{"hp":31,"atk":31,"def":31,"spa":31,"spd":31,"spe":31}},{"name":"Breloom","species":"Breloom","item":"focussash","ability":"Technician","moves":["spore","machpunch","rocktomb","bulletseed"],"nature":"Jolly","evs":{"hp":0,"atk":252,"def":0,"spa":0,"spd":4,"spe":252},"ivs":{"hp":31,"atk":31,"def":31,"spa":31,"spd":31,"spe":31}},{"name":"Terrakion","species":"Terrakion","item":"choicescarf","ability":"Justified","moves":["stoneedge","closecombat","ironhead","earthquake"],"nature":"Jolly","evs":{"hp":0,"atk":252,"def":0,"spa":0,"spd":4,"spe":252},"ivs":{"hp":31,"atk":31,"def":31,"spa":31,"spd":31,"spe":31}},{"name":"Hawlucha","species":"Hawlucha","item":"powerherb","ability":"Unburden","moves":["skyattack","acrobatics","highjumpkick","swordsdance"],"nature":"Adamant","evs":{"hp":0,"atk":252,"def":0,"spa":0,"spd":4,"spe":252},"ivs":{"hp":31,"atk":31,"def":31,"spa":31,"spd":31,"spe":31}}],"p2team":[{"name":"Charizard","species":"Charizard","item":"charizarditex","ability":"Solar Power","moves":["dragondance","dragonclaw","firepunch","earthquake"],"nature":"Lonely","evs":{"hp":0,"atk":252,"def":0,"spa":4,"spd":0,"spe":252},"ivs":{"hp":31,"atk":31,"def":31,"spa":31,"spd":31,"spe":31}},{"name":"Arcanine","species":"Arcanine","item":"lifeorb","ability":"Intimidate","moves":["extremespeed","flareblitz","closecombat","crunch"],"nature":"","evs":{"hp":0,"atk":252,"def":0,"spa":4,"spd":0,"spe":252},"ivs":{"hp":31,"atk":31,"def":31,"spa":31,"spd":31,"spe":31}},{"name":"Rotom-Heat","species":"Rotom-Heat","item":"leftovers","ability":"Levitate","moves":["voltswitch","hiddenpowerfire","willowisp","painsplit"],"nature":"Calm","evs":{"hp":252,"atk":0,"def":0,"spa":4,"spd":252,"spe":0},"ivs":{"hp":31,"atk":30,"def":31,"spa":30,"spd":31,"spe":30}},{"name":"Darmanitan","species":"Darmanitan","item":"focussash","ability":"Sheer Force","moves":["flareblitz","earthquake","firepunch","stoneedge"],"nature":"Adamant","evs":{"hp":248,"atk":252,"def":0,"spa":0,"spd":8,"spe":0},"ivs":{"hp":31,"atk":31,"def":31,"spa":31,"spd":31,"spe":31}},{"name":"Volcarona","species":"Volcarona","item":"leftovers","ability":"Flame Body","moves":["bugbuzz","quiverdance","fierydance","gigadrain"],"nature":"Modest","evs":{"hp":0,"atk":0,"def":0,"spa":252,"spd":4,"spe":252},"ivs":{"hp":31,"atk":31,"def":31,"spa":31,"spd":31,"spe":31}},{"name":"Chandelure","species":"Chandelure","item":"choicescarf","ability":"Infiltrator","moves":["energyball","shadowball","psychic","fireblast"],"nature":"Timid","evs":{"hp":0,"atk":0,"def":0,"spa":252,"spd":4,"spe":252},"ivs":{"hp":31,"atk":31,"def":31,"spa":31,"spd":31,"spe":31}}],"log":["|player|p1|Guard Darkrai|guarddarkrai.png","|player|p2|Inferno DPX|290","|gametype|singles","|gen|6","|tier|Monotype","|rated","|rule|Baton Pass Clause: Limit one Baton Passer, can't pass Spe and other stats simultaneously","|rule|Swagger Clause: Swagger is banned","|rule|Same Type Clause: Pokémon in a team must share a type","|clearpoke","|poke|p1|Hitmonlee, M","|poke|p1|Conkeldurr, F","|poke|p1|Gallade, M","|poke|p1|Breloom, M","|poke|p1|Terrakion","|poke|p1|Hawlucha, F","|poke|p2|Charizard, M","|poke|p2|Arcanine, F","|poke|p2|Rotom-Heat","|poke|p2|Darmanitan, F","|poke|p2|Volcarona, F","|poke|p2|Chandelure, F","|rule|Sleep Clause Mod: Limit one foe put to sleep","|rule|Species Clause: Limit one of each Pokémon","|rule|OHKO Clause: OHKO moves are banned","|rule|Moody Clause: Moody is banned","|rule|Evasion Moves Clause: Evasion moves are banned","|rule|Endless Battle Clause: Forcing endless battles is banned","|rule|HP Percentage Mod: HP is shown in percentages","|teampreview","|","|start","|switch|p1a: Breloom|Breloom, M|261/261","|switch|p2a: Darmanitan|Darmanitan, F|413/413","|turn|1","|","|move|p1a: Breloom|Spore|p2a: Darmanitan","|-status|p2a: Darmanitan|slp","|cant|p2a: Darmanitan|slp","|","|turn|2","|","|move|p1a: Breloom|Rock Tomb|p2a: Darmanitan","|-supereffective|p2a: Darmanitan","|-damage|p2a: Darmanitan|73/413 slp","|-unboost|p2a: Darmanitan|spe|1","|cant|p2a: Darmanitan|slp","|","|turn|3","|","|move|p1a: Breloom|Mach Punch|p2a: Darmanitan","|-damage|p2a: Darmanitan|0 fnt","|faint|p2a: Darmanitan","|","|","|switch|p2a: Chandelure|Chandelure, F|261/261","|turn|4","|","|move|p2a: Chandelure|Psychic|p1a: Breloom","|-supereffective|p1a: Breloom","|-enditem|p1a: Breloom|Focus Sash","|-damage|p1a: Breloom|1/261","|move|p1a: Breloom|Spore|p2a: Chandelure","|-status|p2a: Chandelure|slp","|","|turn|5","|","|cant|p2a: Chandelure|slp","|move|p1a: Breloom|Rock Tomb|p2a: Chandelure","|-supereffective|p2a: Chandelure","|-damage|p2a: Chandelure|25/261 slp","|-unboost|p2a: Chandelure|spe|1","|","|turn|6","|","|cant|p2a: Chandelure|slp","|move|p1a: Breloom|Rock Tomb|p2a: Chandelure","|-supereffective|p2a: Chandelure","|-damage|p2a: Chandelure|0 fnt","|faint|p2a: Chandelure","|","|","|switch|p2a: Arcanine|Arcanine, F|321/321","|-ability|p2a: Arcanine|Intimidate","|-unboost|p1a: Breloom|atk|1","|turn|7","|","|move|p2a: Arcanine|Extreme Speed|p1a: Breloom","|-damage|p1a: Breloom|0 fnt","|-damage|p2a: Arcanine|289/321|[from] item: Life Orb","|faint|p1a: Breloom","|","|","|switch|p1a: Hawlucha|Hawlucha, F|297/297","|turn|8","|","|move|p1a: Hawlucha|Sky Attack|p2a: Arcanine|[still]","|-prepare|p1a: Hawlucha|Sky Attack|p2a: Arcanine","|-enditem|p1a: Hawlucha|Power Herb","|-anim|p1a: Hawlucha|Sky Attack|p2a: Arcanine","|-damage|p2a: Arcanine|28/321","|cant|p2a: Arcanine|flinch","|","|turn|9","|","|move|p2a: Arcanine|Extreme Speed|p1a: Hawlucha","|-damage|p1a: Hawlucha|159/297","|-damage|p2a: Arcanine|0 fnt|[from] item: Life Orb","|faint|p2a: Arcanine","|move|p1a: Hawlucha|Acrobatics|p2: Arcanine|[notarget]","|-notarget","|","|","|switch|p2a: Rotom-Heat|Rotom-Heat|304/304","|turn|10","|","|switch|p1a: Conkeldurr|Conkeldurr, F|413/413","|move|p2a: Rotom-Heat|Will-O-Wisp|p1a: Conkeldurr","|-status|p1a: Conkeldurr|brn","|","|-damage|p1a: Conkeldurr|362/413 brn|[from] brn","|turn|11","|","|move|p2a: Rotom-Heat|Volt Switch|p1a: Conkeldurr","|-damage|p1a: Conkeldurr|287/413 brn","|","|switch|p2a: Volcarona|Volcarona, F|311/311","|move|p1a: Conkeldurr|Drain Punch|p2a: Volcarona","|-resisted|p2a: Volcarona","|-damage|p2a: Volcarona|155/311","|-heal|p1a: Conkeldurr|365/413 brn|[from] drain|[of] p2a: Volcarona","|","|-heal|p2a: Volcarona|174/311|[from] item: Leftovers","|-damage|p1a: Conkeldurr|314/413 brn|[from] brn","|turn|12","|","|move|p2a: Volcarona|Quiver Dance|p2a: Volcarona","|-boost|p2a: Volcarona|spa|1","|-boost|p2a: Volcarona|spd|1","|-boost|p2a: Volcarona|spe|1","|move|p1a: Conkeldurr|Drain Punch|p2a: Volcarona","|-resisted|p2a: Volcarona","|-damage|p2a: Volcarona|23/311","|-heal|p1a: Conkeldurr|390/413 brn|[from] drain|[of] p2a: Volcarona","|","|-heal|p2a: Volcarona|42/311|[from] item: Leftovers","|-damage|p1a: Conkeldurr|339/413 brn|[from] brn","|turn|13","|","|move|p1a: Conkeldurr|Mach Punch|p2a: Volcarona","|-resisted|p2a: Volcarona","|-damage|p2a: Volcarona|0 fnt","|faint|p2a: Volcarona","|","|-damage|p1a: Conkeldurr|288/413 brn|[from] brn","|","|switch|p2a: Charizard|Charizard, M|297/297","|turn|14","|","|detailschange|p2a: Charizard|Charizard-Mega-X, M","|-mega|p2a: Charizard|Charizard|Charizardite X","|move|p2a: Charizard|Dragon Dance|p2a: Charizard","|-boost|p2a: Charizard|atk|1","|-boost|p2a: Charizard|spe|1","|move|p1a: Conkeldurr|Ice Punch|p2a: Charizard","|-damage|p2a: Charizard|150/297","|","|-damage|p1a: Conkeldurr|237/413 brn|[from] brn","|turn|15","|","|move|p2a: Charizard|Dragon Claw|p1a: Conkeldurr","|-damage|p1a: Conkeldurr|0 fnt","|faint|p1a: Conkeldurr","|","|","|switch|p1a: Hitmonlee|Hitmonlee, M|241/241","|turn|16","|","|move|p1a: Hitmonlee|Fake Out|p2a: Charizard","|-enditem|p1a: Hitmonlee|Normal Gem|[from] gem|[move] Fake Out","|-damage|p2a: Charizard|79/297","|cant|p2a: Charizard|flinch","|","|turn|17","|","|move|p1a: Hitmonlee|Poison Jab|p2a: Charizard","|-damage|p2a: Charizard|0 fnt","|faint|p2a: Charizard","|","|","|switch|p2a: Rotom-Heat|Rotom-Heat|304/304","|turn|18","|","|move|p1a: Hitmonlee|High Jump Kick|p2a: Rotom-Heat|[miss]","|-miss|p1a: Hitmonlee|p2a: Rotom-Heat","|-damage|p1a: Hitmonlee|121/241|[from] highjumpkick","|move|p2a: Rotom-Heat|Will-O-Wisp|p1a: Hitmonlee","|-status|p1a: Hitmonlee|brn","|","|-damage|p1a: Hitmonlee|91/241 brn|[from] brn","|turn|19","|","|move|p1a: Hitmonlee|High Jump Kick|p2a: Rotom-Heat|[miss]","|-miss|p1a: Hitmonlee|p2a: Rotom-Heat","|-damage|p1a: Hitmonlee|0 fnt|[from] highjumpkick","|faint|p1a: Hitmonlee","|move|p2a: Rotom-Heat|Hidden Power|p1: Hitmonlee|[notarget]","|-notarget","|","|","|switch|p1a: Hawlucha|Hawlucha, F|159/297","|turn|20","|","|move|p1a: Hawlucha|Acrobatics|p2a: Rotom-Heat","|-resisted|p2a: Rotom-Heat","|-damage|p2a: Rotom-Heat|217/304","|move|p2a: Rotom-Heat|Volt Switch|p1a: Hawlucha","|-supereffective|p1a: Hawlucha","|-damage|p1a: Hawlucha|0 fnt","|faint|p1a: Hawlucha","|","|-heal|p2a: Rotom-Heat|236/304|[from] item: Leftovers","|","|switch|p1a: Gallade|Gallade, M|339/339","|turn|21","|","|detailschange|p1a: Gallade|Gallade-Mega, M","|-mega|p1a: Gallade|Gallade|Galladite","|move|p2a: Rotom-Heat|Will-O-Wisp|p1a: Gallade","|-status|p1a: Gallade|brn","|move|p1a: Gallade|Drain Punch|p2a: Rotom-Heat","|-damage|p2a: Rotom-Heat|153/304","|","|-heal|p2a: Rotom-Heat|172/304|[from] item: Leftovers","|-damage|p1a: Gallade|297/339 brn|[from] brn","|turn|22","|","|move|p1a: Gallade|Swords Dance|p1a: Gallade","|-boost|p1a: Gallade|atk|2","|move|p2a: Rotom-Heat|Pain Split|p1a: Gallade","|-sethp|p1a: Gallade|234/339 brn|p2a: Rotom-Heat|234/304|[from] move: Pain Split","|","|-heal|p2a: Rotom-Heat|253/304|[from] item: Leftovers","|-damage|p1a: Gallade|192/339 brn|[from] brn","|turn|23","|","|move|p1a: Gallade|Drain Punch|p2a: Rotom-Heat","|-damage|p2a: Rotom-Heat|89/304","|-heal|p1a: Gallade|274/339 brn|[from] drain|[of] p2a: Rotom-Heat","|move|p2a: Rotom-Heat|Volt Switch|p1a: Gallade","|-damage|p1a: Gallade|204/339 brn","|","|-heal|p2a: Rotom-Heat|108/304|[from] item: Leftovers","|-damage|p1a: Gallade|162/339 brn|[from] brn","|turn|24","|","|move|p1a: Gallade|Drain Punch|p2a: Rotom-Heat","|-damage|p2a: Rotom-Heat|0 fnt","|-heal|p1a: Gallade|216/339 brn|[from] drain|[of] p2a: Rotom-Heat","|faint|p2a: Rotom-Heat","|","|win|Guard Darkrai"],"p1rating":{"entryid":"6034648","serverid":"eos","formatid":"monotype","userid":"guarddarkrai","username":"Guard Darkrai","w":69,"l":"84","t":"0","gxe":44.8,"r":"1453.5179426862","rd":"34.155948431637","sigma":"0","rptime":"1439110800","rpr":1460.3782538835,"rprd":33.881477505285,"rpsigma":"0","acre":1117.1640616216,"lacre":1117.1640616216,"oldacre":"1094.1855482512"},"p2rating":{"entryid":"7514777","serverid":"eos","formatid":"monotype","userid":"infernodpx","username":"Inferno DPX","w":"2","l":3,"t":"0","gxe":41.1,"r":"1500","rd":"130","sigma":"0","rptime":"1439110800","rpr":1428.9859283728,"rprd":103.79081391721,"rpsigma":"0","acre":1038.9329656525,"lacre":1038.9329656525,"oldacre":"1055.1636029877"},"endType":"normal"}