{"seed":[26158,42312,46277,20410],"turns":43,"p1":"Zeyus","p2":"GTX♬Hiddenshadow","p1team":[{"name":"Octavian","species":"fletchinder","item":"","ability":"Gale Wings","moves":["acrobatics","willowisp","swordsdance","roost"],"nature":"Jolly","evs":{"hp":0,"atk":252,"def":0,"spa":0,"spd":4,"spe":252},"ivs":{"hp":31,"atk":31,"def":31,"spa":31,"spd":31,"spe":31}},{"name":"Caesar","species":"infernape","item":"lifeorb","ability":"Iron Fist","moves":["closecombat","flamethrower","machpunch","thunderpunch"],"nature":"Hasty","evs":{"hp":0,"atk":252,"def":0,"spa":4,"spd":0,"spe":252},"gender":"M","ivs":{"hp":31,"atk":31,"def":31,"spa":31,"spd":31,"spe":31}},{"name":"Pompey","species":"victini","item":"choicescarf","ability":"Victory Star","moves":["vcreate","energyball","boltstrike","uturn"],"nature":"Naive","evs":{"hp":0,"atk":252,"def":0,"spa":4,"spd":0,"spe":252},"ivs":{"hp":31,"atk":31,"def":31,"spa":31,"spd":31,"spe":31}},{"name":"Mark Anthony","species":"heatran","item":"airballoon","ability":"Flash Fire","moves":["lavaplume","flashcannon","earthpower","stealthrock"],"nature":"Calm","evs":{"hp":252,"atk":0,"def":0,"spa":0,"spd":216,"spe":4},"ivs":{"hp":31,"atk":0,"def":31,"spa":31,"spd":31,"spe":31}},{"name":"Odoacer","species":"charizard","item":"charizarditey","ability":"Blaze","moves":["flamethrower","focusblast","solarbeam","defog"],"nature":"Timid","evs":{"hp":0,"atk":0,"def":6,"spa":252,"spd":0,"spe":252},"ivs":{"hp":31,"atk":0,"def":31,"spa":31,"spd":31,"spe":31}},{"name":"Brutus","species":"volcarona","item":"leftovers","ability":"Flame Body","moves":["fierydance","bugbuzz","gigadrain","quiverdance"],"nature":"Bold","evs":{"hp":250,"atk":0,"def":216,"spa":0,"spd":0,"spe":44},"ivs":{"hp":31,"atk":0,"def":31,"spa":31,"spd":31,"spe":31}}],"p2team":[{"name":"Tyranitar","species":"Tyranitar","item":"leftovers","ability":"Sand Stream","moves":["stealthrock","thunderwave","darkpulse","earthpower"],"nature":"Calm","evs":{"hp":252,"atk":0,"def":0,"spa":0,"spd":252,"spe":0},"ivs":{"hp":31,"atk":0,"def":31,"spa":31,"spd":31,"spe":31}},{"name":"Sableye","species":"Sableye","item":"leftovers","ability":"Prankster","moves":["willowisp","recover","snarl","taunt"],"nature":"Calm","evs":{"hp":252,"atk":0,"def":0,"spa":4,"spd":252,"spe":0},"ivs":{"hp":31,"atk":0,"def":31,"spa":31,"spd":31,"spe":31}},{"name":"Mandibuzz","species":"Mandibuzz","item":"rockyhelmet","ability":"Overcoat","moves":["foulplay","toxic","defog","roost"],"nature":"Bold","evs":{"hp":248,"atk":0,"def":252,"spa":0,"spd":8,"spe":0},"ivs":{"hp":31,"atk":31,"def":31,"spa":0,"spd":31,"spe":31}},{"name":"Absol","species":"Absol","item":"absolite","ability":"Pressure","moves":["swordsdance","suckerpunch","playrough","superpower"],"nature":"Jolly","evs":{"hp":0,"atk":252,"def":0,"spa":0,"spd":4,"spe":252},"ivs":{"hp":31,"atk":31,"def":31,"spa":0,"spd":31,"spe":31}},{"name":"Bisharp","species":"Bisharp","item":"leftovers","ability":"Defiant","moves":["swordsdance","substitute","suckerpunch","ironhead"],"nature":"Impish","evs":{"hp":252,"atk":0,"def":252,"spa":0,"spd":4,"spe":0},"ivs":{"hp":31,"atk":31,"def":31,"spa":0,"spd":31,"spe":31}},{"name":"Hydreigon","species":"Hydreigon","item":"choicescarf","ability":"Levitate","moves":["dracometeor","darkpulse","flamethrower","flashcannon"],"nature":"Timid","evs":{"hp":0,"atk":0,"def":0,"spa":252,"spd":4,"spe":252},"ivs":{"hp":31,"atk":0,"def":31,"spa":31,"spd":31,"spe":31}}],"log":["|player|p1|Zeyus|179","|player|p2|GTX♬Hiddenshadow|4","|gametype|singles","|gen|6","|tier|Monotype","|rated","|rule|Baton Pass Clause: Limit one Baton Passer, can't pass Spe and other stats simultaneously","|rule|Swagger Clause: Swagger is banned","|rule|Same Type Clause: Pokémon in a team must share a type","|clearpoke","|poke|p1|Fletchinder, F","|poke|p1|Infernape, M","|poke|p1|Victini","|poke|p1|Heatran, F","|poke|p1|Charizard, F","|poke|p1|Volcarona, M","|poke|p2|Tyranitar, F","|poke|p2|Sableye, F","|poke|p2|Mandibuzz, F","|poke|p2|Absol, F","|poke|p2|Bisharp, M","|poke|p2|Hydreigon, M","|rule|Sleep Clause Mod: Limit one foe put to sleep","|rule|Species Clause: Limit one of each Pokémon","|rule|OHKO Clause: OHKO moves are banned","|rule|Moody Clause: Moody is banned","|rule|Evasion Moves Clause: Evasion moves are banned","|rule|Endless Battle Clause: Forcing endless battles is banned","|rule|HP Percentage Mod: HP is shown in percentages","|teampreview","|","|start","|switch|p1a: Odoacer|Charizard, F|297/297","|switch|p2a: Tyranitar|Tyranitar, F|404/404","|-weather|Sandstorm","|turn|1","|","|detailschange|p1a: Odoacer|Charizard-Mega-Y, F","|-mega|p1a: Odoacer|Charizard|Charizardite Y","|-weather|SunnyDay","|move|p1a: Odoacer|Focus Blast|p2a: Tyranitar|[miss]","|-miss|p1a: Odoacer|p2a: Tyranitar","|move|p2a: Tyranitar|Thunder Wave|p1a: Odoacer","|-status|p1a: Odoacer|par","|","|-weather|SunnyDay|[upkeep]","|turn|2","|","|switch|p2a: Sableye|Sableye, F|304/304","|switch|p1a: Caesar|Infernape, M|293/293","|","|-weather|SunnyDay|[upkeep]","|turn|3","|","|move|p2a: Sableye|Taunt|p1a: Caesar","|-start|p1a: Caesar|move: Taunt","|move|p1a: Caesar|Flamethrower|p2a: Sableye","|-damage|p2a: Sableye|96/304","|-damage|p1a: Caesar|264/293|[from] item: Life Orb","|","|-weather|SunnyDay|[upkeep]","|-heal|p2a: Sableye|115/304|[from] item: Leftovers","|turn|4","|","|switch|p2a: Hydreigon|Hydreigon, M|325/325","|move|p1a: Caesar|Flamethrower|p2a: Hydreigon","|-resisted|p2a: Hydreigon","|-damage|p2a: Hydreigon|207/325","|-damage|p1a: Caesar|235/293|[from] item: Life Orb","|","|-weather|SunnyDay|[upkeep]","|turn|5","|","|move|p1a: Caesar|Mach Punch|p2a: Hydreigon","|-supereffective|p2a: Hydreigon","|-damage|p2a: Hydreigon|9/325","|-damage|p1a: Caesar|206/293|[from] item: Life Orb","|move|p2a: Hydreigon|Draco Meteor|p1a: Caesar","|-crit|p1a: Caesar","|-damage|p1a: Caesar|0 fnt","|-unboost|p2a: Hydreigon|spa|2","|faint|p1a: Caesar","|","|-weather|none","|","|switch|p1a: Odoacer|Charizard-Mega-Y, F|297/297 par","|-weather|SunnyDay","|turn|6","|","|switch|p2a: Sableye|Sableye, F|115/304","|move|p1a: Odoacer|Focus Blast|p2a: Sableye","|-immune|p2a: Sableye|[msg]","|","|-weather|SunnyDay|[upkeep]","|-heal|p2a: Sableye|134/304|[from] item: Leftovers","|turn|7","|","|switch|p2a: Tyranitar|Tyranitar, F|404/404","|-weather|Sandstorm","|move|p1a: Odoacer|Flamethrower|p2a: Tyranitar","|-resisted|p2a: Tyranitar","|-damage|p2a: Tyranitar|362/404","|","|-weather|Sandstorm|[upkeep]","|-damage|p1a: Odoacer|279/297 par|[from] sandstorm","|-heal|p2a: Tyranitar|387/404|[from] item: Leftovers","|turn|8","|","|switch|p1a: Brutus|Volcarona, M|373/373","|move|p2a: Tyranitar|Stealth Rock|p1a: Brutus","|-sidestart|p1: Zeyus|move: Stealth Rock","|","|-weather|Sandstorm|[upkeep]","|-damage|p1a: Brutus|350/373|[from] sandstorm","|-heal|p1a: Brutus|373/373|[from] item: Leftovers","|-heal|p2a: Tyranitar|404/404|[from] item: Leftovers","|turn|9","|","|move|p1a: Brutus|Bug Buzz|p2a: Tyranitar","|-supereffective|p2a: Tyranitar","|-damage|p2a: Tyranitar|270/404","|move|p2a: Tyranitar|Thunder Wave|p1a: Brutus","|-status|p1a: Brutus|par","|","|-weather|Sandstorm|[upkeep]","|-damage|p1a: Brutus|350/373 par|[from] sandstorm","|-heal|p2a: Tyranitar|295/404|[from] item: Leftovers","|-heal|p1a: Brutus|373/373 par|[from] item: Leftovers","|turn|10","|","|move|p2a: Tyranitar|Dark Pulse|p1a: Brutus","|-damage|p1a: Brutus|292/373 par","|cant|p1a: Brutus|par","|","|-weather|Sandstorm|[upkeep]","|-damage|p1a: Brutus|269/373 par|[from] sandstorm","|-heal|p2a: Tyranitar|320/404|[from] item: Leftovers","|-heal|p1a: Brutus|292/373 par|[from] item: Leftovers","|turn|11","|","|switch|p2a: Sableye|Sableye, F|134/304","|move|p1a: Brutus|Quiver Dance|p1a: Brutus","|-boost|p1a: Brutus|spa|1","|-boost|p1a: Brutus|spd|1","|-boost|p1a: Brutus|spe|1","|","|-weather|none","|-heal|p2a: Sableye|153/304|[from] item: Leftovers","|-heal|p1a: Brutus|315/373 par|[from] item: Leftovers","|turn|12","|","|move|p2a: Sableye|Taunt|p1a: Brutus","|-start|p1a: Brutus|move: Taunt","|cant|p1a: Brutus|par","|","|-heal|p2a: Sableye|172/304|[from] item: Leftovers","|-heal|p1a: Brutus|338/373 par|[from] item: Leftovers","|turn|13","|","|move|p2a: Sableye|Snarl|p1a: Brutus","|-damage|p1a: Brutus|308/373 par","|-unboost|p1a: Brutus|spa|1","|move|p1a: Brutus|Fiery Dance|p2a: Sableye","|-damage|p2a: Sableye|49/304","|","|-heal|p2a: Sableye|68/304|[from] item: Leftovers","|-heal|p1a: Brutus|331/373 par|[from] item: Leftovers","|turn|14","|","|move|p2a: Sableye|Recover|p2a: Sableye","|-heal|p2a: Sableye|220/304","|cant|p1a: Brutus|par","|","|-heal|p2a: Sableye|239/304|[from] item: Leftovers","|-heal|p1a: Brutus|354/373 par|[from] item: Leftovers","|-end|p1a: Brutus|move: Taunt","|turn|15","|","|move|p2a: Sableye|Taunt|p1a: Brutus","|-start|p1a: Brutus|move: Taunt","|cant|p1a: Brutus|move: Taunt|Quiver Dance","|","|-heal|p2a: Sableye|258/304|[from] item: Leftovers","|-heal|p1a: Brutus|373/373 par|[from] item: Leftovers","|turn|16","|","|move|p2a: Sableye|Snarl|p1a: Brutus","|-damage|p1a: Brutus|342/373 par","|-unboost|p1a: Brutus|spa|1","|move|p1a: Brutus|Fiery Dance|p2a: Sableye","|-damage|p2a: Sableye|180/304","|-boost|p1a: Brutus|spa|1","|","|-heal|p2a: Sableye|199/304|[from] item: Leftovers","|-heal|p1a: Brutus|365/373 par|[from] item: Leftovers","|turn|17","|","|move|p2a: Sableye|Snarl|p1a: Brutus","|-damage|p1a: Brutus|334/373 par","|-unboost|p1a: Brutus|spa|1","|cant|p1a: Brutus|par","|","|-heal|p2a: Sableye|218/304|[from] item: Leftovers","|-heal|p1a: Brutus|357/373 par|[from] item: Leftovers","|-end|p1a: Brutus|move: Taunt","|turn|18","|","|move|p2a: Sableye|Snarl|p1a: Brutus","|-crit|p1a: Brutus","|-damage|p1a: Brutus|294/373 par","|-unboost|p1a: Brutus|spa|1","|cant|p1a: Brutus|par","|","|-heal|p2a: Sableye|237/304|[from] item: Leftovers","|-heal|p1a: Brutus|317/373 par|[from] item: Leftovers","|turn|19","|","|move|p2a: Sableye|Snarl|p1a: Brutus","|-damage|p1a: Brutus|286/373 par","|-unboost|p1a: Brutus|spa|1","|cant|p1a: Brutus|par","|","|-heal|p2a: Sableye|256/304|[from] item: Leftovers","|-heal|p1a: Brutus|309/373 par|[from] item: Leftovers","|turn|20","|","|move|p2a: Sableye|Snarl|p1a: Brutus","|-damage|p1a: Brutus|276/373 par","|-unboost|p1a: Brutus|spa|1","|move|p1a: Brutus|Fiery Dance|p2a: Sableye","|-damage|p2a: Sableye|219/304","|-boost|p1a: Brutus|spa|1","|","|-heal|p2a: Sableye|238/304|[from] item: Leftovers","|-heal|p1a: Brutus|299/373 par|[from] item: Leftovers","|turn|21","|","|move|p2a: Sableye|Taunt|p1a: Brutus","|-start|p1a: Brutus|move: Taunt","|move|p1a: Brutus|Fiery Dance|p2a: Sableye","|-damage|p2a: Sableye|193/304","|","|-heal|p2a: Sableye|212/304|[from] item: Leftovers","|-heal|p1a: Brutus|322/373 par|[from] item: Leftovers","|turn|22","|","|move|p2a: Sableye|Snarl|p1a: Brutus","|-miss|p2a: Sableye|p1a: Brutus","|cant|p1a: Brutus|par","|","|-heal|p2a: Sableye|231/304|[from] item: Leftovers","|-heal|p1a: Brutus|345/373 par|[from] item: Leftovers","|turn|23","|","|switch|p2a: Bisharp|Bisharp, M|334/334","|move|p1a: Brutus|Fiery Dance|p2a: Bisharp","|-supereffective|p2a: Bisharp","|-damage|p2a: Bisharp|190/334","|-boost|p1a: Brutus|spa|1","|","|-heal|p2a: Bisharp|210/334|[from] item: Leftovers","|-heal|p1a: Brutus|368/373 par|[from] item: Leftovers","|-end|p1a: Brutus|move: Taunt","|turn|24","|","|move|p2a: Bisharp|Swords Dance|p2a: Bisharp","|-boost|p2a: Bisharp|atk|2","|move|p1a: Brutus|Quiver Dance|p1a: Brutus","|-boost|p1a: Brutus|spa|1","|-boost|p1a: Brutus|spd|1","|-boost|p1a: Brutus|spe|1","|","|-heal|p2a: Bisharp|230/334|[from] item: Leftovers","|-heal|p1a: Brutus|373/373 par|[from] item: Leftovers","|turn|25","|","|move|p2a: Bisharp|Sucker Punch|p1a: Brutus","|-damage|p1a: Brutus|160/373 par","|-status|p2a: Bisharp|brn","|move|p1a: Brutus|Fiery Dance|p2a: Bisharp","|-supereffective|p2a: Bisharp","|-damage|p2a: Bisharp|18/334 brn","|-boost|p1a: Brutus|spa|1","|","|-heal|p2a: Bisharp|38/334 brn|[from] item: Leftovers","|-heal|p1a: Brutus|183/373 par|[from] item: Leftovers","|-damage|p2a: Bisharp|0 fnt|[from] brn","|faint|p2a: Bisharp","|","|switch|p2a: Mandibuzz|Mandibuzz, F|423/423","|turn|26","|","|move|p2a: Mandibuzz|Foul Play|p1a: Brutus","|-damage|p1a: Brutus|135/373 par","|cant|p1a: Brutus|par","|","|-heal|p1a: Brutus|158/373 par|[from] item: Leftovers","|turn|27","|","|switch|p2a: Absol|Absol, F|271/271","|-ability|p2a: Absol|Pressure","|move|p1a: Brutus|Fiery Dance|p2a: Absol","|-damage|p2a: Absol|88/271","|","|-heal|p1a: Brutus|181/373 par|[from] item: Leftovers","|turn|28","|","|detailschange|p2a: Absol|Absol-Mega, F","|-mega|p2a: Absol|Absol|Absolite","|move|p2a: Absol|Sucker Punch|p1a: Brutus","|-damage|p1a: Brutus|36/373 par","|cant|p1a: Brutus|par","|","|-heal|p1a: Brutus|59/373 par|[from] item: Leftovers","|turn|29","|","|move|p2a: Absol|Play Rough|p1a: Brutus","|-resisted|p1a: Brutus","|-damage|p1a: Brutus|6/373 par","|-status|p2a: Absol|brn","|-unboost|p1a: Brutus|atk|1","|move|p1a: Brutus|Quiver Dance|p1a: Brutus","|-boost|p1a: Brutus|spa|1","|-boost|p1a: Brutus|spd|1","|-boost|p1a: Brutus|spe|1","|","|-heal|p1a: Brutus|29/373 par|[from] item: Leftovers","|-damage|p2a: Absol|55/271 brn|[from] brn","|turn|30","|","|move|p2a: Absol|Superpower|p1a: Brutus","|-resisted|p1a: Brutus","|-damage|p1a: Brutus|0 fnt","|-unboost|p2a: Absol|atk|1","|-unboost|p2a: Absol|def|1","|faint|p1a: Brutus","|","|-damage|p2a: Absol|22/271 brn|[from] brn","|","|switch|p1a: Pompey|Victini|341/341","|-damage|p1a: Pompey|256/341|[from] Stealth Rock","|turn|31","|","|move|p2a: Absol|Sucker Punch|p1a: Pompey","|-supereffective|p1a: Pompey","|-damage|p1a: Pompey|144/341","|move|p1a: Pompey|U-turn|p2a: Absol","|-supereffective|p2a: Absol","|-damage|p2a: Absol|0 fnt","|faint|p2a: Absol","|","|switch|p1a: Mark Anthony|Heatran, F|386/386","|-damage|p1a: Mark Anthony|338/386|[from] Stealth Rock","|-item|p1a: Mark Anthony|Air Balloon","|","|","|switch|p2a: Sableye|Sableye, F|231/304","|turn|32","|","|move|p2a: Sableye|Taunt|p1a: Mark Anthony","|-start|p1a: Mark Anthony|move: Taunt","|move|p1a: Mark Anthony|Lava Plume|p2a: Sableye","|-damage|p2a: Sableye|111/304","|","|-heal|p2a: Sableye|130/304|[from] item: Leftovers","|turn|33","|","|move|p1a: Mark Anthony|Flash Cannon|p2a: Sableye","|-damage|p2a: Sableye|9/304","|move|p2a: Sableye|Snarl|p1a: Mark Anthony","|-damage|p1a: Mark Anthony|304/386","|-enditem|p1a: Mark Anthony|Air Balloon","|-unboost|p1a: Mark Anthony|spa|1","|","|-heal|p2a: Sableye|28/304|[from] item: Leftovers","|turn|34","|","|move|p2a: Sableye|Recover|p2a: Sableye","|-heal|p2a: Sableye|180/304","|move|p1a: Mark Anthony|Earth Power|p2a: Sableye","|-damage|p2a: Sableye|120/304","|","|-heal|p2a: Sableye|139/304|[from] item: Leftovers","|-end|p1a: Mark Anthony|move: Taunt","|turn|35","|","|move|p2a: Sableye|Recover|p2a: Sableye","|-heal|p2a: Sableye|291/304","|move|p1a: Mark Anthony|Lava Plume|p2a: Sableye","|-damage|p2a: Sableye|222/304","|-status|p2a: Sableye|brn","|","|-heal|p2a: Sableye|241/304 brn|[from] item: Leftovers","|-damage|p2a: Sableye|203/304 brn|[from] brn","|turn|36","|","|move|p1a: Mark Anthony|Flash Cannon|p2a: Sableye","|-crit|p2a: Sableye","|-damage|p2a: Sableye|46/304 brn","|move|p2a: Sableye|Snarl|p1a: Mark Anthony","|-damage|p1a: Mark Anthony|270/386","|-unboost|p1a: Mark Anthony|spa|1","|","|-heal|p2a: Sableye|65/304 brn|[from] item: Leftovers","|-damage|p2a: Sableye|27/304 brn|[from] brn","|turn|37","|","|move|p2a: Sableye|Recover|p2a: Sableye","|-heal|p2a: Sableye|179/304 brn","|move|p1a: Mark Anthony|Lava Plume|p2a: Sableye","|-damage|p2a: Sableye|122/304 brn","|","|-heal|p2a: Sableye|141/304 brn|[from] item: Leftovers","|-damage|p2a: Sableye|103/304 brn|[from] brn","|turn|38","|","|move|p1a: Mark Anthony|Stealth Rock|p2a: Sableye","|-sidestart|p2: GTX♬Hiddenshadow|move: Stealth Rock","|move|p2a: Sableye|Snarl|p1a: Mark Anthony","|-damage|p1a: Mark Anthony|236/386","|-unboost|p1a: Mark Anthony|spa|1","|","|-heal|p2a: Sableye|122/304 brn|[from] item: Leftovers","|-damage|p2a: Sableye|84/304 brn|[from] brn","|turn|39","|","|move|p2a: Sableye|Recover|p2a: Sableye","|-heal|p2a: Sableye|236/304 brn","|move|p1a: Mark Anthony|Flash Cannon|p2a: Sableye","|-damage|p2a: Sableye|193/304 brn","|","|-heal|p2a: Sableye|212/304 brn|[from] item: Leftovers","|-damage|p2a: Sableye|174/304 brn|[from] brn","|turn|40","|","|switch|p2a: Tyranitar|Tyranitar, F|320/404","|-damage|p2a: Tyranitar|270/404|[from] Stealth Rock","|-weather|Sandstorm","|move|p1a: Mark Anthony|Flash Cannon|p2a: Tyranitar","|-supereffective|p2a: Tyranitar","|-damage|p2a: Tyranitar|226/404","|","|-weather|Sandstorm|[upkeep]","|-heal|p2a: Tyranitar|251/404|[from] item: Leftovers","|turn|41","|","|switch|p1a: Odoacer|Charizard-Mega-Y, F|279/297 par","|-damage|p1a: Odoacer|131/297 par|[from] Stealth Rock","|-weather|SunnyDay","|move|p2a: Tyranitar|Earth Power|p1a: Odoacer","|-immune|p1a: Odoacer|[msg]","|","|-weather|SunnyDay|[upkeep]","|-heal|p2a: Tyranitar|276/404|[from] item: Leftovers","|turn|42","|","|move|p2a: Tyranitar|Dark Pulse|p1a: Odoacer","|-damage|p1a: Odoacer|47/297 par","|cant|p1a: Odoacer|flinch","|","|-weather|SunnyDay|[upkeep]","|-heal|p2a: Tyranitar|301/404|[from] item: Leftovers","|turn|43","|","|move|p2a: Tyranitar|Dark Pulse|p1a: Odoacer","|-damage|p1a: Odoacer|0 fnt","|faint|p1a: Odoacer","|","|-weather|SunnyDay|[upkeep]","|-heal|p2a: Tyranitar|326/404|[from] item: Leftovers","|","|win|GTX♬Hiddenshadow"],"p1rating":{"entryid":7505644,"formatid":"monotype","userid":"zeyus","username":"Zeyus","r":1500,"rd":130,"sigma":0,"rpr":1473.7292416615,"rprd":123.32379062387,"rpsigma":0,"rptime":1439024400,"w":0,"l":1,"t":0,"gxe":46.7,"acre":1000,"lacre":1000,"oldacre":1000},"p2rating":{"entryid":"7114911","serverid":"eos","formatid":"monotype","userid":"gtxhiddenshadow","username":"GTX♅Hiddenshadow","w":10,"l":"2","t":"0","gxe":69.1,"r":"1642.8413781463","rd":"89.662872307043","sigma":"0","rptime":"1439024400","rpr":1655.8302884272,"rprd":87.526040503775,"rpsigma":"0","acre":1233.6586518054,"lacre":1233.6586518054,"oldacre":"1222.8028835208"},"endType":"forfeit"}