{"seed":[55788,9124,14823,2935],"turns":27,"p1":"Dragotic","p2":"SL~Pixie","p1team":[{"name":"Venusaur","species":"Venusaur","item":"venusaurite","ability":"Chlorophyll","moves":["gigadrain","sludgebomb","hiddenpowerfire","synthesis"],"nature":"Modest","evs":{"hp":232,"atk":0,"def":0,"spa":252,"spd":4,"spe":20},"ivs":{"hp":31,"atk":30,"def":31,"spa":30,"spd":31,"spe":30}},{"name":"Celebi","species":"Celebi","item":"choicescarf","ability":"Natural Cure","moves":["psychic","energyball","dazzlinggleam","earthpower"],"nature":"Naive","evs":{"hp":0,"atk":0,"def":0,"spa":252,"spd":0,"spe":252},"ivs":{"hp":31,"atk":31,"def":30,"spa":31,"spd":30,"spe":30}},{"name":"Chesnaught","species":"Chesnaught","item":"leftovers","ability":"Bulletproof","moves":["woodhammer","leechseed","spikyshield","drainpunch"],"nature":"Impish","evs":{"hp":252,"atk":0,"def":252,"spa":0,"spd":4,"spe":0},"ivs":{"hp":31,"atk":31,"def":31,"spa":31,"spd":31,"spe":31}},{"name":"Cradily","species":"Cradily","item":"leftovers","ability":"Storm Drain","moves":["stealthrock","rockslide","recover","toxic"],"nature":"Careful","evs":{"hp":252,"atk":4,"def":0,"spa":0,"spd":252,"spe":0},"ivs":{"hp":31,"atk":31,"def":31,"spa":31,"spd":31,"spe":31}},{"name":"Ferrothorn","species":"Ferrothorn","item":"rockyhelmet","ability":"Iron Barbs","moves":["stealthrock","leechseed","gyroball","powerwhip"],"nature":"Relaxed","evs":{"hp":252,"atk":0,"def":88,"spa":0,"spd":168,"spe":0},"ivs":{"hp":31,"atk":31,"def":31,"spa":31,"spd":31,"spe":31}},{"name":"Tangrowth","species":"Tangrowth","item":"assaultvest","ability":"Regenerator","moves":["energyball","earthquake","poisonjab","infestation"],"nature":"Rash","evs":{"hp":248,"atk":8,"def":0,"spa":252,"spd":0,"spe":0},"ivs":{"hp":31,"atk":31,"def":31,"spa":31,"spd":31,"spe":31}}],"p2team":[{"name":"Slurpuff","species":"Slurpuff","item":"sitrusberry","ability":"Unburden","moves":["bellydrum","drainpunch","playrough","healbell"],"nature":"Adamant","evs":{"hp":4,"atk":252,"def":0,"spa":0,"spd":0,"spe":252},"ivs":{"hp":31,"atk":31,"def":31,"spa":31,"spd":31,"spe":31}},{"name":"Diancie","species":"Diancie","item":"diancite","ability":"Clear Body","moves":["earthpower","psyshock","diamondstorm","protect"],"nature":"Timid","evs":{"hp":0,"atk":0,"def":0,"spa":252,"spd":4,"spe":252},"ivs":{"hp":31,"atk":31,"def":31,"spa":31,"spd":31,"spe":31}},{"name":"Klefki","species":"Klefki","item":"lightclay","ability":"Prankster","moves":["spikes","lightscreen","reflect","thunderwave"],"nature":"Bold","evs":{"hp":252,"atk":0,"def":252,"spa":4,"spd":0,"spe":0},"ivs":{"hp":31,"atk":31,"def":31,"spa":31,"spd":31,"spe":31}},{"name":"Sylveon","species":"Sylveon","item":"choicespecs","ability":"Pixilate","moves":["hypervoice","psyshock","shadowball","hiddenpowerfire"],"nature":"Modest","evs":{"hp":248,"atk":0,"def":0,"spa":252,"spd":8,"spe":0},"ivs":{"hp":31,"atk":30,"def":31,"spa":30,"spd":31,"spe":30}},{"name":"Togekiss","species":"Togekiss","item":"choicescarf","ability":"Serene Grace","moves":["airslash","aurasphere","psyshock","flamethrower"],"nature":"Timid","evs":{"hp":0,"atk":0,"def":0,"spa":252,"spd":4,"spe":252},"ivs":{"hp":31,"atk":31,"def":31,"spa":30,"spd":30,"spe":31}},{"name":"Azumarill","species":"Azumarill","item":"sitrusberry","ability":"Huge Power","moves":["aquajet","bellydrum","playrough","waterfall"],"nature":"Adamant","evs":{"hp":252,"atk":252,"def":0,"spa":0,"spd":4,"spe":0},"ivs":{"hp":31,"atk":31,"def":31,"spa":31,"spd":31,"spe":31}}],"log":["|player|p1|Dragotic|2","|player|p2|SL~Pixie|34","|gametype|singles","|gen|6","|tier|Monotype","|rated","|rule|Baton Pass Clause: Limit one Baton Passer, can't pass Spe and other stats simultaneously","|rule|Swagger Clause: Swagger is banned","|rule|Same Type Clause: Pokémon in a team must share a type","|clearpoke","|poke|p1|Venusaur, M","|poke|p1|Celebi","|poke|p1|Chesnaught, F","|poke|p1|Cradily, M","|poke|p1|Ferrothorn, M","|poke|p1|Tangrowth, M","|poke|p2|Slurpuff, F","|poke|p2|Diancie","|poke|p2|Klefki, F","|poke|p2|Sylveon, M","|poke|p2|Togekiss, M","|poke|p2|Azumarill, M","|rule|Sleep Clause Mod: Limit one foe put to sleep","|rule|Species Clause: Limit one of each Pokémon","|rule|OHKO Clause: OHKO moves are banned","|rule|Moody Clause: Moody is banned","|rule|Evasion Moves Clause: Evasion moves are banned","|rule|Endless Battle Clause: Forcing endless battles is banned","|rule|HP Percentage Mod: HP is shown in percentages","|teampreview","|","|start","|switch|p1a: Cradily|Cradily, M|376/376","|switch|p2a: Klefki|Klefki, F|318/318","|turn|1","|","|move|p2a: Klefki|Thunder Wave|p1a: Cradily","|-status|p1a: Cradily|par","|move|p1a: Cradily|Toxic|p2a: Klefki","|-immune|p2a: Klefki|[msg]","|","|turn|2","|","|move|p2a: Klefki|Reflect|p2a: Klefki","|-sidestart|p2: SL~Pixie|Reflect","|cant|p1a: Cradily|par","|","|turn|3","|","|move|p2a: Klefki|Light Screen|p2a: Klefki","|-sidestart|p2: SL~Pixie|move: Light Screen","|move|p1a: Cradily|Stealth Rock|p2a: Klefki","|-sidestart|p2: SL~Pixie|move: Stealth Rock","|","|turn|4","|","|switch|p1a: Venusaur|Venusaur, M|359/359","|move|p2a: Klefki|Spikes|p1a: Venusaur","|-sidestart|p1: Dragotic|Spikes","|","|turn|5","|","|detailschange|p1a: Venusaur|Venusaur-Mega, M","|-mega|p1a: Venusaur|Venusaur|Venusaurite","|move|p2a: Klefki|Thunder Wave|p1a: Venusaur","|-status|p1a: Venusaur|par","|move|p1a: Venusaur|Hidden Power|p2a: Klefki","|-supereffective|p2a: Klefki","|-damage|p2a: Klefki|239/318","|","|turn|6","|","|switch|p2a: Diancie|Diancie|241/241","|-damage|p2a: Diancie|211/241|[from] Stealth Rock","|move|p1a: Venusaur|Hidden Power|p2a: Diancie","|-resisted|p2a: Diancie","|-damage|p2a: Diancie|199/241","|","|turn|7","|","|detailschange|p2a: Diancie|Diancie-Mega","|-mega|p2a: Diancie|Diancie|Diancite","|move|p2a: Diancie|Protect|p2a: Diancie","|-singleturn|p2a: Diancie|Protect","|move|p1a: Venusaur|Giga Drain|p2a: Diancie","|-activate|p2a: Diancie|Protect","|","|turn|8","|","|move|p2a: Diancie|Psyshock|p1a: Venusaur","|-supereffective|p1a: Venusaur","|-damage|p1a: Venusaur|187/359 par","|cant|p1a: Venusaur|par","|","|turn|9","|","|move|p2a: Diancie|Earth Power|p1a: Venusaur","|-damage|p1a: Venusaur|76/359 par","|move|p1a: Venusaur|Giga Drain|p2a: Diancie","|-supereffective|p2a: Diancie","|-damage|p2a: Diancie|79/241","|-heal|p1a: Venusaur|136/359 par|[from] drain|[of] p2a: Diancie","|","|-sideend|p2: SL~Pixie|Reflect","|turn|10","|","|move|p2a: Diancie|Psyshock|p1a: Venusaur","|-supereffective|p1a: Venusaur","|-damage|p1a: Venusaur|0 fnt","|faint|p1a: Venusaur","|","|-sideend|p2: SL~Pixie|move: Light Screen","|","|switch|p1a: Cradily|Cradily, M|376/376 par","|-damage|p1a: Cradily|329/376 par|[from] Spikes","|turn|11","|","|move|p2a: Diancie|Earth Power|p1a: Cradily","|-damage|p1a: Cradily|242/376 par","|move|p1a: Cradily|Rock Slide|p2a: Diancie","|-damage|p2a: Diancie|6/241","|","|-heal|p1a: Cradily|265/376 par|[from] item: Leftovers","|turn|12","|","|move|p2a: Diancie|Earth Power|p1a: Cradily","|-damage|p1a: Cradily|182/376 par","|move|p1a: Cradily|Recover|p1a: Cradily","|-heal|p1a: Cradily|370/376 par","|","|-heal|p1a: Cradily|376/376 par|[from] item: Leftovers","|turn|13","|","|move|p2a: Diancie|Diamond Storm|p1a: Cradily","|-damage|p1a: Cradily|226/376 par","|-boost|p2a: Diancie|def|1","|move|p1a: Cradily|Rock Slide|p2a: Diancie","|-miss|p1a: Cradily|p2a: Diancie","|","|-heal|p1a: Cradily|249/376 par|[from] item: Leftovers","|turn|14","|","|move|p2a: Diancie|Diamond Storm|p1a: Cradily","|-damage|p1a: Cradily|98/376 par","|cant|p1a: Cradily|par","|","|-heal|p1a: Cradily|121/376 par|[from] item: Leftovers","|turn|15","|","|move|p2a: Diancie|Diamond Storm|p1a: Cradily","|-damage|p1a: Cradily|0 fnt","|faint|p1a: Cradily","|","|","|switch|p1a: Ferrothorn|Ferrothorn, M|352/352","|-damage|p1a: Ferrothorn|308/352|[from] Spikes","|turn|16","|","|move|p2a: Diancie|Earth Power|p1a: Ferrothorn","|-damage|p1a: Ferrothorn|212/352","|move|p1a: Ferrothorn|Gyro Ball|p2a: Diancie","|-supereffective|p2a: Diancie","|-damage|p2a: Diancie|0 fnt","|faint|p2a: Diancie","|","|","|switch|p2a: Togekiss|Togekiss, M|311/311","|-damage|p2a: Togekiss|234/311|[from] Stealth Rock","|turn|17","|","|move|p2a: Togekiss|Flamethrower|p1a: Ferrothorn","|-supereffective|p1a: Ferrothorn","|-damage|p1a: Ferrothorn|0 fnt","|faint|p1a: Ferrothorn","|","|","|switch|p1a: Tangrowth|Tangrowth, M|403/403","|-damage|p1a: Tangrowth|353/403|[from] Spikes","|turn|18","|","|switch|p2a: Klefki|Klefki, F|239/318","|-damage|p2a: Klefki|220/318|[from] Stealth Rock","|move|p1a: Tangrowth|Poison Jab|p2a: Klefki","|-immune|p2a: Klefki|[msg]","|","|turn|19","|","|move|p2a: Klefki|Thunder Wave|p1a: Tangrowth","|-status|p1a: Tangrowth|par","|cant|p1a: Tangrowth|par","|","|turn|20","|","|move|p2a: Klefki|Reflect|p2a: Klefki","|-sidestart|p2: SL~Pixie|Reflect","|move|p1a: Tangrowth|Earthquake|p2a: Klefki","|-supereffective|p2a: Klefki","|-damage|p2a: Klefki|163/318","|","|turn|21","|","|switch|p2a: Togekiss|Togekiss, M|234/311","|-damage|p2a: Togekiss|157/311|[from] Stealth Rock","|move|p1a: Tangrowth|Earthquake|p2a: Togekiss","|-immune|p2a: Togekiss|[msg]","|","|turn|22","|","|move|p2a: Togekiss|Air Slash|p1a: Tangrowth|[miss]","|-miss|p2a: Togekiss|p1a: Tangrowth","|move|p1a: Tangrowth|Poison Jab|p2a: Togekiss","|-supereffective|p2a: Togekiss","|-damage|p2a: Togekiss|88/311","|-status|p2a: Togekiss|psn","|","|-damage|p2a: Togekiss|50/311 psn|[from] psn","|turn|23","|","|move|p2a: Togekiss|Air Slash|p1a: Tangrowth","|-supereffective|p1a: Tangrowth","|-damage|p1a: Tangrowth|5/403 par","|cant|p1a: Tangrowth|flinch","|","|-damage|p2a: Togekiss|12/311 psn|[from] psn","|turn|24","|","|move|p2a: Togekiss|Air Slash|p1a: Tangrowth","|-supereffective|p1a: Tangrowth","|-damage|p1a: Tangrowth|0 fnt","|faint|p1a: Tangrowth","|","|-damage|p2a: Togekiss|0 fnt|[from] psn","|faint|p2a: Togekiss","|","|switch|p1a: Chesnaught|Chesnaught, F|380/380","|switch|p2a: Sylveon|Sylveon, M|393/393","|-damage|p1a: Chesnaught|333/380|[from] Spikes","|-damage|p2a: Sylveon|344/393|[from] Stealth Rock","|turn|25","|","|move|p1a: Chesnaught|Spiky Shield|p1a: Chesnaught","|-singleturn|p1a: Chesnaught|move: Protect","|move|p2a: Sylveon|Hyper Voice|p1a: Chesnaught","|-activate|p1a: Chesnaught|Protect","|","|-heal|p1a: Chesnaught|356/380|[from] item: Leftovers","|turn|26","|","|move|p1a: Chesnaught|Leech Seed|p2a: Sylveon","|-start|p2a: Sylveon|move: Leech Seed","|move|p2a: Sylveon|Hyper Voice|p1a: Chesnaught","|-supereffective|p1a: Chesnaught","|-damage|p1a: Chesnaught|0 fnt","|faint|p1a: Chesnaught","|","|","|switch|p1a: Celebi|Celebi|341/341","|-damage|p1a: Celebi|299/341|[from] Spikes","|turn|27","|","|move|p1a: Celebi|Psychic|p2a: Sylveon","|-damage|p2a: Sylveon|244/393","|move|p2a: Sylveon|Hyper Voice|p1a: Celebi","|-damage|p1a: Celebi|0 fnt","|faint|p1a: Celebi","|","|win|SL~Pixie"],"p1rating":{"entryid":"7308894","serverid":"eos","formatid":"monotype","userid":"dragotic","username":"Dragotic","w":"4","l":4,"t":"0","gxe":49.8,"r":"1494.9495398812","rd":"99.303812336271","sigma":"0","rptime":"1439110800","rpr":1498.5140253643,"rprd":92.595162851066,"rpsigma":"0","acre":1071.8239194588,"lacre":1071.8239194588,"oldacre":"1101.423266276"},"p2rating":{"entryid":"7506194","serverid":"eos","formatid":"monotype","userid":"slpixie","username":"SL~Pixie","w":2,"l":"1","t":"0","gxe":54.4,"r":1501.2516021538,"rd":117.98355079174,"sigma":"0","rptime":1439110800,"rpr":1535.2389392667,"rprd":112.2448737714,"rpsigma":"0","acre":1077.5971387474,"lacre":1077.5971387474,"oldacre":"1036.7680444338"},"endType":"normal"}