{"seed":[17902,49989,13220,17302],"turns":29,"p1":"Alliance - Thunder","p2":"Jake1079","p1team":[{"name":"ThunderLegion","species":"manectric","item":"manectite","ability":"Static","moves":["voltswitch","thunderbolt","flamethrower","hiddenpowerice"],"nature":"Timid","evs":{"hp":4,"atk":0,"def":0,"spa":252,"spd":0,"spe":252},"ivs":{"hp":31,"atk":30,"def":30,"spa":31,"spd":31,"spe":31},"shiny":true},{"name":"ClothesWasher","species":"rotomwash","item":"leftovers","ability":"Levitate","moves":["willowisp","voltswitch","hydropump","painsplit"],"nature":"Bold","evs":{"hp":248,"atk":0,"def":252,"spa":0,"spd":8,"spe":0},"ivs":{"hp":31,"atk":30,"def":30,"spa":31,"spd":31,"spe":31},"shiny":true},{"name":"Laxus","species":"luxray","item":"toxicorb","ability":"Guts","moves":["quickattack","superpower","wildcharge","crunch"],"nature":"Adamant","evs":{"hp":0,"atk":252,"def":0,"spa":0,"spd":0,"spe":252},"ivs":{"hp":31,"atk":31,"def":31,"spa":31,"spd":31,"spe":31}},{"name":"ThunderBird","species":"zapdos","item":"rockyhelmet","ability":"Pressure","moves":["discharge","defog","roost","heatwave"],"nature":"Bold","evs":{"hp":248,"atk":0,"def":252,"spa":0,"spd":0,"spe":8},"ivs":{"hp":31,"atk":30,"def":31,"spa":30,"spd":31,"spe":31},"shiny":true},{"name":"Thundurus","species":"Thundurus","item":"lifeorb","ability":"Prankster","moves":["thunderbolt","hiddenpowerice","knockoff","thunderwave"],"nature":"Naive","evs":{"hp":0,"atk":4,"def":0,"spa":248,"spd":0,"spe":252},"ivs":{"hp":31,"atk":30,"def":30,"spa":31,"spd":31,"spe":31}},{"name":"Sparky","species":"jolteon","item":"choicespecs","ability":"Volt Absorb","moves":["thunderbolt","shadowball","voltswitch","hiddenpowergrass"],"nature":"Timid","evs":{"hp":4,"atk":0,"def":0,"spa":252,"spd":0,"spe":252},"ivs":{"hp":31,"atk":30,"def":31,"spa":30,"spd":31,"spe":31},"shiny":true}],"p2team":[{"name":"Aggron","species":"Aggron","item":"aggronite","ability":"Sturdy","moves":["thunderwave","earthquake","ironhead","endeavor"],"nature":"Adamant","evs":{"hp":252,"atk":68,"def":12,"spa":0,"spd":176,"spe":0},"ivs":{"hp":31,"atk":31,"def":31,"spa":31,"spd":31,"spe":31}},{"name":"Empoleon","species":"Empoleon","item":"choicespecs","ability":"Torrent","moves":["icebeam","scald","flashcannon","hiddenpowerfire"],"nature":"Modest","evs":{"hp":252,"atk":0,"def":0,"spa":252,"spd":4,"spe":0},"ivs":{"hp":31,"atk":30,"def":31,"spa":30,"spd":31,"spe":30}},{"name":"Heatran","species":"Heatran","item":"airballoon","ability":"Flash Fire","moves":["darkpulse","earthpower","flamethrower","flashcannon"],"nature":"Modest","evs":{"hp":252,"atk":0,"def":0,"spa":252,"spd":4,"spe":0},"ivs":{"hp":31,"atk":31,"def":31,"spa":31,"spd":31,"spe":31}},{"name":"Excadrill","species":"Excadrill","item":"choicescarf","ability":"Mold Breaker","moves":["earthquake","rockslide","xscissor","ironhead"],"nature":"Jolly","evs":{"hp":0,"atk":252,"def":0,"spa":0,"spd":4,"spe":252},"ivs":{"hp":31,"atk":31,"def":31,"spa":31,"spd":31,"spe":31}},{"name":"Doublade","species":"Doublade","item":"eviolite","ability":"No Guard","moves":["swordsdance","shadowsneak","sacredsword","shadowclaw"],"nature":"Adamant","evs":{"hp":248,"atk":252,"def":0,"spa":0,"spd":8,"spe":0},"ivs":{"hp":31,"atk":31,"def":31,"spa":31,"spd":31,"spe":31}},{"name":"Ferrothorn","species":"Ferrothorn","item":"rockyhelmet","ability":"Iron Barbs","moves":["gyroball","leechseed","thunderwave","protect"],"nature":"Relaxed","evs":{"hp":248,"atk":8,"def":252,"spa":0,"spd":0,"spe":0},"ivs":{"hp":31,"atk":31,"def":31,"spa":31,"spd":31,"spe":0}}],"log":["|player|p1|Alliance - Thunder|alliancethunder.png","|player|p2|Jake1079|150","|gametype|singles","|gen|6","|tier|Monotype","|rated","|rule|Baton Pass Clause: Limit one Baton Passer, can't pass Spe and other stats simultaneously","|rule|Swagger Clause: Swagger is banned","|rule|Same Type Clause: Pokémon in a team must share a type","|clearpoke","|poke|p1|Manectric, M, shiny","|poke|p1|Rotom-Wash, shiny","|poke|p1|Luxray, F","|poke|p1|Zapdos, shiny","|poke|p1|Thundurus, M","|poke|p1|Jolteon, M, shiny","|poke|p2|Aggron, F","|poke|p2|Empoleon, M","|poke|p2|Heatran, F","|poke|p2|Excadrill, M","|poke|p2|Doublade, M","|poke|p2|Ferrothorn, M","|rule|Sleep Clause Mod: Limit one foe put to sleep","|rule|Species Clause: Limit one of each Pokémon","|rule|OHKO Clause: OHKO moves are banned","|rule|Moody Clause: Moody is banned","|rule|Evasion Moves Clause: Evasion moves are banned","|rule|Endless Battle Clause: Forcing endless battles is banned","|rule|HP Percentage Mod: HP is shown in percentages","|teampreview","|","|start","|switch|p1a: ThunderLegion|Manectric, M, shiny|282/282","|switch|p2a: Aggron|Aggron, F|344/344","|turn|1","|","|detailschange|p1a: ThunderLegion|Manectric-Mega, M, shiny","|-mega|p1a: ThunderLegion|Manectric|Manectite","|-ability|p1a: ThunderLegion|Intimidate","|-unboost|p2a: Aggron|atk|1","|detailschange|p2a: Aggron|Aggron-Mega, F","|-mega|p2a: Aggron|Aggron|Aggronite","|move|p1a: ThunderLegion|Volt Switch|p2a: Aggron","|-damage|p2a: Aggron|227/344","|","|switch|p1a: ClothesWasher|Rotom-Wash, shiny|303/303","|move|p2a: Aggron|Earthquake|p1a: ClothesWasher","|-immune|p1a: ClothesWasher|[msg]","|","|turn|2","|","|switch|p2a: Ferrothorn|Ferrothorn, M|351/351","|move|p1a: ClothesWasher|Hydro Pump|p2a: Ferrothorn","|-resisted|p2a: Ferrothorn","|-damage|p2a: Ferrothorn|292/351","|","|turn|3","|","|move|p1a: ClothesWasher|Volt Switch|p2a: Ferrothorn","|-resisted|p2a: Ferrothorn","|-damage|p2a: Ferrothorn|255/351","|","|switch|p1a: ThunderBird|Zapdos, shiny|383/383","|-ability|p1a: ThunderBird|Pressure","|move|p2a: Ferrothorn|Gyro Ball|p1a: ThunderBird","|-resisted|p1a: ThunderBird","|-damage|p1a: ThunderBird|316/383","|-damage|p2a: Ferrothorn|197/351|[from] item: Rocky Helmet|[of] p1a: ThunderBird","|","|turn|4","|","|move|p1a: ThunderBird|Heat Wave|p2a: Ferrothorn","|-supereffective|p2a: Ferrothorn","|-damage|p2a: Ferrothorn|0 fnt","|faint|p2a: Ferrothorn","|","|","|switch|p2a: Heatran|Heatran, F|386/386","|-item|p2a: Heatran|Air Balloon","|turn|5","|","|move|p1a: ThunderBird|Discharge|p2a: Heatran","|-damage|p2a: Heatran|280/386","|-enditem|p2a: Heatran|Air Balloon","|move|p2a: Heatran|Flamethrower|p1a: ThunderBird","|-damage|p1a: ThunderBird|136/383","|","|turn|6","|","|switch|p1a: ClothesWasher|Rotom-Wash, shiny|303/303","|move|p2a: Heatran|Flamethrower|p1a: ClothesWasher","|-resisted|p1a: ClothesWasher","|-damage|p1a: ClothesWasher|222/303","|","|-heal|p1a: ClothesWasher|240/303|[from] item: Leftovers","|turn|7","|","|switch|p2a: Empoleon|Empoleon, M|372/372","|move|p1a: ClothesWasher|Hydro Pump|p2a: Empoleon","|-resisted|p2a: Empoleon","|-damage|p2a: Empoleon|301/372","|","|-heal|p1a: ClothesWasher|258/303|[from] item: Leftovers","|turn|8","|","|move|p1a: ClothesWasher|Volt Switch|p2a: Empoleon","|-supereffective|p2a: Empoleon","|-damage|p2a: Empoleon|137/372","|","|switch|p1a: ThunderBird|Zapdos, shiny|136/383","|-ability|p1a: ThunderBird|Pressure","|move|p2a: Empoleon|Scald|p1a: ThunderBird","|-damage|p1a: ThunderBird|0 fnt","|faint|p1a: ThunderBird","|","|","|switch|p1a: ThunderLegion|Manectric-Mega, M, shiny|282/282","|-ability|p1a: ThunderLegion|Intimidate","|-unboost|p2a: Empoleon|atk|1","|turn|9","|","|switch|p2a: Aggron|Aggron-Mega, F|227/344","|move|p1a: ThunderLegion|Volt Switch|p2a: Aggron","|-damage|p2a: Aggron|89/344","|","|switch|p1a: Laxus|Luxray, F|301/301","|","|-status|p1a: Laxus|tox|[from] item: Toxic Orb","|turn|10","|","|move|p1a: Laxus|Superpower|p2a: Aggron","|-supereffective|p2a: Aggron","|-damage|p2a: Aggron|0 fnt","|-unboost|p1a: Laxus|atk|1","|-unboost|p1a: Laxus|def|1","|faint|p2a: Aggron","|","|-damage|p1a: Laxus|283/301 tox|[from] psn","|","|switch|p2a: Excadrill|Excadrill, M|361/361","|-ability|p2a: Excadrill|Mold Breaker","|turn|11","|","|switch|p1a: Thundurus|Thundurus, M|299/299","|move|p2a: Excadrill|Earthquake|p1a: Thundurus","|-immune|p1a: Thundurus|[msg]","|","|turn|12","|","|switch|p2a: Doublade|Doublade, M|321/321","|move|p1a: Thundurus|Knock Off|p2a: Doublade","|-supereffective|p2a: Doublade","|-damage|p2a: Doublade|222/321","|-enditem|p2a: Doublade|Eviolite|[from] move: Knock Off|[of] p1a: Thundurus","|-damage|p1a: Thundurus|270/299|[from] item: Life Orb","|","|turn|13","|","|switch|p1a: ClothesWasher|Rotom-Wash, shiny|258/303","|move|p2a: Doublade|Shadow Claw|p1a: ClothesWasher","|-damage|p1a: ClothesWasher|171/303","|","|-heal|p1a: ClothesWasher|189/303|[from] item: Leftovers","|turn|14","|","|move|p1a: ClothesWasher|Will-O-Wisp|p2a: Doublade","|-status|p2a: Doublade|brn","|move|p2a: Doublade|Swords Dance|p2a: Doublade","|-boost|p2a: Doublade|atk|2","|","|-heal|p1a: ClothesWasher|207/303|[from] item: Leftovers","|-damage|p2a: Doublade|182/321 brn|[from] brn","|turn|15","|","|move|p1a: ClothesWasher|Hydro Pump|p2a: Doublade","|-crit|p2a: Doublade","|-damage|p2a: Doublade|0 fnt","|faint|p2a: Doublade","|","|-heal|p1a: ClothesWasher|225/303|[from] item: Leftovers","|","|switch|p2a: Excadrill|Excadrill, M|361/361","|-ability|p2a: Excadrill|Mold Breaker","|turn|16","|","|move|p2a: Excadrill|Earthquake|p1a: ClothesWasher","|-supereffective|p1a: ClothesWasher","|-damage|p1a: ClothesWasher|0 fnt","|faint|p1a: ClothesWasher","|","|","|switch|p1a: Thundurus|Thundurus, M|270/299","|turn|17","|","|switch|p2a: Empoleon|Empoleon, M|137/372","|move|p1a: Thundurus|Thunderbolt|p2a: Empoleon","|-supereffective|p2a: Empoleon","|-damage|p2a: Empoleon|0 fnt","|-damage|p1a: Thundurus|241/299|[from] item: Life Orb","|faint|p2a: Empoleon","|","|","|switch|p2a: Heatran|Heatran, F|280/386","|turn|18","|","|switch|p1a: ThunderLegion|Manectric-Mega, M, shiny|282/282","|-ability|p1a: ThunderLegion|Intimidate","|-unboost|p2a: Heatran|atk|1","|move|p2a: Heatran|Flamethrower|p1a: ThunderLegion","|-damage|p1a: ThunderLegion|69/282","|","|turn|19","|","|move|p1a: ThunderLegion|Volt Switch|p2a: Heatran","|-damage|p2a: Heatran|147/386","|","|switch|p1a: Sparky|Jolteon, M, shiny|272/272","|move|p2a: Heatran|Flamethrower|p1a: Sparky","|-damage|p1a: Sparky|88/272","|","|turn|20","|","|move|p1a: Sparky|Volt Switch|p2a: Heatran","|-crit|p2a: Heatran","|-damage|p2a: Heatran|0 fnt","|faint|p2a: Heatran","|","|switch|p1a: Laxus|Luxray, F|283/301 tox","|","|-damage|p1a: Laxus|265/301 tox|[from] psn","|","|switch|p2a: Excadrill|Excadrill, M|361/361","|-ability|p2a: Excadrill|Mold Breaker","|turn|21","|","|move|p1a: Laxus|Quick Attack|p2a: Excadrill","|-resisted|p2a: Excadrill","|-damage|p2a: Excadrill|305/361","|move|p2a: Excadrill|Rock Slide|p1a: Laxus","|-damage|p1a: Laxus|157/301 tox","|","|-damage|p1a: Laxus|121/301 tox|[from] psn","|turn|22","|","|move|p2a: Excadrill|Rock Slide|p1a: Laxus","|-crit|p1a: Laxus","|-damage|p1a: Laxus|0 fnt","|faint|p1a: Laxus","|","|","|switch|p1a: ThunderLegion|Manectric-Mega, M, shiny|69/282","|-ability|p1a: ThunderLegion|Intimidate","|-unboost|p2a: Excadrill|atk|1","|turn|23","|","|switch|p1a: Sparky|Jolteon, M, shiny|88/272","|move|p2a: Excadrill|Rock Slide|p1a: Sparky","|-damage|p1a: Sparky|3/272","|","|turn|24","|","|move|p2a: Excadrill|Rock Slide|p1a: Sparky","|-miss|p2a: Excadrill|p1a: Sparky","|move|p1a: Sparky|Hidden Power|p2a: Excadrill","|-damage|p2a: Excadrill|172/361","|","|turn|25","|","|move|p2a: Excadrill|Rock Slide|p1a: Sparky","|-damage|p1a: Sparky|0 fnt","|faint|p1a: Sparky","|","|","|switch|p1a: ThunderLegion|Manectric-Mega, M, shiny|69/282","|-ability|p1a: ThunderLegion|Intimidate","|-unboost|p2a: Excadrill|atk|1","|turn|26","|","|move|p2a: Excadrill|Rock Slide|p1a: ThunderLegion","|-damage|p1a: ThunderLegion|16/282","|cant|p1a: ThunderLegion|flinch","|","|turn|27","|","|move|p2a: Excadrill|Rock Slide|p1a: ThunderLegion","|-damage|p1a: ThunderLegion|0 fnt","|faint|p1a: ThunderLegion","|","|","|switch|p1a: Thundurus|Thundurus, M|241/299","|turn|28","|","|move|p2a: Excadrill|Rock Slide|p1a: Thundurus","|-supereffective|p1a: Thundurus","|-damage|p1a: Thundurus|119/299","|move|p1a: Thundurus|Hidden Power|p2a: Excadrill","|-damage|p2a: Excadrill|45/361","|-damage|p1a: Thundurus|90/299|[from] item: Life Orb","|","|turn|29","|","|move|p2a: Excadrill|Rock Slide|p1a: Thundurus","|-supereffective|p1a: Thundurus","|-damage|p1a: Thundurus|0 fnt","|faint|p1a: Thundurus","|","|win|Jake1079"],"p1rating":{"entryid":"6436216","serverid":"eos","formatid":"monotype","userid":"alliancethunder","username":"Alliance - Thunder","w":"6","l":6,"t":"0","gxe":48.5,"r":"1494.0511561673","rd":"97.357288131672","sigma":"0","rptime":"1439110800","rpr":1488.6335785844,"rprd":91.117071718964,"rpsigma":"0","acre":1120.1622906767,"lacre":1120.1622906767,"oldacre":"1146.4185958022"},"p2rating":{"entryid":"7429437","serverid":"eos","formatid":"monotype","userid":"jake1079","username":"Jake1079","w":27,"l":"40","t":"0","gxe":43.7,"r":"1431.2030779181","rd":"44.325998755676","sigma":"0","rptime":"1439110800","rpr":1451.8765668507,"rprd":43.486549468279,"rpsigma":"0","acre":1155.2007776927,"lacre":1155.2007776927,"oldacre":"1128.9444725672"},"endType":"normal"}