{"seed":[24436,28822,23923,27895],"turns":21,"p1":"Guard Choppah","p2":"Doctor Glumanda","p1team":[{"name":"Skarmory","species":"Skarmory","item":"rockyhelmet","ability":"Sturdy","moves":["defog","bravebird","roost","whirlwind"],"nature":"Impish","evs":{"hp":252,"atk":4,"def":252,"spa":0,"spd":0,"spe":0},"ivs":{"hp":31,"atk":31,"def":31,"spa":31,"spd":31,"spe":31}},{"name":"Heatran","species":"Heatran","item":"leftovers","ability":"Flash Fire","moves":["toxic","lavaplume","flashcannon","protect"],"nature":"Calm","evs":{"hp":252,"atk":0,"def":0,"spa":4,"spd":252,"spe":0},"ivs":{"hp":31,"atk":31,"def":31,"spa":31,"spd":31,"spe":31}},{"name":"Ferrothorn","species":"Ferrothorn","item":"rockyhelmet","ability":"Iron Barbs","moves":["leechseed","powerwhip","toxic","stealthrock"],"nature":"Careful","evs":{"hp":248,"atk":8,"def":0,"spa":0,"spd":252,"spe":0},"ivs":{"hp":31,"atk":31,"def":31,"spa":31,"spd":31,"spe":31}},{"name":"Scizor","species":"Scizor","item":"scizorite","ability":"Technician","moves":["roost","bulletpunch","swordsdance","aerialace"],"nature":"Impish","evs":{"hp":248,"atk":0,"def":252,"spa":0,"spd":8,"spe":0},"ivs":{"hp":31,"atk":31,"def":31,"spa":31,"spd":31,"spe":31}},{"name":"Bisharp","species":"Bisharp","item":"lifeorb","ability":"Defiant","moves":["knockoff","ironhead","suckerpunch","pursuit"],"nature":"Jolly","evs":{"hp":0,"atk":252,"def":0,"spa":0,"spd":4,"spe":252},"ivs":{"hp":31,"atk":31,"def":31,"spa":31,"spd":31,"spe":31}},{"name":"Magnezone","species":"Magnezone","item":"choicescarf","ability":"Magnet Pull","moves":["thunderbolt","voltswitch","flashcannon","hiddenpowerfire"],"nature":"Timid","evs":{"hp":0,"atk":0,"def":0,"spa":252,"spd":4,"spe":252},"ivs":{"hp":31,"atk":30,"def":31,"spa":30,"spd":31,"spe":30}}],"p2team":[{"name":"Goggler","species":"yanmega","item":"focussash","ability":"Speed Boost","moves":["protect","bugbuzz","airslash","defog"],"nature":"Modest","evs":{"hp":0,"atk":0,"def":104,"spa":252,"spd":0,"spe":152},"gender":"M","ivs":{"hp":31,"atk":31,"def":31,"spa":30,"spd":30,"spe":31}},{"name":"Vice Gripz","species":"scizor","item":"choiceband","ability":"Technician","moves":["uturn","bulletpunch","superpower","pursuit"],"nature":"Adamant","evs":{"hp":244,"atk":252,"def":0,"spa":0,"spd":0,"spe":12},"gender":"F","ivs":{"hp":31,"atk":31,"def":31,"spa":31,"spd":31,"spe":31}},{"name":"Dozer","species":"heracross","item":"heracronite","ability":"Moxie","moves":["bulletseed","counter","rockblast","pinmissile"],"nature":"Jolly","evs":{"hp":4,"atk":252,"def":0,"spa":0,"spd":0,"spe":252},"gender":"M","ivs":{"hp":31,"atk":31,"def":31,"spa":31,"spd":31,"spe":31}},{"name":"Inferno","species":"volcarona","item":"lumberry","ability":"Flame Body","moves":["fierydance","roost","gigadrain","quiverdance"],"nature":"Timid","evs":{"hp":0,"atk":0,"def":0,"spa":252,"spd":4,"spe":252},"ivs":{"hp":31,"atk":31,"def":30,"spa":31,"spd":30,"spe":31}},{"name":"Bugsy","species":"galvantula","item":"focussash","ability":"Compound Eyes","moves":["stickyweb","thunder","bugbuzz","energyball"],"nature":"Timid","evs":{"hp":0,"atk":0,"def":0,"spa":252,"spd":4,"spe":252},"ivs":{"hp":31,"atk":31,"def":31,"spa":31,"spd":31,"spe":31}},{"name":"Computer Virus","species":"genesect","item":"choicescarf","ability":"Download","moves":["uturn","ironhead","explosion","blazekick"],"nature":"Hasty","evs":{"hp":0,"atk":248,"def":0,"spa":8,"spd":0,"spe":252},"shiny":true,"ivs":{"hp":31,"atk":31,"def":31,"spa":31,"spd":31,"spe":31}}],"log":["|player|p1|Guard Choppah|146","|player|p2|Doctor Glumanda|doctorglumanda.gif","|gametype|singles","|gen|6","|tier|Monotype","|rated","|rule|Baton Pass Clause: Limit one Baton Passer, can't pass Spe and other stats simultaneously","|rule|Swagger Clause: Swagger is banned","|rule|Same Type Clause: Pokémon in a team must share a type","|clearpoke","|poke|p1|Skarmory, F","|poke|p1|Heatran, F","|poke|p1|Ferrothorn, M","|poke|p1|Scizor, M","|poke|p1|Bisharp, M","|poke|p1|Magnezone","|poke|p2|Yanmega, M","|poke|p2|Scizor, F","|poke|p2|Heracross, M","|poke|p2|Volcarona, F","|poke|p2|Galvantula, F","|poke|p2|Genesect-*, shiny","|rule|Sleep Clause Mod: Limit one foe put to sleep","|rule|Species Clause: Limit one of each Pokémon","|rule|OHKO Clause: OHKO moves are banned","|rule|Moody Clause: Moody is banned","|rule|Evasion Moves Clause: Evasion moves are banned","|rule|Endless Battle Clause: Forcing endless battles is banned","|rule|HP Percentage Mod: HP is shown in percentages","|teampreview","|","|start","|switch|p1a: Heatran|Heatran, F|386/386","|switch|p2a: Bugsy|Galvantula, F|281/281","|turn|1","|","|move|p2a: Bugsy|Thunder|p1a: Heatran","|-damage|p1a: Heatran|281/386","|move|p1a: Heatran|Lava Plume|p2a: Bugsy","|-supereffective|p2a: Bugsy","|-enditem|p2a: Bugsy|Focus Sash","|-damage|p2a: Bugsy|1/281","|-status|p2a: Bugsy|brn","|","|-heal|p1a: Heatran|305/386|[from] item: Leftovers","|-damage|p2a: Bugsy|0 fnt|[from] brn","|faint|p2a: Bugsy","|","|switch|p2a: Vice Gripz|Scizor, F|342/342","|turn|2","|","|move|p1a: Heatran|Protect|p1a: Heatran","|-singleturn|p1a: Heatran|Protect","|move|p2a: Vice Gripz|Superpower|p1a: Heatran","|-activate|p1a: Heatran|Protect","|","|-heal|p1a: Heatran|329/386|[from] item: Leftovers","|turn|3","|","|switch|p1a: Skarmory|Skarmory, F|334/334","|move|p2a: Vice Gripz|Superpower|p1a: Skarmory","|-damage|p1a: Skarmory|191/334","|-damage|p2a: Vice Gripz|285/342|[from] item: Rocky Helmet|[of] p1a: Skarmory","|-unboost|p2a: Vice Gripz|atk|1","|-unboost|p2a: Vice Gripz|def|1","|","|turn|4","|","|switch|p2a: Computer Virus|Genesect, shiny|283/283","|-boost|p2a: Computer Virus|spa|1|[from] ability: Download","|move|p1a: Skarmory|Roost|p1a: Skarmory","|-heal|p1a: Skarmory|334/334","|","|turn|5","|","|switch|p1a: Ferrothorn|Ferrothorn, M|351/351","|move|p2a: Computer Virus|Blaze Kick|p1a: Ferrothorn","|-supereffective|p1a: Ferrothorn","|-damage|p1a: Ferrothorn|63/351","|-damage|p2a: Computer Virus|248/283|[from] ability: Iron Barbs|[of] p1a: Ferrothorn","|-damage|p2a: Computer Virus|201/283|[from] item: Rocky Helmet|[of] p1a: Ferrothorn","|","|turn|6","|","|switch|p1a: Heatran|Heatran, F|329/386","|move|p2a: Computer Virus|Blaze Kick|p1a: Heatran","|-start|p1a: Heatran|ability: Flash Fire","|","|-heal|p1a: Heatran|353/386|[from] item: Leftovers","|turn|7","|","|move|p2a: Computer Virus|Blaze Kick|p1a: Heatran","|-immune|p1a: Heatran|[msg]","|move|p1a: Heatran|Lava Plume|p2a: Computer Virus","|-supereffective|p2a: Computer Virus","|-damage|p2a: Computer Virus|0 fnt","|faint|p2a: Computer Virus","|","|-heal|p1a: Heatran|377/386|[from] item: Leftovers","|","|switch|p2a: Goggler|Yanmega, M|313/313","|turn|8","|","|move|p2a: Goggler|Protect|p2a: Goggler","|-singleturn|p2a: Goggler|Protect","|move|p1a: Heatran|Lava Plume|p2a: Goggler","|-activate|p2a: Goggler|Protect","|","|-heal|p1a: Heatran|386/386|[from] item: Leftovers","|-boost|p2a: Goggler|spe|1|[from] ability: Speed Boost","|turn|9","|","|move|p2a: Goggler|Air Slash|p1a: Heatran","|-crit|p1a: Heatran","|-resisted|p1a: Heatran","|-damage|p1a: Heatran|317/386","|cant|p1a: Heatran|flinch","|","|-heal|p1a: Heatran|341/386|[from] item: Leftovers","|-boost|p2a: Goggler|spe|1|[from] ability: Speed Boost","|turn|10","|","|move|p1a: Heatran|Protect|p1a: Heatran","|-singleturn|p1a: Heatran|Protect","|move|p2a: Goggler|Air Slash|p1a: Heatran","|-activate|p1a: Heatran|Protect","|","|-heal|p1a: Heatran|365/386|[from] item: Leftovers","|-boost|p2a: Goggler|spe|1|[from] ability: Speed Boost","|turn|11","|","|move|p2a: Goggler|Air Slash|p1a: Heatran","|-resisted|p1a: Heatran","|-damage|p1a: Heatran|319/386","|move|p1a: Heatran|Lava Plume|p2a: Goggler","|-supereffective|p2a: Goggler","|-enditem|p2a: Goggler|Focus Sash","|-damage|p2a: Goggler|1/313","|","|-heal|p1a: Heatran|343/386|[from] item: Leftovers","|-boost|p2a: Goggler|spe|1|[from] ability: Speed Boost","|turn|12","|","|move|p2a: Goggler|Bug Buzz|p1a: Heatran","|-resisted|p1a: Heatran","|-damage|p1a: Heatran|314/386","|move|p1a: Heatran|Lava Plume|p2a: Goggler","|-crit|p2a: Goggler","|-supereffective|p2a: Goggler","|-damage|p2a: Goggler|0 fnt","|faint|p2a: Goggler","|","|-heal|p1a: Heatran|338/386|[from] item: Leftovers","|","|switch|p2a: Inferno|Volcarona, F|311/311","|turn|13","|","|move|p2a: Inferno|Quiver Dance|p2a: Inferno","|-boost|p2a: Inferno|spa|1","|-boost|p2a: Inferno|spd|1","|-boost|p2a: Inferno|spe|1","|move|p1a: Heatran|Toxic|p2a: Inferno|[miss]","|-miss|p1a: Heatran|p2a: Inferno","|","|-heal|p1a: Heatran|362/386|[from] item: Leftovers","|turn|14","|","|move|p2a: Inferno|Quiver Dance|p2a: Inferno","|-boost|p2a: Inferno|spa|1","|-boost|p2a: Inferno|spd|1","|-boost|p2a: Inferno|spe|1","|move|p1a: Heatran|Toxic|p2a: Inferno","|-status|p2a: Inferno|tox","|-enditem|p2a: Inferno|Lum Berry|[eat]","|-curestatus|p2a: Inferno|tox","|","|-heal|p1a: Heatran|386/386|[from] item: Leftovers","|turn|15","|","|move|p2a: Inferno|Giga Drain|p1a: Heatran","|-resisted|p1a: Heatran","|-damage|p1a: Heatran|352/386","|move|p1a: Heatran|Toxic|p2a: Inferno","|-status|p2a: Inferno|tox","|","|-heal|p1a: Heatran|376/386|[from] item: Leftovers","|-damage|p2a: Inferno|292/311 tox|[from] psn","|turn|16","|","|move|p2a: Inferno|Quiver Dance|p2a: Inferno","|-boost|p2a: Inferno|spa|1","|-boost|p2a: Inferno|spd|1","|-boost|p2a: Inferno|spe|1","|move|p1a: Heatran|Lava Plume|p2a: Inferno","|-damage|p2a: Inferno|223/311 tox","|","|-heal|p1a: Heatran|386/386|[from] item: Leftovers","|-damage|p2a: Inferno|185/311 tox|[from] psn","|turn|17","|","|move|p1a: Heatran|Protect|p1a: Heatran","|-singleturn|p1a: Heatran|Protect","|move|p2a: Inferno|Quiver Dance|p2a: Inferno","|-boost|p2a: Inferno|spa|1","|-boost|p2a: Inferno|spd|1","|-boost|p2a: Inferno|spe|1","|","|-damage|p2a: Inferno|128/311 tox|[from] psn","|turn|18","|","|move|p2a: Inferno|Giga Drain|p1a: Heatran","|-resisted|p1a: Heatran","|-damage|p1a: Heatran|341/386","|-heal|p2a: Inferno|151/311 tox|[from] drain|[of] p1a: Heatran","|move|p1a: Heatran|Lava Plume|p2a: Inferno","|-damage|p2a: Inferno|91/311 tox","|","|-heal|p1a: Heatran|365/386|[from] item: Leftovers","|-damage|p2a: Inferno|15/311 tox|[from] psn","|turn|19","|","|move|p1a: Heatran|Protect|p1a: Heatran","|-singleturn|p1a: Heatran|Protect","|move|p2a: Inferno|Giga Drain|p1a: Heatran","|-activate|p1a: Heatran|Protect","|","|-heal|p1a: Heatran|386/386|[from] item: Leftovers","|-damage|p2a: Inferno|0 fnt|[from] psn","|faint|p2a: Inferno","|","|switch|p2a: Vice Gripz|Scizor, F|285/342","|turn|20","|","|-end|p1a: Heatran|ability: Flash Fire|[silent]","|switch|p1a: Scizor|Scizor, M|343/343","|move|p2a: Vice Gripz|Superpower|p1a: Scizor","|-damage|p1a: Scizor|184/343","|-unboost|p2a: Vice Gripz|atk|1","|-unboost|p2a: Vice Gripz|def|1","|","|turn|21","|","|win|Guard Choppah"],"p1rating":{"entryid":"7425426","serverid":"eos","formatid":"monotype","userid":"guardchoppah","username":"Guard Choppah","w":30,"l":"7","t":"0","gxe":77.6,"r":"1717.0492759724","rd":"59.865209015899","sigma":"0","rptime":"1439110800","rpr":1736.2743245563,"rprd":57.449581571942,"rpsigma":"0","acre":1382.8215080903,"lacre":1382.8215080903,"oldacre":"1373.627710067"},"p2rating":{"entryid":"6022760","serverid":"eos","formatid":"monotype","userid":"doctorglumanda","username":"Doctor Glumanda","w":"7","l":3,"t":"0","gxe":60.6,"r":"1600.1949154192","rd":"94.791770736205","sigma":"0","rptime":"1439110800","rpr":1583.938834294,"rprd":91.873462752981,"rpsigma":"0","acre":1152.0781825794,"lacre":1152.0781825794,"oldacre":"1163.5704301085"},"endType":"forfeit"}