{"seed":[63062,19289,32872,37994],"turns":23,"p1":"Guard Choppah","p2":"Yung draco","p1team":[{"name":"Skarmory","species":"Skarmory","item":"rockyhelmet","ability":"Sturdy","moves":["defog","bravebird","roost","whirlwind"],"nature":"Impish","evs":{"hp":252,"atk":4,"def":252,"spa":0,"spd":0,"spe":0},"ivs":{"hp":31,"atk":31,"def":31,"spa":31,"spd":31,"spe":31}},{"name":"Heatran","species":"Heatran","item":"leftovers","ability":"Flash Fire","moves":["toxic","lavaplume","earthpower","protect"],"nature":"Calm","evs":{"hp":252,"atk":0,"def":0,"spa":4,"spd":252,"spe":0},"ivs":{"hp":31,"atk":31,"def":31,"spa":31,"spd":31,"spe":31}},{"name":"Ferrothorn","species":"Ferrothorn","item":"rockyhelmet","ability":"Iron Barbs","moves":["leechseed","powerwhip","toxic","stealthrock"],"nature":"Careful","evs":{"hp":248,"atk":8,"def":0,"spa":0,"spd":252,"spe":0},"ivs":{"hp":31,"atk":31,"def":31,"spa":31,"spd":31,"spe":31}},{"name":"Scizor","species":"Scizor","item":"scizorite","ability":"Technician","moves":["roost","bulletpunch","swordsdance","aerialace"],"nature":"Impish","evs":{"hp":248,"atk":0,"def":252,"spa":0,"spd":8,"spe":0},"ivs":{"hp":31,"atk":31,"def":31,"spa":31,"spd":31,"spe":31}},{"name":"Bisharp","species":"Bisharp","item":"lifeorb","ability":"Defiant","moves":["knockoff","ironhead","suckerpunch","pursuit"],"nature":"Jolly","evs":{"hp":0,"atk":252,"def":0,"spa":0,"spd":4,"spe":252},"ivs":{"hp":31,"atk":31,"def":31,"spa":31,"spd":31,"spe":31}},{"name":"Magnezone","species":"Magnezone","item":"choicescarf","ability":"Magnet Pull","moves":["thunderbolt","voltswitch","flashcannon","hiddenpowerfire"],"nature":"Timid","evs":{"hp":0,"atk":0,"def":0,"spa":252,"spd":4,"spe":252},"ivs":{"hp":31,"atk":30,"def":31,"spa":30,"spd":31,"spe":30}}],"p2team":[{"name":"Ampharos","species":"Ampharos","item":"ampharosite","ability":"Static","moves":["voltswitch","dragonpulse","rest","sleeptalk"],"nature":"Modest","evs":{"hp":248,"atk":0,"def":252,"spa":8,"spd":0,"spe":0},"ivs":{"hp":31,"atk":31,"def":31,"spa":31,"spd":31,"spe":31}},{"name":"Rotom-Wash","species":"Rotom-Wash","item":"leftovers","ability":"Levitate","moves":["hydropump","voltswitch","willowisp","painsplit"],"nature":"Bold","evs":{"hp":248,"atk":0,"def":252,"spa":0,"spd":0,"spe":8},"ivs":{"hp":31,"atk":31,"def":31,"spa":31,"spd":31,"spe":31}},{"name":"Heliolisk","species":"Heliolisk","item":"choicescarf","ability":"Dry Skin","moves":["surf","voltswitch","hypervoice","thunderbolt"],"nature":"Timid","evs":{"hp":0,"atk":0,"def":0,"spa":252,"spd":4,"spe":252},"ivs":{"hp":31,"atk":31,"def":31,"spa":31,"spd":31,"spe":31}},{"name":"Zapdos","species":"Zapdos","item":"leftovers","ability":"Pressure","moves":["roost","thunderbolt","heatwave","defog"],"nature":"Calm","evs":{"hp":240,"atk":0,"def":0,"spa":16,"spd":252,"spe":0},"ivs":{"hp":31,"atk":31,"def":31,"spa":31,"spd":31,"spe":31}},{"name":"Lanturn","species":"Lanturn","item":"airballoon","ability":"Water Absorb","moves":["scald","voltswitch","toxic","icebeam"],"nature":"Modest","evs":{"hp":96,"atk":0,"def":0,"spa":252,"spd":160,"spe":0},"ivs":{"hp":31,"atk":31,"def":31,"spa":31,"spd":31,"spe":31}},{"name":"Raikou","species":"Raikou","item":"leftovers","ability":"Pressure","moves":["calmmind","hiddenpowerice","thunderbolt","substitute"],"nature":"Timid","evs":{"hp":0,"atk":0,"def":0,"spa":252,"spd":4,"spe":252},"ivs":{"hp":31,"atk":30,"def":30,"spa":31,"spd":31,"spe":31}}],"log":["|player|p1|Guard Choppah|146","|player|p2|Yung draco|24","|gametype|singles","|gen|6","|tier|Monotype","|rated","|rule|Baton Pass Clause: Limit one Baton Passer, can't pass Spe and other stats simultaneously","|rule|Swagger Clause: Swagger is banned","|rule|Same Type Clause: Pokémon in a team must share a type","|clearpoke","|poke|p1|Skarmory, F","|poke|p1|Heatran, F","|poke|p1|Ferrothorn, F","|poke|p1|Scizor, F","|poke|p1|Bisharp, F","|poke|p1|Magnezone","|poke|p2|Ampharos, M","|poke|p2|Rotom-Wash","|poke|p2|Heliolisk, M","|poke|p2|Zapdos","|poke|p2|Lanturn, M","|poke|p2|Raikou","|rule|Sleep Clause Mod: Limit one foe put to sleep","|rule|Species Clause: Limit one of each Pokémon","|rule|OHKO Clause: OHKO moves are banned","|rule|Moody Clause: Moody is banned","|rule|Evasion Moves Clause: Evasion moves are banned","|rule|Endless Battle Clause: Forcing endless battles is banned","|rule|HP Percentage Mod: HP is shown in percentages","|teampreview","|","|start","|switch|p1a: Heatran|Heatran, F|386/386","|switch|p2a: Zapdos|Zapdos|381/381","|-ability|p2a: Zapdos|Pressure","|turn|1","|","|move|p2a: Zapdos|Thunderbolt|p1a: Heatran","|-damage|p1a: Heatran|290/386","|-status|p1a: Heatran|par","|move|p1a: Heatran|Toxic|p2a: Zapdos","|-status|p2a: Zapdos|tox","|","|-heal|p1a: Heatran|314/386 par|[from] item: Leftovers","|-damage|p2a: Zapdos|358/381 tox|[from] psn","|turn|2","|","|switch|p2a: Lanturn|Lanturn, M|415/415","|-item|p2a: Lanturn|Air Balloon","|cant|p1a: Heatran|par","|","|-heal|p1a: Heatran|338/386 par|[from] item: Leftovers","|turn|3","|","|switch|p1a: Ferrothorn|Ferrothorn, F|351/351","|move|p2a: Lanturn|Volt Switch|p1a: Ferrothorn","|-crit|p1a: Ferrothorn","|-resisted|p1a: Ferrothorn","|-damage|p1a: Ferrothorn|308/351","|","|switch|p2a: Zapdos|Zapdos|358/381 tox","|-ability|p2a: Zapdos|Pressure","|","|-heal|p2a: Zapdos|381/381 tox|[from] item: Leftovers","|-damage|p2a: Zapdos|358/381 tox|[from] psn","|turn|4","|","|switch|p2a: Lanturn|Lanturn, M|415/415","|-item|p2a: Lanturn|Air Balloon","|switch|p1a: Heatran|Heatran, F|338/386 par","|","|-heal|p1a: Heatran|362/386 par|[from] item: Leftovers","|turn|5","|","|switch|p1a: Ferrothorn|Ferrothorn, F|308/351","|move|p2a: Lanturn|Scald|p1a: Ferrothorn","|-resisted|p1a: Ferrothorn","|-damage|p1a: Ferrothorn|274/351","|","|turn|6","|","|move|p2a: Lanturn|Scald|p1a: Ferrothorn","|-resisted|p1a: Ferrothorn","|-damage|p1a: Ferrothorn|240/351","|move|p1a: Ferrothorn|Stealth Rock|p2a: Lanturn","|-sidestart|p2: Yung draco|move: Stealth Rock","|","|turn|7","|","|move|p2a: Lanturn|Volt Switch|p1a: Ferrothorn","|-crit|p1a: Ferrothorn","|-resisted|p1a: Ferrothorn","|-damage|p1a: Ferrothorn|192/351","|","|switch|p2a: Zapdos|Zapdos|358/381 tox","|-damage|p2a: Zapdos|263/381 tox|[from] Stealth Rock","|-ability|p2a: Zapdos|Pressure","|move|p1a: Ferrothorn|Power Whip|p2a: Zapdos","|-resisted|p2a: Zapdos","|-damage|p2a: Zapdos|184/381 tox","|","|-heal|p2a: Zapdos|207/381 tox|[from] item: Leftovers","|-damage|p2a: Zapdos|184/381 tox|[from] psn","|turn|8","|","|switch|p1a: Heatran|Heatran, F|362/386 par","|move|p2a: Zapdos|Roost|p2a: Zapdos","|-heal|p2a: Zapdos|375/381 tox","|","|-heal|p2a: Zapdos|381/381 tox|[from] item: Leftovers","|-heal|p1a: Heatran|386/386 par|[from] item: Leftovers","|-damage|p2a: Zapdos|335/381 tox|[from] psn","|turn|9","|","|switch|p2a: Rotom-Wash|Rotom-Wash|303/303","|-damage|p2a: Rotom-Wash|266/303|[from] Stealth Rock","|move|p1a: Heatran|Lava Plume|p2a: Rotom-Wash","|-resisted|p2a: Rotom-Wash","|-damage|p2a: Rotom-Wash|214/303","|","|-heal|p2a: Rotom-Wash|232/303|[from] item: Leftovers","|turn|10","|","|move|p2a: Rotom-Wash|Hydro Pump|p1a: Heatran","|-supereffective|p1a: Heatran","|-damage|p1a: Heatran|194/386 par","|cant|p1a: Heatran|par","|","|-heal|p2a: Rotom-Wash|250/303|[from] item: Leftovers","|-heal|p1a: Heatran|218/386 par|[from] item: Leftovers","|turn|11","|","|move|p2a: Rotom-Wash|Hydro Pump|p1a: Heatran","|-supereffective|p1a: Heatran","|-damage|p1a: Heatran|26/386 par","|cant|p1a: Heatran|par","|","|-heal|p2a: Rotom-Wash|268/303|[from] item: Leftovers","|-heal|p1a: Heatran|50/386 par|[from] item: Leftovers","|turn|12","|","|move|p2a: Rotom-Wash|Volt Switch|p1a: Heatran","|-damage|p1a: Heatran|0 fnt","|faint|p1a: Heatran","|","|switch|p2a: Heliolisk|Heliolisk, M|265/265","|-damage|p2a: Heliolisk|232/265|[from] Stealth Rock","|","|","|switch|p1a: Ferrothorn|Ferrothorn, F|192/351","|turn|13","|","|move|p2a: Heliolisk|Volt Switch|p1a: Ferrothorn","|-resisted|p1a: Ferrothorn","|-damage|p1a: Ferrothorn|154/351","|","|switch|p2a: Zapdos|Zapdos|335/381 tox","|-damage|p2a: Zapdos|240/381 tox|[from] Stealth Rock","|-ability|p2a: Zapdos|Pressure","|move|p1a: Ferrothorn|Leech Seed|p2a: Zapdos","|-start|p2a: Zapdos|move: Leech Seed","|","|-heal|p2a: Zapdos|263/381 tox|[from] item: Leftovers","|-damage|p2a: Zapdos|216/381 tox|[from] Leech Seed|[of] p1a: Ferrothorn","|-heal|p1a: Ferrothorn|201/351|[silent]","|-damage|p2a: Zapdos|193/381 tox|[from] psn","|turn|14","|","|move|p2a: Zapdos|Roost|p2a: Zapdos","|-heal|p2a: Zapdos|381/381 tox","|move|p1a: Ferrothorn|Power Whip|p2a: Zapdos|[miss]","|-miss|p1a: Ferrothorn|p2a: Zapdos","|","|-damage|p2a: Zapdos|334/381 tox|[from] Leech Seed|[of] p1a: Ferrothorn","|-heal|p1a: Ferrothorn|248/351|[silent]","|-damage|p2a: Zapdos|288/381 tox|[from] psn","|turn|15","|","|move|p2a: Zapdos|Heat Wave|p1a: Ferrothorn","|-supereffective|p1a: Ferrothorn","|-damage|p1a: Ferrothorn|0 fnt","|faint|p1a: Ferrothorn","|","|-heal|p2a: Zapdos|311/381 tox|[from] item: Leftovers","|-damage|p2a: Zapdos|242/381 tox|[from] psn","|","|switch|p1a: Magnezone|Magnezone|281/281","|turn|16","|","|switch|p2a: Lanturn|Lanturn, M|415/415","|-damage|p2a: Lanturn|364/415|[from] Stealth Rock","|-item|p2a: Lanturn|Air Balloon","|move|p1a: Magnezone|Flash Cannon|p2a: Lanturn","|-resisted|p2a: Lanturn","|-damage|p2a: Lanturn|327/415","|-enditem|p2a: Lanturn|Air Balloon","|","|turn|17","|","|switch|p1a: Skarmory|Skarmory, F|334/334","|move|p2a: Lanturn|Scald|p1a: Skarmory","|-damage|p1a: Skarmory|196/334","|","|turn|18","|","|move|p2a: Lanturn|Volt Switch|p1a: Skarmory","|-supereffective|p1a: Skarmory","|-damage|p1a: Skarmory|0 fnt","|faint|p1a: Skarmory","|","|switch|p2a: Heliolisk|Heliolisk, M|232/265","|-damage|p2a: Heliolisk|199/265|[from] Stealth Rock","|","|","|switch|p1a: Scizor|Scizor, F|343/343","|turn|19","|","|detailschange|p1a: Scizor|Scizor-Mega, F","|-mega|p1a: Scizor|Scizor|Scizorite","|move|p2a: Heliolisk|Thunderbolt|p1a: Scizor","|-damage|p1a: Scizor|205/343","|move|p1a: Scizor|Swords Dance|p1a: Scizor","|-boost|p1a: Scizor|atk|2","|","|turn|20","|","|move|p2a: Heliolisk|Thunderbolt|p1a: Scizor","|-damage|p1a: Scizor|75/343","|move|p1a: Scizor|Roost|p1a: Scizor","|-heal|p1a: Scizor|247/343","|","|turn|21","|","|move|p2a: Heliolisk|Thunderbolt|p1a: Scizor","|-damage|p1a: Scizor|106/343","|move|p1a: Scizor|Roost|p1a: Scizor","|-heal|p1a: Scizor|278/343","|","|turn|22","|","|switch|p2a: Rotom-Wash|Rotom-Wash|268/303","|-damage|p2a: Rotom-Wash|231/303|[from] Stealth Rock","|move|p1a: Scizor|Roost|p1a: Scizor","|-heal|p1a: Scizor|343/343","|","|-heal|p2a: Rotom-Wash|249/303|[from] item: Leftovers","|turn|23","|","|win|Yung draco"],"p1rating":{"entryid":"7425426","serverid":"eos","formatid":"monotype","userid":"guardchoppah","username":"Guard Choppah","w":"31","l":8,"t":"0","gxe":76.7,"r":"1717.0492759724","rd":"59.865209015899","sigma":"0","rptime":"1439110800","rpr":1727.2979692799,"rprd":56.352228074677,"rpsigma":"0","acre":1360.9667441904,"lacre":1360.9667441904,"oldacre":"1389.5299773799"},"p2rating":{"entryid":"6653831","serverid":"eos","formatid":"monotype","userid":"yungdraco","username":"Yung draco - ⓦⓐⓘⓣ","w":25,"l":"10","t":"0","gxe":67.5,"r":"1626.0133281709","rd":"63.01259838945","sigma":"0","rptime":"1439110800","rpr":1639.6628556601,"rprd":62.09620500813,"rpsigma":"0","acre":1266.2323791501,"lacre":1266.2323791501,"oldacre":"1230.5283376632"},"endType":"forfeit"}