{"seed":[23170,23572,35024,41084],"turns":42,"p1":"Etrayu","p2":"LTIL-Tahit","p1team":[{"name":"Froslass","species":"Froslass","item":"focussash","ability":"Snow Cloak","moves":["thunderwave","frostbreath","taunt","spikes"],"nature":"Modest","evs":{"hp":4,"atk":0,"def":0,"spa":252,"spd":0,"spe":252},"shiny":true,"ivs":{"hp":31,"atk":31,"def":31,"spa":31,"spd":31,"spe":31}},{"name":"Gengar","species":"Gengar","item":"lifeorb","ability":"Levitate","moves":["dazzlinggleam","energyball","shadowball","sludgewave"],"nature":"Timid","evs":{"hp":0,"atk":0,"def":0,"spa":252,"spd":4,"spe":252},"gender":"M","shiny":true,"ivs":{"hp":31,"atk":31,"def":31,"spa":31,"spd":31,"spe":31}},{"name":"Chandelure","species":"Chandelure","item":"choicescarf","ability":"Flash Fire","moves":["fireblast","darkpulse","trick","overheat"],"nature":"Timid","evs":{"hp":0,"atk":0,"def":0,"spa":252,"spd":4,"spe":252},"gender":"F","ivs":{"hp":31,"atk":31,"def":31,"spa":31,"spd":31,"spe":31}},{"name":"Aegislash","species":"Aegislash","item":"weaknesspolicy","ability":"Stance Change","moves":["shadowball","shadowsneak","kingsshield","sacredsword"],"nature":"Gentle","evs":{"hp":248,"atk":8,"def":0,"spa":0,"spd":252,"spe":0},"gender":"F","ivs":{"hp":31,"atk":31,"def":31,"spa":31,"spd":31,"spe":31}},{"name":"Hoopa","species":"Hoopa","item":"lifeorb","ability":"Magician","moves":["trickroom","hyperspacehole","shadowball","thunderbolt"],"nature":"Modest","evs":{"hp":0,"atk":0,"def":4,"spa":252,"spd":0,"spe":252},"ivs":{"hp":31,"atk":31,"def":31,"spa":31,"spd":31,"spe":0}},{"name":"Banette","species":"Banette","item":"banettite","ability":"Insomnia","moves":["thunderwave","suckerpunch","shadowsneak","knockoff"],"nature":"Adamant","evs":{"hp":252,"atk":252,"def":0,"spa":0,"spd":4,"spe":0},"gender":"F","shiny":true,"ivs":{"hp":31,"atk":31,"def":31,"spa":31,"spd":31,"spe":31}}],"p2team":[{"name":"Aegi","species":"aegislash","item":"weaknesspolicy","ability":"Stance Change","moves":["kingsshield","shadowball","sacredsword","shadowsneak"],"nature":"Quiet","evs":{"hp":252,"atk":0,"def":0,"spa":252,"spd":4,"spe":0},"ivs":{"hp":31,"atk":31,"def":31,"spa":31,"spd":31,"spe":0}},{"name":"Hoopa","species":"Hoopa","item":"lifeorb","ability":"Magician","moves":["trickroom","psychic","shadowball","focusblast"],"nature":"Quiet","evs":{"hp":252,"atk":0,"def":4,"spa":252,"spd":0,"spe":0},"ivs":{"hp":31,"atk":31,"def":31,"spa":31,"spd":31,"spe":31}},{"name":"Treve","species":"trevenant","item":"sitrusberry","ability":"Harvest","moves":["substitute","leechseed","willowisp","rockslide"],"nature":"Impish","evs":{"hp":252,"atk":0,"def":148,"spa":0,"spd":108,"spe":0},"ivs":{"hp":31,"atk":31,"def":31,"spa":31,"spd":31,"spe":31}},{"name":"Sableye","species":"Sableye","item":"sablenite","ability":"Prankster","moves":["calmmind","willowisp","recover","dazzlinggleam"],"nature":"Calm","evs":{"hp":0,"atk":0,"def":248,"spa":0,"spd":252,"spe":8},"ivs":{"hp":31,"atk":31,"def":31,"spa":31,"spd":31,"spe":31}},{"name":"G-S","species":"gourgeistsuper","item":"leftovers","ability":"Frisk","moves":["flamecharge","willowisp","leechseed","painsplit"],"nature":"Careful","evs":{"hp":252,"atk":0,"def":252,"spa":0,"spd":4,"spe":0},"ivs":{"hp":31,"atk":31,"def":31,"spa":31,"spd":31,"spe":31}},{"name":"Cofagrigus","species":"Cofagrigus","item":"custapberry","ability":"Mummy","moves":["destinybond","disable","endure","infestation"],"nature":"Bold","evs":{"hp":252,"atk":0,"def":4,"spa":0,"spd":252,"spe":0},"ivs":{"hp":31,"atk":31,"def":31,"spa":31,"spd":31,"spe":31}}],"log":["|player|p1|Etrayu|etrayu.png","|player|p2|LTIL-Tahit|169","|gametype|singles","|gen|6","|tier|Monotype","|rated","|rule|Baton Pass Clause: Limit one Baton Passer, can't pass Spe and other stats simultaneously","|rule|Swagger Clause: Swagger is banned","|rule|Same Type Clause: Pokémon in a team must share a type","|clearpoke","|poke|p1|Froslass, F, shiny","|poke|p1|Gengar, M, shiny","|poke|p1|Chandelure, F","|poke|p1|Aegislash, F","|poke|p1|Hoopa","|poke|p1|Banette, F, shiny","|poke|p2|Aegislash, M","|poke|p2|Hoopa","|poke|p2|Trevenant, M","|poke|p2|Sableye, M","|poke|p2|Gourgeist-*, M","|poke|p2|Cofagrigus, M","|rule|Sleep Clause Mod: Limit one foe put to sleep","|rule|Species Clause: Limit one of each Pokémon","|rule|OHKO Clause: OHKO moves are banned","|rule|Moody Clause: Moody is banned","|rule|Evasion Moves Clause: Evasion moves are banned","|rule|Endless Battle Clause: Forcing endless battles is banned","|rule|HP Percentage Mod: HP is shown in percentages","|teampreview","|","|start","|switch|p1a: Gengar|Gengar, M, shiny|261/261","|switch|p2a: G-S|Gourgeist-Super, M|374/374","|-item|p1a: Gengar|Life Orb|[from] ability: Frisk|[of] p2a: G-S|[identify]","|turn|1","|","|move|p1a: Gengar|Shadow Ball|p2a: G-S","|-supereffective|p2a: G-S","|-damage|p2a: G-S|0 fnt","|-damage|p1a: Gengar|235/261|[from] item: Life Orb","|faint|p2a: G-S","|","|","|switch|p2a: Aegi|Aegislash, M|324/324","|turn|2","|","|switch|p1a: Aegislash|Aegislash, F|323/323","|-formechange|p2a: Aegi|Aegislash-Blade","|move|p2a: Aegi|Shadow Ball|p1a: Aegislash","|-supereffective|p1a: Aegislash","|-damage|p1a: Aegislash|135/323","|-enditem|p1a: Aegislash|Weakness Policy","|-boost|p1a: Aegislash|atk|2|[from] item: Weakness Policy","|-boost|p1a: Aegislash|spa|2|[from] item: Weakness Policy","|","|turn|3","|","|-formechange|p2a: Aegi|Aegislash","|move|p2a: Aegi|King's Shield|p2a: Aegi","|-singleturn|p2a: Aegi|Protect","|-formechange|p1a: Aegislash|Aegislash-Blade","|move|p1a: Aegislash|Shadow Ball|p2a: Aegi","|-activate|p2a: Aegi|Protect","|","|turn|4","|","|move|p1a: Aegislash|Shadow Sneak|p2a: Aegi","|-supereffective|p2a: Aegi","|-damage|p2a: Aegi|124/324","|-enditem|p2a: Aegi|Weakness Policy","|-boost|p2a: Aegi|atk|2|[from] item: Weakness Policy","|-boost|p2a: Aegi|spa|2|[from] item: Weakness Policy","|-formechange|p2a: Aegi|Aegislash-Blade","|move|p2a: Aegi|Shadow Sneak|p1a: Aegislash","|-supereffective|p1a: Aegislash","|-damage|p1a: Aegislash|0 fnt","|faint|p1a: Aegislash","|","|","|switch|p1a: Banette|Banette, F, shiny|332/332","|turn|5","|","|detailschange|p1a: Banette|Banette-Mega, F, shiny","|-mega|p1a: Banette|Banette|Banettite","|move|p1a: Banette|Sucker Punch|p2a: Aegi","|-supereffective|p2a: Aegi","|-damage|p2a: Aegi|0 fnt","|faint|p2a: Aegi","|","|","|switch|p2a: Cofagrigus|Cofagrigus, M|320/320","|turn|6","|","|move|p1a: Banette|Knock Off|p2a: Cofagrigus","|-supereffective|p2a: Cofagrigus","|-damage|p2a: Cofagrigus|108/320","|-endability|p1a: Banette|prankster|[from] Mummy","|-ability|p1a: Banette|Mummy|[from] Mummy","|-enditem|p2a: Cofagrigus|Custap Berry|[from] move: Knock Off|[of] p1a: Banette","|move|p2a: Cofagrigus|Disable|p1a: Banette","|-start|p1a: Banette|Disable|Knock Off","|","|turn|7","|","|move|p2a: Cofagrigus|Endure|p2a: Cofagrigus","|-singleturn|p2a: Cofagrigus|move: Endure","|move|p1a: Banette|Shadow Sneak|p2a: Cofagrigus","|-supereffective|p2a: Cofagrigus","|-activate|p2a: Cofagrigus|move: Endure","|-damage|p2a: Cofagrigus|1/320","|","|turn|8","|","|move|p1a: Banette|Shadow Sneak|p2a: Cofagrigus","|-supereffective|p2a: Cofagrigus","|-damage|p2a: Cofagrigus|0 fnt","|faint|p2a: Cofagrigus","|","|","|switch|p2a: Hoopa|Hoopa|364/364","|turn|9","|","|move|p1a: Banette|Sucker Punch|p2a: Hoopa","|-fail|p1a: Banette","|move|p2a: Hoopa|Trick Room|p2a: Hoopa","|-fieldstart|move: Trick Room|[of] p2a: Hoopa","|","|turn|10","|","|move|p1a: Banette|Sucker Punch|p2a: Hoopa","|-supereffective|p2a: Hoopa","|-damage|p2a: Hoopa|0 fnt","|faint|p2a: Hoopa","|","|-end|p1a: Banette|Disable","|","|switch|p2a: Treve|Trevenant, M|374/374","|turn|11","|","|move|p1a: Banette|Sucker Punch|p2a: Treve","|-fail|p1a: Banette","|move|p2a: Treve|Will-O-Wisp|p1a: Banette","|-status|p1a: Banette|brn","|","|-damage|p1a: Banette|291/332 brn|[from] brn","|turn|12","|","|move|p2a: Treve|Substitute|p2a: Treve","|-start|p2a: Treve|Substitute","|-damage|p2a: Treve|281/374","|move|p1a: Banette|Thunder Wave|p2a: Treve","|-fail|p2a: Treve","|","|-damage|p1a: Banette|250/332 brn|[from] brn","|turn|13","|","|move|p2a: Treve|Leech Seed|p1a: Banette","|-start|p1a: Banette|move: Leech Seed","|move|p1a: Banette|Knock Off|p2a: Treve","|-supereffective|p2a: Treve","|-end|p2a: Treve|Substitute","|","|-damage|p1a: Banette|209/332 brn|[from] Leech Seed|[of] p2a: Treve","|-heal|p2a: Treve|322/374|[silent]","|-damage|p1a: Banette|168/332 brn|[from] brn","|-fieldend|move: Trick Room","|turn|14","|","|switch|p2a: Sableye|Sableye, M|241/241","|move|p1a: Banette|Knock Off|p2a: Sableye","|-damage|p2a: Sableye|196/241","|","|-damage|p1a: Banette|127/332 brn|[from] Leech Seed|[of] p2a: Sableye","|-heal|p2a: Sableye|237/241|[silent]","|-damage|p1a: Banette|86/332 brn|[from] brn","|turn|15","|","|detailschange|p2a: Sableye|Sableye-Mega, M","|-mega|p2a: Sableye|Sableye|Sablenite","|move|p2a: Sableye|Calm Mind|p2a: Sableye","|-boost|p2a: Sableye|spa|1","|-boost|p2a: Sableye|spd|1","|move|p1a: Banette|Thunder Wave|p2a: Sableye","|move|p2a: Sableye|Thunder Wave|p1a: Banette|[from]Magic Bounce","|-fail|p1a: Banette","|","|-damage|p1a: Banette|45/332 brn|[from] Leech Seed|[of] p2a: Sableye","|-heal|p2a: Sableye|241/241|[silent]","|-damage|p1a: Banette|4/332 brn|[from] brn","|turn|16","|","|move|p1a: Banette|Shadow Sneak|p2a: Sableye","|-damage|p2a: Sableye|207/241","|move|p2a: Sableye|Calm Mind|p2a: Sableye","|-boost|p2a: Sableye|spa|1","|-boost|p2a: Sableye|spd|1","|","|-damage|p1a: Banette|0 fnt|[from] Leech Seed|[of] p2a: Sableye","|-heal|p2a: Sableye|211/241|[silent]","|faint|p1a: Banette","|","|switch|p1a: Froslass|Froslass, F, shiny|282/282","|turn|17","|","|move|p1a: Froslass|Frost Breath|p2a: Sableye","|-crit|p2a: Sableye","|-damage|p2a: Sableye|126/241","|move|p2a: Sableye|Will-O-Wisp|p1a: Froslass","|-status|p1a: Froslass|brn","|","|-damage|p1a: Froslass|247/282 brn|[from] brn","|turn|18","|","|move|p1a: Froslass|Frost Breath|p2a: Sableye","|-crit|p2a: Sableye","|-damage|p2a: Sableye|35/241","|move|p2a: Sableye|Recover|p2a: Sableye","|-heal|p2a: Sableye|156/241","|","|-damage|p1a: Froslass|212/282 brn|[from] brn","|turn|19","|","|move|p1a: Froslass|Frost Breath|p2a: Sableye","|-crit|p2a: Sableye","|-damage|p2a: Sableye|71/241","|move|p2a: Sableye|Recover|p2a: Sableye","|-heal|p2a: Sableye|192/241","|","|-damage|p1a: Froslass|177/282 brn|[from] brn","|turn|20","|","|move|p1a: Froslass|Frost Breath|p2a: Sableye","|-crit|p2a: Sableye","|-damage|p2a: Sableye|105/241","|move|p2a: Sableye|Calm Mind|p2a: Sableye","|-boost|p2a: Sableye|spa|1","|-boost|p2a: Sableye|spd|1","|","|-damage|p1a: Froslass|142/282 brn|[from] brn","|turn|21","|","|move|p1a: Froslass|Frost Breath|p2a: Sableye","|-crit|p2a: Sableye","|-damage|p2a: Sableye|29/241","|move|p2a: Sableye|Recover|p2a: Sableye","|-heal|p2a: Sableye|150/241","|","|-damage|p1a: Froslass|107/282 brn|[from] brn","|turn|22","|","|move|p1a: Froslass|Frost Breath|p2a: Sableye","|-crit|p2a: Sableye","|-damage|p2a: Sableye|69/241","|move|p2a: Sableye|Recover|p2a: Sableye","|-heal|p2a: Sableye|190/241","|","|-damage|p1a: Froslass|72/282 brn|[from] brn","|turn|23","|","|move|p1a: Froslass|Frost Breath|p2a: Sableye","|-crit|p2a: Sableye","|-damage|p2a: Sableye|105/241","|move|p2a: Sableye|Recover|p2a: Sableye","|-heal|p2a: Sableye|226/241","|","|-damage|p1a: Froslass|37/282 brn|[from] brn","|turn|24","|","|move|p1a: Froslass|Frost Breath|p2a: Sableye","|-crit|p2a: Sableye","|-damage|p2a: Sableye|148/241","|move|p2a: Sableye|Recover|p2a: Sableye","|-heal|p2a: Sableye|241/241","|","|-damage|p1a: Froslass|2/282 brn|[from] brn","|turn|25","|","|move|p1a: Froslass|Frost Breath|p2a: Sableye","|-crit|p2a: Sableye","|-damage|p2a: Sableye|153/241","|move|p2a: Sableye|Recover|p2a: Sableye","|-heal|p2a: Sableye|241/241","|","|-damage|p1a: Froslass|0 fnt|[from] brn","|faint|p1a: Froslass","|","|switch|p1a: Chandelure|Chandelure, F|261/261","|turn|26","|","|move|p1a: Chandelure|Dark Pulse|p2a: Sableye","|-damage|p2a: Sableye|215/241","|move|p2a: Sableye|Dazzling Gleam|p1a: Chandelure","|-resisted|p1a: Chandelure","|-damage|p1a: Chandelure|187/261","|","|turn|27","|","|move|p1a: Chandelure|Dark Pulse|p2a: Sableye","|-crit|p2a: Sableye","|-damage|p2a: Sableye|114/241","|cant|p2a: Sableye|flinch","|","|turn|28","|","|move|p1a: Chandelure|Dark Pulse|p2a: Sableye","|-damage|p2a: Sableye|89/241","|move|p2a: Sableye|Recover|p2a: Sableye","|-heal|p2a: Sableye|210/241","|","|turn|29","|","|move|p1a: Chandelure|Dark Pulse|p2a: Sableye","|-damage|p2a: Sableye|181/241","|move|p2a: Sableye|Calm Mind|p2a: Sableye","|-boost|p2a: Sableye|spa|1","|-boost|p2a: Sableye|spd|1","|","|turn|30","|","|move|p1a: Chandelure|Dark Pulse|p2a: Sableye","|-damage|p2a: Sableye|156/241","|move|p2a: Sableye|Recover|p2a: Sableye","|-heal|p2a: Sableye|241/241","|","|turn|31","|","|move|p1a: Chandelure|Dark Pulse|p2a: Sableye","|-damage|p2a: Sableye|218/241","|cant|p2a: Sableye|flinch","|","|turn|32","|","|move|p1a: Chandelure|Dark Pulse|p2a: Sableye","|-damage|p2a: Sableye|196/241","|move|p2a: Sableye|Calm Mind|p2a: Sableye","|-boost|p2a: Sableye|spa|1","|-boost|p2a: Sableye|spd|1","|","|turn|33","|","|move|p1a: Chandelure|Dark Pulse|p2a: Sableye","|-damage|p2a: Sableye|175/241","|move|p2a: Sableye|Calm Mind|p2a: Sableye","|-boost|p2a: Sableye|spa|1","|-boost|p2a: Sableye|spd|1","|","|turn|34","|","|move|p1a: Chandelure|Dark Pulse|p2a: Sableye","|-damage|p2a: Sableye|157/241","|move|p2a: Sableye|Recover|p2a: Sableye","|-heal|p2a: Sableye|241/241","|","|turn|35","|","|move|p1a: Chandelure|Dark Pulse|p2a: Sableye","|-damage|p2a: Sableye|224/241","|move|p2a: Sableye|Dazzling Gleam|p1a: Chandelure","|-resisted|p1a: Chandelure","|-damage|p1a: Chandelure|59/261","|","|turn|36","|","|move|p1a: Chandelure|Dark Pulse|p2a: Sableye","|-damage|p2a: Sableye|205/241","|move|p2a: Sableye|Dazzling Gleam|p1a: Chandelure","|-resisted|p1a: Chandelure","|-damage|p1a: Chandelure|0 fnt","|faint|p1a: Chandelure","|","|","|switch|p1a: Gengar|Gengar, M, shiny|235/261","|turn|37","|","|move|p1a: Gengar|Dazzling Gleam|p2a: Sableye","|-supereffective|p2a: Sableye","|-damage|p2a: Sableye|161/241","|-damage|p1a: Gengar|209/261|[from] item: Life Orb","|move|p2a: Sableye|Will-O-Wisp|p1a: Gengar","|-status|p1a: Gengar|brn","|","|-damage|p1a: Gengar|177/261 brn|[from] brn","|turn|38","|","|move|p1a: Gengar|Dazzling Gleam|p2a: Sableye","|-supereffective|p2a: Sableye","|-damage|p2a: Sableye|117/241","|-damage|p1a: Gengar|151/261 brn|[from] item: Life Orb","|move|p2a: Sableye|Recover|p2a: Sableye","|-heal|p2a: Sableye|238/241","|","|-damage|p1a: Gengar|119/261 brn|[from] brn","|turn|39","|","|move|p1a: Gengar|Sludge Wave|p2a: Sableye","|-resisted|p2a: Sableye","|-damage|p2a: Sableye|221/241","|-damage|p1a: Gengar|93/261 brn|[from] item: Life Orb","|move|p2a: Sableye|Dazzling Gleam|p1a: Gengar","|-resisted|p1a: Gengar","|-damage|p1a: Gengar|0 fnt","|faint|p1a: Gengar","|","|","|switch|p1a: Hoopa|Hoopa|301/301","|turn|40","|","|move|p1a: Hoopa|Thunderbolt|p2a: Sableye","|-damage|p2a: Sableye|192/241","|-status|p2a: Sableye|par","|-damage|p1a: Hoopa|271/301|[from] item: Life Orb","|cant|p2a: Sableye|par","|","|turn|41","|","|move|p1a: Hoopa|Shadow Ball|p2a: Sableye","|-damage|p2a: Sableye|153/241 par","|-damage|p1a: Hoopa|241/301|[from] item: Life Orb","|move|p2a: Sableye|Dazzling Gleam|p1a: Hoopa","|-damage|p1a: Hoopa|52/301","|","|turn|42","|","|move|p1a: Hoopa|Shadow Ball|p2a: Sableye","|-damage|p2a: Sableye|117/241 par","|-damage|p1a: Hoopa|22/301|[from] item: Life Orb","|move|p2a: Sableye|Dazzling Gleam|p1a: Hoopa","|-damage|p1a: Hoopa|0 fnt","|faint|p1a: Hoopa","|","|win|LTIL-Tahit"],"p1rating":{"entryid":"6733042","serverid":"eos","formatid":"monotype","userid":"etrayu","username":"Etrayu","w":"55","l":49,"t":"1","gxe":53.7,"r":"1533.2041094435","rd":"41.235125533684","sigma":"0","rptime":"1439110800","rpr":1528.1855128728,"rprd":40.95188029568,"rpsigma":"0","acre":1127.0518277798,"lacre":1127.0518277798,"oldacre":"1153.1212747945"},"p2rating":{"entryid":"6925118","serverid":"eos","formatid":"monotype","userid":"ltiltahit","username":"LTIL-Tahit","w":62,"l":"62","t":"0","gxe":52.8,"r":"1517.0288469677","rd":"35.37117757752","sigma":"0","rptime":"1439110800","rpr":1521.4994076132,"rprd":34.89757024278,"rpsigma":"0","acre":1164.3190879543,"lacre":1164.3190879543,"oldacre":"1138.2496409396"},"endType":"normal"}