{"seed":[20718,53945,15785,30410],"turns":35,"p1":"Guard Naruto","p2":"Void Who","p1team":[{"name":"Ditto","species":"Ditto","item":"choicescarf","ability":"Imposter","moves":["transform"],"nature":"Bold","evs":{"hp":252,"atk":0,"def":252,"spa":0,"spd":6,"spe":0},"ivs":{"hp":31,"atk":31,"def":31,"spa":31,"spd":31,"spe":31}},{"name":"Heliolisk","species":"Heliolisk","item":"assaultvest","ability":"Dry Skin","moves":["thunderbolt","surf","focusblast","paraboliccharge"],"nature":"Bold","evs":{"hp":248,"atk":0,"def":252,"spa":8,"spd":0,"spe":0},"ivs":{"hp":31,"atk":31,"def":31,"spa":31,"spd":31,"spe":31}},{"name":"Kecleon","species":"Kecleon","item":"lifeorb","ability":"Protean","moves":["drainpunch","recover","shadowsneak","firepunch"],"nature":"Adamant","evs":{"hp":248,"atk":252,"def":0,"spa":0,"spd":8,"spe":0},"ivs":{"hp":31,"atk":31,"def":31,"spa":31,"spd":31,"spe":31}},{"name":"Audino","species":"Audino","item":"audinite","ability":"Regenerator","moves":["calmmind","flamethrower","healbell","drainingkiss"],"nature":"Bold","evs":{"hp":164,"atk":0,"def":252,"spa":40,"spd":52,"spe":0},"ivs":{"hp":31,"atk":31,"def":31,"spa":31,"spd":31,"spe":31}},{"name":"Pyroar","species":"Pyroar","item":"choicespecs","ability":"Unnerve","moves":["flamethrower","darkpulse","hypervoice","overheat"],"nature":"Timid","evs":{"hp":0,"atk":0,"def":0,"spa":252,"spd":4,"spe":252},"ivs":{"hp":31,"atk":31,"def":31,"spa":31,"spd":31,"spe":31}},{"name":"Snorlax","species":"Snorlax","item":"leftovers","ability":"Thick Fat","moves":["bodyslam","earthquake","rest","toxic"],"nature":"Impish","evs":{"hp":248,"atk":0,"def":200,"spa":0,"spd":60,"spe":0},"ivs":{"hp":31,"atk":31,"def":31,"spa":31,"spd":31,"spe":31}}],"p2team":[{"name":"Landorus","species":"Landorus","item":"lifeorb","ability":"Sheer Force","moves":["sludgewave","earthpower","gravity","psychic"],"nature":"Timid","evs":{"hp":0,"atk":0,"def":0,"spa":252,"spd":4,"spe":252},"ivs":{"hp":31,"atk":31,"def":31,"spa":31,"spd":31,"spe":31}},{"name":"Hippowdon","species":"Hippowdon","item":"leftovers","ability":"Sand Stream","moves":["toxic","stealthrock","earthquake","slackoff"],"nature":"Impish","evs":{"hp":252,"atk":4,"def":252,"spa":0,"spd":0,"spe":0},"ivs":{"hp":31,"atk":31,"def":31,"spa":31,"spd":31,"spe":31}},{"name":"Excadrill","species":"Excadrill","item":"choiceband","ability":"Sand Rush","moves":["earthquake","rockslide","rapidspin","ironhead"],"nature":"","evs":{"hp":0,"atk":0,"def":0,"spa":0,"spd":0,"spe":0},"ivs":{"hp":31,"atk":31,"def":31,"spa":31,"spd":31,"spe":31}},{"name":"Garchomp","species":"Garchomp","item":"rockyhelmet","ability":"Rough Skin","moves":["stealthrock","dragontail","flamethrower","earthquake"],"nature":"Sassy","evs":{"hp":252,"atk":0,"def":252,"spa":4,"spd":0,"spe":0},"ivs":{"hp":31,"atk":31,"def":31,"spa":31,"spd":31,"spe":31}},{"name":"Mamoswine","species":"Mamoswine","item":"focussash","ability":"Thick Fat","moves":["earthquake","iceshard","endeavor","superpower"],"nature":"","evs":{"hp":0,"atk":0,"def":0,"spa":0,"spd":0,"spe":0},"ivs":{"hp":31,"atk":31,"def":31,"spa":31,"spd":31,"spe":31}},{"name":"Seismitoad","species":"Seismitoad","item":"leftovers","ability":"Water Absorb","moves":["earthpower","scald","grassknot","protect"],"nature":"Bold","evs":{"hp":252,"atk":0,"def":252,"spa":4,"spd":0,"spe":0},"ivs":{"hp":31,"atk":31,"def":31,"spa":31,"spd":31,"spe":31}}],"log":["|player|p1|Guard Naruto|284","|player|p2|Void Who|voidwho.gif","|gametype|singles","|gen|6","|tier|Monotype","|rated","|rule|Baton Pass Clause: Limit one Baton Passer, can't pass Spe and other stats simultaneously","|rule|Swagger Clause: Swagger is banned","|rule|Same Type Clause: Pokémon in a team must share a type","|clearpoke","|poke|p1|Ditto","|poke|p1|Heliolisk, M","|poke|p1|Kecleon, F","|poke|p1|Audino, M","|poke|p1|Pyroar, F","|poke|p1|Snorlax, M","|poke|p2|Landorus, M","|poke|p2|Hippowdon, F","|poke|p2|Excadrill, F","|poke|p2|Garchomp, F","|poke|p2|Mamoswine, M","|poke|p2|Seismitoad, M","|rule|Sleep Clause Mod: Limit one foe put to sleep","|rule|Species Clause: Limit one of each Pokémon","|rule|OHKO Clause: OHKO moves are banned","|rule|Moody Clause: Moody is banned","|rule|Evasion Moves Clause: Evasion moves are banned","|rule|Endless Battle Clause: Forcing endless battles is banned","|rule|HP Percentage Mod: HP is shown in percentages","|teampreview","|","|start","|switch|p1a: Kecleon|Kecleon, F|323/323","|switch|p2a: Garchomp|Garchomp, F|420/420","|turn|1","|","|switch|p1a: Snorlax|Snorlax, M|523/523","|move|p2a: Garchomp|Stealth Rock|p1a: Snorlax","|-sidestart|p1: Guard Naruto|move: Stealth Rock","|","|turn|2","|","|move|p1a: Snorlax|Toxic|p2a: Garchomp","|-status|p2a: Garchomp|tox","|move|p2a: Garchomp|Dragon Tail|p1a: Snorlax|[miss]","|-miss|p2a: Garchomp|p1a: Snorlax","|","|-damage|p2a: Garchomp|394/420 tox|[from] psn","|turn|3","|","|switch|p2a: Hippowdon|Hippowdon, F|420/420","|-weather|Sandstorm","|move|p1a: Snorlax|Body Slam|p2a: Hippowdon","|-damage|p2a: Hippowdon|353/420","|","|-weather|Sandstorm|[upkeep]","|-damage|p1a: Snorlax|491/523|[from] sandstorm","|-heal|p2a: Hippowdon|379/420|[from] item: Leftovers","|-heal|p1a: Snorlax|523/523|[from] item: Leftovers","|turn|4","|","|switch|p2a: Excadrill|Excadrill, F|361/361","|move|p1a: Snorlax|Toxic|p2a: Excadrill","|-immune|p2a: Excadrill|[msg]","|","|-weather|Sandstorm|[upkeep]","|-damage|p1a: Snorlax|491/523|[from] sandstorm","|-heal|p1a: Snorlax|523/523|[from] item: Leftovers","|turn|5","|","|move|p2a: Excadrill|Iron Head|p1a: Snorlax","|-damage|p1a: Snorlax|354/523","|move|p1a: Snorlax|Earthquake|p2a: Excadrill","|-supereffective|p2a: Excadrill","|-damage|p2a: Excadrill|125/361","|","|-weather|Sandstorm|[upkeep]","|-damage|p1a: Snorlax|322/523|[from] sandstorm","|-heal|p1a: Snorlax|354/523|[from] item: Leftovers","|turn|6","|","|switch|p2a: Landorus|Landorus, M|319/319","|move|p1a: Snorlax|Earthquake|p2a: Landorus","|-immune|p2a: Landorus|[msg]","|","|-weather|Sandstorm|[upkeep]","|-damage|p1a: Snorlax|322/523|[from] sandstorm","|-heal|p1a: Snorlax|354/523|[from] item: Leftovers","|turn|7","|","|switch|p2a: Garchomp|Garchomp, F|394/420 tox","|switch|p1a: Ditto|Ditto|300/300","|-damage|p1a: Ditto|263/300|[from] Stealth Rock","|-transform|p1a: Ditto|p2a: Garchomp","|","|-weather|none","|-damage|p2a: Garchomp|368/420 tox|[from] psn","|turn|8","|","|switch|p2a: Hippowdon|Hippowdon, F|379/420","|-weather|Sandstorm","|move|p1a: Ditto|Dragon Tail|p2a: Hippowdon","|-damage|p2a: Hippowdon|319/420","|drag|p2a: Mamoswine|Mamoswine, M|361/361","|","|-weather|Sandstorm|[upkeep]","|turn|9","|","|switch|p1a: Snorlax|Snorlax, M|354/523","|-damage|p1a: Snorlax|289/523|[from] Stealth Rock","|move|p2a: Mamoswine|Ice Shard|p1a: Snorlax","|-damage|p1a: Snorlax|259/523","|","|-weather|Sandstorm|[upkeep]","|-damage|p1a: Snorlax|227/523|[from] sandstorm","|-heal|p1a: Snorlax|259/523|[from] item: Leftovers","|turn|10","|","|move|p2a: Mamoswine|Superpower|p1a: Snorlax","|-supereffective|p1a: Snorlax","|-damage|p1a: Snorlax|41/523","|-unboost|p2a: Mamoswine|atk|1","|-unboost|p2a: Mamoswine|def|1","|move|p1a: Snorlax|Rest|p1a: Snorlax","|-status|p1a: Snorlax|slp","|-heal|p1a: Snorlax|523/523 slp|[silent]","|-status|p1a: Snorlax|slp|[from] move: Rest","|","|-weather|Sandstorm|[upkeep]","|-damage|p1a: Snorlax|491/523 slp|[from] sandstorm","|-heal|p1a: Snorlax|523/523 slp|[from] item: Leftovers","|turn|11","|","|switch|p2a: Garchomp|Garchomp, F|368/420 tox","|cant|p1a: Snorlax|slp","|","|-weather|Sandstorm|[upkeep]","|-damage|p1a: Snorlax|491/523 slp|[from] sandstorm","|-heal|p1a: Snorlax|523/523 slp|[from] item: Leftovers","|-damage|p2a: Garchomp|342/420 tox|[from] psn","|turn|12","|","|cant|p1a: Snorlax|slp","|move|p2a: Garchomp|Dragon Tail|p1a: Snorlax","|-damage|p1a: Snorlax|441/523 slp","|drag|p1a: Ditto|Ditto|263/300","|-damage|p1a: Ditto|226/300|[from] Stealth Rock","|-transform|p1a: Ditto|p2a: Garchomp","|","|-weather|none","|-damage|p2a: Garchomp|290/420 tox|[from] psn","|turn|13","|","|move|p1a: Ditto|Dragon Tail|p2a: Garchomp","|-supereffective|p2a: Garchomp","|-damage|p2a: Garchomp|152/420 tox","|-damage|p1a: Ditto|189/300|[from] ability: Rough Skin|[of] p2a: Garchomp","|-damage|p1a: Ditto|139/300|[from] item: Rocky Helmet|[of] p2a: Garchomp","|drag|p2a: Seismitoad|Seismitoad, M|414/414","|","|turn|14","|","|switch|p1a: Snorlax|Snorlax, M|441/523 slp","|-damage|p1a: Snorlax|376/523 slp|[from] Stealth Rock","|move|p2a: Seismitoad|Scald|p1a: Snorlax","|-damage|p1a: Snorlax|307/523 slp","|","|-heal|p1a: Snorlax|339/523 slp|[from] item: Leftovers","|turn|15","|","|switch|p2a: Landorus|Landorus, M|319/319","|-curestatus|p1a: Snorlax|slp","|move|p1a: Snorlax|Body Slam|p2a: Landorus","|-damage|p2a: Landorus|193/319","|","|-heal|p1a: Snorlax|371/523|[from] item: Leftovers","|turn|16","|","|move|p2a: Landorus|Psychic|p1a: Snorlax","|-damage|p1a: Snorlax|227/523","|move|p1a: Snorlax|Body Slam|p2a: Landorus","|-damage|p2a: Landorus|73/319","|-status|p2a: Landorus|par","|","|-heal|p1a: Snorlax|259/523|[from] item: Leftovers","|turn|17","|","|move|p1a: Snorlax|Rest|p1a: Snorlax","|-status|p1a: Snorlax|slp","|-heal|p1a: Snorlax|523/523 slp|[silent]","|-status|p1a: Snorlax|slp|[from] move: Rest","|move|p2a: Landorus|Psychic|p1a: Snorlax","|-damage|p1a: Snorlax|371/523 slp","|","|-heal|p1a: Snorlax|403/523 slp|[from] item: Leftovers","|turn|18","|","|switch|p1a: Heliolisk|Heliolisk, M|327/327","|-damage|p1a: Heliolisk|287/327|[from] Stealth Rock","|move|p2a: Landorus|Earth Power|p1a: Heliolisk","|-supereffective|p1a: Heliolisk","|-damage|p1a: Heliolisk|0 fnt","|faint|p1a: Heliolisk","|","|","|switch|p1a: Kecleon|Kecleon, F|323/323","|-damage|p1a: Kecleon|283/323|[from] Stealth Rock","|turn|19","|","|move|p1a: Kecleon|Fire Punch|p2a: Landorus","|-start|p1a: Kecleon|typechange|Fire|[from] Protean","|-damage|p2a: Landorus|0 fnt","|-damage|p1a: Kecleon|251/323|[from] item: Life Orb","|faint|p2a: Landorus","|","|","|switch|p2a: Mamoswine|Mamoswine, M|361/361","|turn|20","|","|move|p2a: Mamoswine|Earthquake|p1a: Kecleon","|-supereffective|p1a: Kecleon","|-damage|p1a: Kecleon|0 fnt","|faint|p1a: Kecleon","|","|","|switch|p1a: Audino|Audino, M|388/388","|-damage|p1a: Audino|340/388|[from] Stealth Rock","|turn|21","|","|switch|p2a: Hippowdon|Hippowdon, F|319/420","|-weather|Sandstorm","|detailschange|p1a: Audino|Audino-Mega, M","|-mega|p1a: Audino|Audino|Audinite","|move|p1a: Audino|Flamethrower|p2a: Hippowdon","|-damage|p2a: Hippowdon|236/420","|","|-weather|Sandstorm|[upkeep]","|-damage|p1a: Audino|316/388|[from] sandstorm","|-heal|p2a: Hippowdon|262/420|[from] item: Leftovers","|turn|22","|","|move|p1a: Audino|Calm Mind|p1a: Audino","|-boost|p1a: Audino|spa|1","|-boost|p1a: Audino|spd|1","|move|p2a: Hippowdon|Toxic|p1a: Audino","|-status|p1a: Audino|tox","|","|-weather|Sandstorm|[upkeep]","|-damage|p1a: Audino|292/388 tox|[from] sandstorm","|-heal|p2a: Hippowdon|288/420|[from] item: Leftovers","|-damage|p1a: Audino|268/388 tox|[from] psn","|turn|23","|","|switch|p2a: Excadrill|Excadrill, F|125/361","|move|p1a: Audino|Heal Bell|p1a: Audino","|-cureteam|p1a: Audino|[from] move: HealBell","|","|-weather|Sandstorm|[upkeep]","|-damage|p1a: Audino|244/388|[from] sandstorm","|turn|24","|","|move|p2a: Excadrill|Iron Head|p1a: Audino","|-supereffective|p1a: Audino","|-damage|p1a: Audino|16/388","|cant|p1a: Audino|flinch","|","|-weather|Sandstorm|[upkeep]","|-damage|p1a: Audino|0 fnt|[from] sandstorm","|faint|p1a: Audino","|","|switch|p1a: Ditto|Ditto|139/300","|-damage|p1a: Ditto|102/300|[from] Stealth Rock","|-transform|p1a: Ditto|p2a: Excadrill","|turn|25","|","|switch|p2a: Garchomp|Garchomp, F|152/420 tox","|move|p1a: Ditto|Earthquake|p2a: Garchomp","|-crit|p2a: Garchomp","|-damage|p2a: Garchomp|0 fnt","|faint|p2a: Garchomp","|","|-weather|none","|","|switch|p2a: Seismitoad|Seismitoad, M|414/414","|turn|26","|","|switch|p1a: Snorlax|Snorlax, M|403/523","|-damage|p1a: Snorlax|338/523|[from] Stealth Rock","|move|p2a: Seismitoad|Scald|p1a: Snorlax","|-damage|p1a: Snorlax|269/523","|","|-heal|p1a: Snorlax|301/523|[from] item: Leftovers","|turn|27","|","|move|p2a: Seismitoad|Protect|p2a: Seismitoad","|-singleturn|p2a: Seismitoad|Protect","|move|p1a: Snorlax|Body Slam|p2a: Seismitoad","|-activate|p2a: Seismitoad|Protect","|","|-heal|p1a: Snorlax|333/523|[from] item: Leftovers","|turn|28","|","|move|p2a: Seismitoad|Earth Power|p1a: Snorlax","|-damage|p1a: Snorlax|258/523","|move|p1a: Snorlax|Body Slam|p2a: Seismitoad","|-damage|p2a: Seismitoad|324/414","|","|-heal|p2a: Seismitoad|349/414|[from] item: Leftovers","|-heal|p1a: Snorlax|290/523|[from] item: Leftovers","|turn|29","|","|switch|p2a: Hippowdon|Hippowdon, F|288/420","|-weather|Sandstorm","|move|p1a: Snorlax|Body Slam|p2a: Hippowdon","|-crit|p2a: Hippowdon","|-damage|p2a: Hippowdon|176/420","|","|-weather|Sandstorm|[upkeep]","|-damage|p1a: Snorlax|258/523|[from] sandstorm","|-heal|p2a: Hippowdon|202/420|[from] item: Leftovers","|-heal|p1a: Snorlax|290/523|[from] item: Leftovers","|turn|30","|","|move|p2a: Hippowdon|Earthquake|p1a: Snorlax","|-damage|p1a: Snorlax|149/523","|move|p1a: Snorlax|Toxic|p2a: Hippowdon","|-status|p2a: Hippowdon|tox","|","|-weather|Sandstorm|[upkeep]","|-damage|p1a: Snorlax|117/523|[from] sandstorm","|-heal|p2a: Hippowdon|228/420 tox|[from] item: Leftovers","|-heal|p1a: Snorlax|149/523|[from] item: Leftovers","|-damage|p2a: Hippowdon|202/420 tox|[from] psn","|turn|31","|","|move|p2a: Hippowdon|Earthquake|p1a: Snorlax","|-crit|p1a: Snorlax","|-damage|p1a: Snorlax|0 fnt","|faint|p1a: Snorlax","|","|-weather|Sandstorm|[upkeep]","|-heal|p2a: Hippowdon|228/420 tox|[from] item: Leftovers","|-damage|p2a: Hippowdon|176/420 tox|[from] psn","|","|switch|p1a: Pyroar|Pyroar, F|313/313","|-damage|p1a: Pyroar|235/313|[from] Stealth Rock","|-ability|p1a: Pyroar|Unnerve|p2: Void Who","|turn|32","|","|move|p1a: Pyroar|Hyper Voice|p2a: Hippowdon","|-damage|p2a: Hippowdon|0 fnt","|faint|p2a: Hippowdon","|","|-weather|Sandstorm|[upkeep]","|-damage|p1a: Pyroar|216/313|[from] sandstorm","|","|switch|p2a: Excadrill|Excadrill, F|125/361","|turn|33","|","|move|p2a: Excadrill|Earthquake|p1a: Pyroar","|-supereffective|p1a: Pyroar","|-damage|p1a: Pyroar|0 fnt","|faint|p1a: Pyroar","|","|-weather|none","|","|switch|p1a: Ditto|Ditto|102/300","|-damage|p1a: Ditto|65/300|[from] Stealth Rock","|-transform|p1a: Ditto|p2a: Excadrill","|turn|34","|","|move|p1a: Ditto|Earthquake|p2a: Excadrill","|-crit|p2a: Excadrill","|-supereffective|p2a: Excadrill","|-damage|p2a: Excadrill|0 fnt","|faint|p2a: Excadrill","|","|","|switch|p2a: Mamoswine|Mamoswine, M|361/361","|turn|35","|","|move|p1a: Ditto|Earthquake|p2a: Mamoswine","|-crit|p2a: Mamoswine","|-damage|p2a: Mamoswine|99/361","|move|p2a: Mamoswine|Superpower|p1a: Ditto","|-supereffective|p1a: Ditto","|-damage|p1a: Ditto|0 fnt","|-unboost|p2a: Mamoswine|atk|1","|-unboost|p2a: Mamoswine|def|1","|faint|p1a: Ditto","|","|win|Void Who"],"p1rating":{"entryid":"7460015","serverid":"eos","formatid":"monotype","userid":"guardnaruto","username":"Guard Naruto","w":"15","l":18,"t":"0","gxe":49.4,"r":"1464.4069117317","rd":"76.2818127204","sigma":"0","rptime":"1439110800","rpr":1495.3100809633,"rprd":58.415408550887,"rpsigma":"0","acre":1109.8688616547,"lacre":1109.8688616547,"oldacre":"1131.5980103537"},"p2rating":{"entryid":"6866008","serverid":"eos","formatid":"monotype","userid":"voidwho","username":"Void Who","w":37,"l":"20","t":"0","gxe":63.2,"r":"1592.1767002778","rd":"53.002435098205","sigma":"0","rptime":"1439110800","rpr":1602.6193118002,"rprd":52.019805568017,"rpsigma":"0","acre":1199.045628799,"lacre":1199.045628799,"oldacre":"1177.3164801"},"endType":"normal"}