{"seed":[63893,8978,36201,48528],"turns":19,"p1":"Trainer X IU Love","p2":"GymLeaderAoi","p1team":[{"name":"Gengar","species":"Gengar","item":"lifeorb","ability":"Levitate","moves":["sludgewave","shadowball","focusblast","destinybond"],"nature":"Timid","evs":{"hp":0,"atk":0,"def":0,"spa":252,"spd":4,"spe":252},"ivs":{"hp":31,"atk":31,"def":31,"spa":31,"spd":31,"spe":31}},{"name":"Sableye","species":"Sableye","item":"sablenite","ability":"Prankster","moves":["recover","knockoff","willowisp","foulplay"],"nature":"Careful","evs":{"hp":248,"atk":8,"def":0,"spa":0,"spd":252,"spe":0},"ivs":{"hp":31,"atk":31,"def":31,"spa":31,"spd":31,"spe":31}},{"name":"Chandelure","species":"Chandelure","item":"choicescarf","ability":"Flash Fire","moves":["fireblast","shadowball","trick","energyball"],"nature":"Timid","evs":{"hp":0,"atk":0,"def":0,"spa":252,"spd":4,"spe":252},"ivs":{"hp":31,"atk":31,"def":31,"spa":31,"spd":31,"spe":31}},{"name":"Froslass","species":"Froslass","item":"focussash","ability":"Cursed Body","moves":["icebeam","destinybond","taunt","spikes"],"nature":"Timid","evs":{"hp":4,"atk":0,"def":0,"spa":252,"spd":0,"spe":252},"ivs":{"hp":31,"atk":31,"def":31,"spa":31,"spd":31,"spe":31}},{"name":"Aegislash","species":"Aegislash","item":"leftovers","ability":"Stance Change","moves":["swordsdance","sacredsword","shadowsneak","kingsshield"],"nature":"Adamant","evs":{"hp":252,"atk":252,"def":0,"spa":0,"spd":4,"spe":0},"shiny":true,"ivs":{"hp":31,"atk":31,"def":31,"spa":31,"spd":31,"spe":31}},{"name":"Golurk","species":"Golurk","item":"leftovers","ability":"No Guard","moves":["stealthrock","dynamicpunch","earthquake","shadowpunch"],"nature":"Adamant","evs":{"hp":252,"atk":252,"def":0,"spa":0,"spd":4,"spe":0},"ivs":{"hp":31,"atk":31,"def":31,"spa":31,"spd":31,"spe":31}}],"p2team":[{"name":"Aerodactyl","species":"Aerodactyl","item":"focussash","ability":"Unnerve","moves":["stealthrock","taunt","earthquake","stoneedge"],"nature":"Jolly","evs":{"hp":4,"atk":252,"def":0,"spa":0,"spd":0,"spe":252},"ivs":{"hp":31,"atk":31,"def":31,"spa":31,"spd":31,"spe":31}},{"name":"Omastar","species":"Omastar","item":"focussash","ability":"Weak Armor","moves":["shellsmash","surf","icebeam","hiddenpowergrass"],"nature":"Timid","evs":{"hp":0,"atk":0,"def":0,"spa":252,"spd":4,"spe":252},"ivs":{"hp":31,"atk":30,"def":31,"spa":30,"spd":31,"spe":31}},{"name":"Aggron","species":"Aggron","item":"aggronite","ability":"Sturdy","moves":["ironhead","earthquake","firepunch","dragonclaw"],"nature":"Adamant","evs":{"hp":252,"atk":252,"def":0,"spa":0,"spd":4,"spe":0},"ivs":{"hp":31,"atk":31,"def":31,"spa":31,"spd":31,"spe":31}},{"name":"Tyrantrum","species":"Tyrantrum","item":"lifeorb","ability":"Rock Head","moves":["dragondance","headsmash","firefang","earthquake"],"nature":"Jolly","evs":{"hp":0,"atk":252,"def":4,"spa":0,"spd":0,"spe":252},"ivs":{"hp":31,"atk":31,"def":31,"spa":31,"spd":31,"spe":31}},{"name":"Tyranitar","species":"Tyranitar","item":"choicescarf","ability":"Sand Stream","moves":["icepunch","pursuit","superpower","stoneedge"],"nature":"Jolly","evs":{"hp":0,"atk":252,"def":4,"spa":0,"spd":0,"spe":252},"ivs":{"hp":31,"atk":31,"def":31,"spa":31,"spd":31,"spe":31}},{"name":"Kabutops","species":"Kabutops","item":"lifeorb","ability":"Battle Armor","moves":["swordsdance","aquajet","stoneedge","waterfall"],"nature":"Jolly","evs":{"hp":0,"atk":252,"def":0,"spa":0,"spd":4,"spe":252},"ivs":{"hp":31,"atk":31,"def":31,"spa":31,"spd":31,"spe":31}}],"log":["|player|p1|Trainer X IU Love|79","|player|p2|GymLeaderAoi|96","|gametype|singles","|gen|6","|tier|Monotype","|rated","|rule|Baton Pass Clause: Limit one Baton Passer, can't pass Spe and other stats simultaneously","|rule|Swagger Clause: Swagger is banned","|rule|Same Type Clause: Pokémon in a team must share a type","|clearpoke","|poke|p1|Gengar, F","|poke|p1|Sableye, M","|poke|p1|Chandelure, M","|poke|p1|Froslass, F","|poke|p1|Aegislash, F, shiny","|poke|p1|Golurk","|poke|p2|Aerodactyl, F","|poke|p2|Omastar, M","|poke|p2|Aggron, M","|poke|p2|Tyrantrum, F","|poke|p2|Tyranitar, M","|poke|p2|Kabutops, F","|rule|Sleep Clause Mod: Limit one foe put to sleep","|rule|Species Clause: Limit one of each Pokémon","|rule|OHKO Clause: OHKO moves are banned","|rule|Moody Clause: Moody is banned","|rule|Evasion Moves Clause: Evasion moves are banned","|rule|Endless Battle Clause: Forcing endless battles is banned","|rule|HP Percentage Mod: HP is shown in percentages","|teampreview","|","|start","|switch|p1a: Froslass|Froslass, F|282/282","|switch|p2a: Aerodactyl|Aerodactyl, F|302/302","|-ability|p2a: Aerodactyl|Unnerve|p1: Trainer X IU Love","|turn|1","|","|switch|p1a: Golurk|Golurk|382/382","|move|p2a: Aerodactyl|Taunt|p1a: Golurk","|-start|p1a: Golurk|move: Taunt","|","|turn|2","|","|move|p2a: Aerodactyl|Stealth Rock|p1a: Golurk","|-sidestart|p1: Trainer X IU Love|move: Stealth Rock","|move|p1a: Golurk|Dynamic Punch|p2a: Aerodactyl","|-damage|p2a: Aerodactyl|136/302","|-start|p2a: Aerodactyl|confusion","|","|turn|3","|","|-activate|p2a: Aerodactyl|confusion","|-damage|p2a: Aerodactyl|77/302|[from] confusion","|move|p1a: Golurk|Dynamic Punch|p2a: Aerodactyl","|-damage|p2a: Aerodactyl|0 fnt","|faint|p2a: Aerodactyl","|","|-end|p1a: Golurk|move: Taunt","|","|switch|p2a: Omastar|Omastar, M|281/281","|turn|4","|","|move|p2a: Omastar|Shell Smash|p2a: Omastar","|-unboost|p2a: Omastar|def|1","|-unboost|p2a: Omastar|spd|1","|-boost|p2a: Omastar|atk|2","|-boost|p2a: Omastar|spa|2","|-boost|p2a: Omastar|spe|2","|move|p1a: Golurk|Dynamic Punch|p2a: Omastar","|-supereffective|p2a: Omastar","|-enditem|p2a: Omastar|Focus Sash","|-damage|p2a: Omastar|1/281","|-unboost|p2a: Omastar|def|1|[from] ability: Weak Armor","|-boost|p2a: Omastar|spe|1|[from] ability: Weak Armor","|-start|p2a: Omastar|confusion","|","|turn|5","|","|-activate|p2a: Omastar|confusion","|move|p2a: Omastar|Surf|p1a: Golurk","|-supereffective|p1a: Golurk","|-damage|p1a: Golurk|0 fnt","|faint|p1a: Golurk","|","|","|switch|p1a: Aegislash|Aegislash, F, shiny|324/324","|-damage|p1a: Aegislash|304/324|[from] Stealth Rock","|turn|6","|","|-formechange|p1a: Aegislash|Aegislash-Blade","|move|p1a: Aegislash|Shadow Sneak|p2a: Omastar","|-damage|p2a: Omastar|0 fnt","|faint|p2a: Omastar","|","|-heal|p1a: Aegislash|324/324|[from] item: Leftovers","|","|switch|p2a: Aggron|Aggron, M|344/344","|turn|7","|","|move|p1a: Aegislash|Sacred Sword|p2a: Aggron","|-crit|p2a: Aggron","|-supereffective|p2a: Aggron","|-ability|p2a: Aggron|Sturdy","|-damage|p2a: Aggron|1/344","|move|p2a: Aggron|Fire Punch|p1a: Aegislash","|-supereffective|p1a: Aegislash","|-damage|p1a: Aegislash|36/324","|","|-heal|p1a: Aegislash|56/324|[from] item: Leftovers","|turn|8","|","|detailschange|p2a: Aggron|Aggron-Mega, M","|-mega|p2a: Aggron|Aggron|Aggronite","|move|p1a: Aegislash|Shadow Sneak|p2a: Aggron","|-damage|p2a: Aggron|0 fnt","|faint|p2a: Aggron","|","|-heal|p1a: Aegislash|76/324|[from] item: Leftovers","|","|switch|p2a: Kabutops|Kabutops, F|261/261","|turn|9","|","|-formechange|p1a: Aegislash|Aegislash","|move|p1a: Aegislash|King's Shield|p1a: Aegislash","|-singleturn|p1a: Aegislash|Protect","|move|p2a: Kabutops|Aqua Jet|p1a: Aegislash","|-activate|p1a: Aegislash|Protect","|-unboost|p2a: Kabutops|atk|2","|","|-heal|p1a: Aegislash|96/324|[from] item: Leftovers","|turn|10","|","|move|p2a: Kabutops|Swords Dance|p2a: Kabutops","|-boost|p2a: Kabutops|atk|2","|-formechange|p1a: Aegislash|Aegislash-Blade","|move|p1a: Aegislash|Sacred Sword|p2a: Kabutops","|-supereffective|p2a: Kabutops","|-damage|p2a: Kabutops|7/261","|","|-heal|p1a: Aegislash|116/324|[from] item: Leftovers","|turn|11","|","|move|p2a: Kabutops|Aqua Jet|p1a: Aegislash","|-damage|p1a: Aegislash|0 fnt","|-damage|p2a: Kabutops|0 fnt|[from] item: Life Orb","|faint|p1a: Aegislash","|faint|p2a: Kabutops","|","|","|switch|p1a: Froslass|Froslass, F|282/282","|switch|p2a: Tyranitar|Tyranitar, M|341/341","|-weather|Sandstorm","|-damage|p1a: Froslass|212/282|[from] Stealth Rock","|turn|12","|","|move|p2a: Tyranitar|Pursuit|p1a: Froslass","|-crit|p1a: Froslass","|-supereffective|p1a: Froslass","|-damage|p1a: Froslass|0 fnt","|faint|p1a: Froslass","|","|-weather|Sandstorm|[upkeep]","|","|switch|p1a: Sableye|Sableye, M|303/303","|-damage|p1a: Sableye|266/303|[from] Stealth Rock","|turn|13","|","|detailschange|p1a: Sableye|Sableye-Mega, M","|-mega|p1a: Sableye|Sableye|Sablenite","|move|p1a: Sableye|Will-O-Wisp|p2a: Tyranitar","|-status|p2a: Tyranitar|brn","|move|p2a: Tyranitar|Pursuit|p1a: Sableye","|-damage|p1a: Sableye|236/303","|","|-weather|Sandstorm|[upkeep]","|-damage|p1a: Sableye|218/303|[from] sandstorm","|-damage|p2a: Tyranitar|299/341 brn|[from] brn","|turn|14","|","|switch|p2a: Tyrantrum|Tyrantrum, F|305/305","|move|p1a: Sableye|Knock Off|p2a: Tyrantrum","|-damage|p2a: Tyrantrum|226/305","|-enditem|p2a: Tyrantrum|Life Orb|[from] move: Knock Off|[of] p1a: Sableye","|","|-weather|Sandstorm|[upkeep]","|-damage|p1a: Sableye|200/303|[from] sandstorm","|turn|15","|","|move|p2a: Tyrantrum|Dragon Dance|p2a: Tyrantrum","|-boost|p2a: Tyrantrum|atk|1","|-boost|p2a: Tyrantrum|spe|1","|move|p1a: Sableye|Foul Play|p2a: Tyrantrum","|-damage|p2a: Tyrantrum|24/305","|","|-weather|Sandstorm|[upkeep]","|-damage|p1a: Sableye|182/303|[from] sandstorm","|turn|16","|","|move|p2a: Tyrantrum|Head Smash|p1a: Sableye","|-damage|p1a: Sableye|0 fnt","|faint|p1a: Sableye","|","|-weather|none","|","|switch|p1a: Chandelure|Chandelure, M|261/261","|-damage|p1a: Chandelure|196/261|[from] Stealth Rock","|turn|17","|","|move|p1a: Chandelure|Shadow Ball|p2a: Tyrantrum","|-damage|p2a: Tyrantrum|0 fnt","|faint|p2a: Tyrantrum","|","|","|switch|p2a: Tyranitar|Tyranitar, M|299/341 brn","|-weather|Sandstorm","|turn|18","|","|move|p1a: Chandelure|Shadow Ball|p2a: Tyranitar","|-resisted|p2a: Tyranitar","|-damage|p2a: Tyranitar|244/341 brn","|move|p2a: Tyranitar|Stone Edge|p1a: Chandelure","|-supereffective|p1a: Chandelure","|-damage|p1a: Chandelure|3/261","|","|-weather|Sandstorm|[upkeep]","|-damage|p1a: Chandelure|0 fnt|[from] sandstorm","|-damage|p2a: Tyranitar|202/341 brn|[from] brn","|faint|p1a: Chandelure","|","|switch|p1a: Gengar|Gengar, F|261/261","|-damage|p1a: Gengar|229/261|[from] Stealth Rock","|turn|19","|","|move|p2a: Tyranitar|Stone Edge|p1a: Gengar","|-damage|p1a: Gengar|83/261","|move|p1a: Gengar|Focus Blast|p2a: Tyranitar","|-supereffective|p2a: Tyranitar","|-damage|p2a: Tyranitar|0 fnt","|-damage|p1a: Gengar|57/261|[from] item: Life Orb","|faint|p2a: Tyranitar","|","|win|Trainer X IU Love"],"p1rating":{"entryid":7511877,"formatid":"monotype","userid":"trainerxiulove","username":"Trainer X IU Love","r":1500,"rd":130,"sigma":0,"rpr":1540.4612024954,"rprd":122.53314022351,"rpsigma":0,"rptime":1439110800,"w":1,"l":0,"t":0,"gxe":55,"acre":1052.7031394563,"lacre":1052.7031394563,"oldacre":1000},"p2rating":{"entryid":"7405052","serverid":"eos","formatid":"monotype","userid":"gymleaderaoi","username":"GymLeaderAoi","w":"3","l":3,"t":"0","gxe":49.3,"r":"1495.7772825827","rd":"106.68061316847","sigma":"0","rptime":"1439110800","rpr":1494.4885295152,"rprd":98.516094837038,"rpsigma":"0","acre":1081.3500519726,"lacre":1081.3500519726,"oldacre":"1114.2895141328"},"endType":"normal"}