{"seed":[773,44942,59301,47479],"turns":23,"p1":"Bugy","p2":"BagelBeagle","p1team":[{"name":"Pinsir","species":"Pinsir","item":"pinsirite","ability":"Moxie","moves":["quickattack","return","swordsdance","closecombat"],"nature":"Adamant","evs":{"hp":248,"atk":252,"def":0,"spa":0,"spd":8,"spe":0},"ivs":{"hp":31,"atk":31,"def":31,"spa":31,"spd":31,"spe":31}},{"name":"Volcarona","species":"Volcarona","item":"leftovers","ability":"Flame Body","moves":["bugbuzz","fierydance","quiverdance","gigadrain"],"nature":"Modest","evs":{"hp":0,"atk":0,"def":0,"spa":252,"spd":4,"spe":252},"ivs":{"hp":31,"atk":31,"def":31,"spa":31,"spd":31,"spe":31}},{"name":"Scizor","species":"Scizor","item":"rockyhelmet","ability":"Technician","moves":["swordsdance","bulletpunch","roost","uturn"],"nature":"Impish","evs":{"hp":248,"atk":8,"def":252,"spa":0,"spd":0,"spe":0},"ivs":{"hp":31,"atk":31,"def":31,"spa":31,"spd":31,"spe":31}},{"name":"Genesect","species":"Genesect","item":"choicescarf","ability":"Download","moves":["icebeam","thunderbolt","uturn","ironhead"],"nature":"Hasty","evs":{"hp":0,"atk":4,"def":0,"spa":252,"spd":0,"spe":252},"ivs":{"hp":31,"atk":31,"def":31,"spa":31,"spd":31,"spe":31}},{"name":"Heracross","species":"Heracross","item":"choicescarf","ability":"Guts","moves":["closecombat","megahorn","stoneedge","earthquake"],"nature":"","evs":{"hp":0,"atk":0,"def":0,"spa":0,"spd":0,"spe":0},"ivs":{"hp":31,"atk":31,"def":31,"spa":31,"spd":31,"spe":31}},{"name":"Armaldo","species":"Armaldo","item":"leftovers","ability":"Battle Armor","moves":["stealthrock","rockblast","rapidspin","knockoff"],"nature":"Adamant","evs":{"hp":252,"atk":252,"def":0,"spa":0,"spd":4,"spe":0},"ivs":{"hp":31,"atk":31,"def":31,"spa":31,"spd":31,"spe":31}}],"p2team":[{"name":"Eat.Chew.Drink","species":"aerodactyl","item":"lifeorb","ability":"Rock Head","moves":["aerialace","earthquake","taunt","stoneedge"],"nature":"Jolly","evs":{"hp":0,"atk":252,"def":0,"spa":0,"spd":4,"spe":252},"gender":"M","shiny":true,"ivs":{"hp":31,"atk":31,"def":31,"spa":31,"spd":31,"spe":31}},{"name":"Dry Skin Dan","species":"rhyperior","item":"weaknesspolicy","ability":"Solid Rock","moves":["earthquake","megahorn","rockslide","outrage"],"nature":"Adamant","evs":{"hp":248,"atk":252,"def":0,"spa":0,"spd":8,"spe":0},"gender":"M","shiny":true,"ivs":{"hp":31,"atk":31,"def":31,"spa":31,"spd":31,"spe":31}},{"name":"Huckle Booberry","species":"shuckle","item":"leftovers","ability":"Sturdy","moves":["encore","stickyweb","toxic","knockoff"],"nature":"Careful","evs":{"hp":252,"atk":4,"def":0,"spa":0,"spd":252,"spe":0},"gender":"M","shiny":true,"ivs":{"hp":31,"atk":31,"def":31,"spa":31,"spd":31,"spe":31}},{"name":"Sonic The T-Rex","species":"tyrantrum","item":"lifeorb","ability":"Rock Head","moves":["dragonclaw","ironhead","headsmash","earthquake"],"nature":"Jolly","evs":{"hp":0,"atk":252,"def":0,"spa":0,"spd":4,"spe":252},"shiny":true,"ivs":{"hp":31,"atk":31,"def":31,"spa":31,"spd":31,"spe":31}},{"name":"Toasty","species":"tyranitar","item":"leftovers","ability":"Sand Stream","moves":["crunch","rockslide","thunderwave","stealthrock"],"nature":"Adamant","evs":{"hp":252,"atk":252,"def":0,"spa":0,"spd":4,"spe":0},"gender":"M","shiny":true,"ivs":{"hp":31,"atk":31,"def":31,"spa":31,"spd":31,"spe":31}},{"name":"MySpace","species":"cradily","item":"leftovers","ability":"Storm Drain","moves":["energyball","earthpower","recover","toxic"],"nature":"Calm","evs":{"hp":252,"atk":0,"def":0,"spa":4,"spd":252,"spe":0},"gender":"M","shiny":true,"ivs":{"hp":31,"atk":31,"def":31,"spa":31,"spd":31,"spe":31}}],"log":["|player|p1|Bugy|66","|player|p2|BagelBeagle|107","|gametype|singles","|gen|6","|tier|Monotype","|rated","|rule|Baton Pass Clause: Limit one Baton Passer, can't pass Spe and other stats simultaneously","|rule|Swagger Clause: Swagger is banned","|rule|Same Type Clause: Pokémon in a team must share a type","|clearpoke","|poke|p1|Pinsir, F","|poke|p1|Volcarona, F","|poke|p1|Scizor, M","|poke|p1|Genesect-*","|poke|p1|Heracross, F","|poke|p1|Armaldo, F","|poke|p2|Aerodactyl, M, shiny","|poke|p2|Rhyperior, M, shiny","|poke|p2|Shuckle, M, shiny","|poke|p2|Tyrantrum, F, shiny","|poke|p2|Tyranitar, M, shiny","|poke|p2|Cradily, M, shiny","|rule|Sleep Clause Mod: Limit one foe put to sleep","|rule|Species Clause: Limit one of each Pokémon","|rule|OHKO Clause: OHKO moves are banned","|rule|Moody Clause: Moody is banned","|rule|Evasion Moves Clause: Evasion moves are banned","|rule|Endless Battle Clause: Forcing endless battles is banned","|rule|HP Percentage Mod: HP is shown in percentages","|teampreview","|","|start","|switch|p1a: Armaldo|Armaldo, F|354/354","|switch|p2a: Huckle Booberry|Shuckle, M, shiny|244/244","|turn|1","|","|move|p1a: Armaldo|Stealth Rock|p2a: Huckle Booberry","|-sidestart|p2: BagelBeagle|move: Stealth Rock","|move|p2a: Huckle Booberry|Encore|p1a: Armaldo","|-start|p1a: Armaldo|Encore","|","|turn|2","|","|switch|p1a: Genesect|Genesect|283/283","|-boost|p1a: Genesect|atk|1|[from] ability: Download","|move|p2a: Huckle Booberry|Sticky Web|p1a: Genesect","|-sidestart|p1: Bugy|move: Sticky Web","|","|turn|3","|","|move|p1a: Genesect|U-turn|p2a: Huckle Booberry","|-damage|p2a: Huckle Booberry|177/244","|","|switch|p1a: Armaldo|Armaldo, F|354/354","|-activate|p1a: Armaldo|move: Sticky Web","|-unboost|p1a: Armaldo|spe|1","|move|p2a: Huckle Booberry|Knock Off|p1a: Armaldo","|-damage|p1a: Armaldo|334/354","|-enditem|p1a: Armaldo|Leftovers|[from] move: Knock Off|[of] p2a: Huckle Booberry","|","|-heal|p2a: Huckle Booberry|192/244|[from] item: Leftovers","|turn|4","|","|switch|p2a: Toasty|Tyranitar, M, shiny|404/404","|-damage|p2a: Toasty|354/404|[from] Stealth Rock","|-weather|Sandstorm","|move|p1a: Armaldo|Rapid Spin|p2a: Toasty","|-resisted|p2a: Toasty","|-damage|p2a: Toasty|341/404","|-sideend|p1: Bugy|Sticky Web|[from] move: Rapid Spin|[of] p1a: Armaldo","|","|-weather|Sandstorm|[upkeep]","|-heal|p2a: Toasty|366/404|[from] item: Leftovers","|turn|5","|","|move|p2a: Toasty|Thunder Wave|p1a: Armaldo","|-status|p1a: Armaldo|par","|move|p1a: Armaldo|Knock Off|p2a: Toasty","|-resisted|p2a: Toasty","|-damage|p2a: Toasty|307/404","|-enditem|p2a: Toasty|Leftovers|[from] move: Knock Off|[of] p1a: Armaldo","|","|-weather|Sandstorm|[upkeep]","|turn|6","|","|move|p2a: Toasty|Stealth Rock|p1a: Armaldo","|-sidestart|p1: Bugy|move: Stealth Rock","|move|p1a: Armaldo|Rock Blast|p2a: Toasty","|-damage|p2a: Toasty|259/404","|-damage|p2a: Toasty|210/404","|-damage|p2a: Toasty|167/404","|-hitcount|p2a: Toasty|3","|","|-weather|Sandstorm|[upkeep]","|turn|7","|","|move|p2a: Toasty|Rock Slide|p1a: Armaldo","|-supereffective|p1a: Armaldo","|-damage|p1a: Armaldo|50/354 par","|cant|p1a: Armaldo|par","|","|-weather|Sandstorm|[upkeep]","|turn|8","|","|move|p2a: Toasty|Rock Slide|p1a: Armaldo","|-supereffective|p1a: Armaldo","|-damage|p1a: Armaldo|0 fnt","|faint|p1a: Armaldo","|","|-weather|none","|","|switch|p1a: Scizor|Scizor, M|343/343","|-damage|p1a: Scizor|301/343|[from] Stealth Rock","|turn|9","|","|move|p1a: Scizor|Swords Dance|p1a: Scizor","|-boost|p1a: Scizor|atk|2","|move|p2a: Toasty|Thunder Wave|p1a: Scizor","|-status|p1a: Scizor|par","|","|turn|10","|","|move|p1a: Scizor|Bullet Punch|p2a: Toasty","|-supereffective|p2a: Toasty","|-damage|p2a: Toasty|0 fnt","|faint|p2a: Toasty","|","|","|switch|p2a: Dry Skin Dan|Rhyperior, M, shiny|433/433","|-damage|p2a: Dry Skin Dan|406/433|[from] Stealth Rock","|turn|11","|","|move|p2a: Dry Skin Dan|Earthquake|p1a: Scizor","|-damage|p1a: Scizor|147/343 par","|move|p1a: Scizor|Swords Dance|p1a: Scizor","|-boost|p1a: Scizor|atk|2","|","|turn|12","|","|cant|p1a: Scizor|par","|move|p2a: Dry Skin Dan|Earthquake|p1a: Scizor","|-damage|p1a: Scizor|0 fnt","|faint|p1a: Scizor","|","|","|switch|p1a: Heracross|Heracross, F|301/301","|-damage|p1a: Heracross|264/301|[from] Stealth Rock","|turn|13","|","|move|p1a: Heracross|Close Combat|p2a: Dry Skin Dan","|-supereffective|p2a: Dry Skin Dan","|-damage|p2a: Dry Skin Dan|189/433","|-enditem|p2a: Dry Skin Dan|Weakness Policy","|-boost|p2a: Dry Skin Dan|atk|2|[from] item: Weakness Policy","|-boost|p2a: Dry Skin Dan|spa|2|[from] item: Weakness Policy","|-unboost|p1a: Heracross|def|1","|-unboost|p1a: Heracross|spd|1","|move|p2a: Dry Skin Dan|Outrage|p1a: Heracross","|-damage|p1a: Heracross|0 fnt","|faint|p1a: Heracross","|","|","|switch|p1a: Genesect|Genesect|283/283","|-damage|p1a: Genesect|248/283|[from] Stealth Rock","|-boost|p1a: Genesect|spa|1|[from] ability: Download","|turn|14","|","|move|p1a: Genesect|Ice Beam|p2a: Dry Skin Dan","|-supereffective|p2a: Dry Skin Dan","|-damage|p2a: Dry Skin Dan|0 fnt","|faint|p2a: Dry Skin Dan","|","|","|switch|p2a: Eat.Chew.Drink|Aerodactyl, M, shiny|301/301","|-damage|p2a: Eat.Chew.Drink|226/301|[from] Stealth Rock","|turn|15","|","|move|p1a: Genesect|Ice Beam|p2a: Eat.Chew.Drink","|-supereffective|p2a: Eat.Chew.Drink","|-damage|p2a: Eat.Chew.Drink|0 fnt","|faint|p2a: Eat.Chew.Drink","|","|","|switch|p2a: Sonic The T-Rex|Tyrantrum, F, shiny|305/305","|-damage|p2a: Sonic The T-Rex|267/305|[from] Stealth Rock","|turn|16","|","|switch|p1a: Volcarona|Volcarona, F|311/311","|-damage|p1a: Volcarona|156/311|[from] Stealth Rock","|move|p2a: Sonic The T-Rex|Head Smash|p1a: Volcarona","|-supereffective|p1a: Volcarona","|-damage|p1a: Volcarona|0 fnt","|-status|p2a: Sonic The T-Rex|brn","|-damage|p2a: Sonic The T-Rex|237/305 brn|[from] item: Life Orb","|faint|p1a: Volcarona","|","|-damage|p2a: Sonic The T-Rex|199/305 brn|[from] brn","|","|switch|p1a: Genesect|Genesect|248/283","|-damage|p1a: Genesect|213/283|[from] Stealth Rock","|-boost|p1a: Genesect|spa|1|[from] ability: Download","|turn|17","|","|move|p1a: Genesect|Ice Beam|p2a: Sonic The T-Rex","|-supereffective|p2a: Sonic The T-Rex","|-damage|p2a: Sonic The T-Rex|0 fnt","|faint|p2a: Sonic The T-Rex","|","|","|switch|p2a: Huckle Booberry|Shuckle, M, shiny|192/244","|-damage|p2a: Huckle Booberry|131/244|[from] Stealth Rock","|turn|18","|","|switch|p1a: Pinsir|Pinsir, F|333/333","|-damage|p1a: Pinsir|250/333|[from] Stealth Rock","|move|p2a: Huckle Booberry|Knock Off|p1a: Pinsir","|-damage|p1a: Pinsir|236/333","|","|-heal|p2a: Huckle Booberry|146/244|[from] item: Leftovers","|turn|19","|","|switch|p1a: Genesect|Genesect|213/283","|-damage|p1a: Genesect|178/283|[from] Stealth Rock","|-boost|p1a: Genesect|atk|1|[from] ability: Download","|move|p2a: Huckle Booberry|Sticky Web|p1a: Genesect","|-sidestart|p1: Bugy|move: Sticky Web","|","|-heal|p2a: Huckle Booberry|161/244|[from] item: Leftovers","|turn|20","|","|move|p1a: Genesect|Iron Head|p2a: Huckle Booberry","|-supereffective|p2a: Huckle Booberry","|-damage|p2a: Huckle Booberry|9/244","|cant|p2a: Huckle Booberry|flinch","|","|-heal|p2a: Huckle Booberry|24/244|[from] item: Leftovers","|turn|21","|","|move|p1a: Genesect|Iron Head|p2a: Huckle Booberry","|-supereffective|p2a: Huckle Booberry","|-damage|p2a: Huckle Booberry|0 fnt","|faint|p2a: Huckle Booberry","|","|","|switch|p2a: MySpace|Cradily, M, shiny|376/376","|-damage|p2a: MySpace|329/376|[from] Stealth Rock","|turn|22","|","|move|p1a: Genesect|Iron Head|p2a: MySpace","|-supereffective|p2a: MySpace","|-damage|p2a: MySpace|5/376","|move|p2a: MySpace|Earth Power|p1a: Genesect","|-damage|p1a: Genesect|113/283","|","|-heal|p2a: MySpace|28/376|[from] item: Leftovers","|turn|23","|","|move|p1a: Genesect|Iron Head|p2a: MySpace","|-supereffective|p2a: MySpace","|-damage|p2a: MySpace|0 fnt","|faint|p2a: MySpace","|","|win|Bugy"],"p1rating":{"entryid":"7518182","serverid":"eos","formatid":"monotype","userid":"bugy","username":"Bugy","w":5,"l":"10","t":"0","gxe":39.1,"r":"1500","rd":"130","sigma":"0","rptime":"1439110800","rpr":1414.2873260064,"rprd":76.972473750301,"rpsigma":"0","acre":1049.5441851128,"lacre":1049.5441851128,"oldacre":"1000"},"p2rating":{"entryid":"7518165","serverid":"eos","formatid":"monotype","userid":"bagelbeagle","username":"BagelBeagle","w":"6","l":10,"t":"0","gxe":42.8,"r":"1500","rd":"130","sigma":"0","rptime":"1439110800","rpr":1444.0568650181,"rprd":76.344172549738,"rpsigma":"0","acre":1056.4382409071,"lacre":1056.4382409071,"oldacre":"1084.5289862113"},"endType":"normal"}