{"seed":[53924,32153,16564,37689],"turns":32,"p1":"Vin Prof Gortex","p2":"Deciding Photon","p1team":[{"name":"Bisharp","species":"Bisharp","item":"leftovers","ability":"Defiant","moves":["swordsdance","knockoff","suckerpunch","lowkick"],"nature":"Jolly","evs":{"hp":0,"atk":252,"def":0,"spa":0,"spd":4,"spe":252},"ivs":{"hp":31,"atk":31,"def":31,"spa":31,"spd":31,"spe":31}},{"name":"Doublade","species":"Doublade","item":"eviolite","ability":"No Guard","moves":["shadowclaw","swordsdance","ironhead","aerialace"],"nature":"Adamant","evs":{"hp":248,"atk":252,"def":0,"spa":0,"spd":8,"spe":0},"ivs":{"hp":31,"atk":31,"def":31,"spa":31,"spd":31,"spe":31}},{"name":"Ferrothorn","species":"Ferrothorn","item":"rockyhelmet","ability":"Iron Barbs","moves":["powerwhip","leechseed","stealthrock","protect"],"nature":"Impish","evs":{"hp":248,"atk":8,"def":252,"spa":0,"spd":0,"spe":0},"ivs":{"hp":31,"atk":31,"def":31,"spa":31,"spd":31,"spe":31}},{"name":"Heatran","species":"Heatran","item":"leftovers","ability":"Flash Fire","moves":["lavaplume","earthpower","toxic","protect"],"nature":"Calm","evs":{"hp":224,"atk":0,"def":0,"spa":32,"spd":252,"spe":0},"ivs":{"hp":31,"atk":31,"def":31,"spa":31,"spd":31,"spe":31}},{"name":"Skarmory","species":"Skarmory","item":"rockyhelmet","ability":"Sturdy","moves":["bravebird","defog","roost","whirlwind"],"nature":"Impish","evs":{"hp":0,"atk":0,"def":0,"spa":0,"spd":0,"spe":24},"ivs":{"hp":31,"atk":31,"def":31,"spa":31,"spd":31,"spe":31}},{"name":"Lucario","species":"Lucario","item":"choicescarf","ability":"Steadfast","moves":["aurasphere","flashcannon","darkpulse","hiddenpowerice"],"nature":"Timid","evs":{"hp":0,"atk":0,"def":0,"spa":252,"spd":4,"spe":252},"ivs":{"hp":31,"atk":30,"def":30,"spa":31,"spd":31,"spe":31}}],"p2team":[{"name":"Venusaur","species":"Venusaur","item":"venusaurite","ability":"Overgrow","moves":["earthquake","powerwhip","curse","synthesis"],"nature":"Adamant","evs":{"hp":216,"atk":252,"def":0,"spa":0,"spd":40,"spe":0},"ivs":{"hp":31,"atk":30,"def":30,"spa":31,"spd":31,"spe":31}},{"name":"Rotom-Mow","species":"Rotom-Mow","item":"choicescarf","ability":"Levitate","moves":["darkpulse","voltswitch","leafstorm","trick"],"nature":"Timid","evs":{"hp":4,"atk":0,"def":0,"spa":252,"spd":0,"spe":252},"ivs":{"hp":31,"atk":31,"def":31,"spa":31,"spd":31,"spe":31}},{"name":"Ludicolo","species":"Ludicolo","item":"choicespecs","ability":"Swift Swim","moves":["gigadrain","focusblast","hydropump","icebeam"],"nature":"Modest","evs":{"hp":0,"atk":0,"def":0,"spa":252,"spd":4,"spe":252},"ivs":{"hp":31,"atk":31,"def":31,"spa":31,"spd":31,"spe":31}},{"name":"Ferrothorn","species":"Ferrothorn","item":"rockyhelmet","ability":"Iron Barbs","moves":["leechseed","stealthrock","thunderwave","gyroball"],"nature":"Relaxed","evs":{"hp":248,"atk":8,"def":252,"spa":0,"spd":0,"spe":0},"ivs":{"hp":31,"atk":31,"def":31,"spa":31,"spd":31,"spe":0}},{"name":"Cradily","species":"Cradily","item":"leftovers","ability":"Suction Cups","moves":["stoneedge","recover","toxic","seedbomb"],"nature":"Careful","evs":{"hp":0,"atk":0,"def":0,"spa":252,"spd":0,"spe":252},"ivs":{"hp":31,"atk":31,"def":31,"spa":31,"spd":31,"spe":31}},{"name":"Roserade","species":"Roserade","item":"choicescarf","ability":"Technician","moves":["sludgebomb","energyball","hiddenpowerfire","shadowball"],"nature":"Modest","evs":{"hp":0,"atk":0,"def":0,"spa":252,"spd":0,"spe":252},"ivs":{"hp":31,"atk":30,"def":31,"spa":30,"spd":31,"spe":30}}],"log":["|player|p1|Vin Prof Gortex|265","|player|p2|Deciding Photon|66","|gametype|singles","|gen|6","|tier|Monotype","|rated","|rule|Baton Pass Clause: Limit one Baton Passer, can't pass Spe and other stats simultaneously","|rule|Swagger Clause: Swagger is banned","|rule|Same Type Clause: Pokémon in a team must share a type","|clearpoke","|poke|p1|Bisharp, F","|poke|p1|Doublade, F","|poke|p1|Ferrothorn, M","|poke|p1|Heatran, M","|poke|p1|Skarmory, F","|poke|p1|Lucario, M","|poke|p2|Venusaur, F","|poke|p2|Rotom-Mow","|poke|p2|Ludicolo, F","|poke|p2|Ferrothorn, M","|poke|p2|Cradily, M","|poke|p2|Roserade, F","|rule|Sleep Clause Mod: Limit one foe put to sleep","|rule|Species Clause: Limit one of each Pokémon","|rule|OHKO Clause: OHKO moves are banned","|rule|Moody Clause: Moody is banned","|rule|Evasion Moves Clause: Evasion moves are banned","|rule|Endless Battle Clause: Forcing endless battles is banned","|rule|HP Percentage Mod: HP is shown in percentages","|teampreview","|","|start","|switch|p1a: Heatran|Heatran, M|379/379","|switch|p2a: Ludicolo|Ludicolo, F|301/301","|turn|1","|","|switch|p1a: Ferrothorn|Ferrothorn, M|351/351","|move|p2a: Ludicolo|Hydro Pump|p1a: Ferrothorn","|-crit|p1a: Ferrothorn","|-resisted|p1a: Ferrothorn","|-damage|p1a: Ferrothorn|188/351","|","|turn|2","|","|switch|p2a: Ferrothorn|Ferrothorn, M|351/351","|move|p1a: Ferrothorn|Stealth Rock|p2a: Ferrothorn","|-sidestart|p2: Deciding Photon|move: Stealth Rock","|","|turn|3","|","|switch|p1a: Skarmory|Skarmory, F|271/271","|move|p2a: Ferrothorn|Stealth Rock|p1a: Skarmory","|-sidestart|p1: Vin Prof Gortex|move: Stealth Rock","|","|turn|4","|","|move|p2a: Ferrothorn|Thunder Wave|p1a: Skarmory","|-status|p1a: Skarmory|par","|move|p1a: Skarmory|Whirlwind|p2a: Ferrothorn","|drag|p2a: Venusaur|Venusaur, F|355/355","|-damage|p2a: Venusaur|311/355|[from] Stealth Rock","|","|turn|5","|","|detailschange|p2a: Venusaur|Venusaur-Mega, F","|-mega|p2a: Venusaur|Venusaur|Venusaurite","|move|p2a: Venusaur|Power Whip|p1a: Skarmory","|-resisted|p1a: Skarmory","|-damage|p1a: Skarmory|238/271 par","|-damage|p2a: Venusaur|252/355|[from] item: Rocky Helmet|[of] p1a: Skarmory","|move|p1a: Skarmory|Brave Bird|p2a: Venusaur","|-supereffective|p2a: Venusaur","|-damage|p2a: Venusaur|60/355","|-damage|p1a: Skarmory|175/271 par|[from] recoil|[of] p2a: Venusaur","|","|turn|6","|","|move|p2a: Venusaur|Synthesis|p2a: Venusaur","|-heal|p2a: Venusaur|237/355","|cant|p1a: Skarmory|par","|","|turn|7","|","|move|p2a: Venusaur|Synthesis|p2a: Venusaur","|-heal|p2a: Venusaur|355/355","|cant|p1a: Skarmory|par","|","|turn|8","|","|move|p2a: Venusaur|Curse|p2a: Venusaur","|-unboost|p2a: Venusaur|spe|1","|-boost|p2a: Venusaur|atk|1","|-boost|p2a: Venusaur|def|1","|move|p1a: Skarmory|Roost|p1a: Skarmory","|-heal|p1a: Skarmory|271/271 par","|","|turn|9","|","|move|p2a: Venusaur|Power Whip|p1a: Skarmory","|-resisted|p1a: Skarmory","|-damage|p1a: Skarmory|225/271 par","|-damage|p2a: Venusaur|296/355|[from] item: Rocky Helmet|[of] p1a: Skarmory","|move|p1a: Skarmory|Whirlwind|p2a: Venusaur","|drag|p2a: Ludicolo|Ludicolo, F|301/301","|-damage|p2a: Ludicolo|264/301|[from] Stealth Rock","|","|turn|10","|","|move|p2a: Ludicolo|Ice Beam|p1a: Skarmory","|-damage|p1a: Skarmory|52/271 par","|move|p1a: Skarmory|Defog|p2a: Ludicolo","|-unboost|p2a: Ludicolo|evasion|1","|-sideend|p2: Deciding Photon|Stealth Rock|[from] move: Defog|[of] p2a: Ludicolo","|-sideend|p1: Vin Prof Gortex|Stealth Rock|[from] move: Defog|[of] p1a: Skarmory","|","|turn|11","|","|switch|p2a: Rotom-Mow|Rotom-Mow|242/242","|switch|p1a: Heatran|Heatran, M|379/379","|","|turn|12","|","|move|p2a: Rotom-Mow|Volt Switch|p1a: Heatran","|-damage|p1a: Heatran|310/379","|","|switch|p2a: Venusaur|Venusaur-Mega, F|296/355","|move|p1a: Heatran|Lava Plume|p2a: Venusaur","|-supereffective|p2a: Venusaur","|-damage|p2a: Venusaur|188/355","|","|-heal|p1a: Heatran|333/379|[from] item: Leftovers","|turn|13","|","|switch|p1a: Skarmory|Skarmory, F|52/271 par","|move|p2a: Venusaur|Synthesis|p2a: Venusaur","|-heal|p2a: Venusaur|355/355","|","|turn|14","|","|switch|p2a: Ludicolo|Ludicolo, F|264/301","|move|p1a: Skarmory|Roost|p1a: Skarmory","|-heal|p1a: Skarmory|188/271 par","|","|turn|15","|","|switch|p1a: Ferrothorn|Ferrothorn, M|188/351","|move|p2a: Ludicolo|Focus Blast|p1a: Ferrothorn","|-supereffective|p1a: Ferrothorn","|-damage|p1a: Ferrothorn|0 fnt","|faint|p1a: Ferrothorn","|","|","|switch|p1a: Doublade|Doublade, F|321/321","|turn|16","|","|switch|p2a: Rotom-Mow|Rotom-Mow|242/242","|move|p1a: Doublade|Swords Dance|p1a: Doublade","|-boost|p1a: Doublade|atk|2","|","|turn|17","|","|move|p2a: Rotom-Mow|Trick|p1a: Doublade","|-activate|p2a: Rotom-Mow|move: Trick|[of] p1a: Doublade","|-item|p1a: Doublade|Choice Scarf|[from] move: Trick","|-item|p2a: Rotom-Mow|Eviolite|[from] move: Trick","|move|p1a: Doublade|Shadow Claw|p2a: Rotom-Mow","|-damage|p2a: Rotom-Mow|7/242","|","|turn|18","|","|move|p2a: Rotom-Mow|Dark Pulse|p1a: Doublade","|-supereffective|p1a: Doublade","|-damage|p1a: Doublade|13/321","|move|p1a: Doublade|Shadow Claw|p2a: Rotom-Mow","|-damage|p2a: Rotom-Mow|0 fnt","|faint|p2a: Rotom-Mow","|","|","|switch|p2a: Roserade|Roserade, F|261/261","|turn|19","|","|switch|p1a: Heatran|Heatran, M|333/379","|move|p2a: Roserade|Shadow Ball|p1a: Heatran","|-damage|p1a: Heatran|267/379","|","|-heal|p1a: Heatran|290/379|[from] item: Leftovers","|turn|20","|","|switch|p2a: Venusaur|Venusaur-Mega, F|355/355","|move|p1a: Heatran|Lava Plume|p2a: Venusaur","|-supereffective|p2a: Venusaur","|-damage|p2a: Venusaur|247/355","|-status|p2a: Venusaur|brn","|","|-heal|p1a: Heatran|313/379|[from] item: Leftovers","|-damage|p2a: Venusaur|203/355 brn|[from] brn","|turn|21","|","|move|p2a: Venusaur|Earthquake|p1a: Heatran","|-supereffective|p1a: Heatran","|-damage|p1a: Heatran|113/379","|move|p1a: Heatran|Lava Plume|p2a: Venusaur","|-supereffective|p2a: Venusaur","|-damage|p2a: Venusaur|111/355 brn","|","|-heal|p1a: Heatran|136/379|[from] item: Leftovers","|-damage|p2a: Venusaur|67/355 brn|[from] brn","|turn|22","|","|move|p1a: Heatran|Protect|p1a: Heatran","|-singleturn|p1a: Heatran|Protect","|move|p2a: Venusaur|Earthquake|p1a: Heatran","|-activate|p1a: Heatran|Protect","|","|-heal|p1a: Heatran|159/379|[from] item: Leftovers","|-damage|p2a: Venusaur|23/355 brn|[from] brn","|turn|23","|","|switch|p1a: Skarmory|Skarmory, F|188/271 par","|move|p2a: Venusaur|Synthesis|p2a: Venusaur","|-heal|p2a: Venusaur|200/355 brn","|","|-damage|p2a: Venusaur|156/355 brn|[from] brn","|turn|24","|","|move|p2a: Venusaur|Power Whip|p1a: Skarmory","|-resisted|p1a: Skarmory","|-damage|p1a: Skarmory|172/271 par","|-damage|p2a: Venusaur|97/355 brn|[from] item: Rocky Helmet|[of] p1a: Skarmory","|cant|p1a: Skarmory|par","|","|-damage|p2a: Venusaur|53/355 brn|[from] brn","|turn|25","|","|move|p2a: Venusaur|Earthquake|p1a: Skarmory","|-immune|p1a: Skarmory|[msg]","|move|p1a: Skarmory|Brave Bird|p2a: Venusaur","|-supereffective|p2a: Venusaur","|-damage|p2a: Venusaur|0 fnt","|-damage|p1a: Skarmory|155/271 par|[from] recoil|[of] p2a: Venusaur","|faint|p2a: Venusaur","|","|","|switch|p2a: Ludicolo|Ludicolo, F|264/301","|turn|26","|","|move|p2a: Ludicolo|Hydro Pump|p1a: Skarmory","|-damage|p1a: Skarmory|0 fnt","|faint|p1a: Skarmory","|","|","|switch|p1a: Bisharp|Bisharp, F|271/271","|turn|27","|","|switch|p2a: Ferrothorn|Ferrothorn, M|351/351","|move|p1a: Bisharp|Swords Dance|p1a: Bisharp","|-boost|p1a: Bisharp|atk|2","|","|turn|28","|","|move|p1a: Bisharp|Low Kick|p2a: Ferrothorn","|-supereffective|p2a: Ferrothorn","|-damage|p2a: Ferrothorn|53/351","|-damage|p1a: Bisharp|238/271|[from] ability: Iron Barbs|[of] p2a: Ferrothorn","|-damage|p1a: Bisharp|193/271|[from] item: Rocky Helmet|[of] p2a: Ferrothorn","|move|p2a: Ferrothorn|Leech Seed|p1a: Bisharp","|-start|p1a: Bisharp|move: Leech Seed","|","|-heal|p1a: Bisharp|209/271|[from] item: Leftovers","|-damage|p1a: Bisharp|176/271|[from] Leech Seed|[of] p2a: Ferrothorn","|-heal|p2a: Ferrothorn|86/351|[silent]","|turn|29","|","|switch|p2a: Roserade|Roserade, F|261/261","|move|p1a: Bisharp|Knock Off|p2a: Roserade","|-damage|p2a: Roserade|0 fnt","|-enditem|p2a: Roserade|Choice Scarf|[from] move: Knock Off|[of] p1a: Bisharp","|faint|p2a: Roserade","|","|-heal|p1a: Bisharp|192/271|[from] item: Leftovers","|","|switch|p2a: Cradily|Cradily, M|313/313","|turn|30","|","|move|p1a: Bisharp|Knock Off|p2a: Cradily","|-damage|p2a: Cradily|0 fnt","|-enditem|p2a: Cradily|Leftovers|[from] move: Knock Off|[of] p1a: Bisharp","|faint|p2a: Cradily","|","|-heal|p1a: Bisharp|208/271|[from] item: Leftovers","|","|switch|p2a: Ludicolo|Ludicolo, F|264/301","|turn|31","|","|move|p1a: Bisharp|Sucker Punch|p2a: Ludicolo","|-crit|p2a: Ludicolo","|-damage|p2a: Ludicolo|0 fnt","|faint|p2a: Ludicolo","|","|-heal|p1a: Bisharp|224/271|[from] item: Leftovers","|","|switch|p2a: Ferrothorn|Ferrothorn, M|86/351","|turn|32","|","|move|p1a: Bisharp|Knock Off|p2a: Ferrothorn","|-damage|p2a: Ferrothorn|0 fnt","|-damage|p1a: Bisharp|191/271|[from] ability: Iron Barbs|[of] p2a: Ferrothorn","|-damage|p1a: Bisharp|146/271|[from] item: Rocky Helmet|[of] p2a: Ferrothorn","|-enditem|p2a: Ferrothorn|Rocky Helmet|[from] move: Knock Off|[of] p1a: Bisharp","|faint|p2a: Ferrothorn","|","|win|Vin Prof Gortex"],"p1rating":{"entryid":"6198402","serverid":"eos","formatid":"monotype","userid":"vinprofgortex","username":"Vin Prof Gortex","w":11,"l":"4","t":"0","gxe":64.7,"r":"1602.0946162637","rd":"90.279839959993","sigma":"0","rptime":"1439110800","rpr":1617.21901878,"rprd":87.95170217493,"rpsigma":"0","acre":1175.3498470194,"lacre":1175.3498470194,"oldacre":"1158.2088247159"},"p2rating":{"entryid":"7507773","serverid":"eos","formatid":"monotype","userid":"decidingphoton","username":"Deciding Photon","w":"1","l":4,"t":"0","gxe":40.4,"r":"1500","rd":"130","sigma":"0","rptime":"1439110800","rpr":1423.6086435654,"rprd":102.17059108332,"rpsigma":"0","acre":1033.6607585949,"lacre":1033.6607585949,"oldacre":"1045.161893677"},"endType":"normal"}