{"seed":[59789,49779,54193,33608],"turns":26,"p1":"Alliance - Mxy","p2":"Guard Naruto","p1team":[{"name":"Beedrill","species":"Beedrill","item":"beedrillite","ability":"Swarm","moves":["uturn","poisonjab","drillrun","protect"],"nature":"Jolly","evs":{"hp":0,"atk":252,"def":0,"spa":0,"spd":4,"spe":252},"ivs":{"hp":31,"atk":31,"def":31,"spa":31,"spd":31,"spe":31}},{"name":"Weezing","species":"Weezing","item":"blacksludge","ability":"Levitate","moves":["fireblast","sludgewave","willowisp","painsplit"],"nature":"Bold","evs":{"hp":248,"atk":0,"def":252,"spa":8,"spd":0,"spe":0},"ivs":{"hp":31,"atk":31,"def":31,"spa":31,"spd":31,"spe":31}},{"name":"Venusaur","species":"Venusaur","item":"venusaurite","ability":"Overgrow","moves":["seedbomb","earthquake","curse","synthesis"],"nature":"","evs":{"hp":0,"atk":0,"def":0,"spa":0,"spd":0,"spe":0},"ivs":{"hp":31,"atk":31,"def":31,"spa":31,"spd":31,"spe":31}},{"name":"Gengar","species":"Gengar","item":"focussash","ability":"Levitate","moves":["shadowball","sludgewave","dazzlinggleam","destinybond"],"nature":"Timid","evs":{"hp":0,"atk":0,"def":0,"spa":252,"spd":4,"spe":252},"ivs":{"hp":31,"atk":31,"def":31,"spa":31,"spd":31,"spe":31}},{"name":"Drapion","species":"Drapion","item":"choicescarf","ability":"Sniper","moves":["knockoff","nightslash","poisonjab","rockslide"],"nature":"Jolly","evs":{"hp":0,"atk":252,"def":0,"spa":0,"spd":4,"spe":252},"ivs":{"hp":31,"atk":31,"def":31,"spa":31,"spd":31,"spe":31}},{"name":"Tentacruel","species":"Tentacruel","item":"leftovers","ability":"Liquid Ooze","moves":["scald","rapidspin","knockoff","toxicspikes"],"nature":"Timid","evs":{"hp":248,"atk":0,"def":0,"spa":8,"spd":252,"spe":0},"ivs":{"hp":31,"atk":31,"def":31,"spa":31,"spd":31,"spe":31}}],"p2team":[{"name":"Ditto","species":"Ditto","item":"choicescarf","ability":"Imposter","moves":["transform"],"nature":"Bold","evs":{"hp":252,"atk":0,"def":252,"spa":0,"spd":6,"spe":0},"ivs":{"hp":31,"atk":31,"def":31,"spa":31,"spd":31,"spe":31}},{"name":"Heliolisk","species":"Heliolisk","item":"assaultvest","ability":"Dry Skin","moves":["thunderbolt","surf","focusblast","paraboliccharge"],"nature":"Bold","evs":{"hp":248,"atk":0,"def":252,"spa":8,"spd":0,"spe":0},"ivs":{"hp":31,"atk":31,"def":31,"spa":31,"spd":31,"spe":31}},{"name":"Kecleon","species":"Kecleon","item":"lifeorb","ability":"Protean","moves":["drainpunch","suckerpunch","shadowsneak","firepunch"],"nature":"Adamant","evs":{"hp":248,"atk":252,"def":0,"spa":0,"spd":8,"spe":0},"ivs":{"hp":31,"atk":31,"def":31,"spa":31,"spd":31,"spe":31}},{"name":"Audino","species":"Audino","item":"audinite","ability":"Regenerator","moves":["calmmind","flamethrower","healbell","drainingkiss"],"nature":"Bold","evs":{"hp":164,"atk":0,"def":252,"spa":40,"spd":52,"spe":0},"ivs":{"hp":31,"atk":31,"def":31,"spa":31,"spd":31,"spe":31}},{"name":"Pyroar","species":"Pyroar","item":"choicespecs","ability":"Unnerve","moves":["flamethrower","darkpulse","hypervoice","overheat"],"nature":"Timid","evs":{"hp":0,"atk":0,"def":0,"spa":252,"spd":4,"spe":252},"ivs":{"hp":31,"atk":31,"def":31,"spa":31,"spd":31,"spe":31}},{"name":"Miltank","species":"Miltank","item":"leftovers","ability":"Thick Fat","moves":["poweruppunch","bodyslam","milkdrink","firepunch"],"nature":"Careful","evs":{"hp":248,"atk":0,"def":60,"spa":0,"spd":200,"spe":0},"ivs":{"hp":31,"atk":31,"def":31,"spa":31,"spd":31,"spe":31}}],"log":["|player|p1|Alliance - Mxy|270","|player|p2|Guard Naruto|284","|gametype|singles","|gen|6","|tier|Monotype","|rated","|rule|Baton Pass Clause: Limit one Baton Passer, can't pass Spe and other stats simultaneously","|rule|Swagger Clause: Swagger is banned","|rule|Same Type Clause: Pokémon in a team must share a type","|clearpoke","|poke|p1|Beedrill, F","|poke|p1|Weezing, M","|poke|p1|Venusaur, M","|poke|p1|Gengar, M","|poke|p1|Drapion, F","|poke|p1|Tentacruel, M","|poke|p2|Ditto","|poke|p2|Heliolisk, M","|poke|p2|Kecleon, M","|poke|p2|Audino, F","|poke|p2|Pyroar, M","|poke|p2|Miltank, F","|rule|Sleep Clause Mod: Limit one foe put to sleep","|rule|Species Clause: Limit one of each Pokémon","|rule|OHKO Clause: OHKO moves are banned","|rule|Moody Clause: Moody is banned","|rule|Evasion Moves Clause: Evasion moves are banned","|rule|Endless Battle Clause: Forcing endless battles is banned","|rule|HP Percentage Mod: HP is shown in percentages","|teampreview","|","|start","|switch|p1a: Beedrill|Beedrill, F|271/271","|switch|p2a: Miltank|Miltank, F|393/393","|turn|1","|","|detailschange|p1a: Beedrill|Beedrill-Mega, F","|-mega|p1a: Beedrill|Beedrill|Beedrillite","|move|p1a: Beedrill|Protect|p1a: Beedrill","|-singleturn|p1a: Beedrill|Protect","|move|p2a: Miltank|Body Slam|p1a: Beedrill","|-activate|p1a: Beedrill|Protect","|","|turn|2","|","|move|p1a: Beedrill|U-turn|p2a: Miltank","|-damage|p2a: Miltank|211/393","|","|switch|p1a: Gengar|Gengar, M|261/261","|move|p2a: Miltank|Body Slam|p1a: Gengar","|-immune|p1a: Gengar|[msg]","|","|-heal|p2a: Miltank|235/393|[from] item: Leftovers","|turn|3","|","|switch|p2a: Heliolisk|Heliolisk, M|327/327","|move|p1a: Gengar|Sludge Wave|p2a: Heliolisk","|-crit|p2a: Heliolisk","|-damage|p2a: Heliolisk|158/327","|","|turn|4","|","|switch|p1a: Venusaur|Venusaur, M|301/301","|move|p2a: Heliolisk|Thunderbolt|p1a: Venusaur","|-resisted|p1a: Venusaur","|-damage|p1a: Venusaur|244/301","|","|turn|5","|","|switch|p2a: Kecleon|Kecleon, M|323/323","|move|p1a: Venusaur|Curse|p1a: Venusaur","|-unboost|p1a: Venusaur|spe|1","|-boost|p1a: Venusaur|atk|1","|-boost|p1a: Venusaur|def|1","|","|turn|6","|","|move|p1a: Venusaur|Seed Bomb|p2a: Kecleon","|-damage|p2a: Kecleon|173/323","|move|p2a: Kecleon|Fire Punch|p1a: Venusaur","|-start|p2a: Kecleon|typechange|Fire|[from] Protean","|-supereffective|p1a: Venusaur","|-damage|p1a: Venusaur|0 fnt","|-damage|p2a: Kecleon|141/323|[from] item: Life Orb","|faint|p1a: Venusaur","|","|","|switch|p1a: Beedrill|Beedrill-Mega, F|271/271","|turn|7","|","|move|p2a: Kecleon|Sucker Punch|p1a: Beedrill","|-start|p2a: Kecleon|typechange|Dark|[from] Protean","|-damage|p1a: Beedrill|0 fnt","|-damage|p2a: Kecleon|109/323|[from] item: Life Orb","|faint|p1a: Beedrill","|","|","|switch|p1a: Drapion|Drapion, F|281/281","|turn|8","|","|move|p1a: Drapion|Knock Off|p2a: Kecleon","|-resisted|p2a: Kecleon","|-damage|p2a: Kecleon|19/323","|-enditem|p2a: Kecleon|Life Orb|[from] move: Knock Off|[of] p1a: Drapion","|move|p2a: Kecleon|Drain Punch|p1a: Drapion","|-start|p2a: Kecleon|typechange|Fighting|[from] Protean","|-damage|p1a: Drapion|169/281","|-heal|p2a: Kecleon|75/323|[from] drain|[of] p1a: Drapion","|","|turn|9","|","|switch|p1a: Gengar|Gengar, M|261/261","|move|p2a: Kecleon|Sucker Punch|p1a: Gengar","|-start|p2a: Kecleon|typechange|Dark|[from] Protean","|-fail|p2a: Kecleon","|","|turn|10","|","|switch|p1a: Weezing|Weezing, M|333/333","|move|p2a: Kecleon|Shadow Sneak|p1a: Weezing","|-start|p2a: Kecleon|typechange|Ghost|[from] Protean","|-damage|p1a: Weezing|296/333","|","|-heal|p1a: Weezing|316/333|[from] item: Black Sludge","|turn|11","|","|switch|p2a: Heliolisk|Heliolisk, M|158/327","|move|p1a: Weezing|Sludge Wave|p2a: Heliolisk","|-damage|p2a: Heliolisk|88/327","|","|-heal|p1a: Weezing|333/333|[from] item: Black Sludge","|turn|12","|","|move|p2a: Heliolisk|Parabolic Charge|p1a: Weezing","|-damage|p1a: Weezing|239/333","|-heal|p2a: Heliolisk|135/327|[from] drain|[of] p1a: Weezing","|move|p1a: Weezing|Fire Blast|p2a: Heliolisk","|-damage|p2a: Heliolisk|62/327","|","|-heal|p1a: Weezing|259/333|[from] item: Black Sludge","|turn|13","|","|move|p2a: Heliolisk|Thunderbolt|p1a: Weezing","|-damage|p1a: Weezing|93/333","|-status|p1a: Weezing|par","|move|p1a: Weezing|Sludge Wave|p2a: Heliolisk","|-damage|p2a: Heliolisk|0 fnt","|faint|p2a: Heliolisk","|","|-heal|p1a: Weezing|113/333 par|[from] item: Black Sludge","|","|switch|p2a: Pyroar|Pyroar, M|313/313","|-ability|p2a: Pyroar|Unnerve|p1: Alliance - Mxy","|turn|14","|","|switch|p1a: Tentacruel|Tentacruel, M|363/363","|move|p2a: Pyroar|Hyper Voice|p1a: Tentacruel","|-damage|p1a: Tentacruel|209/363","|","|-heal|p1a: Tentacruel|231/363|[from] item: Leftovers","|turn|15","|","|switch|p2a: Kecleon|Kecleon, M|75/323","|move|p1a: Tentacruel|Knock Off|p2a: Kecleon","|-damage|p2a: Kecleon|28/323","|","|-heal|p1a: Tentacruel|253/363|[from] item: Leftovers","|turn|16","|","|move|p2a: Kecleon|Shadow Sneak|p1a: Tentacruel","|-start|p2a: Kecleon|typechange|Ghost|[from] Protean","|-damage|p1a: Tentacruel|168/363","|move|p1a: Tentacruel|Toxic Spikes|p2a: Kecleon","|-sidestart|p2: Guard Naruto|move: Toxic Spikes","|","|-heal|p1a: Tentacruel|190/363|[from] item: Leftovers","|turn|17","|","|move|p2a: Kecleon|Shadow Sneak|p1a: Tentacruel","|-damage|p1a: Tentacruel|103/363","|move|p1a: Tentacruel|Toxic Spikes|p2a: Kecleon","|-sidestart|p2: Guard Naruto|move: Toxic Spikes","|","|-heal|p1a: Tentacruel|125/363|[from] item: Leftovers","|turn|18","|","|move|p2a: Kecleon|Shadow Sneak|p1a: Tentacruel","|-damage|p1a: Tentacruel|40/363","|move|p1a: Tentacruel|Scald|p2a: Kecleon","|-damage|p2a: Kecleon|0 fnt","|faint|p2a: Kecleon","|","|-heal|p1a: Tentacruel|62/363|[from] item: Leftovers","|","|switch|p2a: Miltank|Miltank, F|235/393","|-status|p2a: Miltank|tox","|turn|19","|","|move|p1a: Tentacruel|Knock Off|p2a: Miltank","|-damage|p2a: Miltank|192/393 tox","|-enditem|p2a: Miltank|Leftovers|[from] move: Knock Off|[of] p1a: Tentacruel","|move|p2a: Miltank|Fire Punch|p1a: Tentacruel","|-resisted|p1a: Tentacruel","|-damage|p1a: Tentacruel|29/363","|-status|p1a: Tentacruel|brn","|","|-heal|p1a: Tentacruel|51/363 brn|[from] item: Leftovers","|-damage|p1a: Tentacruel|6/363 brn|[from] brn","|-damage|p2a: Miltank|168/393 tox|[from] psn","|turn|20","|","|move|p1a: Tentacruel|Scald|p2a: Miltank","|-damage|p2a: Miltank|90/393 tox","|move|p2a: Miltank|Body Slam|p1a: Tentacruel","|-crit|p1a: Tentacruel","|-damage|p1a: Tentacruel|0 fnt","|faint|p1a: Tentacruel","|","|-damage|p2a: Miltank|42/393 tox|[from] psn","|","|switch|p1a: Drapion|Drapion, F|169/281","|turn|21","|","|move|p1a: Drapion|Poison Jab|p2a: Miltank","|-damage|p2a: Miltank|0 fnt","|faint|p2a: Miltank","|","|","|switch|p2a: Pyroar|Pyroar, M|313/313","|-status|p2a: Pyroar|tox","|-ability|p2a: Pyroar|Unnerve|p1: Alliance - Mxy","|turn|22","|","|move|p1a: Drapion|Poison Jab|p2a: Pyroar","|-damage|p2a: Pyroar|159/313 tox","|move|p2a: Pyroar|Flamethrower|p1a: Drapion","|-damage|p1a: Drapion|0 fnt","|faint|p1a: Drapion","|","|-damage|p2a: Pyroar|140/313 tox|[from] psn","|","|switch|p1a: Gengar|Gengar, M|261/261","|turn|23","|","|switch|p2a: Audino|Audino, F|388/388","|-status|p2a: Audino|tox","|move|p1a: Gengar|Sludge Wave|p2a: Audino","|-damage|p2a: Audino|192/388 tox","|","|-damage|p2a: Audino|168/388 tox|[from] psn","|turn|24","|","|move|p1a: Gengar|Sludge Wave|p2a: Audino","|-damage|p2a: Audino|0 fnt","|faint|p2a: Audino","|","|","|switch|p2a: Ditto|Ditto|300/300","|-status|p2a: Ditto|tox","|-transform|p2a: Ditto|p1a: Gengar","|turn|25","|","|move|p2a: Ditto|Shadow Ball|p1a: Gengar","|-supereffective|p1a: Gengar","|-enditem|p1a: Gengar|Focus Sash","|-damage|p1a: Gengar|1/261","|move|p1a: Gengar|Shadow Ball|p2a: Ditto","|-supereffective|p2a: Ditto","|-damage|p2a: Ditto|0 fnt","|faint|p2a: Ditto","|","|","|switch|p2a: Pyroar|Pyroar, M|140/313 tox","|-ability|p2a: Pyroar|Unnerve|p1: Alliance - Mxy","|turn|26","|","|move|p1a: Gengar|Sludge Wave|p2a: Pyroar","|-damage|p2a: Pyroar|0 fnt","|faint|p2a: Pyroar","|","|win|Alliance - Mxy"],"p1rating":{"entryid":"6690851","serverid":"eos","formatid":"monotype","userid":"alliancemxy","username":"Alliance - Mxy","w":68,"l":"37","t":"0","gxe":63.6,"r":"1607.7140738408","rd":"38.746294404599","sigma":"0","rptime":"1439110800","rpr":1605.2548893028,"rprd":38.367443728866,"rpsigma":"0","acre":1179.3093377524,"lacre":1179.3093377524,"oldacre":"1149.1622383069"},"p2rating":{"entryid":"7460015","serverid":"eos","formatid":"monotype","userid":"guardnaruto","username":"Guard Naruto","w":"12","l":12,"t":"0","gxe":53.5,"r":"1464.4069117317","rd":"76.2818127204","sigma":"0","rptime":"1439110800","rpr":1526.6883522396,"rprd":66.243373742086,"rpsigma":"0","acre":1191.5837654159,"lacre":1191.5837654159,"oldacre":"1221.7308648614"},"endType":"normal"}