{"seed":[64472,38745,19953,35204],"turns":24,"p1":"KTN Photon","p2":"sl ice rapton","p1team":[{"name":"Venusaur","species":"Venusaur","item":"venusaurite","ability":"Overgrow","moves":["earthquake","powerwhip","curse","synthesis"],"nature":"Adamant","evs":{"hp":216,"atk":252,"def":40,"spa":0,"spd":0,"spe":0},"ivs":{"hp":31,"atk":30,"def":30,"spa":31,"spd":31,"spe":31}},{"name":"Celebi","species":"Celebi","item":"lifeorb","ability":"Natural Cure","moves":["thunderwave","calmmind","recover","gigadrain"],"nature":"Bold","evs":{"hp":252,"atk":0,"def":220,"spa":0,"spd":0,"spe":36},"ivs":{"hp":31,"atk":31,"def":31,"spa":31,"spd":31,"spe":31}},{"name":"Ludicolo","species":"Ludicolo","item":"choicespecs","ability":"Swift Swim","moves":["gigadrain","focusblast","hydropump","icebeam"],"nature":"Modest","evs":{"hp":0,"atk":0,"def":0,"spa":252,"spd":4,"spe":252},"ivs":{"hp":31,"atk":31,"def":31,"spa":31,"spd":31,"spe":31}},{"name":"Ferrothorn","species":"Ferrothorn","item":"rockyhelmet","ability":"Iron Barbs","moves":["leechseed","protect","thunderwave","gyroball"],"nature":"Relaxed","evs":{"hp":252,"atk":0,"def":252,"spa":0,"spd":0,"spe":0},"ivs":{"hp":31,"atk":31,"def":31,"spa":31,"spd":31,"spe":0}},{"name":"Cradily","species":"Cradily","item":"leftovers","ability":"Suction Cups","moves":["stoneedge","recover","toxic","stealthrock"],"nature":"Careful","evs":{"hp":0,"atk":0,"def":0,"spa":252,"spd":0,"spe":252},"ivs":{"hp":31,"atk":31,"def":31,"spa":31,"spd":31,"spe":31}},{"name":"Roserade","species":"Roserade","item":"choicescarf","ability":"Technician","moves":["sludgebomb","energyball","hiddenpowerice","shadowball"],"nature":"Modest","evs":{"hp":0,"atk":0,"def":0,"spa":252,"spd":0,"spe":252},"ivs":{"hp":31,"atk":30,"def":30,"spa":31,"spd":31,"spe":31}}],"p2team":[{"name":"Mamoswine","species":"Mamoswine","item":"choicescarf","ability":"Thick Fat","moves":["earthquake","iciclecrash","rockslide","superpower"],"nature":"Jolly","evs":{"hp":0,"atk":252,"def":0,"spa":0,"spd":4,"spe":252},"ivs":{"hp":31,"atk":31,"def":31,"spa":31,"spd":31,"spe":31}},{"name":"Cloyster","species":"Cloyster","item":"focussash","ability":"Skill Link","moves":["iciclespear","rockblast","rapidspin","shellsmash"],"nature":"Adamant","evs":{"hp":0,"atk":252,"def":0,"spa":0,"spd":4,"spe":252},"ivs":{"hp":31,"atk":31,"def":31,"spa":31,"spd":31,"spe":31}},{"name":"Froslass","species":"Froslass","item":"brightpowder","ability":"Snow Cloak","moves":["icebeam","psychic","spikes","thunderwave"],"nature":"Timid","evs":{"hp":0,"atk":0,"def":0,"spa":252,"spd":4,"spe":252},"ivs":{"hp":31,"atk":31,"def":31,"spa":31,"spd":31,"spe":31}},{"name":"Aurorus","species":"Aurorus","item":"focussash","ability":"Snow Warning","moves":["encore","freezedry","roar","stealthrock"],"nature":"","evs":{"hp":252,"atk":0,"def":0,"spa":252,"spd":0,"spe":0},"ivs":{"hp":31,"atk":31,"def":31,"spa":31,"spd":31,"spe":31}},{"name":"Kyurem-Black","species":"Kyurem-Black","item":"lumberry","ability":"Teravolt","moves":["outrage","fusionbolt","ironhead","roost"],"nature":"Adamant","evs":{"hp":4,"atk":252,"def":0,"spa":0,"spd":0,"spe":252},"ivs":{"hp":31,"atk":31,"def":31,"spa":31,"spd":31,"spe":31}},{"name":"Avalugg","species":"Avalugg","item":"leftovers","ability":"Sturdy","moves":["toxic","recover","earthquake","avalanche"],"nature":"Adamant","evs":{"hp":252,"atk":4,"def":252,"spa":0,"spd":0,"spe":0},"gender":"F","ivs":{"hp":31,"atk":31,"def":31,"spa":31,"spd":31,"spe":31}}],"log":["|player|p1|KTN Photon|66","|player|p2|sl ice rapton|225","|gametype|singles","|gen|6","|tier|Monotype","|rated","|rule|Baton Pass Clause: Limit one Baton Passer, can't pass Spe and other stats simultaneously","|rule|Swagger Clause: Swagger is banned","|rule|Same Type Clause: Pokémon in a team must share a type","|clearpoke","|poke|p1|Venusaur, F","|poke|p1|Celebi","|poke|p1|Ludicolo, F","|poke|p1|Ferrothorn, F","|poke|p1|Cradily, M","|poke|p1|Roserade, M","|poke|p2|Mamoswine, F","|poke|p2|Cloyster, F","|poke|p2|Froslass, F","|poke|p2|Aurorus, M","|poke|p2|Kyurem-Black","|poke|p2|Avalugg, F","|rule|Sleep Clause Mod: Limit one foe put to sleep","|rule|Species Clause: Limit one of each Pokémon","|rule|OHKO Clause: OHKO moves are banned","|rule|Moody Clause: Moody is banned","|rule|Evasion Moves Clause: Evasion moves are banned","|rule|Endless Battle Clause: Forcing endless battles is banned","|rule|HP Percentage Mod: HP is shown in percentages","|teampreview","|","|start","|switch|p1a: Ferrothorn|Ferrothorn, F|352/352","|switch|p2a: Aurorus|Aurorus, M|450/450","|-weather|Hail","|turn|1","|","|move|p2a: Aurorus|Stealth Rock|p1a: Ferrothorn","|-sidestart|p1: KTN Photon|move: Stealth Rock","|move|p1a: Ferrothorn|Gyro Ball|p2a: Aurorus","|-supereffective|p2a: Aurorus","|-enditem|p2a: Aurorus|Focus Sash","|-damage|p2a: Aurorus|1/450","|","|-weather|Hail|[upkeep]","|-damage|p1a: Ferrothorn|330/352|[from] hail","|turn|2","|","|switch|p1a: Cradily|Cradily, M|313/313","|-damage|p1a: Cradily|274/313|[from] Stealth Rock","|move|p2a: Aurorus|Encore|p1a: Cradily","|-fail|p1a: Cradily","|","|-weather|Hail|[upkeep]","|-damage|p1a: Cradily|255/313|[from] hail","|-heal|p1a: Cradily|274/313|[from] item: Leftovers","|turn|3","|","|move|p1a: Cradily|Stealth Rock|p2a: Aurorus","|-sidestart|p2: sl ice rapton|move: Stealth Rock","|move|p2a: Aurorus|Freeze-Dry|p1a: Cradily","|-supereffective|p1a: Cradily","|-damage|p1a: Cradily|92/313","|-status|p1a: Cradily|frz","|","|-weather|Hail|[upkeep]","|-damage|p1a: Cradily|73/313 frz|[from] hail","|-heal|p1a: Cradily|92/313 frz|[from] item: Leftovers","|turn|4","|","|cant|p1a: Cradily|frz","|move|p2a: Aurorus|Freeze-Dry|p1a: Cradily","|-supereffective|p1a: Cradily","|-damage|p1a: Cradily|0 fnt","|faint|p1a: Cradily","|","|-weather|Hail|[upkeep]","|","|switch|p1a: Celebi|Celebi|404/404","|-damage|p1a: Celebi|354/404|[from] Stealth Rock","|turn|5","|","|move|p1a: Celebi|Giga Drain|p2a: Aurorus","|-supereffective|p2a: Aurorus","|-damage|p2a: Aurorus|0 fnt","|-heal|p1a: Celebi|355/404|[from] drain|[of] p2a: Aurorus","|-damage|p1a: Celebi|315/404|[from] item: Life Orb","|faint|p2a: Aurorus","|","|-weather|none","|","|switch|p2a: Avalugg|Avalugg, F|394/394","|-damage|p2a: Avalugg|296/394|[from] Stealth Rock","|turn|6","|","|move|p1a: Celebi|Giga Drain|p2a: Avalugg","|-damage|p2a: Avalugg|88/394","|-heal|p1a: Celebi|404/404|[from] drain|[of] p2a: Avalugg","|-damage|p1a: Celebi|364/404|[from] item: Life Orb","|move|p2a: Avalugg|Toxic|p1a: Celebi","|-status|p1a: Celebi|tox","|","|-heal|p2a: Avalugg|112/394|[from] item: Leftovers","|-damage|p1a: Celebi|339/404 tox|[from] psn","|turn|7","|","|move|p1a: Celebi|Giga Drain|p2a: Avalugg","|-damage|p2a: Avalugg|0 fnt","|-heal|p1a: Celebi|395/404 tox|[from] drain|[of] p2a: Avalugg","|-damage|p1a: Celebi|355/404 tox|[from] item: Life Orb","|faint|p2a: Avalugg","|","|-damage|p1a: Celebi|305/404 tox|[from] psn","|","|switch|p2a: Mamoswine|Mamoswine, F|361/361","|-damage|p2a: Mamoswine|316/361|[from] Stealth Rock","|turn|8","|","|move|p2a: Mamoswine|Icicle Crash|p1a: Celebi","|-supereffective|p1a: Celebi","|-damage|p1a: Celebi|93/404 tox","|move|p1a: Celebi|Giga Drain|p2a: Mamoswine","|-supereffective|p2a: Mamoswine","|-damage|p2a: Mamoswine|0 fnt","|-heal|p1a: Celebi|251/404 tox|[from] drain|[of] p2a: Mamoswine","|-damage|p1a: Celebi|211/404 tox|[from] item: Life Orb","|faint|p2a: Mamoswine","|","|-damage|p1a: Celebi|136/404 tox|[from] psn","|","|switch|p2a: Froslass|Froslass, F|281/281","|-damage|p2a: Froslass|211/281|[from] Stealth Rock","|turn|9","|","|switch|p1a: Ferrothorn|Ferrothorn, F|330/352","|-damage|p1a: Ferrothorn|308/352|[from] Stealth Rock","|move|p2a: Froslass|Spikes|p1a: Ferrothorn","|-sidestart|p1: KTN Photon|Spikes","|","|turn|10","|","|move|p2a: Froslass|Thunder Wave|p1a: Ferrothorn","|-status|p1a: Ferrothorn|par","|move|p1a: Ferrothorn|Gyro Ball|p2a: Froslass","|-supereffective|p2a: Froslass","|-damage|p2a: Froslass|0 fnt","|faint|p2a: Froslass","|","|","|switch|p2a: Cloyster|Cloyster, F|241/241","|-damage|p2a: Cloyster|181/241|[from] Stealth Rock","|turn|11","|","|move|p2a: Cloyster|Rapid Spin|p1a: Ferrothorn","|-resisted|p1a: Ferrothorn","|-damage|p1a: Ferrothorn|301/352 par","|-damage|p2a: Cloyster|151/241|[from] ability: Iron Barbs|[of] p1a: Ferrothorn","|-damage|p2a: Cloyster|111/241|[from] item: Rocky Helmet|[of] p1a: Ferrothorn","|-sideend|p2: sl ice rapton|Stealth Rock|[from] move: Rapid Spin|[of] p2a: Cloyster","|cant|p1a: Ferrothorn|par","|","|turn|12","|","|move|p2a: Cloyster|Rock Blast|p1a: Ferrothorn","|-resisted|p1a: Ferrothorn","|-damage|p1a: Ferrothorn|293/352 par","|-resisted|p1a: Ferrothorn","|-damage|p1a: Ferrothorn|285/352 par","|-resisted|p1a: Ferrothorn","|-damage|p1a: Ferrothorn|277/352 par","|-resisted|p1a: Ferrothorn","|-damage|p1a: Ferrothorn|268/352 par","|-resisted|p1a: Ferrothorn","|-damage|p1a: Ferrothorn|260/352 par","|-hitcount|p1a: Ferrothorn|5","|cant|p1a: Ferrothorn|par","|","|turn|13","|","|move|p2a: Cloyster|Icicle Spear|p1a: Ferrothorn","|-damage|p1a: Ferrothorn|236/352 par","|-damage|p1a: Ferrothorn|214/352 par","|-damage|p1a: Ferrothorn|190/352 par","|-damage|p1a: Ferrothorn|166/352 par","|-damage|p1a: Ferrothorn|141/352 par","|-hitcount|p1a: Ferrothorn|5","|move|p1a: Ferrothorn|Thunder Wave|p2a: Cloyster","|-status|p2a: Cloyster|par","|","|turn|14","|","|cant|p2a: Cloyster|par","|cant|p1a: Ferrothorn|par","|","|turn|15","|","|move|p2a: Cloyster|Icicle Spear|p1a: Ferrothorn","|-damage|p1a: Ferrothorn|116/352 par","|-damage|p1a: Ferrothorn|92/352 par","|-damage|p1a: Ferrothorn|65/352 par","|-damage|p1a: Ferrothorn|38/352 par","|-damage|p1a: Ferrothorn|16/352 par","|-hitcount|p1a: Ferrothorn|5","|move|p1a: Ferrothorn|Leech Seed|p2a: Cloyster","|-start|p2a: Cloyster|move: Leech Seed","|","|-damage|p2a: Cloyster|81/241 par|[from] Leech Seed|[of] p1a: Ferrothorn","|-heal|p1a: Ferrothorn|46/352 par|[silent]","|turn|16","|","|move|p1a: Ferrothorn|Protect|p1a: Ferrothorn","|-singleturn|p1a: Ferrothorn|Protect","|cant|p2a: Cloyster|par","|","|-damage|p2a: Cloyster|51/241 par|[from] Leech Seed|[of] p1a: Ferrothorn","|-heal|p1a: Ferrothorn|76/352 par|[silent]","|turn|17","|","|move|p1a: Ferrothorn|Protect|p1a: Ferrothorn","|-fail|p1a: Ferrothorn","|move|p2a: Cloyster|Icicle Spear|p1a: Ferrothorn","|-damage|p1a: Ferrothorn|52/352 par","|-damage|p1a: Ferrothorn|30/352 par","|-damage|p1a: Ferrothorn|6/352 par","|-damage|p1a: Ferrothorn|0 fnt","|-hitcount|p1a: Ferrothorn|4","|faint|p1a: Ferrothorn","|","|","|switch|p1a: Roserade|Roserade, M|261/261","|-damage|p1a: Roserade|229/261|[from] Spikes","|-damage|p1a: Roserade|197/261|[from] Stealth Rock","|turn|18","|","|move|p1a: Roserade|Sludge Bomb|p2a: Cloyster","|-damage|p2a: Cloyster|0 fnt","|faint|p2a: Cloyster","|","|","|switch|p2a: Kyurem-Black|Kyurem-Black|392/392","|-ability|p2a: Kyurem-Black|Teravolt","|turn|19","|","|move|p1a: Roserade|Sludge Bomb|p2a: Kyurem-Black","|-damage|p2a: Kyurem-Black|203/392","|-status|p2a: Kyurem-Black|psn","|-enditem|p2a: Kyurem-Black|Lum Berry|[eat]","|-curestatus|p2a: Kyurem-Black|psn","|move|p2a: Kyurem-Black|Outrage|p1a: Roserade","|-damage|p1a: Roserade|0 fnt","|faint|p1a: Roserade","|","|","|switch|p1a: Venusaur|Venusaur, F|355/355","|-damage|p1a: Venusaur|311/355|[from] Spikes","|-damage|p1a: Venusaur|267/355|[from] Stealth Rock","|turn|20","|","|detailschange|p1a: Venusaur|Venusaur-Mega, F","|-mega|p1a: Venusaur|Venusaur|Venusaurite","|move|p2a: Kyurem-Black|Outrage|p1a: Venusaur|[from]lockedmove","|-damage|p1a: Venusaur|21/355","|-start|p2a: Kyurem-Black|confusion|[fatigue]","|move|p1a: Venusaur|Synthesis|p1a: Venusaur","|-heal|p1a: Venusaur|198/355","|","|turn|21","|","|-activate|p2a: Kyurem-Black|confusion","|-damage|p2a: Kyurem-Black|139/392|[from] confusion","|move|p1a: Venusaur|Earthquake|p2a: Kyurem-Black","|-damage|p2a: Kyurem-Black|38/392","|","|turn|22","|","|-activate|p2a: Kyurem-Black|confusion","|move|p2a: Kyurem-Black|Outrage|p1a: Venusaur","|-damage|p1a: Venusaur|0 fnt","|faint|p1a: Venusaur","|","|","|switch|p1a: Celebi|Celebi|136/404","|-damage|p1a: Celebi|86/404|[from] Stealth Rock","|-damage|p1a: Celebi|36/404|[from] Spikes","|turn|23","|","|-end|p2a: Kyurem-Black|confusion","|move|p2a: Kyurem-Black|Outrage|p1a: Celebi|[from]lockedmove","|-damage|p1a: Celebi|0 fnt","|faint|p1a: Celebi","|","|","|switch|p1a: Ludicolo|Ludicolo, F|301/301","|-damage|p1a: Ludicolo|264/301|[from] Spikes","|-damage|p1a: Ludicolo|227/301|[from] Stealth Rock","|turn|24","|","|move|p2a: Kyurem-Black|Outrage|p1a: Ludicolo|[from]lockedmove","|-damage|p1a: Ludicolo|0 fnt","|-start|p2a: Kyurem-Black|confusion|[fatigue]","|faint|p1a: Ludicolo","|","|win|sl ice rapton"],"p1rating":{"entryid":"6136999","serverid":"eos","formatid":"monotype","userid":"ktnphoton","username":"KTN Photon","w":"4","l":4,"t":"0","gxe":47.9,"r":"1542.73286248","rd":"132.15643978711","sigma":"0","rptime":"1439110800","rpr":1483.3130150961,"rprd":96.807988552827,"rpsigma":"0","acre":1081.6978570013,"lacre":1081.6978570013,"oldacre":"1107.4742919938"},"p2rating":{"entryid":"7497722","serverid":"eos","formatid":"monotype","userid":"slicerapton","username":"sl ice rapton","w":6,"l":"2","t":"0","gxe":60.2,"r":"1527.8644024715","rd":"123.01328871718","sigma":"0","rptime":"1439110800","rpr":1580.2445906472,"rprd":93.035762784271,"rpsigma":"0","acre":1122.9702183973,"lacre":1122.9702183973,"oldacre":"1096.6803747832"},"endType":"normal"}