{"seed":[55993,17683,44591,7185],"turns":19,"p1":"Guard Choppah","p2":"Bugy","p1team":[{"name":"Keldeo","species":"Keldeo","item":"choicespecs","ability":"Justified","moves":["hydropump","scald","secretsword","hiddenpowergrass"],"nature":"Timid","evs":{"hp":0,"atk":0,"def":0,"spa":252,"spd":4,"spe":252},"ivs":{"hp":31,"atk":30,"def":31,"spa":30,"spd":31,"spe":31}},{"name":"Rotom-Wash","species":"Rotom-Wash","item":"choicescarf","ability":"Levitate","moves":["voltswitch","trick","willowisp","hydropump"],"nature":"Modest","evs":{"hp":0,"atk":0,"def":0,"spa":252,"spd":4,"spe":252},"ivs":{"hp":31,"atk":31,"def":31,"spa":31,"spd":31,"spe":31}},{"name":"Slowbro","species":"Slowbro","item":"rockyhelmet","ability":"Regenerator","moves":["slackoff","fireblast","scald","thunderwave"],"nature":"Bold","evs":{"hp":248,"atk":0,"def":252,"spa":8,"spd":0,"spe":0},"ivs":{"hp":31,"atk":31,"def":31,"spa":31,"spd":31,"spe":31}},{"name":"Lanturn","species":"Lanturn","item":"leftovers","ability":"Volt Absorb","moves":["healbell","scald","voltswitch","toxic"],"nature":"Calm","evs":{"hp":252,"atk":0,"def":0,"spa":4,"spd":252,"spe":0},"ivs":{"hp":31,"atk":31,"def":31,"spa":31,"spd":31,"spe":31}},{"name":"Cloyster","species":"Cloyster","item":"focussash","ability":"Skill Link","moves":["iciclespear","rockblast","toxicspikes","shellsmash"],"nature":"Jolly","evs":{"hp":0,"atk":252,"def":0,"spa":0,"spd":0,"spe":252},"ivs":{"hp":31,"atk":31,"def":31,"spa":31,"spd":31,"spe":31}},{"name":"Feraligatr","species":"Feraligatr","item":"lifeorb","ability":"Sheer Force","moves":["dragondance","waterfall","earthquake","icepunch"],"nature":"Jolly","evs":{"hp":0,"atk":252,"def":0,"spa":0,"spd":4,"spe":252},"ivs":{"hp":31,"atk":31,"def":31,"spa":31,"spd":31,"spe":31}}],"p2team":[{"name":"Pinch Pinch!!","species":"pinsir","item":"pinsirite","ability":"Moxie","moves":["quickattack","return","swordsdance","closecombat"],"nature":"Adamant","evs":{"hp":248,"atk":252,"def":0,"spa":0,"spd":8,"spe":0},"shiny":true,"ivs":{"hp":31,"atk":31,"def":31,"spa":31,"spd":31,"spe":31}},{"name":"Volcin","species":"volcarona","item":"leftovers","ability":"Flame Body","moves":["bugbuzz","fierydance","quiverdance","gigadrain"],"nature":"Modest","evs":{"hp":0,"atk":0,"def":0,"spa":252,"spd":4,"spe":252},"shiny":true,"ivs":{"hp":31,"atk":31,"def":31,"spa":31,"spd":31,"spe":31}},{"name":"Snap SNip","species":"scizor","item":"rockyhelmet","ability":"Technician","moves":["swordsdance","bulletpunch","roost","uturn"],"nature":"Impish","evs":{"hp":248,"atk":8,"def":252,"spa":0,"spd":0,"spe":0},"shiny":true,"ivs":{"hp":31,"atk":31,"def":31,"spa":31,"spd":31,"spe":31}},{"name":"Red Mega Zord","species":"genesect","item":"choicescarf","ability":"Download","moves":["icebeam","thunderbolt","uturn","ironhead"],"nature":"Hasty","evs":{"hp":0,"atk":4,"def":0,"spa":252,"spd":0,"spe":252},"shiny":true,"ivs":{"hp":31,"atk":31,"def":31,"spa":31,"spd":31,"spe":31}},{"name":"Rocky","species":"heracross","item":"choicescarf","ability":"Guts","moves":["closecombat","megahorn","stoneedge","earthquake"],"nature":"","shiny":true,"evs":{"hp":0,"atk":0,"def":0,"spa":0,"spd":0,"spe":0},"ivs":{"hp":31,"atk":31,"def":31,"spa":31,"spd":31,"spe":31}},{"name":"Billy","species":"armaldo","item":"leftovers","ability":"Battle Armor","moves":["stealthrock","rockblast","rapidspin","knockoff"],"nature":"Adamant","evs":{"hp":252,"atk":252,"def":0,"spa":0,"spd":4,"spe":0},"shiny":true,"ivs":{"hp":31,"atk":31,"def":31,"spa":31,"spd":31,"spe":31}}],"log":["|player|p1|Guard Choppah|146","|player|p2|Bugy|66","|gametype|singles","|gen|6","|tier|Monotype","|rated","|rule|Baton Pass Clause: Limit one Baton Passer, can't pass Spe and other stats simultaneously","|rule|Swagger Clause: Swagger is banned","|rule|Same Type Clause: Pokémon in a team must share a type","|clearpoke","|poke|p1|Keldeo","|poke|p1|Rotom-Wash","|poke|p1|Slowbro, F","|poke|p1|Lanturn, F","|poke|p1|Cloyster, F","|poke|p1|Feraligatr, F","|poke|p2|Pinsir, F, shiny","|poke|p2|Volcarona, M, shiny","|poke|p2|Scizor, M, shiny","|poke|p2|Genesect-*, shiny","|poke|p2|Heracross, M, shiny","|poke|p2|Armaldo, F, shiny","|rule|Sleep Clause Mod: Limit one foe put to sleep","|rule|Species Clause: Limit one of each Pokémon","|rule|OHKO Clause: OHKO moves are banned","|rule|Moody Clause: Moody is banned","|rule|Evasion Moves Clause: Evasion moves are banned","|rule|Endless Battle Clause: Forcing endless battles is banned","|rule|HP Percentage Mod: HP is shown in percentages","|teampreview","|","|start","|switch|p1a: Rotom-Wash|Rotom-Wash|241/241","|switch|p2a: Red Mega Zord|Genesect, shiny|283/283","|-boost|p2a: Red Mega Zord|atk|1|[from] ability: Download","|turn|1","|","|move|p2a: Red Mega Zord|U-turn|p1a: Rotom-Wash","|-damage|p1a: Rotom-Wash|102/241","|","|switch|p2a: Rocky|Heracross, M, shiny|301/301","|move|p1a: Rotom-Wash|Hydro Pump|p2a: Rocky","|-damage|p2a: Rocky|115/301","|","|turn|2","|","|move|p1a: Rotom-Wash|Hydro Pump|p2a: Rocky","|-damage|p2a: Rocky|0 fnt","|faint|p2a: Rocky","|","|","|switch|p2a: Red Mega Zord|Genesect, shiny|283/283","|-boost|p2a: Red Mega Zord|atk|1|[from] ability: Download","|turn|3","|","|switch|p1a: Slowbro|Slowbro, F|393/393","|move|p2a: Red Mega Zord|U-turn|p1a: Slowbro","|-supereffective|p1a: Slowbro","|-damage|p1a: Slowbro|211/393","|-damage|p2a: Red Mega Zord|236/283|[from] item: Rocky Helmet|[of] p1a: Slowbro","|","|switch|p2a: Billy|Armaldo, F, shiny|354/354","|","|turn|4","|","|switch|p1a: Cloyster|Cloyster, F|241/241","|move|p2a: Billy|Stealth Rock|p1a: Cloyster","|-sidestart|p1: Guard Choppah|move: Stealth Rock","|","|turn|5","|","|move|p1a: Cloyster|Rock Blast|p2a: Billy","|-supereffective|p2a: Billy","|-damage|p2a: Billy|302/354","|-supereffective|p2a: Billy","|-damage|p2a: Billy|252/354","|-supereffective|p2a: Billy","|-damage|p2a: Billy|200/354","|-supereffective|p2a: Billy","|-damage|p2a: Billy|150/354","|-supereffective|p2a: Billy","|-damage|p2a: Billy|102/354","|-hitcount|p2a: Billy|5","|move|p2a: Billy|Rock Blast|p1a: Cloyster","|-supereffective|p1a: Cloyster","|-damage|p1a: Cloyster|185/241","|-supereffective|p1a: Cloyster","|-damage|p1a: Cloyster|125/241","|-supereffective|p1a: Cloyster","|-damage|p1a: Cloyster|65/241","|-supereffective|p1a: Cloyster","|-damage|p1a: Cloyster|3/241","|-supereffective|p1a: Cloyster","|-damage|p1a: Cloyster|0 fnt","|-hitcount|p1a: Cloyster|5","|faint|p1a: Cloyster","|","|-heal|p2a: Billy|124/354|[from] item: Leftovers","|","|switch|p1a: Keldeo|Keldeo|323/323","|-damage|p1a: Keldeo|303/323|[from] Stealth Rock","|turn|6","|","|move|p1a: Keldeo|Scald|p2a: Billy","|-supereffective|p2a: Billy","|-damage|p2a: Billy|0 fnt","|faint|p2a: Billy","|","|","|switch|p2a: Red Mega Zord|Genesect, shiny|236/283","|-boost|p2a: Red Mega Zord|atk|1|[from] ability: Download","|turn|7","|","|move|p2a: Red Mega Zord|U-turn|p1a: Keldeo","|-resisted|p1a: Keldeo","|-damage|p1a: Keldeo|226/323","|","|switch|p2a: Volcin|Volcarona, M, shiny|311/311","|move|p1a: Keldeo|Scald|p2a: Volcin","|-supereffective|p2a: Volcin","|-damage|p2a: Volcin|0 fnt","|faint|p2a: Volcin","|","|","|switch|p2a: Pinch Pinch!!|Pinsir, F, shiny|333/333","|turn|8","|","|switch|p1a: Slowbro|Slowbro, F|342/393","|-damage|p1a: Slowbro|293/393|[from] Stealth Rock","|detailschange|p2a: Pinch Pinch!!|Pinsir-Mega, F, shiny","|-mega|p2a: Pinch Pinch!!|Pinsir|Pinsirite","|move|p2a: Pinch Pinch!!|Quick Attack|p1a: Slowbro","|-damage|p1a: Slowbro|208/393","|-damage|p2a: Pinch Pinch!!|278/333|[from] item: Rocky Helmet|[of] p1a: Slowbro","|","|turn|9","|","|move|p2a: Pinch Pinch!!|Swords Dance|p2a: Pinch Pinch!!","|-boost|p2a: Pinch Pinch!!|atk|2","|move|p1a: Slowbro|Thunder Wave|p2a: Pinch Pinch!!","|-status|p2a: Pinch Pinch!!|par","|","|turn|10","|","|switch|p1a: Lanturn|Lanturn, F|454/454","|-damage|p1a: Lanturn|398/454|[from] Stealth Rock","|move|p2a: Pinch Pinch!!|Swords Dance|p2a: Pinch Pinch!!","|-boost|p2a: Pinch Pinch!!|atk|2","|","|-heal|p1a: Lanturn|426/454|[from] item: Leftovers","|turn|11","|","|move|p1a: Lanturn|Volt Switch|p2a: Pinch Pinch!!","|-supereffective|p2a: Pinch Pinch!!","|-damage|p2a: Pinch Pinch!!|140/333 par","|","|switch|p1a: Rotom-Wash|Rotom-Wash|102/241","|-damage|p1a: Rotom-Wash|72/241|[from] Stealth Rock","|move|p2a: Pinch Pinch!!|Return|p1a: Rotom-Wash","|-resisted|p1a: Rotom-Wash","|-damage|p1a: Rotom-Wash|0 fnt","|faint|p1a: Rotom-Wash","|","|","|switch|p1a: Feraligatr|Feraligatr, F|311/311","|-damage|p1a: Feraligatr|273/311|[from] Stealth Rock","|turn|12","|","|move|p2a: Pinch Pinch!!|Quick Attack|p1a: Feraligatr","|-damage|p1a: Feraligatr|0 fnt","|faint|p1a: Feraligatr","|","|","|switch|p1a: Slowbro|Slowbro, F|339/393","|-damage|p1a: Slowbro|290/393|[from] Stealth Rock","|turn|13","|","|move|p1a: Slowbro|Fire Blast|p2a: Pinch Pinch!!","|-supereffective|p2a: Pinch Pinch!!","|-damage|p2a: Pinch Pinch!!|0 fnt","|faint|p2a: Pinch Pinch!!","|","|","|switch|p2a: Red Mega Zord|Genesect, shiny|236/283","|-boost|p2a: Red Mega Zord|spa|1|[from] ability: Download","|turn|14","|","|switch|p1a: Lanturn|Lanturn, F|426/454","|-damage|p1a: Lanturn|370/454|[from] Stealth Rock","|move|p2a: Red Mega Zord|U-turn|p1a: Lanturn","|-damage|p1a: Lanturn|222/454","|","|switch|p2a: Snap SNip|Scizor, M, shiny|343/343","|","|-heal|p1a: Lanturn|250/454|[from] item: Leftovers","|turn|15","|","|move|p1a: Lanturn|Scald|p2a: Snap SNip","|-damage|p2a: Snap SNip|253/343","|move|p2a: Snap SNip|Swords Dance|p2a: Snap SNip","|-boost|p2a: Snap SNip|atk|2","|","|-heal|p1a: Lanturn|278/454|[from] item: Leftovers","|turn|16","|","|move|p1a: Lanturn|Scald|p2a: Snap SNip","|-damage|p2a: Snap SNip|163/343","|move|p2a: Snap SNip|U-turn|p1a: Lanturn","|-damage|p1a: Lanturn|0 fnt","|faint|p1a: Lanturn","|","|switch|p2a: Red Mega Zord|Genesect, shiny|236/283","|","|","|switch|p1a: Keldeo|Keldeo|226/323","|-damage|p1a: Keldeo|206/323|[from] Stealth Rock","|turn|17","|","|move|p2a: Red Mega Zord|Thunderbolt|p1a: Keldeo","|-supereffective|p1a: Keldeo","|-damage|p1a: Keldeo|0 fnt","|faint|p1a: Keldeo","|","|","|switch|p1a: Slowbro|Slowbro, F|393/393","|-damage|p1a: Slowbro|344/393|[from] Stealth Rock","|turn|18","|","|move|p2a: Red Mega Zord|Thunderbolt|p1a: Slowbro","|-supereffective|p1a: Slowbro","|-damage|p1a: Slowbro|100/393","|-status|p1a: Slowbro|par","|move|p1a: Slowbro|Fire Blast|p2a: Red Mega Zord","|-supereffective|p2a: Red Mega Zord","|-damage|p2a: Red Mega Zord|0 fnt","|faint|p2a: Red Mega Zord","|","|","|switch|p2a: Snap SNip|Scizor, M, shiny|163/343","|turn|19","|","|move|p2a: Snap SNip|U-turn|p1a: Slowbro","|-supereffective|p1a: Slowbro","|-damage|p1a: Slowbro|0 fnt","|-damage|p2a: Snap SNip|106/343|[from] item: Rocky Helmet|[of] p1a: Slowbro","|faint|p1a: Slowbro","|","|win|Bugy"],"p1rating":{"entryid":"7425426","serverid":"eos","formatid":"monotype","userid":"guardchoppah","username":"Guard Choppah","w":"33","l":10,"t":"0","gxe":75.5,"r":"1717.0492759724","rd":"59.865209015899","sigma":"0","rptime":"1439110800","rpr":1713.6595407693,"rprd":54.18447654975,"rpsigma":"0","acre":1326.4664153546,"lacre":1326.4664153546,"oldacre":"1357.9760511113"},"p2rating":{"entryid":"7518182","serverid":"eos","formatid":"monotype","userid":"bugy","username":"Bugy","w":10,"l":"11","t":"0","gxe":48.7,"r":"1500","rd":"130","sigma":"0","rptime":"1439110800","rpr":1489.9364957946,"rprd":69.042003087907,"rpsigma":"0","acre":1169.5562715469,"lacre":1169.5562715469,"oldacre":"1130.1692268511"},"endType":"normal"}