{"seed":[25517,58995,21085,16510],"turns":35,"p1":"Guard Naruto","p2":"Sage.13","p1team":[{"name":"Ditto","species":"Ditto","item":"choicescarf","ability":"Imposter","moves":["transform"],"nature":"Bold","evs":{"hp":252,"atk":0,"def":252,"spa":0,"spd":6,"spe":0},"ivs":{"hp":31,"atk":31,"def":31,"spa":31,"spd":31,"spe":31}},{"name":"Heliolisk","species":"Heliolisk","item":"assaultvest","ability":"Dry Skin","moves":["thunderbolt","surf","focusblast","paraboliccharge"],"nature":"Bold","evs":{"hp":248,"atk":0,"def":252,"spa":8,"spd":0,"spe":0},"ivs":{"hp":31,"atk":31,"def":31,"spa":31,"spd":31,"spe":31}},{"name":"Kecleon","species":"Kecleon","item":"lifeorb","ability":"Protean","moves":["drainpunch","suckerpunch","shadowsneak","firepunch"],"nature":"Adamant","evs":{"hp":248,"atk":252,"def":0,"spa":0,"spd":8,"spe":0},"ivs":{"hp":31,"atk":31,"def":31,"spa":31,"spd":31,"spe":31}},{"name":"Audino","species":"Audino","item":"audinite","ability":"Regenerator","moves":["calmmind","flamethrower","healbell","drainingkiss"],"nature":"Bold","evs":{"hp":164,"atk":0,"def":252,"spa":40,"spd":52,"spe":0},"ivs":{"hp":31,"atk":31,"def":31,"spa":31,"spd":31,"spe":31}},{"name":"Pyroar","species":"Pyroar","item":"choicespecs","ability":"Unnerve","moves":["flamethrower","darkpulse","hypervoice","overheat"],"nature":"Timid","evs":{"hp":0,"atk":0,"def":0,"spa":252,"spd":4,"spe":252},"ivs":{"hp":31,"atk":31,"def":31,"spa":31,"spd":31,"spe":31}},{"name":"Miltank","species":"Miltank","item":"leftovers","ability":"Thick Fat","moves":["poweruppunch","bodyslam","milkdrink","firepunch"],"nature":"Careful","evs":{"hp":248,"atk":0,"def":60,"spa":0,"spd":200,"spe":0},"ivs":{"hp":31,"atk":31,"def":31,"spa":31,"spd":31,"spe":31}}],"p2team":[{"name":"King Ludi","species":"ludicolo","item":"leftovers","ability":"Swift Swim","moves":["teeterdance","scald","icebeam","gigadrain"],"nature":"Modest","evs":{"hp":0,"atk":0,"def":0,"spa":252,"spd":4,"spe":252},"shiny":true,"ivs":{"hp":31,"atk":31,"def":31,"spa":31,"spd":31,"spe":31}},{"name":"SS2 Azu","species":"azumarill","item":"sitrusberry","ability":"Huge Power","moves":["aquajet","playrough","bellydrum","knockoff"],"nature":"Adamant","evs":{"hp":252,"atk":252,"def":0,"spa":0,"spd":4,"spe":0},"shiny":true,"ivs":{"hp":31,"atk":31,"def":31,"spa":31,"spd":31,"spe":31}},{"name":"Swampert","species":"Swampert","item":"swampertite","ability":"Damp","moves":["superpower","waterfall","earthquake","icepunch"],"nature":"Adamant","evs":{"hp":248,"atk":252,"def":0,"spa":0,"spd":8,"spe":0},"ivs":{"hp":31,"atk":31,"def":31,"spa":31,"spd":31,"spe":31}},{"name":"Milo","species":"milotic","item":"leftovers","ability":"Competitive","moves":["scald","icebeam","raindance","toxic"],"nature":"Bold","evs":{"hp":252,"atk":0,"def":252,"spa":4,"spd":0,"spe":0},"shiny":true,"ivs":{"hp":31,"atk":31,"def":31,"spa":31,"spd":31,"spe":31}},{"name":"Politoed","species":"Politoed","item":"widelens","ability":"Drizzle","moves":["icebeam","surf","hypnosis","perishsong"],"nature":"Modest","evs":{"hp":248,"atk":0,"def":0,"spa":252,"spd":8,"spe":0},"shiny":true,"ivs":{"hp":31,"atk":31,"def":31,"spa":31,"spd":31,"spe":31}},{"name":"Floatzel","species":"Floatzel","item":"lifeorb","ability":"Swift Swim","moves":["waterfall","aquajet","brickbreak","icepunch"],"nature":"Adamant","evs":{"hp":0,"atk":252,"def":0,"spa":0,"spd":4,"spe":252},"ivs":{"hp":31,"atk":31,"def":31,"spa":31,"spd":31,"spe":31}}],"log":["|player|p1|Guard Naruto|284","|player|p2|Sage.13|154","|gametype|singles","|gen|6","|tier|Monotype","|rated","|rule|Baton Pass Clause: Limit one Baton Passer, can't pass Spe and other stats simultaneously","|rule|Swagger Clause: Swagger is banned","|rule|Same Type Clause: Pokémon in a team must share a type","|clearpoke","|poke|p1|Ditto","|poke|p1|Heliolisk, M","|poke|p1|Kecleon, M","|poke|p1|Audino, F","|poke|p1|Pyroar, F","|poke|p1|Miltank, F","|poke|p2|Ludicolo, F, shiny","|poke|p2|Azumarill, M, shiny","|poke|p2|Swampert, M","|poke|p2|Milotic, M, shiny","|poke|p2|Politoed, M, shiny","|poke|p2|Floatzel, F","|rule|Sleep Clause Mod: Limit one foe put to sleep","|rule|Species Clause: Limit one of each Pokémon","|rule|OHKO Clause: OHKO moves are banned","|rule|Moody Clause: Moody is banned","|rule|Evasion Moves Clause: Evasion moves are banned","|rule|Endless Battle Clause: Forcing endless battles is banned","|rule|HP Percentage Mod: HP is shown in percentages","|teampreview","|","|start","|switch|p1a: Heliolisk|Heliolisk, M|327/327","|switch|p2a: Politoed|Politoed, M, shiny|383/383","|-weather|RainDance","|turn|1","|","|switch|p2a: King Ludi|Ludicolo, F, shiny|301/301","|move|p1a: Heliolisk|Surf|p2a: King Ludi","|-resisted|p2a: King Ludi","|-damage|p2a: King Ludi|274/301","|","|-weather|RainDance|[upkeep]","|-heal|p2a: King Ludi|292/301|[from] item: Leftovers","|turn|2","|","|move|p2a: King Ludi|Teeter Dance|p1a: Heliolisk","|-start|p1a: Heliolisk|confusion","|-activate|p1a: Heliolisk|confusion","|move|p1a: Heliolisk|Thunderbolt|p2a: King Ludi","|-damage|p2a: King Ludi|184/301","|","|-weather|RainDance|[upkeep]","|-heal|p2a: King Ludi|202/301|[from] item: Leftovers","|turn|3","|","|switch|p2a: Swampert|Swampert, M|403/403","|switch|p1a: Miltank|Miltank, F|393/393","|","|-weather|RainDance|[upkeep]","|turn|4","|","|detailschange|p2a: Swampert|Swampert-Mega, M","|-mega|p2a: Swampert|Swampert|Swampertite","|move|p1a: Miltank|Body Slam|p2a: Swampert","|-damage|p2a: Swampert|328/403","|move|p2a: Swampert|Superpower|p1a: Miltank","|-supereffective|p1a: Miltank","|-damage|p1a: Miltank|59/393","|-unboost|p2a: Swampert|atk|1","|-unboost|p2a: Swampert|def|1","|","|-weather|RainDance|[upkeep]","|-heal|p1a: Miltank|83/393|[from] item: Leftovers","|turn|5","|","|move|p2a: Swampert|Earthquake|p1a: Miltank","|-damage|p1a: Miltank|0 fnt","|faint|p1a: Miltank","|","|-weather|none","|","|switch|p1a: Kecleon|Kecleon, M|323/323","|turn|6","|","|switch|p2a: Milo|Milotic, M, shiny|394/394","|move|p1a: Kecleon|Shadow Sneak|p2a: Milo","|-start|p1a: Kecleon|typechange|Ghost|[from] Protean","|-damage|p2a: Milo|328/394","|-damage|p1a: Kecleon|291/323|[from] item: Life Orb","|","|-heal|p2a: Milo|352/394|[from] item: Leftovers","|turn|7","|","|switch|p1a: Heliolisk|Heliolisk, M|327/327","|move|p2a: Milo|Toxic|p1a: Heliolisk","|-status|p1a: Heliolisk|tox","|","|-heal|p2a: Milo|376/394|[from] item: Leftovers","|-damage|p1a: Heliolisk|307/327 tox|[from] psn","|turn|8","|","|switch|p2a: King Ludi|Ludicolo, F, shiny|202/301","|move|p1a: Heliolisk|Thunderbolt|p2a: King Ludi","|-damage|p2a: King Ludi|87/301","|","|-heal|p2a: King Ludi|105/301|[from] item: Leftovers","|-damage|p1a: Heliolisk|267/327 tox|[from] psn","|turn|9","|","|switch|p2a: Politoed|Politoed, M, shiny|383/383","|-weather|RainDance","|move|p1a: Heliolisk|Thunderbolt|p2a: Politoed","|-supereffective|p2a: Politoed","|-damage|p2a: Politoed|147/383","|","|-weather|RainDance|[upkeep]","|-heal|p1a: Heliolisk|307/327 tox|[from] ability: Dry Skin","|-damage|p1a: Heliolisk|247/327 tox|[from] psn","|turn|10","|","|switch|p2a: Swampert|Swampert-Mega, M|328/403","|move|p1a: Heliolisk|Thunderbolt|p2a: Swampert","|-immune|p2a: Swampert|[msg]","|","|-weather|RainDance|[upkeep]","|-heal|p1a: Heliolisk|287/327 tox|[from] ability: Dry Skin","|-damage|p1a: Heliolisk|207/327 tox|[from] psn","|turn|11","|","|move|p2a: Swampert|Earthquake|p1a: Heliolisk","|-supereffective|p1a: Heliolisk","|-damage|p1a: Heliolisk|0 fnt","|faint|p1a: Heliolisk","|","|-weather|RainDance|[upkeep]","|","|switch|p1a: Kecleon|Kecleon, M|291/323","|turn|12","|","|move|p1a: Kecleon|Shadow Sneak|p2a: Swampert","|-start|p1a: Kecleon|typechange|Ghost|[from] Protean","|-damage|p2a: Swampert|258/403","|-damage|p1a: Kecleon|259/323|[from] item: Life Orb","|move|p2a: Swampert|Waterfall|p1a: Kecleon","|-damage|p1a: Kecleon|0 fnt","|faint|p1a: Kecleon","|","|-weather|RainDance|[upkeep]","|","|switch|p1a: Ditto|Ditto|300/300","|-transform|p1a: Ditto|p2a: Swampert","|turn|13","|","|switch|p2a: King Ludi|Ludicolo, F, shiny|105/301","|move|p1a: Ditto|Waterfall|p2a: King Ludi","|-resisted|p2a: King Ludi","|-damage|p2a: King Ludi|25/301","|","|-weather|none","|-heal|p2a: King Ludi|43/301|[from] item: Leftovers","|turn|14","|","|switch|p1a: Pyroar|Pyroar, F|313/313","|-ability|p1a: Pyroar|Unnerve|p2: Sage.13","|move|p2a: King Ludi|Giga Drain|p1a: Pyroar","|-resisted|p1a: Pyroar","|-damage|p1a: Pyroar|231/313","|-heal|p2a: King Ludi|84/301|[from] drain|[of] p1a: Pyroar","|","|-heal|p2a: King Ludi|102/301|[from] item: Leftovers","|turn|15","|","|switch|p2a: Milo|Milotic, M, shiny|376/394","|move|p1a: Pyroar|Hyper Voice|p2a: Milo","|-damage|p2a: Milo|196/394","|","|-heal|p2a: Milo|220/394|[from] item: Leftovers","|turn|16","|","|switch|p1a: Audino|Audino, F|388/388","|move|p2a: Milo|Scald|p1a: Audino","|-damage|p1a: Audino|283/388","|","|-heal|p2a: Milo|244/394|[from] item: Leftovers","|turn|17","|","|detailschange|p1a: Audino|Audino-Mega, F","|-mega|p1a: Audino|Audino|Audinite","|move|p2a: Milo|Toxic|p1a: Audino","|-status|p1a: Audino|tox","|move|p1a: Audino|Calm Mind|p1a: Audino","|-boost|p1a: Audino|spa|1","|-boost|p1a: Audino|spd|1","|","|-heal|p2a: Milo|268/394|[from] item: Leftovers","|-damage|p1a: Audino|259/388 tox|[from] psn","|turn|18","|","|move|p2a: Milo|Rain Dance|p2a: Milo","|-weather|RainDance","|move|p1a: Audino|Heal Bell|p1a: Audino","|-cureteam|p1a: Audino|[from] move: HealBell","|","|-weather|RainDance|[upkeep]","|-heal|p2a: Milo|292/394|[from] item: Leftovers","|turn|19","|","|move|p2a: Milo|Toxic|p1a: Audino","|-status|p1a: Audino|tox","|move|p1a: Audino|Calm Mind|p1a: Audino","|-boost|p1a: Audino|spa|1","|-boost|p1a: Audino|spd|1","|","|-weather|RainDance|[upkeep]","|-heal|p2a: Milo|316/394|[from] item: Leftovers","|-damage|p1a: Audino|235/388 tox|[from] psn","|turn|20","|","|switch|p2a: Swampert|Swampert-Mega, M|258/403","|move|p1a: Audino|Heal Bell|p1a: Audino","|-cureteam|p1a: Audino|[from] move: HealBell","|","|-weather|RainDance|[upkeep]","|turn|21","|","|move|p2a: Swampert|Earthquake|p1a: Audino","|-damage|p1a: Audino|93/388","|move|p1a: Audino|Draining Kiss|p2a: Swampert","|-damage|p2a: Swampert|159/403","|-heal|p1a: Audino|168/388|[from] drain|[of] p2a: Swampert","|","|-weather|RainDance|[upkeep]","|turn|22","|","|move|p2a: Swampert|Waterfall|p1a: Audino","|-damage|p1a: Audino|20/388","|move|p1a: Audino|Draining Kiss|p2a: Swampert","|-damage|p2a: Swampert|60/403","|-heal|p1a: Audino|95/388|[from] drain|[of] p2a: Swampert","|","|-weather|none","|turn|23","|","|switch|p2a: Politoed|Politoed, M, shiny|147/383","|-weather|RainDance","|move|p1a: Audino|Draining Kiss|p2a: Politoed","|-damage|p2a: Politoed|36/383","|-heal|p1a: Audino|179/388|[from] drain|[of] p2a: Politoed","|","|-weather|RainDance|[upkeep]","|turn|24","|","|move|p2a: Politoed|Hypnosis|p1a: Audino","|-status|p1a: Audino|slp","|cant|p1a: Audino|slp","|","|-weather|RainDance|[upkeep]","|turn|25","|","|switch|p2a: SS2 Azu|Azumarill, M, shiny|404/404","|-curestatus|p1a: Audino|slp","|move|p1a: Audino|Draining Kiss|p2a: SS2 Azu","|-damage|p2a: SS2 Azu|281/404","|-heal|p1a: Audino|272/388|[from] drain|[of] p2a: SS2 Azu","|","|-weather|RainDance|[upkeep]","|turn|26","|","|move|p2a: SS2 Azu|Belly Drum|p2a: SS2 Azu","|-damage|p2a: SS2 Azu|79/404","|-setboost|p2a: SS2 Azu|atk|6|[from] move: Belly Drum","|-enditem|p2a: SS2 Azu|Sitrus Berry|[eat]","|-heal|p2a: SS2 Azu|180/404|[from] item: Sitrus Berry","|move|p1a: Audino|Draining Kiss|p2a: SS2 Azu","|-damage|p2a: SS2 Azu|47/404","|-heal|p1a: Audino|372/388|[from] drain|[of] p2a: SS2 Azu","|","|-weather|RainDance|[upkeep]","|turn|27","|","|move|p2a: SS2 Azu|Aqua Jet|p1a: Audino","|-damage|p1a: Audino|78/388","|move|p1a: Audino|Draining Kiss|p2a: SS2 Azu","|-damage|p2a: SS2 Azu|0 fnt","|-heal|p1a: Audino|114/388|[from] drain|[of] p2a: SS2 Azu","|faint|p2a: SS2 Azu","|","|-weather|none","|","|switch|p2a: Floatzel|Floatzel, F|311/311","|turn|28","|","|move|p2a: Floatzel|Waterfall|p1a: Audino","|-damage|p1a: Audino|13/388","|-damage|p2a: Floatzel|280/311|[from] item: Life Orb","|move|p1a: Audino|Draining Kiss|p2a: Floatzel","|-damage|p2a: Floatzel|106/311","|-heal|p1a: Audino|144/388|[from] drain|[of] p2a: Floatzel","|","|turn|29","|","|switch|p2a: Politoed|Politoed, M, shiny|36/383","|-weather|RainDance","|move|p1a: Audino|Draining Kiss|p2a: Politoed","|-damage|p2a: Politoed|0 fnt","|-heal|p1a: Audino|171/388|[from] drain|[of] p2a: Politoed","|faint|p2a: Politoed","|","|-weather|RainDance|[upkeep]","|","|switch|p2a: King Ludi|Ludicolo, F, shiny|102/301","|turn|30","|","|move|p2a: King Ludi|Teeter Dance|p1a: Audino","|-start|p1a: Audino|confusion","|-activate|p1a: Audino|confusion","|move|p1a: Audino|Draining Kiss|p2a: King Ludi","|-damage|p2a: King Ludi|0 fnt","|-heal|p1a: Audino|248/388|[from] drain|[of] p2a: King Ludi","|faint|p2a: King Ludi","|","|-weather|RainDance|[upkeep]","|","|switch|p2a: Swampert|Swampert-Mega, M|60/403","|turn|31","|","|switch|p1a: Pyroar|Pyroar, F|231/313","|-ability|p1a: Pyroar|Unnerve|p2: Sage.13","|move|p2a: Swampert|Waterfall|p1a: Pyroar","|-supereffective|p1a: Pyroar","|-damage|p1a: Pyroar|0 fnt","|faint|p1a: Pyroar","|","|-weather|RainDance|[upkeep]","|","|switch|p1a: Ditto|Ditto|300/300","|-transform|p1a: Ditto|p2a: Swampert","|turn|32","|","|switch|p2a: Milo|Milotic, M, shiny|316/394","|move|p1a: Ditto|Earthquake|p2a: Milo","|-damage|p2a: Milo|129/394","|","|-weather|RainDance|[upkeep]","|-heal|p2a: Milo|153/394|[from] item: Leftovers","|turn|33","|","|move|p1a: Ditto|Earthquake|p2a: Milo","|-damage|p2a: Milo|0 fnt","|faint|p2a: Milo","|","|-weather|none","|","|switch|p2a: Floatzel|Floatzel, F|106/311","|turn|34","|","|move|p2a: Floatzel|Waterfall|p1a: Ditto","|-damage|p1a: Ditto|144/300","|-damage|p2a: Floatzel|75/311|[from] item: Life Orb","|move|p1a: Ditto|Earthquake|p2a: Floatzel","|-damage|p2a: Floatzel|0 fnt","|faint|p2a: Floatzel","|","|","|switch|p2a: Swampert|Swampert-Mega, M|60/403","|turn|35","|","|move|p1a: Ditto|Earthquake|p2a: Swampert","|-damage|p2a: Swampert|0 fnt","|faint|p2a: Swampert","|","|win|Guard Naruto"],"p1rating":{"entryid":"7460015","serverid":"eos","formatid":"monotype","userid":"guardnaruto","username":"Guard Naruto","w":7,"l":"10","t":"0","gxe":47.4,"r":1464.4069117317,"rd":76.2818127204,"sigma":"0","rptime":1439110800,"rpr":1480.0466952376,"rprd":74.550848416986,"rpsigma":"0","acre":1152.3730901181,"lacre":1152.3730901181,"oldacre":"1131.7817998453"},"p2rating":{"entryid":"7365108","serverid":"eos","formatid":"monotype","userid":"sage13","username":"Sage.13","w":"22","l":26,"t":"0","gxe":44.6,"r":"1461.0094011103","rd":"50.869480569585","sigma":"0","rptime":"1439110800","rpr":1459.1181120356,"rprd":49.95246031748,"rpsigma":"0","acre":1052.9966770745,"lacre":1052.9966770745,"oldacre":"1069.8648358759"},"endType":"normal"}