{"seed":[48283,34331,33233,19605],"turns":33,"p1":"sovereign♕zoroark","p2":"In da mix","p1team":[{"name":"Infernape","species":"Infernape","item":"focussash","ability":"Iron Fist","moves":["swordsdance","firepunch","thunderpunch","closecombat"],"nature":"Jolly","evs":{"hp":4,"atk":252,"def":0,"spa":0,"spd":0,"spe":252},"ivs":{"hp":31,"atk":31,"def":31,"spa":31,"spd":31,"spe":31}},{"name":"Keldeo","species":"Keldeo","item":"assaultvest","ability":"Justified","moves":["aquatail","closecombat","poisonjab","xscissor"],"nature":"Adamant","evs":{"hp":0,"atk":252,"def":0,"spa":0,"spd":0,"spe":252},"ivs":{"hp":31,"atk":31,"def":31,"spa":31,"spd":31,"spe":31}},{"name":"Gallade","species":"Gallade","item":"mentalherb","ability":"Justified","moves":["icepunch","leafblade","earthquake","swordsdance"],"nature":"Adamant","evs":{"hp":4,"atk":252,"def":0,"spa":0,"spd":0,"spe":252},"shiny":true,"ivs":{"hp":31,"atk":31,"def":31,"spa":31,"spd":31,"spe":31}},{"name":"Conkeldurr","species":"Conkeldurr","item":"airballoon","ability":"Guts","moves":["drainpunch","machpunch","firepunch","icepunch"],"nature":"Adamant","evs":{"hp":252,"atk":252,"def":0,"spa":4,"spd":0,"spe":0},"shiny":true,"ivs":{"hp":31,"atk":31,"def":31,"spa":31,"spd":31,"spe":31}},{"name":"Breloom","species":"Breloom","item":"focussash","ability":"Effect Spore","moves":["spore","wakeupslap","rocktomb","thunderpunch"],"nature":"Adamant","evs":{"hp":252,"atk":252,"def":0,"spa":0,"spd":4,"spe":0},"shiny":true,"ivs":{"hp":31,"atk":31,"def":31,"spa":31,"spd":31,"spe":31}},{"name":"Hawlucha","species":"Hawlucha","item":"","ability":"Limber","moves":["acrobatics","drainpunch","firepunch","stoneedge"],"nature":"Adamant","evs":{"hp":4,"atk":252,"def":0,"spa":0,"spd":0,"spe":252},"shiny":true,"ivs":{"hp":31,"atk":31,"def":31,"spa":31,"spd":31,"spe":31}}],"p2team":[{"name":"Ferrothorn","species":"Ferrothorn","item":"rockyhelmet","ability":"Iron Barbs","moves":["gyroball","stealthrock","leechseed","powerwhip"],"nature":"Brave","evs":{"hp":248,"atk":252,"def":0,"spa":0,"spd":8,"spe":0},"ivs":{"hp":31,"atk":31,"def":31,"spa":31,"spd":31,"spe":0}},{"name":"Breloom","species":"Breloom","item":"focussash","ability":"Technician","moves":["spore","machpunch","bulletseed","rocktomb"],"nature":"Jolly","evs":{"hp":0,"atk":252,"def":0,"spa":0,"spd":4,"spe":252},"shiny":true,"ivs":{"hp":31,"atk":31,"def":31,"spa":31,"spd":31,"spe":31}},{"name":"Whimsicott","species":"Whimsicott","item":"leftovers","ability":"Prankster","moves":["substitute","leechseed","cottonguard","protect"],"nature":"Jolly","evs":{"hp":252,"atk":0,"def":128,"spa":0,"spd":128,"spe":0},"ivs":{"hp":31,"atk":31,"def":31,"spa":31,"spd":31,"spe":31}},{"name":"Venusaur","species":"Venusaur","item":"venusaurite","ability":"Overgrow","moves":["synthesis","sludgebomb","gigadrain","hiddenpowerfire"],"nature":"Modest","evs":{"hp":248,"atk":0,"def":0,"spa":252,"spd":8,"spe":0},"ivs":{"hp":31,"atk":30,"def":31,"spa":30,"spd":31,"spe":30}},{"name":"Serperior","species":"Serperior","item":"leftovers","ability":"Contrary","moves":["leafstorm","dragonpulse","hiddenpowerrock","glare"],"nature":"Timid","evs":{"hp":0,"atk":0,"def":0,"spa":252,"spd":4,"spe":252},"ivs":{"hp":31,"atk":31,"def":30,"spa":31,"spd":30,"spe":30},"shiny":true},{"name":"Cradily","species":"Cradily","item":"leftovers","ability":"Suction Cups","moves":["recover","rockslide","stealthrock","curse"],"nature":"Careful","evs":{"hp":252,"atk":4,"def":0,"spa":0,"spd":252,"spe":0},"ivs":{"hp":31,"atk":31,"def":31,"spa":31,"spd":31,"spe":31}}],"log":["|player|p1|sovereign♕zoroark|1","|player|p2|In da mix|200","|gametype|singles","|gen|6","|tier|Monotype","|rated","|rule|Baton Pass Clause: Limit one Baton Passer, can't pass Spe and other stats simultaneously","|rule|Swagger Clause: Swagger is banned","|rule|Same Type Clause: Pokémon in a team must share a type","|clearpoke","|poke|p1|Infernape, M","|poke|p1|Keldeo","|poke|p1|Gallade, M, shiny","|poke|p1|Conkeldurr, M, shiny","|poke|p1|Breloom, M, shiny","|poke|p1|Hawlucha, F, shiny","|poke|p2|Ferrothorn, F","|poke|p2|Breloom, F, shiny","|poke|p2|Whimsicott, F","|poke|p2|Venusaur, F","|poke|p2|Serperior, F, shiny","|poke|p2|Cradily, M","|rule|Sleep Clause Mod: Limit one foe put to sleep","|rule|Species Clause: Limit one of each Pokémon","|rule|OHKO Clause: OHKO moves are banned","|rule|Moody Clause: Moody is banned","|rule|Evasion Moves Clause: Evasion moves are banned","|rule|Endless Battle Clause: Forcing endless battles is banned","|rule|HP Percentage Mod: HP is shown in percentages","|teampreview","|","|start","|switch|p1a: Infernape|Infernape, M|294/294","|switch|p2a: Whimsicott|Whimsicott, F|324/324","|turn|1","|","|move|p2a: Whimsicott|Substitute|p2a: Whimsicott","|-start|p2a: Whimsicott|Substitute","|-damage|p2a: Whimsicott|243/324","|move|p1a: Infernape|Close Combat|p2a: Whimsicott","|-resisted|p2a: Whimsicott","|-end|p2a: Whimsicott|Substitute","|-unboost|p1a: Infernape|def|1","|-unboost|p1a: Infernape|spd|1","|","|-heal|p2a: Whimsicott|263/324|[from] item: Leftovers","|turn|2","|","|move|p2a: Whimsicott|Protect|p2a: Whimsicott","|-singleturn|p2a: Whimsicott|Protect","|move|p1a: Infernape|Fire Punch|p2a: Whimsicott","|-activate|p2a: Whimsicott|Protect","|","|-heal|p2a: Whimsicott|283/324|[from] item: Leftovers","|turn|3","|","|move|p2a: Whimsicott|Cotton Guard|p2a: Whimsicott","|-boost|p2a: Whimsicott|def|3","|move|p1a: Infernape|Fire Punch|p2a: Whimsicott","|-supereffective|p2a: Whimsicott","|-damage|p2a: Whimsicott|169/324","|-status|p2a: Whimsicott|brn","|","|-heal|p2a: Whimsicott|189/324 brn|[from] item: Leftovers","|-damage|p2a: Whimsicott|149/324 brn|[from] brn","|turn|4","|","|move|p2a: Whimsicott|Leech Seed|p1a: Infernape","|-start|p1a: Infernape|move: Leech Seed","|move|p1a: Infernape|Fire Punch|p2a: Whimsicott","|-supereffective|p2a: Whimsicott","|-damage|p2a: Whimsicott|39/324 brn","|","|-heal|p2a: Whimsicott|59/324 brn|[from] item: Leftovers","|-damage|p1a: Infernape|258/294|[from] Leech Seed|[of] p2a: Whimsicott","|-heal|p2a: Whimsicott|95/324 brn|[silent]","|-damage|p2a: Whimsicott|55/324 brn|[from] brn","|turn|5","|","|switch|p1a: Hawlucha|Hawlucha, F, shiny|298/298","|move|p2a: Whimsicott|Protect|p2a: Whimsicott","|-fail|p2a: Whimsicott","|","|-heal|p2a: Whimsicott|75/324 brn|[from] item: Leftovers","|-damage|p2a: Whimsicott|35/324 brn|[from] brn","|turn|6","|","|move|p2a: Whimsicott|Protect|p2a: Whimsicott","|-singleturn|p2a: Whimsicott|Protect","|move|p1a: Hawlucha|Fire Punch|p2a: Whimsicott","|-activate|p2a: Whimsicott|Protect","|","|-heal|p2a: Whimsicott|55/324 brn|[from] item: Leftovers","|-damage|p2a: Whimsicott|15/324 brn|[from] brn","|turn|7","|","|move|p2a: Whimsicott|Leech Seed|p1a: Hawlucha","|-start|p1a: Hawlucha|move: Leech Seed","|move|p1a: Hawlucha|Fire Punch|p2a: Whimsicott","|-supereffective|p2a: Whimsicott","|-damage|p2a: Whimsicott|0 fnt","|faint|p2a: Whimsicott","|","|","|switch|p2a: Cradily|Cradily, M|376/376","|turn|8","|","|switch|p1a: Conkeldurr|Conkeldurr, M, shiny|414/414","|-item|p1a: Conkeldurr|Air Balloon","|move|p2a: Cradily|Stealth Rock|p1a: Conkeldurr","|-sidestart|p1: sovereign♕zoroark|move: Stealth Rock","|","|turn|9","|","|switch|p2a: Venusaur|Venusaur, F|363/363","|move|p1a: Conkeldurr|Drain Punch|p2a: Venusaur","|-resisted|p2a: Venusaur","|-damage|p2a: Venusaur|271/363","|","|turn|10","|","|detailschange|p2a: Venusaur|Venusaur-Mega, F","|-mega|p2a: Venusaur|Venusaur|Venusaurite","|move|p2a: Venusaur|Sludge Bomb|p1a: Conkeldurr","|-crit|p1a: Conkeldurr","|-damage|p1a: Conkeldurr|35/414","|-enditem|p1a: Conkeldurr|Air Balloon","|move|p1a: Conkeldurr|Ice Punch|p2a: Venusaur","|-supereffective|p2a: Venusaur","|-damage|p2a: Venusaur|177/363","|","|turn|11","|","|move|p1a: Conkeldurr|Mach Punch|p2a: Venusaur","|-resisted|p2a: Venusaur","|-damage|p2a: Venusaur|141/363","|move|p2a: Venusaur|Synthesis|p2a: Venusaur","|-heal|p2a: Venusaur|322/363","|","|turn|12","|","|move|p1a: Conkeldurr|Mach Punch|p2a: Venusaur","|-resisted|p2a: Venusaur","|-damage|p2a: Venusaur|287/363","|move|p2a: Venusaur|Giga Drain|p1a: Conkeldurr","|-damage|p1a: Conkeldurr|0 fnt","|-heal|p2a: Venusaur|305/363|[from] drain|[of] p1a: Conkeldurr","|faint|p1a: Conkeldurr","|","|","|switch|p1a: Infernape|Infernape, M|258/294","|-damage|p1a: Infernape|222/294|[from] Stealth Rock","|turn|13","|","|move|p1a: Infernape|Fire Punch|p2a: Venusaur","|-crit|p2a: Venusaur","|-supereffective|p2a: Venusaur","|-damage|p2a: Venusaur|141/363","|move|p2a: Venusaur|Sludge Bomb|p1a: Infernape","|-damage|p1a: Infernape|0 fnt","|faint|p1a: Infernape","|","|","|switch|p1a: Hawlucha|Hawlucha, F, shiny|298/298","|-damage|p1a: Hawlucha|261/298|[from] Stealth Rock","|turn|14","|","|switch|p2a: Ferrothorn|Ferrothorn, F|351/351","|move|p1a: Hawlucha|Acrobatics|p2a: Ferrothorn","|-damage|p2a: Ferrothorn|209/351","|-damage|p1a: Hawlucha|224/298|[from] ability: Iron Barbs|[of] p2a: Ferrothorn","|-damage|p1a: Hawlucha|175/298|[from] item: Rocky Helmet|[of] p2a: Ferrothorn","|","|turn|15","|","|move|p1a: Hawlucha|Fire Punch|p2a: Ferrothorn","|-supereffective|p2a: Ferrothorn","|-damage|p2a: Ferrothorn|0 fnt","|-damage|p1a: Hawlucha|138/298|[from] ability: Iron Barbs|[of] p2a: Ferrothorn","|-damage|p1a: Hawlucha|89/298|[from] item: Rocky Helmet|[of] p2a: Ferrothorn","|faint|p2a: Ferrothorn","|","|","|switch|p2a: Cradily|Cradily, M|376/376","|turn|16","|","|move|p1a: Hawlucha|Stone Edge|p2a: Cradily|[miss]","|-miss|p1a: Hawlucha|p2a: Cradily","|move|p2a: Cradily|Curse|p2a: Cradily","|-unboost|p2a: Cradily|spe|1","|-boost|p2a: Cradily|atk|1","|-boost|p2a: Cradily|def|1","|","|turn|17","|","|move|p1a: Hawlucha|Stone Edge|p2a: Cradily","|-damage|p2a: Cradily|306/376","|move|p2a: Cradily|Curse|p2a: Cradily","|-unboost|p2a: Cradily|spe|1","|-boost|p2a: Cradily|atk|1","|-boost|p2a: Cradily|def|1","|","|-heal|p2a: Cradily|329/376|[from] item: Leftovers","|turn|18","|","|move|p1a: Hawlucha|Acrobatics|p2a: Cradily","|-damage|p2a: Cradily|247/376","|move|p2a: Cradily|Rock Slide|p1a: Hawlucha","|-damage|p1a: Hawlucha|0 fnt","|faint|p1a: Hawlucha","|","|-heal|p2a: Cradily|270/376|[from] item: Leftovers","|","|switch|p1a: Breloom|Breloom, M, shiny|324/324","|-damage|p1a: Breloom|304/324|[from] Stealth Rock","|turn|19","|","|move|p1a: Breloom|Spore|p2a: Cradily","|-immune|p2a: Cradily|[msg]","|move|p2a: Cradily|Rock Slide|p1a: Breloom","|-resisted|p1a: Breloom","|-damage|p1a: Breloom|208/324","|","|-heal|p2a: Cradily|293/376|[from] item: Leftovers","|turn|20","|","|move|p1a: Breloom|Wake-Up Slap|p2a: Cradily","|-supereffective|p2a: Cradily","|-damage|p2a: Cradily|147/376","|move|p2a: Cradily|Rock Slide|p1a: Breloom","|-resisted|p1a: Breloom","|-damage|p1a: Breloom|120/324","|","|-heal|p2a: Cradily|170/376|[from] item: Leftovers","|turn|21","|","|move|p1a: Breloom|Wake-Up Slap|p2a: Cradily","|-supereffective|p2a: Cradily","|-damage|p2a: Cradily|30/376","|move|p2a: Cradily|Recover|p2a: Cradily","|-heal|p2a: Cradily|218/376","|","|-heal|p2a: Cradily|241/376|[from] item: Leftovers","|turn|22","|","|move|p1a: Breloom|Wake-Up Slap|p2a: Cradily","|-supereffective|p2a: Cradily","|-damage|p2a: Cradily|107/376","|move|p2a: Cradily|Recover|p2a: Cradily","|-heal|p2a: Cradily|295/376","|","|-heal|p2a: Cradily|318/376|[from] item: Leftovers","|turn|23","|","|move|p1a: Breloom|Wake-Up Slap|p2a: Cradily","|-supereffective|p2a: Cradily","|-damage|p2a: Cradily|178/376","|move|p2a: Cradily|Rock Slide|p1a: Breloom","|-miss|p2a: Cradily|p1a: Breloom","|","|-heal|p2a: Cradily|201/376|[from] item: Leftovers","|turn|24","|","|move|p1a: Breloom|Wake-Up Slap|p2a: Cradily","|-supereffective|p2a: Cradily","|-damage|p2a: Cradily|63/376","|move|p2a: Cradily|Rock Slide|p1a: Breloom","|-resisted|p1a: Breloom","|-damage|p1a: Breloom|24/324","|","|-heal|p2a: Cradily|86/376|[from] item: Leftovers","|turn|25","|","|move|p1a: Breloom|Wake-Up Slap|p2a: Cradily","|-supereffective|p2a: Cradily","|-damage|p2a: Cradily|0 fnt","|faint|p2a: Cradily","|","|","|switch|p2a: Venusaur|Venusaur-Mega, F|141/363","|turn|26","|","|move|p2a: Venusaur|Synthesis|p2a: Venusaur","|-heal|p2a: Venusaur|322/363","|move|p1a: Breloom|Rock Tomb|p2a: Venusaur","|-damage|p2a: Venusaur|261/363","|-unboost|p2a: Venusaur|spe|1","|","|turn|27","|","|move|p1a: Breloom|Rock Tomb|p2a: Venusaur","|-damage|p2a: Venusaur|195/363","|-unboost|p2a: Venusaur|spe|1","|move|p2a: Venusaur|Sludge Bomb|p1a: Breloom","|-supereffective|p1a: Breloom","|-damage|p1a: Breloom|0 fnt","|faint|p1a: Breloom","|","|","|switch|p1a: Gallade|Gallade, M, shiny|278/278","|-damage|p1a: Gallade|261/278|[from] Stealth Rock","|turn|28","|","|move|p1a: Gallade|Swords Dance|p1a: Gallade","|-boost|p1a: Gallade|atk|2","|move|p2a: Venusaur|Sludge Bomb|p1a: Gallade","|-damage|p1a: Gallade|119/278","|-status|p1a: Gallade|psn","|","|-damage|p1a: Gallade|85/278 psn|[from] psn","|turn|29","|","|move|p1a: Gallade|Earthquake|p2a: Venusaur","|-damage|p2a: Venusaur|0 fnt","|faint|p2a: Venusaur","|","|-damage|p1a: Gallade|51/278 psn|[from] psn","|","|switch|p2a: Breloom|Breloom, F, shiny|261/261","|turn|30","|","|move|p2a: Breloom|Mach Punch|p1a: Gallade","|-resisted|p1a: Gallade","|-damage|p1a: Gallade|0 fnt","|faint|p1a: Gallade","|","|","|switch|p1a: Keldeo|Keldeo|323/323","|-damage|p1a: Keldeo|303/323|[from] Stealth Rock","|turn|31","|","|move|p1a: Keldeo|Poison Jab|p2a: Breloom","|-supereffective|p2a: Breloom","|-damage|p2a: Breloom|81/261","|-status|p2a: Breloom|psn","|move|p2a: Breloom|Spore|p1a: Keldeo","|-status|p1a: Keldeo|slp","|","|-damage|p2a: Breloom|49/261 psn|[from] psn","|turn|32","|","|cant|p1a: Keldeo|slp","|move|p2a: Breloom|Bullet Seed|p1a: Keldeo","|-supereffective|p1a: Keldeo","|-damage|p1a: Keldeo|159/323 slp","|-supereffective|p1a: Keldeo","|-damage|p1a: Keldeo|13/323 slp","|-hitcount|p1a: Keldeo|2","|","|-damage|p2a: Breloom|17/261 psn|[from] psn","|turn|33","|","|cant|p1a: Keldeo|slp","|move|p2a: Breloom|Rock Tomb|p1a: Keldeo","|-resisted|p1a: Keldeo","|-damage|p1a: Keldeo|0 fnt","|faint|p1a: Keldeo","|","|win|In da mix"],"p1rating":{"entryid":"7523691","serverid":"eos","formatid":"monotype","userid":"sovereignzoroark","username":"sovereign♕zoroark","w":"1","l":7,"t":"0","gxe":31.4,"r":"1500","rd":"130","sigma":"0","rptime":"1439110800","rpr":1347.8862603167,"rprd":92.39392545975,"rpsigma":"0","acre":1014.2487031724,"lacre":1014.2487031724,"oldacre":"1027.2205373542"},"p2rating":{"entryid":"7525711","serverid":"eos","formatid":"monotype","userid":"indamix","username":"In da mix","w":2,"l":"0","t":"0","gxe":59.4,"r":"1500","rd":"130","sigma":"0","rptime":"1439110800","rpr":1575.5013733291,"rprd":116.72231676675,"rpsigma":"0","acre":1083.979764557,"lacre":1083.979764557,"oldacre":"1054.6925697254"},"endType":"normal"}