{"seed":[29916,30805,19402,57111],"turns":29,"p1":"Union Wevrm","p2":"Blackwel","p1team":[{"name":"Tyranitar","species":"Tyranitar","item":"tyranitarite","ability":"Sand Stream","moves":["dragondance","stoneedge","earthquake","thunderpunch"],"nature":"Adamant","evs":{"hp":0,"atk":252,"def":0,"spa":0,"spd":4,"spe":252},"ivs":{"hp":31,"atk":31,"def":31,"spa":31,"spd":31,"spe":31}},{"name":"Omastar","species":"Omastar","item":"focussash","ability":"Swift Swim","moves":["shellsmash","scald","icebeam","earthpower"],"nature":"Modest","evs":{"hp":0,"atk":0,"def":0,"spa":252,"spd":4,"spe":252},"ivs":{"hp":31,"atk":31,"def":31,"spa":31,"spd":31,"spe":31}},{"name":"Cradily","species":"Cradily","item":"bigroot","ability":"Suction Cups","moves":["infestation","stockpile","gigadrain","ingrain"],"nature":"Modest","evs":{"hp":248,"atk":0,"def":0,"spa":252,"spd":8,"spe":0},"ivs":{"hp":31,"atk":31,"def":31,"spa":31,"spd":31,"spe":31}},{"name":"Archeops","species":"Archeops","item":"","ability":"Defeatist","moves":["rockslide","acrobatics","earthquake","dragonclaw"],"nature":"Jolly","evs":{"hp":0,"atk":252,"def":0,"spa":0,"spd":4,"spe":252},"ivs":{"hp":31,"atk":31,"def":31,"spa":31,"spd":31,"spe":31}},{"name":"Regirock","species":"Regirock","item":"leftovers","ability":"Clear Body","moves":["curse","hammerarm","rockslide","stealthrock"],"nature":"Adamant","evs":{"hp":252,"atk":252,"def":0,"spa":0,"spd":4,"spe":0},"ivs":{"hp":31,"atk":30,"def":31,"spa":30,"spd":31,"spe":30}},{"name":"Aerodactyl","species":"Aerodactyl","item":"choicescarf","ability":"Rock Head","moves":["doubleedge","stoneedge","icefang","dragonpulse"],"nature":"Hasty","evs":{"hp":4,"atk":252,"def":0,"spa":0,"spd":0,"spe":252},"ivs":{"hp":31,"atk":31,"def":31,"spa":31,"spd":31,"spe":31}}],"p2team":[{"name":"Hoopa-Unbound","species":"Hoopa-Unbound","item":"choicescarf","ability":"Magician","moves":["gunkshot","hyperspacefury","zenheadbutt","drainpunch"],"nature":"Jolly","evs":{"hp":0,"atk":252,"def":0,"spa":0,"spd":4,"spe":252},"ivs":{"hp":31,"atk":31,"def":31,"spa":31,"spd":31,"spe":31}},{"name":"Mandibuzz","species":"Mandibuzz","item":"leftovers","ability":"Overcoat","moves":["defog","foulplay","roost","toxic"],"nature":"Bold","evs":{"hp":252,"atk":0,"def":252,"spa":0,"spd":4,"spe":0},"ivs":{"hp":31,"atk":31,"def":31,"spa":31,"spd":31,"spe":31}},{"name":"Bisharp","species":"Bisharp","item":"lifeorb","ability":"Defiant","moves":["ironhead","poisonjab","suckerpunch","swordsdance"],"nature":"Jolly","evs":{"hp":0,"atk":252,"def":0,"spa":0,"spd":4,"spe":252},"ivs":{"hp":31,"atk":31,"def":31,"spa":31,"spd":31,"spe":31}},{"name":"Houndoom","species":"Houndoom","item":"houndoominite","ability":"Flash Fire","moves":["flamethrower","darkpulse","sludgebomb","destinybond"],"nature":"Timid","evs":{"hp":0,"atk":0,"def":0,"spa":252,"spd":4,"spe":252},"ivs":{"hp":31,"atk":31,"def":31,"spa":31,"spd":31,"spe":31}},{"name":"Hydreigon","species":"Hydreigon","item":"choicescarf","ability":"Levitate","moves":["darkpulse","earthpower","uturn","dracometeor"],"nature":"Timid","evs":{"hp":0,"atk":0,"def":0,"spa":252,"spd":4,"spe":252},"ivs":{"hp":31,"atk":31,"def":31,"spa":31,"spd":31,"spe":31}},{"name":"Sableye","species":"Sableye","item":"leftovers","ability":"Prankster","moves":["willowisp","recover","taunt","foulplay"],"nature":"Calm","evs":{"hp":252,"atk":0,"def":4,"spa":0,"spd":252,"spe":0},"ivs":{"hp":31,"atk":31,"def":31,"spa":31,"spd":31,"spe":31}}],"log":["|player|p1|Union Wevrm|unionwevrm.png","|player|p2|Blackwel|65","|gametype|singles","|gen|6","|tier|Monotype","|rated","|rule|Baton Pass Clause: Limit one Baton Passer, can't pass Spe and other stats simultaneously","|rule|Swagger Clause: Swagger is banned","|rule|Same Type Clause: Pokémon in a team must share a type","|clearpoke","|poke|p1|Tyranitar, F","|poke|p1|Omastar, M","|poke|p1|Cradily, F","|poke|p1|Archeops, F","|poke|p1|Regirock","|poke|p1|Aerodactyl, F","|poke|p2|Hoopa-Unbound","|poke|p2|Mandibuzz, F","|poke|p2|Bisharp, M","|poke|p2|Houndoom, M","|poke|p2|Hydreigon, M","|poke|p2|Sableye, F","|rule|Sleep Clause Mod: Limit one foe put to sleep","|rule|Species Clause: Limit one of each Pokémon","|rule|OHKO Clause: OHKO moves are banned","|rule|Moody Clause: Moody is banned","|rule|Evasion Moves Clause: Evasion moves are banned","|rule|Endless Battle Clause: Forcing endless battles is banned","|rule|HP Percentage Mod: HP is shown in percentages","|teampreview","|","|start","|switch|p1a: Tyranitar|Tyranitar, F|341/341","|switch|p2a: Sableye|Sableye, F|304/304","|-weather|Sandstorm","|turn|1","|","|switch|p1a: Cradily|Cradily, F|375/375","|move|p2a: Sableye|Will-O-Wisp|p1a: Cradily","|-status|p1a: Cradily|brn","|","|-weather|Sandstorm|[upkeep]","|-damage|p2a: Sableye|285/304|[from] sandstorm","|-heal|p2a: Sableye|304/304|[from] item: Leftovers","|-damage|p1a: Cradily|329/375 brn|[from] brn","|turn|2","|","|move|p2a: Sableye|Taunt|p1a: Cradily","|-start|p1a: Cradily|move: Taunt","|move|p1a: Cradily|Infestation|p2a: Sableye","|-damage|p2a: Sableye|286/304","|-activate|p2a: Sableye|move: Infestation|[of] p1a: Cradily","|","|-weather|Sandstorm|[upkeep]","|-damage|p2a: Sableye|267/304|[from] sandstorm","|-heal|p2a: Sableye|286/304|[from] item: Leftovers","|-damage|p1a: Cradily|283/375 brn|[from] brn","|-damage|p2a: Sableye|248/304|[from] move: Infestation|[partiallytrapped]","|turn|3","|","|move|p2a: Sableye|Foul Play|p1a: Cradily","|-damage|p1a: Cradily|198/375 brn","|move|p1a: Cradily|Giga Drain|p2a: Sableye","|-damage|p2a: Sableye|151/304","|-heal|p1a: Cradily|262/375 brn|[from] drain|[of] p2a: Sableye","|","|-weather|Sandstorm|[upkeep]","|-damage|p2a: Sableye|132/304|[from] sandstorm","|-heal|p2a: Sableye|151/304|[from] item: Leftovers","|-damage|p1a: Cradily|216/375 brn|[from] brn","|-damage|p2a: Sableye|113/304|[from] move: Infestation|[partiallytrapped]","|turn|4","|","|move|p2a: Sableye|Recover|p2a: Sableye","|-heal|p2a: Sableye|265/304","|move|p1a: Cradily|Giga Drain|p2a: Sableye","|-damage|p2a: Sableye|163/304","|-heal|p1a: Cradily|282/375 brn|[from] drain|[of] p2a: Sableye","|","|-weather|Sandstorm|[upkeep]","|-damage|p2a: Sableye|144/304|[from] sandstorm","|-heal|p2a: Sableye|163/304|[from] item: Leftovers","|-damage|p1a: Cradily|236/375 brn|[from] brn","|-damage|p2a: Sableye|125/304|[from] move: Infestation|[partiallytrapped]","|-end|p1a: Cradily|move: Taunt","|turn|5","|","|switch|p1a: Omastar|Omastar, M|281/281","|move|p2a: Sableye|Recover|p2a: Sableye","|-heal|p2a: Sableye|277/304","|","|-weather|none","|-heal|p2a: Sableye|296/304|[from] item: Leftovers","|turn|6","|","|move|p2a: Sableye|Taunt|p1a: Omastar","|-start|p1a: Omastar|move: Taunt","|move|p1a: Omastar|Scald|p2a: Sableye","|-damage|p2a: Sableye|163/304","|","|-heal|p2a: Sableye|182/304|[from] item: Leftovers","|turn|7","|","|move|p2a: Sableye|Will-O-Wisp|p1a: Omastar|[miss]","|-miss|p2a: Sableye|p1a: Omastar","|move|p1a: Omastar|Scald|p2a: Sableye","|-damage|p2a: Sableye|41/304","|-status|p2a: Sableye|brn","|","|-heal|p2a: Sableye|60/304 brn|[from] item: Leftovers","|-damage|p2a: Sableye|22/304 brn|[from] brn","|turn|8","|","|move|p1a: Omastar|Scald|p2a: Sableye","|-damage|p2a: Sableye|0 fnt","|faint|p2a: Sableye","|","|-end|p1a: Omastar|move: Taunt","|","|switch|p2a: Hydreigon|Hydreigon, M|325/325","|turn|9","|","|move|p2a: Hydreigon|Dark Pulse|p1a: Omastar","|-damage|p1a: Omastar|80/281","|move|p1a: Omastar|Ice Beam|p2a: Hydreigon","|-supereffective|p2a: Hydreigon","|-damage|p2a: Hydreigon|71/325","|-status|p2a: Hydreigon|frz","|","|turn|10","|","|cant|p2a: Hydreigon|frz","|move|p1a: Omastar|Shell Smash|p1a: Omastar","|-unboost|p1a: Omastar|def|1","|-unboost|p1a: Omastar|spd|1","|-boost|p1a: Omastar|atk|2","|-boost|p1a: Omastar|spa|2","|-boost|p1a: Omastar|spe|2","|","|turn|11","|","|cant|p2a: Hydreigon|frz","|move|p1a: Omastar|Scald|p2a: Hydreigon","|-resisted|p2a: Hydreigon","|-damage|p2a: Hydreigon|0 fnt","|faint|p2a: Hydreigon","|","|","|switch|p2a: Bisharp|Bisharp, M|271/271","|turn|12","|","|move|p2a: Bisharp|Sucker Punch|p1a: Omastar","|-fail|p2a: Bisharp","|move|p1a: Omastar|Shell Smash|p1a: Omastar","|-unboost|p1a: Omastar|def|1","|-unboost|p1a: Omastar|spd|1","|-boost|p1a: Omastar|atk|2","|-boost|p1a: Omastar|spa|2","|-boost|p1a: Omastar|spe|2","|","|turn|13","|","|move|p2a: Bisharp|Sucker Punch|p1a: Omastar","|-damage|p1a: Omastar|0 fnt","|-damage|p2a: Bisharp|244/271|[from] item: Life Orb","|faint|p1a: Omastar","|","|","|switch|p1a: Archeops|Archeops, F|291/291","|turn|14","|","|switch|p2a: Mandibuzz|Mandibuzz, F|424/424","|move|p1a: Archeops|Earthquake|p2a: Mandibuzz","|-immune|p2a: Mandibuzz|[msg]","|","|turn|15","|","|switch|p1a: Cradily|Cradily, F|236/375 brn","|move|p2a: Mandibuzz|Foul Play|p1a: Cradily","|-damage|p1a: Cradily|148/375 brn","|","|-damage|p1a: Cradily|102/375 brn|[from] brn","|turn|16","|","|move|p2a: Mandibuzz|Foul Play|p1a: Cradily","|-damage|p1a: Cradily|17/375 brn","|move|p1a: Cradily|Ingrain|p1a: Cradily","|-start|p1a: Cradily|move: Ingrain","|","|-heal|p1a: Cradily|47/375 brn|[from] Ingrain","|-damage|p1a: Cradily|1/375 brn|[from] brn","|turn|17","|","|move|p2a: Mandibuzz|Foul Play|p1a: Cradily","|-damage|p1a: Cradily|0 fnt","|faint|p1a: Cradily","|","|","|switch|p1a: Regirock|Regirock|364/364","|turn|18","|","|move|p2a: Mandibuzz|Toxic|p1a: Regirock","|-status|p1a: Regirock|tox","|move|p1a: Regirock|Stealth Rock|p2a: Mandibuzz","|-sidestart|p2: Blackwel|move: Stealth Rock","|","|-damage|p1a: Regirock|342/364 tox|[from] psn","|turn|19","|","|move|p2a: Mandibuzz|Defog|p1a: Regirock","|-fail|p1a: Regirock|unboost|[from] ability: Clear Body|[of] p1a: Regirock","|-sideend|p2: Blackwel|Stealth Rock|[from] move: Defog|[of] p2a: Mandibuzz","|move|p1a: Regirock|Rock Slide|p2a: Mandibuzz","|-miss|p1a: Regirock|p2a: Mandibuzz","|","|-heal|p1a: Regirock|364/364 tox|[from] item: Leftovers","|-damage|p1a: Regirock|320/364 tox|[from] psn","|turn|20","|","|move|p2a: Mandibuzz|Foul Play|p1a: Regirock","|-damage|p1a: Regirock|229/364 tox","|move|p1a: Regirock|Rock Slide|p2a: Mandibuzz","|-supereffective|p2a: Mandibuzz","|-damage|p2a: Mandibuzz|262/424","|","|-heal|p2a: Mandibuzz|288/424|[from] item: Leftovers","|-heal|p1a: Regirock|251/364 tox|[from] item: Leftovers","|-damage|p1a: Regirock|185/364 tox|[from] psn","|turn|21","|","|move|p2a: Mandibuzz|Foul Play|p1a: Regirock","|-damage|p1a: Regirock|106/364 tox","|move|p1a: Regirock|Curse|p1a: Regirock","|-unboost|p1a: Regirock|spe|1","|-boost|p1a: Regirock|atk|1","|-boost|p1a: Regirock|def|1","|","|-heal|p2a: Mandibuzz|314/424|[from] item: Leftovers","|-heal|p1a: Regirock|128/364 tox|[from] item: Leftovers","|-damage|p1a: Regirock|40/364 tox|[from] psn","|turn|22","|","|move|p2a: Mandibuzz|Foul Play|p1a: Regirock","|-damage|p1a: Regirock|0 fnt","|faint|p1a: Regirock","|","|-heal|p2a: Mandibuzz|340/424|[from] item: Leftovers","|","|switch|p1a: Tyranitar|Tyranitar, F|341/341","|-weather|Sandstorm","|turn|23","|","|detailschange|p1a: Tyranitar|Tyranitar-Mega, F","|-mega|p1a: Tyranitar|Tyranitar|Tyranitarite","|move|p1a: Tyranitar|Dragon Dance|p1a: Tyranitar","|-boost|p1a: Tyranitar|atk|1","|-boost|p1a: Tyranitar|spe|1","|move|p2a: Mandibuzz|Toxic|p1a: Tyranitar","|-status|p1a: Tyranitar|tox","|","|-weather|Sandstorm|[upkeep]","|-heal|p2a: Mandibuzz|366/424|[from] item: Leftovers","|-damage|p1a: Tyranitar|320/341 tox|[from] psn","|turn|24","|","|move|p1a: Tyranitar|Stone Edge|p2a: Mandibuzz|[miss]","|-miss|p1a: Tyranitar|p2a: Mandibuzz","|move|p2a: Mandibuzz|Foul Play|p1a: Tyranitar","|-resisted|p1a: Tyranitar","|-damage|p1a: Tyranitar|196/341 tox","|","|-weather|Sandstorm|[upkeep]","|-heal|p2a: Mandibuzz|392/424|[from] item: Leftovers","|-damage|p1a: Tyranitar|154/341 tox|[from] psn","|turn|25","|","|move|p1a: Tyranitar|Stone Edge|p2a: Mandibuzz","|-supereffective|p2a: Mandibuzz","|-damage|p2a: Mandibuzz|0 fnt","|faint|p2a: Mandibuzz","|","|-weather|Sandstorm|[upkeep]","|-damage|p1a: Tyranitar|91/341 tox|[from] psn","|","|switch|p2a: Bisharp|Bisharp, M|244/271","|turn|26","|","|move|p2a: Bisharp|Sucker Punch|p1a: Tyranitar","|-resisted|p1a: Tyranitar","|-damage|p1a: Tyranitar|33/341 tox","|-damage|p2a: Bisharp|217/271|[from] item: Life Orb","|move|p1a: Tyranitar|Earthquake|p2a: Bisharp","|-supereffective|p2a: Bisharp","|-damage|p2a: Bisharp|0 fnt","|faint|p2a: Bisharp","|","|-weather|Sandstorm|[upkeep]","|-damage|p1a: Tyranitar|0 fnt|[from] psn","|faint|p1a: Tyranitar","|","|switch|p1a: Archeops|Archeops, F|291/291","|switch|p2a: Houndoom|Houndoom, M|291/291","|turn|27","|","|detailschange|p2a: Houndoom|Houndoom-Mega, M","|-mega|p2a: Houndoom|Houndoom|Houndoominite","|move|p1a: Archeops|Rock Slide|p2a: Houndoom","|-supereffective|p2a: Houndoom","|-damage|p2a: Houndoom|0 fnt","|faint|p2a: Houndoom","|","|-weather|none","|","|switch|p2a: Hoopa-Unbound|Hoopa-Unbound|301/301","|turn|28","|","|move|p2a: Hoopa-Unbound|Hyperspace Fury|p1a: Archeops","|-damage|p1a: Archeops|0 fnt","|-unboost|p2a: Hoopa-Unbound|def|1","|faint|p1a: Archeops","|","|","|switch|p1a: Aerodactyl|Aerodactyl, F|302/302","|turn|29","|","|move|p1a: Aerodactyl|Stone Edge|p2a: Hoopa-Unbound","|-damage|p2a: Hoopa-Unbound|0 fnt","|faint|p2a: Hoopa-Unbound","|","|win|Union Wevrm"],"p1rating":{"entryid":"7313146","serverid":"eos","formatid":"monotype","userid":"unionwevrm","username":"Union Wevrm","w":9,"l":"26","t":"0","gxe":30.9,"r":1331.2868412649,"rd":61.040353820637,"sigma":"0","rptime":1439110800,"rpr":1346.731281537,"rprd":60.38005898854,"rpsigma":"0","acre":1089.4637340437,"lacre":1089.4637340437,"oldacre":"1040.7307943503"},"p2rating":{"entryid":"6967914","serverid":"eos","formatid":"monotype","userid":"blackwel","username":"Blackwel","w":"18","l":13,"t":"0","gxe":54,"r":"1528.8278976628","rd":"67.291201913589","sigma":"0","rptime":"1439110800","rpr":1530.5548376177,"rprd":64.30350520968,"rpsigma":"0","acre":1167.9727620787,"lacre":1167.9727620787,"oldacre":"1203.9217087081"},"endType":"normal"}