{"seed":[64314,34570,14038,18109],"turns":29,"p1":"Imp LeAltaria","p2":"Gym Leadeя Kinn","p1team":[{"name":"Altaria","species":"Altaria","item":"altarianite","ability":"Cloud Nine","moves":["healbell","hypervoice","roost","fireblast"],"nature":"Modest","evs":{"hp":100,"atk":0,"def":0,"spa":252,"spd":0,"spe":156},"ivs":{"hp":31,"atk":31,"def":31,"spa":31,"spd":31,"spe":31}},{"name":"Togekiss","species":"Togekiss","item":"leftovers","ability":"Serene Grace","moves":["thunderwave","nastyplot","airslash","dazzlinggleam"],"nature":"Modest","evs":{"hp":252,"atk":0,"def":0,"spa":252,"spd":4,"spe":0},"ivs":{"hp":31,"atk":31,"def":31,"spa":31,"spd":31,"spe":31}},{"name":"Gliscor","species":"Gliscor","item":"toxicorb","ability":"Poison Heal","moves":["fling","earthquake","acrobatics","protect"],"nature":"Adamant","evs":{"hp":108,"atk":252,"def":0,"spa":0,"spd":0,"spe":148},"ivs":{"hp":31,"atk":31,"def":31,"spa":31,"spd":31,"spe":31}},{"name":"Landorus","species":"Landorus","item":"lifeorb","ability":"Sheer Force","moves":["sludgewave","earthpower","calmmind","focusblast"],"nature":"Timid","evs":{"hp":0,"atk":0,"def":0,"spa":252,"spd":4,"spe":252},"ivs":{"hp":31,"atk":31,"def":31,"spa":31,"spd":31,"spe":31}},{"name":"Noivern","species":"Noivern","item":"choicespecs","ability":"Infiltrator","moves":["boomburst","flamethrower","hurricane","dracometeor"],"nature":"Timid","evs":{"hp":0,"atk":0,"def":0,"spa":252,"spd":4,"spe":252},"ivs":{"hp":31,"atk":31,"def":31,"spa":31,"spd":31,"spe":31}},{"name":"Delibird","species":"Delibird","item":"choicescarf","ability":"Hustle","moves":["rapidspin","icepunch","brickbreak","aerialace"],"nature":"Adamant","evs":{"hp":0,"atk":252,"def":0,"spa":0,"spd":4,"spe":252},"ivs":{"hp":31,"atk":31,"def":31,"spa":31,"spd":31,"spe":31}}],"p2team":[{"name":"Nike","species":"victini","item":"choicespecs","ability":"Victory Star","moves":["searingshot","dazzlinggleam","thunderbolt","uturn"],"nature":"Timid","evs":{"hp":252,"atk":0,"def":0,"spa":252,"spd":0,"spe":4},"ivs":{"hp":31,"atk":31,"def":31,"spa":31,"spd":31,"spe":31}},{"name":"Kinn's Soul","species":"latios","item":"choicescarf","ability":"Levitate","moves":["dracometeor","psychic","defog","icebeam"],"nature":"Timid","evs":{"hp":4,"atk":0,"def":252,"spa":0,"spd":0,"spe":252},"ivs":{"hp":31,"atk":31,"def":31,"spa":31,"spd":31,"spe":31}},{"name":"Your Slow Bro :D","species":"slowbro","item":"leftovers","ability":"Regenerator","moves":["scald","calmmind","slackoff","flamethrower"],"nature":"Sassy","evs":{"hp":0,"atk":0,"def":252,"spa":4,"spd":252,"spe":0},"gender":"M","ivs":{"hp":31,"atk":31,"def":31,"spa":31,"spd":31,"spe":31}},{"name":"The Seven Sins","species":"hoopaunbound","item":"assaultvest","ability":"Magician","moves":["hyperspacefury","firepunch","drainpunch","zenheadbutt"],"nature":"Impish","evs":{"hp":4,"atk":0,"def":252,"spa":0,"spd":0,"spe":252},"ivs":{"hp":31,"atk":31,"def":31,"spa":31,"spd":31,"spe":31}},{"name":"Melody","species":"meloetta","item":"assaultvest","ability":"Serene Grace","moves":["shadowball","dazzlinggleam","focusblast","psyshock"],"nature":"Modest","evs":{"hp":248,"atk":0,"def":0,"spa":252,"spd":8,"spe":0},"ivs":{"hp":31,"atk":31,"def":31,"spa":31,"spd":31,"spe":31}},{"name":"Screaming Widow","species":"gardevoir","item":"gardevoirite","ability":"Synchronize","moves":["hypervoice","energyball","psyshock","shadowball"],"nature":"Modest","evs":{"hp":0,"atk":0,"def":0,"spa":252,"spd":4,"spe":252},"gender":"F","shiny":true,"ivs":{"hp":31,"atk":31,"def":31,"spa":31,"spd":31,"spe":31}}],"log":["|player|p1|Imp LeAltaria|285","|player|p2|Gym Leadeя Kinn|266","|gametype|singles","|gen|6","|tier|Monotype","|rated","|rule|Baton Pass Clause: Limit one Baton Passer, can't pass Spe and other stats simultaneously","|rule|Swagger Clause: Swagger is banned","|rule|Same Type Clause: Pokémon in a team must share a type","|clearpoke","|poke|p1|Altaria, M","|poke|p1|Togekiss, M","|poke|p1|Gliscor, M","|poke|p1|Landorus, M","|poke|p1|Noivern, M","|poke|p1|Delibird, M","|poke|p2|Victini","|poke|p2|Latios, M","|poke|p2|Slowbro, M","|poke|p2|Hoopa-Unbound","|poke|p2|Meloetta","|poke|p2|Gardevoir, F, shiny","|rule|Sleep Clause Mod: Limit one foe put to sleep","|rule|Species Clause: Limit one of each Pokémon","|rule|OHKO Clause: OHKO moves are banned","|rule|Moody Clause: Moody is banned","|rule|Evasion Moves Clause: Evasion moves are banned","|rule|Endless Battle Clause: Forcing endless battles is banned","|rule|HP Percentage Mod: HP is shown in percentages","|teampreview","|","|start","|switch|p1a: Togekiss|Togekiss, M|374/374","|switch|p2a: Kinn's Soul|Latios, M|302/302","|turn|1","|","|move|p2a: Kinn's Soul|Ice Beam|p1a: Togekiss","|-supereffective|p1a: Togekiss","|-damage|p1a: Togekiss|226/374","|move|p1a: Togekiss|Thunder Wave|p2a: Kinn's Soul","|-status|p2a: Kinn's Soul|par","|","|-heal|p1a: Togekiss|249/374|[from] item: Leftovers","|turn|2","|","|move|p1a: Togekiss|Thunder Wave|p2a: Kinn's Soul","|-fail|p2a: Kinn's Soul|par","|cant|p2a: Kinn's Soul|par","|","|-heal|p1a: Togekiss|272/374|[from] item: Leftovers","|turn|3","|","|move|p1a: Togekiss|Air Slash|p2a: Kinn's Soul","|-damage|p2a: Kinn's Soul|175/302 par","|cant|p2a: Kinn's Soul|par","|","|-heal|p1a: Togekiss|295/374|[from] item: Leftovers","|turn|4","|","|switch|p2a: Your Slow Bro :D|Slowbro, M|331/331","|move|p1a: Togekiss|Air Slash|p2a: Your Slow Bro :D","|-damage|p2a: Your Slow Bro :D|205/331","|","|-heal|p1a: Togekiss|318/374|[from] item: Leftovers","|-heal|p2a: Your Slow Bro :D|225/331|[from] item: Leftovers","|turn|5","|","|move|p1a: Togekiss|Thunder Wave|p2a: Your Slow Bro :D","|-status|p2a: Your Slow Bro :D|par","|move|p2a: Your Slow Bro :D|Scald|p1a: Togekiss","|-damage|p1a: Togekiss|230/374","|-status|p1a: Togekiss|brn","|","|-heal|p1a: Togekiss|253/374 brn|[from] item: Leftovers","|-heal|p2a: Your Slow Bro :D|245/331 par|[from] item: Leftovers","|-damage|p1a: Togekiss|207/374 brn|[from] brn","|turn|6","|","|move|p1a: Togekiss|Air Slash|p2a: Your Slow Bro :D","|-damage|p2a: Your Slow Bro :D|136/331 par","|cant|p2a: Your Slow Bro :D|flinch","|","|-heal|p1a: Togekiss|230/374 brn|[from] item: Leftovers","|-heal|p2a: Your Slow Bro :D|156/331 par|[from] item: Leftovers","|-damage|p1a: Togekiss|184/374 brn|[from] brn","|turn|7","|","|move|p1a: Togekiss|Air Slash|p2a: Your Slow Bro :D|[miss]","|-miss|p1a: Togekiss|p2a: Your Slow Bro :D","|move|p2a: Your Slow Bro :D|Scald|p1a: Togekiss","|-damage|p1a: Togekiss|99/374 brn","|","|-heal|p1a: Togekiss|122/374 brn|[from] item: Leftovers","|-heal|p2a: Your Slow Bro :D|176/331 par|[from] item: Leftovers","|-damage|p1a: Togekiss|76/374 brn|[from] brn","|turn|8","|","|switch|p1a: Altaria|Altaria, M|316/316","|-ability|p1a: Altaria|Cloud Nine","|cant|p2a: Your Slow Bro :D|par","|","|-heal|p2a: Your Slow Bro :D|196/331 par|[from] item: Leftovers","|turn|9","|","|move|p1a: Altaria|Heal Bell|p1a: Altaria","|-cureteam|p1a: Altaria|[from] move: HealBell","|move|p2a: Your Slow Bro :D|Slack Off|p2a: Your Slow Bro :D","|-heal|p2a: Your Slow Bro :D|331/331 par","|","|turn|10","|","|switch|p2a: Screaming Widow|Gardevoir, F, shiny|277/277","|move|p1a: Altaria|Hyper Voice|p2a: Screaming Widow","|-damage|p2a: Screaming Widow|206/277","|","|turn|11","|","|detailschange|p2a: Screaming Widow|Gardevoir-Mega, F, shiny","|-mega|p2a: Screaming Widow|Gardevoir|Gardevoirite","|detailschange|p1a: Altaria|Altaria-Mega, M","|-mega|p1a: Altaria|Altaria|Altarianite","|move|p2a: Screaming Widow|Hyper Voice|p1a: Altaria","|-supereffective|p1a: Altaria","|-damage|p1a: Altaria|0 fnt","|faint|p1a: Altaria","|","|","|switch|p1a: Delibird|Delibird, M|231/231","|turn|12","|","|move|p1a: Delibird|Ice Punch|p2a: Screaming Widow|[miss]","|-miss|p1a: Delibird|p2a: Screaming Widow","|move|p2a: Screaming Widow|Hyper Voice|p1a: Delibird","|-damage|p1a: Delibird|0 fnt","|faint|p1a: Delibird","|","|","|switch|p1a: Landorus|Landorus, M|319/319","|turn|13","|","|move|p1a: Landorus|Sludge Wave|p2a: Screaming Widow","|-supereffective|p2a: Screaming Widow","|-damage|p2a: Screaming Widow|0 fnt","|faint|p2a: Screaming Widow","|","|","|switch|p2a: The Seven Sins|Hoopa-Unbound|302/302","|turn|14","|","|move|p1a: Landorus|Earth Power|p2a: The Seven Sins","|-damage|p2a: The Seven Sins|164/302","|move|p2a: The Seven Sins|Hyperspace Fury|p1a: Landorus","|-damage|p1a: Landorus|114/319","|-unboost|p2a: The Seven Sins|def|1","|","|turn|15","|","|switch|p2a: Kinn's Soul|Latios, M|175/302 par","|move|p1a: Landorus|Earth Power|p2a: Kinn's Soul","|-immune|p2a: Kinn's Soul|[msg]","|","|turn|16","|","|move|p1a: Landorus|Sludge Wave|p2a: Kinn's Soul","|-damage|p2a: Kinn's Soul|16/302 par","|cant|p2a: Kinn's Soul|par","|","|turn|17","|","|switch|p2a: Melody|Meloetta|403/403","|move|p1a: Landorus|Sludge Wave|p2a: Melody","|-damage|p2a: Melody|308/403","|","|turn|18","|","|move|p1a: Landorus|Earth Power|p2a: Melody","|-damage|p2a: Melody|178/403","|move|p2a: Melody|Psyshock|p1a: Landorus","|-damage|p1a: Landorus|0 fnt","|faint|p1a: Landorus","|","|","|switch|p1a: Gliscor|Gliscor, M|318/318","|turn|19","|","|move|p1a: Gliscor|Protect|p1a: Gliscor","|-singleturn|p1a: Gliscor|Protect","|move|p2a: Melody|Psyshock|p1a: Gliscor","|-activate|p1a: Gliscor|Protect","|","|-status|p1a: Gliscor|tox|[from] item: Toxic Orb","|turn|20","|","|switch|p2a: The Seven Sins|Hoopa-Unbound|164/302","|move|p1a: Gliscor|Fling|p2a: The Seven Sins","|-enditem|p1a: Gliscor|Toxic Orb|[from] move: Fling","|-damage|p2a: The Seven Sins|132/302","|-status|p2a: The Seven Sins|tox","|","|-damage|p2a: The Seven Sins|114/302 tox|[from] psn","|turn|21","|","|move|p1a: Gliscor|Acrobatics|p2a: The Seven Sins","|-damage|p2a: The Seven Sins|0 fnt","|faint|p2a: The Seven Sins","|","|","|switch|p2a: Your Slow Bro :D|Slowbro, M|331/331 par","|turn|22","|","|move|p1a: Gliscor|Protect|p1a: Gliscor","|-singleturn|p1a: Gliscor|Protect","|move|p2a: Your Slow Bro :D|Scald|p1a: Gliscor","|-activate|p1a: Gliscor|Protect","|","|turn|23","|","|switch|p1a: Noivern|Noivern, M|311/311","|move|p2a: Your Slow Bro :D|Scald|p1a: Noivern","|-resisted|p1a: Noivern","|-damage|p1a: Noivern|253/311","|","|turn|24","|","|move|p1a: Noivern|Hurricane|p2a: Your Slow Bro :D|[miss]","|-miss|p1a: Noivern|p2a: Your Slow Bro :D","|move|p2a: Your Slow Bro :D|Calm Mind|p2a: Your Slow Bro :D","|-boost|p2a: Your Slow Bro :D|spa|1","|-boost|p2a: Your Slow Bro :D|spd|1","|","|turn|25","|","|move|p1a: Noivern|Hurricane|p2a: Your Slow Bro :D|[miss]","|-miss|p1a: Noivern|p2a: Your Slow Bro :D","|move|p2a: Your Slow Bro :D|Calm Mind|p2a: Your Slow Bro :D","|-boost|p2a: Your Slow Bro :D|spa|1","|-boost|p2a: Your Slow Bro :D|spd|1","|","|turn|26","|","|switch|p1a: Togekiss|Togekiss, M|76/374","|move|p2a: Your Slow Bro :D|Calm Mind|p2a: Your Slow Bro :D","|-boost|p2a: Your Slow Bro :D|spa|1","|-boost|p2a: Your Slow Bro :D|spd|1","|","|-heal|p1a: Togekiss|99/374|[from] item: Leftovers","|turn|27","|","|move|p1a: Togekiss|Air Slash|p2a: Your Slow Bro :D","|-damage|p2a: Your Slow Bro :D|280/331 par","|cant|p2a: Your Slow Bro :D|flinch","|","|-heal|p1a: Togekiss|122/374|[from] item: Leftovers","|-heal|p2a: Your Slow Bro :D|300/331 par|[from] item: Leftovers","|turn|28","|","|move|p1a: Togekiss|Air Slash|p2a: Your Slow Bro :D","|-damage|p2a: Your Slow Bro :D|252/331 par","|cant|p2a: Your Slow Bro :D|flinch","|","|-heal|p1a: Togekiss|145/374|[from] item: Leftovers","|-heal|p2a: Your Slow Bro :D|272/331 par|[from] item: Leftovers","|turn|29","|","|move|p1a: Togekiss|Air Slash|p2a: Your Slow Bro :D","|-damage|p2a: Your Slow Bro :D|224/331 par","|move|p2a: Your Slow Bro :D|Scald|p1a: Togekiss","|-damage|p1a: Togekiss|0 fnt","|faint|p1a: Togekiss","|","|-heal|p2a: Your Slow Bro :D|244/331 par|[from] item: Leftovers","|","|win|Gym Leadeя Kinn"],"p1rating":{"entryid":"7519882","serverid":"eos","formatid":"monotype","userid":"implealtaria","username":"Imp LeAltaria","w":"4","l":2,"t":"0","gxe":54.5,"r":"1500","rd":"130","sigma":"0","rptime":"1439110800","rpr":1535.4623528102,"rprd":99.485625029855,"rpsigma":"0","acre":1081.7609683329,"lacre":1081.7609683329,"oldacre":"1112.6484671966"},"p2rating":{"entryid":"7522622","serverid":"eos","formatid":"monotype","userid":"gymleadekinn","username":"Gym Leadeя Kinn","w":2,"l":"1","t":"0","gxe":52.7,"r":"1500","rd":"130","sigma":"0","rptime":"1439110800","rpr":1521.4446735575,"rprd":111.32242062772,"rpsigma":"0","acre":1073.259327742,"lacre":1073.259327742,"oldacre":"1029.262379919"},"endType":"forfeit"}