{"seed":[7857,49014,20036,47398],"turns":23,"p1":"Zukushiku","p2":"Jumeaux쌍둥이","p1team":[{"name":"Mismagius","species":"Mismagius","item":"leftovers","ability":"Levitate","moves":["taunt","shadowball","willowisp","painsplit"],"nature":"Timid","evs":{"hp":240,"atk":0,"def":40,"spa":0,"spd":0,"spe":228},"ivs":{"hp":31,"atk":31,"def":31,"spa":31,"spd":31,"spe":31}},{"name":"Spiritomb","species":"Spiritomb","item":"leftovers","ability":"Infiltrator","moves":["foulplay","willowisp","suckerpunch","painsplit"],"nature":"Careful","evs":{"hp":248,"atk":0,"def":116,"spa":0,"spd":140,"spe":0},"ivs":{"hp":31,"atk":31,"def":31,"spa":31,"spd":31,"spe":31}},{"name":"Sableye","species":"Sableye","item":"sablenite","ability":"Prankster","moves":["knockoff","willowisp","recover","foulplay"],"nature":"Careful","evs":{"hp":252,"atk":0,"def":112,"spa":0,"spd":144,"spe":0},"ivs":{"hp":31,"atk":31,"def":31,"spa":31,"spd":31,"spe":31}},{"name":"Jellicent","species":"Jellicent","item":"leftovers","ability":"Water Absorb","moves":["taunt","toxic","scald","recover"],"nature":"Timid","evs":{"hp":248,"atk":0,"def":0,"spa":0,"spd":216,"spe":44},"shiny":true,"ivs":{"hp":31,"atk":31,"def":31,"spa":31,"spd":31,"spe":31}},{"name":"Golurk","species":"Golurk","item":"focussash","ability":"No Guard","moves":["dynamicpunch","earthquake","stoneedge","stealthrock"],"nature":"Adamant","evs":{"hp":0,"atk":252,"def":0,"spa":0,"spd":0,"spe":252},"ivs":{"hp":31,"atk":31,"def":31,"spa":31,"spd":31,"spe":31}},{"name":"Chandelure","species":"Chandelure","item":"choicescarf","ability":"Flash Fire","moves":["fireblast","shadowball","energyball","hiddenpowerice"],"nature":"Timid","evs":{"hp":0,"atk":0,"def":0,"spa":252,"spd":4,"spe":252},"ivs":{"hp":31,"atk":0,"def":30,"spa":31,"spd":31,"spe":31},"shiny":true}],"p2team":[{"name":"ラティオス","species":"latios","item":"choicescarf","ability":"Levitate","moves":["shadowball","dragonpulse","psyshock","icebeam"],"nature":"Timid","evs":{"hp":0,"atk":0,"def":4,"spa":252,"spd":0,"spe":252},"ivs":{"hp":31,"atk":0,"def":31,"spa":31,"spd":31,"spe":31}},{"name":"キュレム","species":"kyuremblack","item":"lifeorb","ability":"Teravolt","moves":["icebeam","outrage","fusionbolt","ironhead"],"nature":"Naive","evs":{"hp":0,"atk":100,"def":0,"spa":180,"spd":0,"spe":228},"shiny":true,"ivs":{"hp":31,"atk":31,"def":31,"spa":31,"spd":31,"spe":31}},{"name":"ボーマンダ","species":"salamence","item":"choicescarf","ability":"Moxie","moves":["outrage","aerialace","steelwing","earthquake"],"nature":"Jolly","evs":{"hp":0,"atk":252,"def":4,"spa":0,"spd":0,"spe":252},"ivs":{"hp":31,"atk":31,"def":31,"spa":31,"spd":31,"spe":31}},{"name":"サザンドラ","species":"hydreigon","item":"choicespecs","ability":"Levitate","moves":["darkpulse","flamethrower","dracometeor","flashcannon"],"nature":"Modest","evs":{"hp":0,"atk":0,"def":4,"spa":252,"spd":0,"spe":252},"shiny":true,"ivs":{"hp":31,"atk":31,"def":31,"spa":31,"spd":31,"spe":31}},{"name":"ガブリアス","species":"garchomp","item":"rockyhelmet","ability":"Rough Skin","moves":["stealthrock","earthquake","dragontail","endure"],"nature":"Impish","evs":{"hp":252,"atk":0,"def":232,"spa":0,"spd":24,"spe":0},"ivs":{"hp":31,"atk":31,"def":31,"spa":31,"spd":31,"spe":31}},{"name":"ラティアス","species":"latias","item":"latiasite","ability":"Levitate","moves":["calmmind","recover","psyshock","dragonbreath"],"nature":"Bold","evs":{"hp":252,"atk":0,"def":224,"spa":0,"spd":0,"spe":32},"ivs":{"hp":31,"atk":0,"def":31,"spa":31,"spd":31,"spe":31}}],"log":["|player|p1|Zukushiku|zukushiku.png","|player|p2|Jumeaux쌍둥이|alliancewutang.png","|gametype|singles","|gen|6","|tier|Monotype","|rated","|rule|Baton Pass Clause: Limit one Baton Passer, can't pass Spe and other stats simultaneously","|rule|Swagger Clause: Swagger is banned","|rule|Same Type Clause: Pokémon in a team must share a type","|clearpoke","|poke|p1|Mismagius, F","|poke|p1|Spiritomb, M","|poke|p1|Sableye, M","|poke|p1|Jellicent, M, shiny","|poke|p1|Golurk","|poke|p1|Chandelure, F, shiny","|poke|p2|Latios, M","|poke|p2|Kyurem-Black, shiny","|poke|p2|Salamence, F","|poke|p2|Hydreigon, F, shiny","|poke|p2|Garchomp, M","|poke|p2|Latias, F","|rule|Sleep Clause Mod: Limit one foe put to sleep","|rule|Species Clause: Limit one of each Pokémon","|rule|OHKO Clause: OHKO moves are banned","|rule|Moody Clause: Moody is banned","|rule|Evasion Moves Clause: Evasion moves are banned","|rule|Endless Battle Clause: Forcing endless battles is banned","|rule|HP Percentage Mod: HP is shown in percentages","|teampreview","|","|start","|switch|p1a: Mismagius|Mismagius, F|321/321","|switch|p2a: サザンドラ|Hydreigon, F, shiny|325/325","|turn|1","|","|switch|p1a: Spiritomb|Spiritomb, M|303/303","|switch|p2a: ラティオス|Latios, M|301/301","|","|turn|2","|","|switch|p2a: ガブリアス|Garchomp, M|420/420","|move|p1a: Spiritomb|Will-O-Wisp|p2a: ガブリアス","|-status|p2a: ガブリアス|brn","|","|-damage|p2a: ガブリアス|368/420 brn|[from] brn","|turn|3","|","|switch|p1a: Sableye|Sableye, M|304/304","|move|p2a: ガブリアス|Stealth Rock|p1a: Sableye","|-sidestart|p1: Zukushiku|move: Stealth Rock","|","|-damage|p2a: ガブリアス|316/420 brn|[from] brn","|turn|4","|","|detailschange|p1a: Sableye|Sableye-Mega, M","|-mega|p1a: Sableye|Sableye|Sablenite","|move|p1a: Sableye|Knock Off|p2a: ガブリアス","|-damage|p2a: ガブリアス|241/420 brn","|-damage|p1a: Sableye|266/304|[from] ability: Rough Skin|[of] p2a: ガブリアス","|-damage|p1a: Sableye|216/304|[from] item: Rocky Helmet|[of] p2a: ガブリアス","|-enditem|p2a: ガブリアス|Rocky Helmet|[from] move: Knock Off|[of] p1a: Sableye","|move|p2a: ガブリアス|Dragon Tail|p1a: Sableye|[miss]","|-miss|p2a: ガブリアス|p1a: Sableye","|","|-damage|p2a: ガブリアス|189/420 brn|[from] brn","|turn|5","|","|move|p1a: Sableye|Recover|p1a: Sableye","|-heal|p1a: Sableye|304/304","|move|p2a: ガブリアス|Dragon Tail|p1a: Sableye","|-damage|p1a: Sableye|271/304","|drag|p1a: Chandelure|Chandelure, F, shiny|261/261","|-damage|p1a: Chandelure|196/261|[from] Stealth Rock","|","|-damage|p2a: ガブリアス|137/420 brn|[from] brn","|turn|6","|","|move|p1a: Chandelure|Shadow Ball|p2a: ガブリアス","|-damage|p2a: ガブリアス|0 fnt","|faint|p2a: ガブリアス","|","|","|switch|p2a: サザンドラ|Hydreigon, F, shiny|325/325","|turn|7","|","|switch|p1a: Spiritomb|Spiritomb, M|303/303","|-damage|p1a: Spiritomb|266/303|[from] Stealth Rock","|move|p2a: サザンドラ|Dark Pulse|p1a: Spiritomb","|-damage|p1a: Spiritomb|88/303","|","|-heal|p1a: Spiritomb|106/303|[from] item: Leftovers","|turn|8","|","|move|p1a: Spiritomb|Sucker Punch|p2a: サザンドラ","|-resisted|p2a: サザンドラ","|-damage|p2a: サザンドラ|273/325","|move|p2a: サザンドラ|Dark Pulse|p1a: Spiritomb","|-damage|p1a: Spiritomb|0 fnt","|faint|p1a: Spiritomb","|","|","|switch|p1a: Sableye|Sableye-Mega, M|271/304","|-damage|p1a: Sableye|233/304|[from] Stealth Rock","|turn|9","|","|move|p2a: サザンドラ|Dark Pulse|p1a: Sableye","|-damage|p1a: Sableye|68/304","|move|p1a: Sableye|Recover|p1a: Sableye","|-heal|p1a: Sableye|220/304","|","|turn|10","|","|move|p2a: サザンドラ|Dark Pulse|p1a: Sableye","|-crit|p1a: Sableye","|-damage|p1a: Sableye|0 fnt","|faint|p1a: Sableye","|","|","|switch|p1a: Chandelure|Chandelure, F, shiny|196/261","|-damage|p1a: Chandelure|131/261|[from] Stealth Rock","|turn|11","|","|switch|p2a: キュレム|Kyurem-Black, shiny|391/391","|-ability|p2a: キュレム|Teravolt","|move|p1a: Chandelure|Hidden Power|p2a: キュレム","|-damage|p2a: キュレム|299/391","|","|turn|12","|","|switch|p1a: Mismagius|Mismagius, F|321/321","|-damage|p1a: Mismagius|281/321|[from] Stealth Rock","|move|p2a: キュレム|Fusion Bolt|p1a: Mismagius","|-damage|p1a: Mismagius|35/321","|-damage|p2a: キュレム|260/391|[from] item: Life Orb","|","|-heal|p1a: Mismagius|55/321|[from] item: Leftovers","|turn|13","|","|switch|p2a: ラティオス|Latios, M|301/301","|move|p1a: Mismagius|Will-O-Wisp|p2a: ラティオス","|-status|p2a: ラティオス|brn","|","|-heal|p1a: Mismagius|75/321|[from] item: Leftovers","|-damage|p2a: ラティオス|264/301 brn|[from] brn","|turn|14","|","|switch|p1a: Jellicent|Jellicent, M, shiny|403/403","|-damage|p1a: Jellicent|353/403|[from] Stealth Rock","|move|p2a: ラティオス|Shadow Ball|p1a: Jellicent","|-supereffective|p1a: Jellicent","|-damage|p1a: Jellicent|201/403","|","|-heal|p1a: Jellicent|226/403|[from] item: Leftovers","|-damage|p2a: ラティオス|227/301 brn|[from] brn","|turn|15","|","|switch|p2a: キュレム|Kyurem-Black, shiny|260/391","|-ability|p2a: キュレム|Teravolt","|move|p1a: Jellicent|Toxic|p2a: キュレム","|-status|p2a: キュレム|tox","|","|-heal|p1a: Jellicent|251/403|[from] item: Leftovers","|-damage|p2a: キュレム|236/391 tox|[from] psn","|turn|16","|","|switch|p1a: Golurk|Golurk|319/319","|-damage|p1a: Golurk|300/319|[from] Stealth Rock","|move|p2a: キュレム|Fusion Bolt|p1a: Golurk","|-immune|p1a: Golurk|[msg]","|","|-damage|p2a: キュレム|188/391 tox|[from] psn","|turn|17","|","|switch|p1a: Jellicent|Jellicent, M, shiny|251/403","|-damage|p1a: Jellicent|201/403|[from] Stealth Rock","|move|p2a: キュレム|Ice Beam|p1a: Jellicent","|-resisted|p1a: Jellicent","|-damage|p1a: Jellicent|122/403","|-status|p1a: Jellicent|frz","|-damage|p2a: キュレム|149/391 tox|[from] item: Life Orb","|","|-heal|p1a: Jellicent|147/403 frz|[from] item: Leftovers","|-damage|p2a: キュレム|77/391 tox|[from] psn","|turn|18","|","|move|p2a: キュレム|Outrage|p1a: Jellicent","|-damage|p1a: Jellicent|0 fnt","|-damage|p2a: キュレム|38/391 tox|[from] item: Life Orb","|faint|p1a: Jellicent","|","|-damage|p2a: キュレム|0 fnt|[from] psn","|faint|p2a: キュレム","|","|switch|p1a: Mismagius|Mismagius, F|75/321","|switch|p2a: サザンドラ|Hydreigon, F, shiny|273/325","|-damage|p1a: Mismagius|35/321|[from] Stealth Rock","|turn|19","|","|switch|p2a: ラティオス|Latios, M|227/301 brn","|move|p1a: Mismagius|Pain Split|p2a: ラティオス","|-sethp|p2a: ラティオス|131/301 brn|p1a: Mismagius|131/321|[from] move: Pain Split","|","|-heal|p1a: Mismagius|151/321|[from] item: Leftovers","|-damage|p2a: ラティオス|94/301 brn|[from] brn","|turn|20","|","|move|p2a: ラティオス|Shadow Ball|p1a: Mismagius","|-supereffective|p1a: Mismagius","|-damage|p1a: Mismagius|0 fnt","|faint|p1a: Mismagius","|","|-damage|p2a: ラティオス|57/301 brn|[from] brn","|","|switch|p1a: Chandelure|Chandelure, F, shiny|131/261","|-damage|p1a: Chandelure|66/261|[from] Stealth Rock","|turn|21","|","|move|p2a: ラティオス|Shadow Ball|p1a: Chandelure","|-supereffective|p1a: Chandelure","|-damage|p1a: Chandelure|0 fnt","|faint|p1a: Chandelure","|","|-damage|p2a: ラティオス|20/301 brn|[from] brn","|","|switch|p1a: Golurk|Golurk|300/319","|-damage|p1a: Golurk|281/319|[from] Stealth Rock","|turn|22","|","|move|p2a: ラティオス|Shadow Ball|p1a: Golurk","|-supereffective|p1a: Golurk","|-damage|p1a: Golurk|67/319","|move|p1a: Golurk|Stealth Rock|p2a: ラティオス","|-sidestart|p2: Jumeaux쌍둥이|move: Stealth Rock","|","|-damage|p2a: ラティオス|0 fnt|[from] brn","|faint|p2a: ラティオス","|","|switch|p2a: サザンドラ|Hydreigon, F, shiny|273/325","|-damage|p2a: サザンドラ|233/325|[from] Stealth Rock","|turn|23","|","|move|p2a: サザンドラ|Flamethrower|p1a: Golurk","|-damage|p1a: Golurk|0 fnt","|faint|p1a: Golurk","|","|win|Jumeaux쌍둥이"],"p1rating":{"entryid":"7076911","serverid":"eos","formatid":"monotype","userid":"zukushiku","username":"Zukushiku","w":"37","l":17,"t":"0","gxe":68.1,"r":"1644.5841694678","rd":"50.568513403167","sigma":"0","rptime":"1439024400","rpr":1643.8093031458,"rprd":48.525918548983,"rpsigma":"0","acre":1313.9494425024,"lacre":1313.9494425024,"oldacre":"1338.562937817"},"p2rating":{"entryid":"7501166","serverid":"eos","formatid":"monotype","userid":"jumeaux","username":"Jumeaux쌍둥이","w":13,"l":"3","t":"0","gxe":71.6,"r":"1500","rd":"130","sigma":"0","rptime":"1439024400","rpr":1678.2914317874,"rprd":74.724898485487,"rpsigma":"0","acre":1287.7164797692,"lacre":1287.7164797692,"oldacre":"1256.9496106259"},"endType":"normal"}