{"seed":[14397,29494,45348,15043],"turns":30,"p1":"Wanderer DJ","p2":"Bugy","p1team":[{"name":"Weezing","species":"Weezing","item":"sitrusberry","ability":"Levitate","moves":["toxicspikes","willowisp","memento","thief"],"nature":"Careful","evs":{"hp":248,"atk":8,"def":0,"spa":0,"spd":252,"spe":0},"ivs":{"hp":31,"atk":31,"def":31,"spa":31,"spd":31,"spe":31}},{"name":"Tentacruel","species":"Tentacruel","item":"assaultvest","ability":"Liquid Ooze","moves":["scald","acidspray","gigadrain","hex"],"nature":"Timid","evs":{"hp":0,"atk":0,"def":4,"spa":252,"spd":0,"spe":252},"ivs":{"hp":31,"atk":31,"def":31,"spa":31,"spd":31,"spe":31}},{"name":"Skuntank","species":"Skuntank","item":"","ability":"Stench","moves":["snatch","thief","suckerpunch","poisonjab"],"nature":"Adamant","evs":{"hp":248,"atk":252,"def":0,"spa":0,"spd":8,"spe":0},"ivs":{"hp":31,"atk":31,"def":31,"spa":31,"spd":31,"spe":31}},{"name":"Crobat","species":"Crobat","item":"whiteherb","ability":"Infiltrator","moves":["curse","acrobatics","roost","hypnosis"],"nature":"Jolly","evs":{"hp":248,"atk":8,"def":0,"spa":0,"spd":0,"spe":252},"ivs":{"hp":31,"atk":31,"def":31,"spa":31,"spd":31,"spe":31}},{"name":"Gengar","species":"Gengar","item":"choicescarf","ability":"Levitate","moves":["trick","destinybond","venoshock","hex"],"nature":"Timid","evs":{"hp":0,"atk":0,"def":0,"spa":252,"spd":4,"spe":252},"ivs":{"hp":31,"atk":31,"def":31,"spa":31,"spd":31,"spe":31}},{"name":"Amoonguss","species":"Amoonguss","item":"blacksludge","ability":"Regenerator","moves":["spore","gigadrain","gastroacid","stunspore"],"nature":"Calm","evs":{"hp":248,"atk":0,"def":0,"spa":8,"spd":252,"spe":0},"shiny":true,"ivs":{"hp":31,"atk":31,"def":31,"spa":31,"spd":31,"spe":31}}],"p2team":[{"name":"Pinsir","species":"Pinsir","item":"pinsirite","ability":"Moxie","moves":["quickattack","return","swordsdance","closecombat"],"nature":"Adamant","evs":{"hp":248,"atk":252,"def":0,"spa":0,"spd":8,"spe":0},"ivs":{"hp":31,"atk":31,"def":31,"spa":31,"spd":31,"spe":31}},{"name":"Volcarona","species":"Volcarona","item":"leftovers","ability":"Flame Body","moves":["bugbuzz","fierydance","quiverdance","gigadrain"],"nature":"Modest","evs":{"hp":0,"atk":0,"def":0,"spa":252,"spd":4,"spe":252},"ivs":{"hp":31,"atk":31,"def":31,"spa":31,"spd":31,"spe":31}},{"name":"Scizor","species":"Scizor","item":"rockyhelmet","ability":"Technician","moves":["swordsdance","bulletpunch","roost","uturn"],"nature":"Impish","evs":{"hp":248,"atk":8,"def":252,"spa":0,"spd":0,"spe":0},"ivs":{"hp":31,"atk":31,"def":31,"spa":31,"spd":31,"spe":31}},{"name":"Vivillon","species":"Vivillon","item":"focussash","ability":"Compound Eyes","moves":["sleeppowder","hurricane","endeavor","quiverdance"],"nature":"","evs":{"hp":0,"atk":0,"def":0,"spa":0,"spd":0,"spe":0},"ivs":{"hp":31,"atk":31,"def":31,"spa":31,"spd":31,"spe":31}},{"name":"Heracross","species":"Heracross","item":"choicescarf","ability":"Guts","moves":["closecombat","megahorn","stoneedge","earthquake"],"nature":"","evs":{"hp":0,"atk":0,"def":0,"spa":0,"spd":0,"spe":0},"ivs":{"hp":31,"atk":31,"def":31,"spa":31,"spd":31,"spe":31}},{"name":"Armaldo","species":"Armaldo","item":"leftovers","ability":"Battle Armor","moves":["stealthrock","rockblast","rapidspin","knockoff"],"nature":"Adamant","evs":{"hp":252,"atk":252,"def":0,"spa":0,"spd":4,"spe":0},"ivs":{"hp":31,"atk":31,"def":31,"spa":31,"spd":31,"spe":31}}],"log":["|player|p1|Wanderer DJ|235","|player|p2|Bugy|66","|gametype|singles","|gen|6","|tier|Monotype","|rated","|rule|Baton Pass Clause: Limit one Baton Passer, can't pass Spe and other stats simultaneously","|rule|Swagger Clause: Swagger is banned","|rule|Same Type Clause: Pokémon in a team must share a type","|clearpoke","|poke|p1|Weezing, F","|poke|p1|Tentacruel, M","|poke|p1|Skuntank, F","|poke|p1|Crobat, F","|poke|p1|Gengar, M","|poke|p1|Amoonguss, M, shiny","|poke|p2|Pinsir, M","|poke|p2|Volcarona, F","|poke|p2|Scizor, M","|poke|p2|Vivillon, M","|poke|p2|Heracross, M","|poke|p2|Armaldo, F","|rule|Sleep Clause Mod: Limit one foe put to sleep","|rule|Species Clause: Limit one of each Pokémon","|rule|OHKO Clause: OHKO moves are banned","|rule|Moody Clause: Moody is banned","|rule|Evasion Moves Clause: Evasion moves are banned","|rule|Endless Battle Clause: Forcing endless battles is banned","|rule|HP Percentage Mod: HP is shown in percentages","|teampreview","|","|start","|switch|p1a: Weezing|Weezing, F|333/333","|switch|p2a: Armaldo|Armaldo, F|354/354","|turn|1","|","|move|p1a: Weezing|Will-O-Wisp|p2a: Armaldo|[miss]","|-miss|p1a: Weezing|p2a: Armaldo","|move|p2a: Armaldo|Knock Off|p1a: Weezing","|-damage|p1a: Weezing|229/333","|-enditem|p1a: Weezing|Sitrus Berry|[from] move: Knock Off|[of] p2a: Armaldo","|","|turn|2","|","|move|p1a: Weezing|Toxic Spikes|p2a: Armaldo","|-sidestart|p2: Bugy|move: Toxic Spikes","|move|p2a: Armaldo|Stealth Rock|p1a: Weezing","|-sidestart|p1: Wanderer DJ|move: Stealth Rock","|","|turn|3","|","|move|p1a: Weezing|Will-O-Wisp|p2a: Armaldo","|-status|p2a: Armaldo|brn","|move|p2a: Armaldo|Rock Blast|p1a: Weezing|[miss]","|-miss|p2a: Armaldo|p1a: Weezing","|","|-damage|p2a: Armaldo|310/354 brn|[from] brn","|turn|4","|","|switch|p2a: Vivillon|Vivillon, M|301/301","|move|p1a: Weezing|Toxic Spikes|p2a: Vivillon","|-sidestart|p2: Bugy|move: Toxic Spikes","|","|turn|5","|","|switch|p1a: Amoonguss|Amoonguss, M, shiny|431/431","|-damage|p1a: Amoonguss|378/431|[from] Stealth Rock","|move|p2a: Vivillon|Sleep Powder|p1a: Amoonguss","|-immune|p1a: Amoonguss|[msg]","|","|-heal|p1a: Amoonguss|404/431|[from] item: Black Sludge","|turn|6","|","|move|p2a: Vivillon|Hurricane|p1a: Amoonguss","|-supereffective|p1a: Amoonguss","|-damage|p1a: Amoonguss|216/431","|move|p1a: Amoonguss|Spore|p2a: Vivillon","|-status|p2a: Vivillon|slp","|","|-heal|p1a: Amoonguss|242/431|[from] item: Black Sludge","|turn|7","|","|switch|p2a: Scizor|Scizor, M|343/343","|move|p1a: Amoonguss|Gastro Acid|p2a: Scizor","|-endability|p2a: Scizor","|","|-heal|p1a: Amoonguss|268/431|[from] item: Black Sludge","|turn|8","|","|move|p2a: Scizor|Swords Dance|p2a: Scizor","|-boost|p2a: Scizor|atk|2","|move|p1a: Amoonguss|Stun Spore|p2a: Scizor|[miss]","|-miss|p1a: Amoonguss|p2a: Scizor","|","|-heal|p1a: Amoonguss|294/431|[from] item: Black Sludge","|turn|9","|","|move|p2a: Scizor|Bullet Punch|p1a: Amoonguss","|-damage|p1a: Amoonguss|128/431","|move|p1a: Amoonguss|Stun Spore|p2a: Scizor|[miss]","|-miss|p1a: Amoonguss|p2a: Scizor","|","|-heal|p1a: Amoonguss|154/431|[from] item: Black Sludge","|turn|10","|","|switch|p1a: Tentacruel|Tentacruel, M|301/301","|-damage|p1a: Tentacruel|264/301|[from] Stealth Rock","|move|p2a: Scizor|Bullet Punch|p1a: Tentacruel","|-resisted|p1a: Tentacruel","|-damage|p1a: Tentacruel|181/301","|","|turn|11","|","|move|p1a: Tentacruel|Scald|p2a: Scizor","|-damage|p2a: Scizor|217/343","|move|p2a: Scizor|Swords Dance|p2a: Scizor","|-boost|p2a: Scizor|atk|2","|","|turn|12","|","|move|p2a: Scizor|Bullet Punch|p1a: Tentacruel","|-resisted|p1a: Tentacruel","|-damage|p1a: Tentacruel|54/301","|move|p1a: Tentacruel|Scald|p2a: Scizor","|-damage|p2a: Scizor|84/343","|","|turn|13","|","|switch|p1a: Weezing|Weezing, F|229/333","|-damage|p1a: Weezing|188/333|[from] Stealth Rock","|move|p2a: Scizor|Bullet Punch|p1a: Weezing","|-damage|p1a: Weezing|40/333","|","|turn|14","|","|move|p2a: Scizor|Bullet Punch|p1a: Weezing","|-damage|p1a: Weezing|0 fnt","|faint|p1a: Weezing","|","|","|switch|p1a: Skuntank|Skuntank, F|409/409","|-damage|p1a: Skuntank|358/409|[from] Stealth Rock","|turn|15","|","|move|p1a: Skuntank|Sucker Punch|p2a: Scizor","|-fail|p1a: Skuntank","|move|p2a: Scizor|Roost|p2a: Scizor","|-heal|p2a: Scizor|256/343","|","|turn|16","|","|move|p1a: Skuntank|Snatch|p1a: Skuntank","|-singleturn|p1a: Skuntank|Snatch","|move|p2a: Scizor|Swords Dance|p2a: Scizor","|-activate|p1a: Skuntank|Snatch|[of] p2a: Scizor","|move|p1a: Skuntank|Swords Dance|p1a: Skuntank|[from]Snatch","|-boost|p1a: Skuntank|atk|2","|","|turn|17","|","|move|p2a: Scizor|Bullet Punch|p1a: Skuntank","|-damage|p1a: Skuntank|124/409","|move|p1a: Skuntank|Thief|p2a: Scizor","|-crit|p2a: Scizor","|-damage|p2a: Scizor|58/343","|-damage|p1a: Skuntank|56/409|[from] item: Rocky Helmet|[of] p2a: Scizor","|-item|p1a: Skuntank|Rocky Helmet|[from] move: Thief|[of] p2a: Scizor","|","|turn|18","|","|move|p1a: Skuntank|Snatch|p1a: Skuntank","|-singleturn|p1a: Skuntank|Snatch","|move|p2a: Scizor|Roost|p2a: Scizor","|-activate|p1a: Skuntank|Snatch|[of] p2a: Scizor","|move|p1a: Skuntank|Roost|p1a: Skuntank|[from]Snatch","|-heal|p1a: Skuntank|261/409","|","|turn|19","|","|move|p1a: Skuntank|Snatch|p1a: Skuntank","|-singleturn|p1a: Skuntank|Snatch","|move|p2a: Scizor|Roost|p2a: Scizor","|-activate|p1a: Skuntank|Snatch|[of] p2a: Scizor","|move|p1a: Skuntank|Roost|p1a: Skuntank|[from]Snatch","|-heal|p1a: Skuntank|409/409","|","|turn|20","|","|move|p1a: Skuntank|Thief|p2a: Scizor","|-damage|p2a: Scizor|0 fnt","|faint|p2a: Scizor","|","|","|switch|p2a: Heracross|Heracross, M|301/301","|-status|p2a: Heracross|tox","|turn|21","|","|move|p1a: Skuntank|Sucker Punch|p2a: Heracross","|-resisted|p2a: Heracross","|-damage|p2a: Heracross|139/301 tox","|move|p2a: Heracross|Earthquake|p1a: Skuntank","|-supereffective|p1a: Skuntank","|-damage|p1a: Skuntank|5/409","|","|-damage|p2a: Heracross|121/301 tox|[from] psn","|turn|22","|","|move|p1a: Skuntank|Sucker Punch|p2a: Heracross","|-resisted|p2a: Heracross","|-damage|p2a: Heracross|0 fnt","|faint|p2a: Heracross","|","|","|switch|p2a: Armaldo|Armaldo, F|310/354 brn","|turn|23","|","|switch|p1a: Gengar|Gengar, M|261/261","|-damage|p1a: Gengar|229/261|[from] Stealth Rock","|move|p2a: Armaldo|Knock Off|p1a: Gengar","|-supereffective|p1a: Gengar","|-damage|p1a: Gengar|36/261","|-enditem|p1a: Gengar|Choice Scarf|[from] move: Knock Off|[of] p2a: Armaldo","|","|-heal|p2a: Armaldo|332/354 brn|[from] item: Leftovers","|-damage|p2a: Armaldo|288/354 brn|[from] brn","|turn|24","|","|move|p1a: Gengar|Hex|p2a: Armaldo","|-damage|p2a: Armaldo|27/354 brn","|move|p2a: Armaldo|Knock Off|p1a: Gengar","|-supereffective|p1a: Gengar","|-damage|p1a: Gengar|0 fnt","|faint|p1a: Gengar","|","|-heal|p2a: Armaldo|49/354 brn|[from] item: Leftovers","|-damage|p2a: Armaldo|5/354 brn|[from] brn","|","|switch|p1a: Crobat|Crobat, F|373/373","|-damage|p1a: Crobat|280/373|[from] Stealth Rock","|turn|25","|","|move|p1a: Crobat|Curse|p1a: Crobat","|-unboost|p1a: Crobat|spe|1","|-boost|p1a: Crobat|atk|1","|-boost|p1a: Crobat|def|1","|-enditem|p1a: Crobat|White Herb","|-restoreboost|p1a: Crobat|[silent]","|move|p2a: Armaldo|Knock Off|p1a: Crobat","|-damage|p1a: Crobat|245/373","|","|-heal|p2a: Armaldo|27/354 brn|[from] item: Leftovers","|-damage|p2a: Armaldo|0 fnt|[from] brn","|faint|p2a: Armaldo","|","|switch|p2a: Volcarona|Volcarona, F|311/311","|-status|p2a: Volcarona|tox","|turn|26","|","|move|p1a: Crobat|Acrobatics|p2a: Volcarona","|-supereffective|p2a: Volcarona","|-damage|p2a: Volcarona|0 fnt","|-status|p1a: Crobat|brn","|faint|p2a: Volcarona","|","|-damage|p1a: Crobat|199/373 brn|[from] brn","|","|switch|p2a: Pinsir|Pinsir, M|333/333","|-status|p2a: Pinsir|tox","|turn|27","|","|detailschange|p2a: Pinsir|Pinsir-Mega, M","|-mega|p2a: Pinsir|Pinsir|Pinsirite","|move|p1a: Crobat|Acrobatics|p2a: Pinsir","|-supereffective|p2a: Pinsir","|-damage|p2a: Pinsir|192/333 tox","|move|p2a: Pinsir|Swords Dance|p2a: Pinsir","|-boost|p2a: Pinsir|atk|2","|","|-damage|p1a: Crobat|153/373 brn|[from] brn","|-damage|p2a: Pinsir|172/333 tox|[from] psn","|turn|28","|","|move|p2a: Pinsir|Quick Attack|p1a: Crobat","|-damage|p1a: Crobat|0 fnt","|faint|p1a: Crobat","|","|-damage|p2a: Pinsir|132/333 tox|[from] psn","|","|switch|p1a: Skuntank|Skuntank, F|5/409","|-damage|p1a: Skuntank|0 fnt|[from] Stealth Rock","|faint|p1a: Skuntank","|","|switch|p1a: Tentacruel|Tentacruel, M|54/301","|-damage|p1a: Tentacruel|17/301|[from] Stealth Rock","|turn|29","|","|move|p2a: Pinsir|Quick Attack|p1a: Tentacruel","|-damage|p1a: Tentacruel|0 fnt","|faint|p1a: Tentacruel","|","|-damage|p2a: Pinsir|72/333 tox|[from] psn","|","|switch|p1a: Amoonguss|Amoonguss, M, shiny|297/431","|-damage|p1a: Amoonguss|244/431|[from] Stealth Rock","|turn|30","|","|move|p2a: Pinsir|Quick Attack|p1a: Amoonguss","|-supereffective|p1a: Amoonguss","|-damage|p1a: Amoonguss|0 fnt","|faint|p1a: Amoonguss","|","|win|Bugy"],"p1rating":{"entryid":"6343115","serverid":"eos","formatid":"monotype","userid":"wandererdj","username":"Wanderer DJ","w":"4","l":7,"t":"0","gxe":39.8,"r":"1453.9025743823","rd":"106.25467998509","sigma":"0","rptime":"1439110800","rpr":1419.2704920736,"rprd":90.316875751254,"rpsigma":"0","acre":1048.8903629261,"lacre":1048.8903629261,"oldacre":"1072.3725244701"},"p2rating":{"entryid":"7518182","serverid":"eos","formatid":"monotype","userid":"bugy","username":"Bugy","w":4,"l":"5","t":"0","gxe":45.6,"r":"1500","rd":"130","sigma":"0","rptime":"1439110800","rpr":1465.9595976942,"rprd":89.214216489047,"rpsigma":"0","acre":1068.6306897835,"lacre":1068.6306897835,"oldacre":"1028.388111577"},"endType":"normal"}