{"seed":[12508,47970,15297,24416],"turns":51,"p1":"alliance - ed wins","p2":"Guard Naruto","p1team":[{"name":"Generic Fairy V2.1","species":"diancie","item":"leftovers","ability":"Clear Body","moves":["stealthrock","trickroom","diamondstorm","explosion"],"nature":"Brave","evs":{"hp":248,"atk":252,"def":8,"spa":0,"spd":0,"spe":0},"ivs":{"hp":31,"atk":31,"def":31,"spa":31,"spd":31,"spe":0}},{"name":"Anon Twink","species":"sylveon","item":"choicespecs","ability":"Pixilate","moves":["hypervoice","hiddenpowerfire","psyshock","shadowball"],"nature":"Quiet","evs":{"hp":248,"atk":0,"def":8,"spa":252,"spd":0,"spe":0},"gender":"M","ivs":{"hp":31,"atk":0,"def":31,"spa":30,"spd":31,"spe":0}},{"name":"Urine Trouble","species":"azumarill","item":"lifeorb","ability":"Huge Power","moves":["playrough","waterfall","superpower","aquajet"],"nature":"Brave","evs":{"hp":248,"atk":252,"def":0,"spa":0,"spd":8,"spe":0},"gender":"M","ivs":{"hp":31,"atk":31,"def":31,"spa":31,"spd":31,"spe":0},"shiny":true},{"name":"Gardevoir-Senpai","species":"gardevoir","item":"gardevoirite","ability":"Trace","moves":["hypervoice","focusblast","trickroom","healingwish"],"nature":"Quiet","evs":{"hp":248,"atk":0,"def":8,"spa":252,"spd":0,"spe":0},"gender":"M","ivs":{"hp":31,"atk":0,"def":31,"spa":31,"spd":31,"spe":0},"shiny":true},{"name":"Janitors Fren","species":"klefki","item":"lightclay","ability":"Prankster","moves":["reflect","lightscreen","foulplay","spikes"],"nature":"Bold","evs":{"hp":248,"atk":0,"def":252,"spa":0,"spd":8,"spe":0},"ivs":{"hp":31,"atk":0,"def":31,"spa":31,"spd":31,"spe":31}},{"name":"'Murica","species":"togekiss","item":"choicescarf","ability":"Serene Grace","moves":["airslash","fireblast","dazzlinggleam","trick"],"nature":"Timid","evs":{"hp":0,"atk":0,"def":0,"spa":252,"spd":4,"spe":252},"ivs":{"hp":31,"atk":0,"def":31,"spa":31,"spd":31,"spe":31}}],"p2team":[{"name":"Ditto","species":"Ditto","item":"choicescarf","ability":"Imposter","moves":["transform"],"nature":"Bold","evs":{"hp":252,"atk":0,"def":252,"spa":0,"spd":6,"spe":0},"ivs":{"hp":31,"atk":31,"def":31,"spa":31,"spd":31,"spe":31}},{"name":"Heliolisk","species":"Heliolisk","item":"assaultvest","ability":"Dry Skin","moves":["thunderbolt","surf","focusblast","paraboliccharge"],"nature":"Bold","evs":{"hp":248,"atk":0,"def":252,"spa":8,"spd":0,"spe":0},"ivs":{"hp":31,"atk":31,"def":31,"spa":31,"spd":31,"spe":31}},{"name":"Kecleon","species":"Kecleon","item":"lifeorb","ability":"Protean","moves":["drainpunch","suckerpunch","shadowsneak","firepunch"],"nature":"Adamant","evs":{"hp":248,"atk":252,"def":0,"spa":0,"spd":8,"spe":0},"ivs":{"hp":31,"atk":31,"def":31,"spa":31,"spd":31,"spe":31}},{"name":"Audino","species":"Audino","item":"audinite","ability":"Regenerator","moves":["calmmind","flamethrower","healbell","drainingkiss"],"nature":"Bold","evs":{"hp":164,"atk":0,"def":252,"spa":40,"spd":52,"spe":0},"ivs":{"hp":31,"atk":31,"def":31,"spa":31,"spd":31,"spe":31}},{"name":"Pyroar","species":"Pyroar","item":"choicespecs","ability":"Unnerve","moves":["flamethrower","darkpulse","hypervoice","overheat"],"nature":"Timid","evs":{"hp":0,"atk":0,"def":0,"spa":252,"spd":4,"spe":252},"ivs":{"hp":31,"atk":31,"def":31,"spa":31,"spd":31,"spe":31}},{"name":"Snorlax","species":"Snorlax","item":"leftovers","ability":"Thick Fat","moves":["bodyslam","earthquake","rest","sleeptalk"],"nature":"Impish","evs":{"hp":248,"atk":0,"def":200,"spa":0,"spd":60,"spe":0},"ivs":{"hp":31,"atk":31,"def":31,"spa":31,"spd":31,"spe":31}}],"log":["|player|p1|alliance - ed wins|102","|player|p2|Guard Naruto|284","|gametype|singles","|gen|6","|tier|Monotype","|rated","|rule|Baton Pass Clause: Limit one Baton Passer, can't pass Spe and other stats simultaneously","|rule|Swagger Clause: Swagger is banned","|rule|Same Type Clause: Pokémon in a team must share a type","|clearpoke","|poke|p1|Diancie","|poke|p1|Sylveon, M","|poke|p1|Azumarill, M, shiny","|poke|p1|Gardevoir, M, shiny","|poke|p1|Klefki, F","|poke|p1|Togekiss, F","|poke|p2|Ditto","|poke|p2|Heliolisk, F","|poke|p2|Kecleon, F","|poke|p2|Audino, M","|poke|p2|Pyroar, F","|poke|p2|Snorlax, M","|rule|Sleep Clause Mod: Limit one foe put to sleep","|rule|Species Clause: Limit one of each Pokémon","|rule|OHKO Clause: OHKO moves are banned","|rule|Moody Clause: Moody is banned","|rule|Evasion Moves Clause: Evasion moves are banned","|rule|Endless Battle Clause: Forcing endless battles is banned","|rule|HP Percentage Mod: HP is shown in percentages","|teampreview","|","|start","|switch|p1a: Anon Twink|Sylveon, M|393/393","|switch|p2a: Pyroar|Pyroar, F|313/313","|-ability|p2a: Pyroar|Unnerve|p1: alliance - ed wins","|turn|1","|","|switch|p2a: Snorlax|Snorlax, M|523/523","|switch|p1a: Generic Fairy V2.1|Diancie|303/303","|","|turn|2","|","|switch|p1a: 'Murica|Togekiss, F|311/311","|move|p2a: Snorlax|Earthquake|p1a: 'Murica","|-immune|p1a: 'Murica|[msg]","|","|turn|3","|","|switch|p2a: Heliolisk|Heliolisk, F|327/327","|move|p1a: 'Murica|Air Slash|p2a: Heliolisk","|-resisted|p2a: Heliolisk","|-damage|p2a: Heliolisk|283/327","|","|turn|4","|","|switch|p1a: Anon Twink|Sylveon, M|393/393","|move|p2a: Heliolisk|Thunderbolt|p1a: Anon Twink","|-damage|p1a: Anon Twink|300/393","|","|turn|5","|","|switch|p2a: Snorlax|Snorlax, M|523/523","|move|p1a: Anon Twink|Hyper Voice|p2a: Snorlax","|-damage|p2a: Snorlax|258/523","|","|-heal|p2a: Snorlax|290/523|[from] item: Leftovers","|turn|6","|","|move|p1a: Anon Twink|Hyper Voice|p2a: Snorlax","|-damage|p2a: Snorlax|4/523","|move|p2a: Snorlax|Body Slam|p1a: Anon Twink","|-damage|p1a: Anon Twink|135/393","|-status|p1a: Anon Twink|par","|","|-heal|p2a: Snorlax|36/523|[from] item: Leftovers","|turn|7","|","|switch|p1a: Generic Fairy V2.1|Diancie|303/303","|move|p2a: Snorlax|Rest|p2a: Snorlax","|-status|p2a: Snorlax|slp","|-heal|p2a: Snorlax|523/523 slp|[silent]","|-status|p2a: Snorlax|slp|[from] move: Rest","|","|turn|8","|","|cant|p2a: Snorlax|slp","|move|p2a: Snorlax|Sleep Talk|p2a: Snorlax","|move|p2a: Snorlax|Earthquake|p1a: Generic Fairy V2.1|[from]Sleep Talk","|-supereffective|p1a: Generic Fairy V2.1","|-damage|p1a: Generic Fairy V2.1|173/303","|move|p1a: Generic Fairy V2.1|Stealth Rock|p2a: Snorlax","|-sidestart|p2: Guard Naruto|move: Stealth Rock","|","|-heal|p1a: Generic Fairy V2.1|191/303|[from] item: Leftovers","|turn|9","|","|switch|p1a: 'Murica|Togekiss, F|311/311","|cant|p2a: Snorlax|slp","|move|p2a: Snorlax|Sleep Talk|p2a: Snorlax","|move|p2a: Snorlax|Body Slam|p1a: 'Murica|[from]Sleep Talk","|-damage|p1a: 'Murica|203/311","|","|turn|10","|","|switch|p2a: Heliolisk|Heliolisk, F|283/327","|-damage|p2a: Heliolisk|243/327|[from] Stealth Rock","|move|p1a: 'Murica|Trick|p2a: Heliolisk","|-activate|p1a: 'Murica|move: Trick|[of] p2a: Heliolisk","|-item|p2a: Heliolisk|Choice Scarf|[from] move: Trick","|-item|p1a: 'Murica|Assault Vest|[from] move: Trick","|","|turn|11","|","|switch|p1a: Anon Twink|Sylveon, M|135/393 par","|move|p2a: Heliolisk|Thunderbolt|p1a: Anon Twink","|-damage|p1a: Anon Twink|51/393 par","|","|turn|12","|","|move|p2a: Heliolisk|Thunderbolt|p1a: Anon Twink","|-damage|p1a: Anon Twink|0 fnt","|faint|p1a: Anon Twink","|","|","|switch|p1a: Gardevoir-Senpai|Gardevoir, M, shiny|339/339","|-ability|p1a: Gardevoir-Senpai|Dry Skin|[from] ability: Trace|[of] p2a: Heliolisk","|turn|13","|","|detailschange|p1a: Gardevoir-Senpai|Gardevoir-Mega, M, shiny","|-mega|p1a: Gardevoir-Senpai|Gardevoir|Gardevoirite","|move|p2a: Heliolisk|Thunderbolt|p1a: Gardevoir-Senpai","|-damage|p1a: Gardevoir-Senpai|251/339","|-status|p1a: Gardevoir-Senpai|par","|move|p1a: Gardevoir-Senpai|Hyper Voice|p2a: Heliolisk","|-damage|p2a: Heliolisk|0 fnt","|faint|p2a: Heliolisk","|","|","|switch|p2a: Audino|Audino, M|388/388","|-damage|p2a: Audino|340/388|[from] Stealth Rock","|turn|14","|","|detailschange|p2a: Audino|Audino-Mega, M","|-mega|p2a: Audino|Audino|Audinite","|move|p2a: Audino|Calm Mind|p2a: Audino","|-boost|p2a: Audino|spa|1","|-boost|p2a: Audino|spd|1","|move|p1a: Gardevoir-Senpai|Trick Room|p1a: Gardevoir-Senpai","|-fieldstart|move: Trick Room|[of] p1a: Gardevoir-Senpai","|","|turn|15","|","|switch|p1a: Urine Trouble|Azumarill, M, shiny|403/403","|move|p2a: Audino|Calm Mind|p2a: Audino","|-boost|p2a: Audino|spa|1","|-boost|p2a: Audino|spd|1","|","|turn|16","|","|move|p1a: Urine Trouble|Play Rough|p2a: Audino","|-damage|p2a: Audino|187/388","|-damage|p1a: Urine Trouble|363/403|[from] item: Life Orb","|move|p2a: Audino|Draining Kiss|p1a: Urine Trouble","|-crit|p1a: Urine Trouble","|-damage|p1a: Urine Trouble|167/403","|-heal|p2a: Audino|334/388|[from] drain|[of] p1a: Urine Trouble","|","|turn|17","|","|move|p1a: Urine Trouble|Play Rough|p2a: Audino","|-damage|p2a: Audino|181/388","|-damage|p1a: Urine Trouble|127/403|[from] item: Life Orb","|move|p2a: Audino|Draining Kiss|p1a: Urine Trouble","|-damage|p1a: Urine Trouble|7/403","|-heal|p2a: Audino|271/388|[from] drain|[of] p1a: Urine Trouble","|","|turn|18","|","|move|p1a: Urine Trouble|Play Rough|p2a: Audino","|-damage|p2a: Audino|115/388","|-damage|p1a: Urine Trouble|0 fnt|[from] item: Life Orb","|faint|p1a: Urine Trouble","|move|p2a: Audino|Draining Kiss|p1: Urine Trouble|[notarget]","|-notarget","|","|-fieldend|move: Trick Room","|","|switch|p1a: 'Murica|Togekiss, F|203/311","|turn|19","|","|move|p1a: 'Murica|Air Slash|p2a: Audino","|-damage|p2a: Audino|66/388","|cant|p2a: Audino|flinch","|","|turn|20","|","|move|p1a: 'Murica|Air Slash|p2a: Audino","|-damage|p2a: Audino|18/388","|cant|p2a: Audino|flinch","|","|turn|21","|","|move|p1a: 'Murica|Air Slash|p2a: Audino","|-damage|p2a: Audino|0 fnt","|faint|p2a: Audino","|","|","|switch|p2a: Kecleon|Kecleon, F|323/323","|-damage|p2a: Kecleon|283/323|[from] Stealth Rock","|turn|22","|","|switch|p1a: Generic Fairy V2.1|Diancie|191/303","|move|p2a: Kecleon|Fire Punch|p1a: Generic Fairy V2.1","|-start|p2a: Kecleon|typechange|Fire|[from] Protean","|-resisted|p1a: Generic Fairy V2.1","|-damage|p1a: Generic Fairy V2.1|140/303","|-damage|p2a: Kecleon|251/323|[from] item: Life Orb","|","|-heal|p1a: Generic Fairy V2.1|158/303|[from] item: Leftovers","|turn|23","|","|move|p2a: Kecleon|Drain Punch|p1a: Generic Fairy V2.1","|-start|p2a: Kecleon|typechange|Fighting|[from] Protean","|-damage|p1a: Generic Fairy V2.1|61/303","|-heal|p2a: Kecleon|300/323|[from] drain|[of] p1a: Generic Fairy V2.1","|-damage|p2a: Kecleon|268/323|[from] item: Life Orb","|move|p1a: Generic Fairy V2.1|Diamond Storm|p2a: Kecleon","|-resisted|p2a: Kecleon","|-damage|p2a: Kecleon|150/323","|-boost|p1a: Generic Fairy V2.1|def|1","|","|-heal|p1a: Generic Fairy V2.1|79/303|[from] item: Leftovers","|turn|24","|","|switch|p2a: Ditto|Ditto|300/300","|-damage|p2a: Ditto|263/300|[from] Stealth Rock","|-transform|p2a: Ditto|p1a: Generic Fairy V2.1","|move|p1a: Generic Fairy V2.1|Trick Room|p1a: Generic Fairy V2.1","|-fieldstart|move: Trick Room|[of] p1a: Generic Fairy V2.1","|","|-heal|p1a: Generic Fairy V2.1|97/303|[from] item: Leftovers","|turn|25","|","|move|p1a: Generic Fairy V2.1|Diamond Storm|p2a: Ditto","|-damage|p2a: Ditto|182/300","|move|p2a: Ditto|Diamond Storm|p1a: Generic Fairy V2.1","|-damage|p1a: Generic Fairy V2.1|18/303","|-boost|p2a: Ditto|def|1","|","|-heal|p1a: Generic Fairy V2.1|36/303|[from] item: Leftovers","|turn|26","|","|move|p1a: Generic Fairy V2.1|Diamond Storm|p2a: Ditto","|-damage|p2a: Ditto|121/300","|move|p2a: Ditto|Diamond Storm|p1a: Generic Fairy V2.1","|-damage|p1a: Generic Fairy V2.1|0 fnt","|-boost|p2a: Ditto|def|1","|faint|p1a: Generic Fairy V2.1","|","|","|switch|p1a: Gardevoir-Senpai|Gardevoir-Mega, M, shiny|251/339 par","|turn|27","|","|switch|p2a: Kecleon|Kecleon, F|150/323","|-damage|p2a: Kecleon|110/323|[from] Stealth Rock","|move|p1a: Gardevoir-Senpai|Hyper Voice|p2a: Kecleon","|-damage|p2a: Kecleon|0 fnt","|faint|p2a: Kecleon","|","|","|switch|p2a: Snorlax|Snorlax, M|523/523 slp","|-damage|p2a: Snorlax|458/523 slp|[from] Stealth Rock","|turn|28","|","|move|p1a: Gardevoir-Senpai|Focus Blast|p2a: Snorlax","|-supereffective|p2a: Snorlax","|-damage|p2a: Snorlax|108/523 slp","|-curestatus|p2a: Snorlax|slp","|move|p2a: Snorlax|Sleep Talk|p2a: Snorlax","|-fail|p2a: Snorlax","|","|-heal|p2a: Snorlax|140/523|[from] item: Leftovers","|-fieldend|move: Trick Room","|turn|29","|","|switch|p1a: 'Murica|Togekiss, F|203/311","|move|p2a: Snorlax|Body Slam|p1a: 'Murica","|-damage|p1a: 'Murica|94/311","|-status|p1a: 'Murica|par","|","|-heal|p2a: Snorlax|172/523|[from] item: Leftovers","|turn|30","|","|switch|p1a: Gardevoir-Senpai|Gardevoir-Mega, M, shiny|251/339 par","|move|p2a: Snorlax|Body Slam|p1a: Gardevoir-Senpai","|-damage|p1a: Gardevoir-Senpai|86/339 par","|","|-heal|p2a: Snorlax|204/523|[from] item: Leftovers","|turn|31","|","|switch|p1a: Janitors Fren|Klefki, F|317/317","|move|p2a: Snorlax|Body Slam|p1a: Janitors Fren","|-resisted|p1a: Janitors Fren","|-damage|p1a: Janitors Fren|273/317","|","|-heal|p2a: Snorlax|236/523|[from] item: Leftovers","|turn|32","|","|move|p1a: Janitors Fren|Reflect|p1a: Janitors Fren","|-sidestart|p1: alliance - ed wins|Reflect","|move|p2a: Snorlax|Earthquake|p1a: Janitors Fren","|-supereffective|p1a: Janitors Fren","|-damage|p1a: Janitors Fren|210/317","|","|-heal|p2a: Snorlax|268/523|[from] item: Leftovers","|turn|33","|","|move|p1a: Janitors Fren|Foul Play|p2a: Snorlax","|-damage|p2a: Snorlax|186/523","|move|p2a: Snorlax|Earthquake|p1a: Janitors Fren","|-supereffective|p1a: Janitors Fren","|-damage|p1a: Janitors Fren|148/317","|","|-heal|p2a: Snorlax|218/523|[from] item: Leftovers","|turn|34","|","|move|p1a: Janitors Fren|Foul Play|p2a: Snorlax","|-crit|p2a: Snorlax","|-damage|p2a: Snorlax|93/523","|move|p2a: Snorlax|Body Slam|p1a: Janitors Fren","|-resisted|p1a: Janitors Fren","|-damage|p1a: Janitors Fren|126/317","|","|-heal|p2a: Snorlax|125/523|[from] item: Leftovers","|turn|35","|","|switch|p1a: Gardevoir-Senpai|Gardevoir-Mega, M, shiny|86/339 par","|move|p2a: Snorlax|Rest|p2a: Snorlax","|-status|p2a: Snorlax|slp","|-heal|p2a: Snorlax|523/523 slp|[silent]","|-status|p2a: Snorlax|slp|[from] move: Rest","|","|turn|36","|","|cant|p2a: Snorlax|slp","|move|p2a: Snorlax|Sleep Talk|p2a: Snorlax","|move|p2a: Snorlax|Rest|p2a: Snorlax|[from]Sleep Talk","|-fail|p2a: Snorlax","|move|p1a: Gardevoir-Senpai|Healing Wish|p1a: Gardevoir-Senpai","|faint|p1a: Gardevoir-Senpai","|","|","|switch|p1a: 'Murica|Togekiss, F|94/311 par","|-heal|p1a: 'Murica|311/311|[from] move: Healing Wish","|turn|37","|","|move|p1a: 'Murica|Air Slash|p2a: Snorlax","|-damage|p2a: Snorlax|420/523 slp","|cant|p2a: Snorlax|slp","|cant|p2a: Snorlax|flinch","|","|-heal|p2a: Snorlax|452/523 slp|[from] item: Leftovers","|turn|38","|","|move|p1a: 'Murica|Air Slash|p2a: Snorlax","|-damage|p2a: Snorlax|334/523 slp","|-curestatus|p2a: Snorlax|slp","|cant|p2a: Snorlax|flinch","|","|-heal|p2a: Snorlax|366/523|[from] item: Leftovers","|turn|39","|","|move|p1a: 'Murica|Air Slash|p2a: Snorlax","|-damage|p2a: Snorlax|264/523","|cant|p2a: Snorlax|flinch","|","|-heal|p2a: Snorlax|296/523|[from] item: Leftovers","|-sideend|p1: alliance - ed wins|Reflect","|turn|40","|","|move|p1a: 'Murica|Air Slash|p2a: Snorlax","|-damage|p2a: Snorlax|182/523","|cant|p2a: Snorlax|flinch","|","|-heal|p2a: Snorlax|214/523|[from] item: Leftovers","|turn|41","|","|move|p1a: 'Murica|Air Slash|p2a: Snorlax","|-damage|p2a: Snorlax|102/523","|cant|p2a: Snorlax|flinch","|","|-heal|p2a: Snorlax|134/523|[from] item: Leftovers","|turn|42","|","|move|p1a: 'Murica|Air Slash|p2a: Snorlax","|-damage|p2a: Snorlax|20/523","|cant|p2a: Snorlax|flinch","|","|-heal|p2a: Snorlax|52/523|[from] item: Leftovers","|turn|43","|","|move|p1a: 'Murica|Dazzling Gleam|p2a: Snorlax","|-damage|p2a: Snorlax|0 fnt","|faint|p2a: Snorlax","|","|","|switch|p2a: Ditto|Ditto|121/300","|-damage|p2a: Ditto|84/300|[from] Stealth Rock","|-transform|p2a: Ditto|p1a: 'Murica","|turn|44","|","|switch|p1a: Janitors Fren|Klefki, F|126/317","|move|p2a: Ditto|Trick|p1a: Janitors Fren","|-activate|p2a: Ditto|move: Trick|[of] p1a: Janitors Fren","|-item|p1a: Janitors Fren|Choice Scarf|[from] move: Trick","|-item|p2a: Ditto|Light Clay|[from] move: Trick","|","|turn|45","|","|switch|p2a: Pyroar|Pyroar, F|313/313","|-damage|p2a: Pyroar|235/313|[from] Stealth Rock","|-ability|p2a: Pyroar|Unnerve|p1: alliance - ed wins","|move|p1a: Janitors Fren|Light Screen|p1a: Janitors Fren","|-sidestart|p1: alliance - ed wins|move: Light Screen","|","|turn|46","|","|switch|p2a: Ditto|Ditto|84/300","|-damage|p2a: Ditto|47/300|[from] Stealth Rock","|-transform|p2a: Ditto|p1a: Janitors Fren","|move|p1a: Janitors Fren|Light Screen|p1a: Janitors Fren","|-fail|p1a: Janitors Fren","|","|turn|47","|","|switch|p1a: 'Murica|Togekiss, F|311/311","|move|p2a: Ditto|Light Screen|p2a: Ditto","|-sidestart|p2: Guard Naruto|move: Light Screen","|","|turn|48","|","|switch|p1a: Janitors Fren|Klefki, F|126/317","|switch|p2a: Pyroar|Pyroar, F|235/313","|-damage|p2a: Pyroar|157/313|[from] Stealth Rock","|-ability|p2a: Pyroar|Unnerve|p1: alliance - ed wins","|","|turn|49","|","|move|p1a: Janitors Fren|Spikes|p2a: Pyroar","|-sidestart|p2: Guard Naruto|Spikes","|move|p2a: Pyroar|Overheat|p1a: Janitors Fren","|-supereffective|p1a: Janitors Fren","|-damage|p1a: Janitors Fren|0 fnt","|-unboost|p2a: Pyroar|spa|2","|faint|p1a: Janitors Fren","|","|-sideend|p1: alliance - ed wins|move: Light Screen","|","|switch|p1a: 'Murica|Togekiss, F|311/311","|turn|50","|","|switch|p2a: Ditto|Ditto|47/300","|-damage|p2a: Ditto|10/300|[from] Spikes","|-damage|p2a: Ditto|0 fnt|[from] Stealth Rock","|faint|p2a: Ditto","|move|p1a: 'Murica|Air Slash|p2: Ditto|[notarget]","|-notarget","|","|","|switch|p2a: Pyroar|Pyroar, F|157/313","|-damage|p2a: Pyroar|79/313|[from] Stealth Rock","|-damage|p2a: Pyroar|40/313|[from] Spikes","|-ability|p2a: Pyroar|Unnerve|p1: alliance - ed wins","|turn|51","|","|move|p2a: Pyroar|Hyper Voice|p1a: 'Murica","|-crit|p1a: 'Murica","|-damage|p1a: 'Murica|118/311","|move|p1a: 'Murica|Air Slash|p2a: Pyroar","|-damage|p2a: Pyroar|0 fnt","|faint|p2a: Pyroar","|","|win|alliance - ed wins"],"p1rating":{"entryid":"7432721","serverid":"eos","formatid":"monotype","userid":"allianceedwins","username":"alliance - ed wins","w":14,"l":"3","t":"0","gxe":73.1,"r":"1673.3762821028","rd":"92.015503405152","sigma":"0","rptime":"1439024400","rpr":1692.5925793235,"rprd":76.066390306466,"rpsigma":"0","acre":1279.2495645496,"lacre":1279.2495645496,"oldacre":"1267.0313148349"},"p2rating":{"entryid":"7460015","serverid":"eos","formatid":"monotype","userid":"guardnaruto","username":"Guard Naruto","w":"4","l":10,"t":"0","gxe":39.6,"r":"1466.0434440081","rd":"122.3574861412","sigma":"0","rptime":"1439024400","rpr":1418.1739233931,"rprd":79.46745651597,"rpsigma":"0","acre":1060.8355219965,"lacre":1060.8355219965,"oldacre":"1070.9220843"},"endType":"normal"}