{"seed":[48962,57989,60600,63712],"turns":26,"p1":"Champion Darkrai","p2":"Specialist◕Alzzy","p1team":[{"name":"Hot Nigqah","species":"scizor","item":"scizorite","ability":"Technician","moves":["bulletpunch","pursuit","superpower","uturn"],"nature":"Adamant","evs":{"hp":252,"atk":252,"def":0,"spa":0,"spd":0,"spe":4},"gender":"M","ivs":{"hp":31,"atk":31,"def":31,"spa":31,"spd":31,"spe":31}},{"name":"HeatTrain","species":"heatran","item":"choicescarf","ability":"Flash Fire","moves":["earthpower","dragonpulse","lavaplume","fireblast"],"nature":"Timid","evs":{"hp":0,"atk":0,"def":0,"spa":252,"spd":4,"spe":252},"ivs":{"hp":31,"atk":31,"def":31,"spa":31,"spd":31,"spe":31}},{"name":"Aura2Gud","species":"lucario","item":"lifeorb","ability":"Steadfast","moves":["aurasphere","bulletpunch","closecombat","earthquake"],"nature":"Hasty","evs":{"hp":0,"atk":252,"def":0,"spa":4,"spd":0,"spe":252},"ivs":{"hp":31,"atk":31,"def":31,"spa":31,"spd":31,"spe":31}},{"name":"AlphaGross","species":"metagross","item":"oddincense","ability":"Clear Body","moves":["bulletpunch","psychic","earthquake","ironhead"],"nature":"Adamant","evs":{"hp":248,"atk":252,"def":0,"spa":0,"spd":8,"spe":0},"ivs":{"hp":31,"atk":31,"def":31,"spa":31,"spd":31,"spe":31}},{"name":"Brave af","species":"skarmory","item":"","ability":"Sturdy","moves":["bravebird","stealthrock","swordsdance","drillpeck"],"nature":"Adamant","evs":{"hp":232,"atk":252,"def":0,"spa":0,"spd":0,"spe":24},"ivs":{"hp":31,"atk":31,"def":31,"spa":31,"spd":31,"spe":31}},{"name":"Napoleon","species":"empoleon","item":"focussash","ability":"Torrent","moves":["aquajet","earthquake","hydropump","icebeam"],"nature":"Mild","evs":{"hp":248,"atk":8,"def":0,"spa":252,"spd":0,"spe":0},"ivs":{"hp":31,"atk":31,"def":31,"spa":31,"spd":31,"spe":31}}],"p2team":[{"name":"Charizard","species":"Charizard","item":"charizarditex","ability":"Blaze","moves":["dragondance","flareblitz","dragonclaw","roost"],"nature":"Jolly","evs":{"hp":4,"atk":252,"def":0,"spa":0,"spd":0,"spe":252},"ivs":{"hp":31,"atk":31,"def":31,"spa":31,"spd":31,"spe":31}},{"name":"Salamence","species":"Salamence","item":"choicescarf","ability":"Moxie","moves":["outrage","earthquake","rockslide","crunch"],"nature":"Jolly","evs":{"hp":4,"atk":252,"def":0,"spa":0,"spd":0,"spe":252},"ivs":{"hp":31,"atk":31,"def":31,"spa":31,"spd":31,"spe":31}},{"name":"Landorus","species":"Landorus","item":"lifeorb","ability":"Sheer Force","moves":["earthpower","sludgewave","focusblast","psychic"],"nature":"Timid","evs":{"hp":4,"atk":0,"def":0,"spa":252,"spd":0,"spe":252},"ivs":{"hp":31,"atk":30,"def":30,"spa":31,"spd":31,"spe":31}},{"name":"Articuno","species":"Articuno","item":"leftovers","ability":"Pressure","moves":["haze","roost","freezedry","hurricane"],"nature":"Modest","evs":{"hp":252,"atk":0,"def":0,"spa":4,"spd":252,"spe":0},"ivs":{"hp":31,"atk":31,"def":31,"spa":31,"spd":31,"spe":31}},{"name":"Togekiss","species":"Togekiss","item":"leftovers","ability":"Serene Grace","moves":["airslash","defog","thunderwave","softboiled"],"nature":"Calm","evs":{"hp":252,"atk":0,"def":0,"spa":252,"spd":0,"spe":4},"ivs":{"hp":31,"atk":31,"def":31,"spa":31,"spd":31,"spe":31}},{"name":"Skarmory","species":"Skarmory","item":"rockyhelmet","ability":"Sturdy","moves":["roost","whirlwind","stealthrock","spikes"],"nature":"Bold","evs":{"hp":252,"atk":0,"def":252,"spa":0,"spd":4,"spe":0},"ivs":{"hp":31,"atk":31,"def":31,"spa":31,"spd":31,"spe":31}}],"log":["|player|p1|Champion Darkrai|championdarkrai.png","|player|p2|Specialist◕Alzzy|8","|gametype|singles","|gen|6","|tier|Monotype","|rated","|rule|Baton Pass Clause: Limit one Baton Passer, can't pass Spe and other stats simultaneously","|rule|Swagger Clause: Swagger is banned","|rule|Same Type Clause: Pokémon in a team must share a type","|clearpoke","|poke|p1|Scizor, M","|poke|p1|Heatran, F","|poke|p1|Lucario, F","|poke|p1|Metagross","|poke|p1|Skarmory, F","|poke|p1|Empoleon, F","|poke|p2|Charizard, M","|poke|p2|Salamence, F","|poke|p2|Landorus, M","|poke|p2|Articuno","|poke|p2|Togekiss, M","|poke|p2|Skarmory, M","|rule|Sleep Clause Mod: Limit one foe put to sleep","|rule|Species Clause: Limit one of each Pokémon","|rule|OHKO Clause: OHKO moves are banned","|rule|Moody Clause: Moody is banned","|rule|Evasion Moves Clause: Evasion moves are banned","|rule|Endless Battle Clause: Forcing endless battles is banned","|rule|HP Percentage Mod: HP is shown in percentages","|teampreview","|","|start","|switch|p1a: Napoleon|Empoleon, F|371/371","|switch|p2a: Landorus|Landorus, M|320/320","|turn|1","|","|move|p2a: Landorus|Earth Power|p1a: Napoleon","|-supereffective|p1a: Napoleon","|-enditem|p1a: Napoleon|Focus Sash","|-damage|p1a: Napoleon|1/371","|move|p1a: Napoleon|Ice Beam|p2a: Landorus","|-crit|p2a: Landorus","|-supereffective|p2a: Landorus","|-damage|p2a: Landorus|0 fnt","|faint|p2a: Landorus","|","|","|switch|p2a: Salamence|Salamence, F|332/332","|turn|2","|","|move|p2a: Salamence|Crunch|p1a: Napoleon","|-damage|p1a: Napoleon|0 fnt","|faint|p1a: Napoleon","|-boost|p2a: Salamence|atk|1|[from] ability: Moxie","|","|","|switch|p1a: HeatTrain|Heatran, F|323/323","|turn|3","|","|move|p2a: Salamence|Crunch|p1a: HeatTrain","|-damage|p1a: HeatTrain|183/323","|move|p1a: HeatTrain|Dragon Pulse|p2a: Salamence","|-supereffective|p2a: Salamence","|-damage|p2a: Salamence|88/332","|","|turn|4","|","|switch|p2a: Skarmory|Skarmory, M|334/334","|move|p1a: HeatTrain|Dragon Pulse|p2a: Skarmory","|-crit|p2a: Skarmory","|-resisted|p2a: Skarmory","|-damage|p2a: Skarmory|227/334","|","|turn|5","|","|move|p1a: HeatTrain|Dragon Pulse|p2a: Skarmory","|-resisted|p2a: Skarmory","|-damage|p2a: Skarmory|160/334","|move|p2a: Skarmory|Stealth Rock|p1a: HeatTrain","|-sidestart|p1: Champion Darkrai|move: Stealth Rock","|","|turn|6","|","|switch|p1a: Aura2Gud|Lucario, F|281/281","|-damage|p1a: Aura2Gud|273/281|[from] Stealth Rock","|move|p2a: Skarmory|Roost|p2a: Skarmory","|-heal|p2a: Skarmory|327/334","|","|turn|7","|","|move|p1a: Aura2Gud|Close Combat|p2a: Skarmory","|-damage|p2a: Skarmory|179/334","|-damage|p1a: Aura2Gud|227/281|[from] item: Rocky Helmet|[of] p2a: Skarmory","|-unboost|p1a: Aura2Gud|def|1","|-unboost|p1a: Aura2Gud|spd|1","|-damage|p1a: Aura2Gud|199/281|[from] item: Life Orb","|move|p2a: Skarmory|Spikes|p1a: Aura2Gud","|-sidestart|p1: Champion Darkrai|Spikes","|","|turn|8","|","|move|p1a: Aura2Gud|Close Combat|p2a: Skarmory","|-damage|p2a: Skarmory|46/334","|-damage|p1a: Aura2Gud|153/281|[from] item: Rocky Helmet|[of] p2a: Skarmory","|-unboost|p1a: Aura2Gud|def|1","|-unboost|p1a: Aura2Gud|spd|1","|-damage|p1a: Aura2Gud|125/281|[from] item: Life Orb","|move|p2a: Skarmory|Roost|p2a: Skarmory","|-heal|p2a: Skarmory|213/334","|","|turn|9","|","|move|p1a: Aura2Gud|Close Combat|p2a: Skarmory","|-damage|p2a: Skarmory|67/334","|-damage|p1a: Aura2Gud|79/281|[from] item: Rocky Helmet|[of] p2a: Skarmory","|-unboost|p1a: Aura2Gud|def|1","|-unboost|p1a: Aura2Gud|spd|1","|-damage|p1a: Aura2Gud|51/281|[from] item: Life Orb","|move|p2a: Skarmory|Roost|p2a: Skarmory","|-heal|p2a: Skarmory|234/334","|","|turn|10","|","|move|p1a: Aura2Gud|Close Combat|p2a: Skarmory","|-damage|p2a: Skarmory|104/334","|-damage|p1a: Aura2Gud|5/281|[from] item: Rocky Helmet|[of] p2a: Skarmory","|-unboost|p1a: Aura2Gud|def|1","|-unboost|p1a: Aura2Gud|spd|1","|-damage|p1a: Aura2Gud|0 fnt|[from] item: Life Orb","|faint|p1a: Aura2Gud","|move|p2a: Skarmory|Roost|p2a: Skarmory","|-heal|p2a: Skarmory|271/334","|","|","|switch|p1a: HeatTrain|Heatran, F|183/323","|-damage|p1a: HeatTrain|143/323|[from] Stealth Rock","|-damage|p1a: HeatTrain|103/323|[from] Spikes","|turn|11","|","|switch|p2a: Togekiss|Togekiss, M|374/374","|move|p1a: HeatTrain|Fire Blast|p2a: Togekiss","|-damage|p2a: Togekiss|211/374","|","|-heal|p2a: Togekiss|234/374|[from] item: Leftovers","|turn|12","|","|move|p1a: HeatTrain|Fire Blast|p2a: Togekiss","|-damage|p2a: Togekiss|87/374","|move|p2a: Togekiss|Thunder Wave|p1a: HeatTrain","|-status|p1a: HeatTrain|par","|","|-heal|p2a: Togekiss|110/374|[from] item: Leftovers","|turn|13","|","|move|p2a: Togekiss|Air Slash|p1a: HeatTrain","|-resisted|p1a: HeatTrain","|-damage|p1a: HeatTrain|43/323 par","|move|p1a: HeatTrain|Fire Blast|p2a: Togekiss","|-damage|p2a: Togekiss|0 fnt","|faint|p2a: Togekiss","|","|","|switch|p2a: Salamence|Salamence, F|88/332","|turn|14","|","|move|p2a: Salamence|Crunch|p1a: HeatTrain","|-damage|p1a: HeatTrain|0 fnt","|faint|p1a: HeatTrain","|-boost|p2a: Salamence|atk|1|[from] ability: Moxie","|","|","|switch|p1a: AlphaGross|Metagross|363/363","|-damage|p1a: AlphaGross|318/363|[from] Spikes","|-damage|p1a: AlphaGross|296/363|[from] Stealth Rock","|turn|15","|","|move|p2a: Salamence|Crunch|p1a: AlphaGross","|-supereffective|p1a: AlphaGross","|-damage|p1a: AlphaGross|68/363","|move|p1a: AlphaGross|Iron Head|p2a: Salamence","|-damage|p2a: Salamence|0 fnt","|faint|p2a: Salamence","|","|","|switch|p2a: Skarmory|Skarmory, M|271/334","|turn|16","|","|move|p2a: Skarmory|Spikes|p1a: AlphaGross","|-sidestart|p1: Champion Darkrai|Spikes","|move|p1a: AlphaGross|Psychic|p2a: Skarmory","|-resisted|p2a: Skarmory","|-damage|p2a: Skarmory|196/334","|","|turn|17","|","|move|p1a: AlphaGross|Iron Head|p2a: Skarmory","|-resisted|p2a: Skarmory","|-damage|p2a: Skarmory|148/334","|-damage|p1a: AlphaGross|8/363|[from] item: Rocky Helmet|[of] p2a: Skarmory","|move|p2a: Skarmory|Spikes|p1a: AlphaGross","|-sidestart|p1: Champion Darkrai|Spikes","|","|turn|18","|","|move|p2a: Skarmory|Roost|p2a: Skarmory","|-heal|p2a: Skarmory|315/334","|move|p1a: AlphaGross|Psychic|p2a: Skarmory","|-resisted|p2a: Skarmory","|-damage|p2a: Skarmory|238/334","|","|turn|19","|","|move|p2a: Skarmory|Roost|p2a: Skarmory","|-heal|p2a: Skarmory|334/334","|move|p1a: AlphaGross|Psychic|p2a: Skarmory","|-crit|p2a: Skarmory","|-resisted|p2a: Skarmory","|-damage|p2a: Skarmory|221/334","|","|turn|20","|","|move|p2a: Skarmory|Roost|p2a: Skarmory","|-heal|p2a: Skarmory|334/334","|move|p1a: AlphaGross|Psychic|p2a: Skarmory","|-resisted|p2a: Skarmory","|-damage|p2a: Skarmory|256/334","|","|turn|21","|","|move|p1a: AlphaGross|Psychic|p2a: Skarmory","|-resisted|p2a: Skarmory","|-damage|p2a: Skarmory|187/334","|move|p2a: Skarmory|Whirlwind|p1a: AlphaGross","|drag|p1a: Brave af|Skarmory, F|329/329","|-damage|p1a: Brave af|288/329|[from] Stealth Rock","|","|turn|22","|","|move|p1a: Brave af|Stealth Rock|p2a: Skarmory","|-sidestart|p2: Specialist◕Alzzy|move: Stealth Rock","|move|p2a: Skarmory|Whirlwind|p1a: Brave af","|drag|p1a: Hot Nigqah|Scizor, M|344/344","|-damage|p1a: Hot Nigqah|301/344|[from] Stealth Rock","|-damage|p1a: Hot Nigqah|215/344|[from] Spikes","|","|turn|23","|","|detailschange|p1a: Hot Nigqah|Scizor-Mega, M","|-mega|p1a: Hot Nigqah|Scizor|Scizorite","|move|p2a: Skarmory|Roost|p2a: Skarmory","|-heal|p2a: Skarmory|334/334","|move|p1a: Hot Nigqah|Superpower|p2a: Skarmory","|-supereffective|p2a: Skarmory","|-damage|p2a: Skarmory|142/334","|-damage|p1a: Hot Nigqah|158/344|[from] item: Rocky Helmet|[of] p2a: Skarmory","|-unboost|p1a: Hot Nigqah|atk|1","|-unboost|p1a: Hot Nigqah|def|1","|","|turn|24","|","|move|p1a: Hot Nigqah|Superpower|p2a: Skarmory","|-damage|p2a: Skarmory|75/334","|-damage|p1a: Hot Nigqah|101/344|[from] item: Rocky Helmet|[of] p2a: Skarmory","|-unboost|p1a: Hot Nigqah|atk|1","|-unboost|p1a: Hot Nigqah|def|1","|move|p2a: Skarmory|Roost|p2a: Skarmory","|-heal|p2a: Skarmory|242/334","|","|turn|25","|","|move|p1a: Hot Nigqah|Superpower|p2a: Skarmory","|-damage|p2a: Skarmory|193/334","|-damage|p1a: Hot Nigqah|44/344|[from] item: Rocky Helmet|[of] p2a: Skarmory","|-unboost|p1a: Hot Nigqah|atk|1","|-unboost|p1a: Hot Nigqah|def|1","|move|p2a: Skarmory|Roost|p2a: Skarmory","|-heal|p2a: Skarmory|334/334","|","|turn|26","|","|move|p1a: Hot Nigqah|Bullet Punch|p2a: Skarmory","|-resisted|p2a: Skarmory","|-damage|p2a: Skarmory|319/334","|-damage|p1a: Hot Nigqah|0 fnt|[from] item: Rocky Helmet|[of] p2a: Skarmory","|faint|p1a: Hot Nigqah","|move|p2a: Skarmory|Whirlwind|p1: Hot Nigqah|[notarget]","|-notarget","|","|","|win|Specialist◕Alzzy"],"p1rating":{"entryid":"7433260","serverid":"eos","formatid":"monotype","userid":"championdarkrai","username":"ChampionDarkrai","w":"3","l":2,"t":"0","gxe":50.8,"r":"1460.3965643598","rd":"122.43699349881","sigma":"0","rptime":"1439110800","rpr":1505.9362555518,"rprd":103.05321789939,"rpsigma":"0","acre":1071.3668848256,"lacre":1071.3668848256,"oldacre":"1103.6087236468"},"p2rating":{"entryid":7522999,"formatid":"monotype","userid":"specialistalzzy","username":"Specialist◕Alzzy","r":1500,"rd":130,"sigma":0,"rpr":1536.1877791048,"rprd":122.82342981379,"rpsigma":0,"rptime":1439110800,"w":1,"l":0,"t":0,"gxe":54.5,"acre":1051.5869421139,"lacre":1051.5869421139,"oldacre":1000},"endType":"forfeit"}