{"seed":[23106,33145,46851,20796],"turns":27,"p1":"Guard Naruto","p2":"sl ice rapton","p1team":[{"name":"Ditto","species":"Ditto","item":"choicescarf","ability":"Imposter","moves":["transform"],"nature":"Bold","evs":{"hp":252,"atk":0,"def":252,"spa":0,"spd":6,"spe":0},"ivs":{"hp":31,"atk":31,"def":31,"spa":31,"spd":31,"spe":31}},{"name":"Heliolisk","species":"Heliolisk","item":"assaultvest","ability":"Dry Skin","moves":["thunderbolt","surf","focusblast","paraboliccharge"],"nature":"Bold","evs":{"hp":248,"atk":0,"def":252,"spa":8,"spd":0,"spe":0},"ivs":{"hp":31,"atk":31,"def":31,"spa":31,"spd":31,"spe":31}},{"name":"Kecleon","species":"Kecleon","item":"lifeorb","ability":"Protean","moves":["drainpunch","recover","shadowsneak","firepunch"],"nature":"Adamant","evs":{"hp":248,"atk":252,"def":0,"spa":0,"spd":8,"spe":0},"ivs":{"hp":31,"atk":31,"def":31,"spa":31,"spd":31,"spe":31}},{"name":"Audino","species":"Audino","item":"audinite","ability":"Regenerator","moves":["calmmind","flamethrower","healbell","drainingkiss"],"nature":"Bold","evs":{"hp":164,"atk":0,"def":252,"spa":40,"spd":52,"spe":0},"ivs":{"hp":31,"atk":31,"def":31,"spa":31,"spd":31,"spe":31}},{"name":"Pyroar","species":"Pyroar","item":"choicespecs","ability":"Unnerve","moves":["flamethrower","darkpulse","hypervoice","overheat"],"nature":"Timid","evs":{"hp":0,"atk":0,"def":0,"spa":252,"spd":4,"spe":252},"ivs":{"hp":31,"atk":31,"def":31,"spa":31,"spd":31,"spe":31}},{"name":"Miltank","species":"Miltank","item":"leftovers","ability":"Thick Fat","moves":["toxic","milkdrink","bodyslam","earthquake"],"nature":"Careful","evs":{"hp":248,"atk":0,"def":60,"spa":0,"spd":200,"spe":0},"ivs":{"hp":31,"atk":31,"def":31,"spa":31,"spd":31,"spe":31}}],"p2team":[{"name":"Mamoswine","species":"Mamoswine","item":"choicescarf","ability":"Thick Fat","moves":["earthquake","iciclecrash","rockslide","stealthrock"],"nature":"Jolly","evs":{"hp":0,"atk":252,"def":0,"spa":0,"spd":4,"spe":252},"ivs":{"hp":31,"atk":31,"def":31,"spa":31,"spd":31,"spe":31}},{"name":"Cloyster","species":"Cloyster","item":"focussash","ability":"Skill Link","moves":["iciclespear","rockblast","rapidspin","shellsmash"],"nature":"Adamant","evs":{"hp":0,"atk":252,"def":0,"spa":0,"spd":4,"spe":252},"ivs":{"hp":31,"atk":31,"def":31,"spa":31,"spd":31,"spe":31}},{"name":"Weavile","species":"Weavile","item":"lifeorb","ability":"Pressure","moves":["aerialace","poisonjab","knockoff","iciclecrash"],"nature":"Jolly","evs":{"hp":0,"atk":252,"def":0,"spa":0,"spd":4,"spe":252},"ivs":{"hp":31,"atk":31,"def":31,"spa":31,"spd":31,"spe":31}},{"name":"Abomasnow","species":"Abomasnow","item":"abomasite","ability":"Snow Warning","moves":["protect","hiddenpowerfire","blizzard","gigadrain"],"nature":"Careful","evs":{"hp":248,"atk":8,"def":0,"spa":0,"spd":252,"spe":0},"ivs":{"hp":31,"atk":30,"def":31,"spa":30,"spd":31,"spe":30}},{"name":"Kyurem-Black","species":"Kyurem-Black","item":"lumberry","ability":"Teravolt","moves":["outrage","fusionbolt","ironhead","roost"],"nature":"Adamant","evs":{"hp":4,"atk":252,"def":0,"spa":0,"spd":0,"spe":252},"ivs":{"hp":31,"atk":31,"def":31,"spa":31,"spd":31,"spe":31}},{"name":"Avalugg","species":"Avalugg","item":"leftovers","ability":"Sturdy","moves":["toxic","recover","earthquake","avalanche"],"nature":"Adamant","evs":{"hp":252,"atk":4,"def":252,"spa":0,"spd":0,"spe":0},"ivs":{"hp":31,"atk":31,"def":31,"spa":31,"spd":31,"spe":31}}],"log":["|player|p1|Guard Naruto|284","|player|p2|sl ice rapton|225","|gametype|singles","|gen|6","|tier|Monotype","|rated","|rule|Baton Pass Clause: Limit one Baton Passer, can't pass Spe and other stats simultaneously","|rule|Swagger Clause: Swagger is banned","|rule|Same Type Clause: Pokémon in a team must share a type","|clearpoke","|poke|p1|Ditto","|poke|p1|Heliolisk, F","|poke|p1|Kecleon, M","|poke|p1|Audino, F","|poke|p1|Pyroar, M","|poke|p1|Miltank, F","|poke|p2|Mamoswine, F","|poke|p2|Cloyster, M","|poke|p2|Weavile, M","|poke|p2|Abomasnow, F","|poke|p2|Kyurem-Black","|poke|p2|Avalugg, F","|rule|Sleep Clause Mod: Limit one foe put to sleep","|rule|Species Clause: Limit one of each Pokémon","|rule|OHKO Clause: OHKO moves are banned","|rule|Moody Clause: Moody is banned","|rule|Evasion Moves Clause: Evasion moves are banned","|rule|Endless Battle Clause: Forcing endless battles is banned","|rule|HP Percentage Mod: HP is shown in percentages","|teampreview","|","|start","|switch|p1a: Kecleon|Kecleon, M|323/323","|switch|p2a: Avalugg|Avalugg, F|394/394","|turn|1","|","|switch|p1a: Pyroar|Pyroar, M|313/313","|-ability|p1a: Pyroar|Unnerve|p2: sl ice rapton","|move|p2a: Avalugg|Toxic|p1a: Pyroar","|-status|p1a: Pyroar|tox","|","|-damage|p1a: Pyroar|294/313 tox|[from] psn","|turn|2","|","|switch|p2a: Mamoswine|Mamoswine, F|361/361","|move|p1a: Pyroar|Flamethrower|p2a: Mamoswine","|-supereffective|p2a: Mamoswine","|-damage|p2a: Mamoswine|29/361","|","|-damage|p1a: Pyroar|256/313 tox|[from] psn","|turn|3","|","|switch|p1a: Miltank|Miltank, F|393/393","|move|p2a: Mamoswine|Earthquake|p1a: Miltank","|-damage|p1a: Miltank|236/393","|","|-heal|p1a: Miltank|260/393|[from] item: Leftovers","|turn|4","|","|switch|p2a: Avalugg|Avalugg, F|394/394","|move|p1a: Miltank|Body Slam|p2a: Avalugg","|-crit|p2a: Avalugg","|-damage|p2a: Avalugg|330/394","|-status|p2a: Avalugg|par","|","|-heal|p1a: Miltank|284/393|[from] item: Leftovers","|-heal|p2a: Avalugg|354/394 par|[from] item: Leftovers","|turn|5","|","|switch|p1a: Audino|Audino, F|388/388","|move|p2a: Avalugg|Earthquake|p1a: Audino","|-damage|p1a: Audino|313/388","|","|-heal|p2a: Avalugg|378/394 par|[from] item: Leftovers","|turn|6","|","|switch|p2a: Weavile|Weavile, M|281/281","|-ability|p2a: Weavile|Pressure","|detailschange|p1a: Audino|Audino-Mega, F","|-mega|p1a: Audino|Audino|Audinite","|move|p1a: Audino|Heal Bell|p1a: Audino","|-cureteam|p1a: Audino|[from] move: HealBell","|","|turn|7","|","|move|p2a: Weavile|Poison Jab|p1a: Audino","|-supereffective|p1a: Audino","|-damage|p1a: Audino|160/388","|-damage|p2a: Weavile|253/281|[from] item: Life Orb","|move|p1a: Audino|Draining Kiss|p2a: Weavile","|-supereffective|p2a: Weavile","|-damage|p2a: Weavile|127/281","|-heal|p1a: Audino|255/388|[from] drain|[of] p2a: Weavile","|","|turn|8","|","|switch|p1a: Miltank|Miltank, F|284/393","|move|p2a: Weavile|Icicle Crash|p1a: Miltank","|-damage|p1a: Miltank|197/393","|-damage|p2a: Weavile|99/281|[from] item: Life Orb","|","|-heal|p1a: Miltank|221/393|[from] item: Leftovers","|turn|9","|","|move|p2a: Weavile|Knock Off|p1a: Miltank","|-damage|p1a: Miltank|46/393","|-enditem|p1a: Miltank|Leftovers|[from] move: Knock Off|[of] p2a: Weavile","|-damage|p2a: Weavile|71/281|[from] item: Life Orb","|move|p1a: Miltank|Body Slam|p2a: Weavile","|-damage|p2a: Weavile|0 fnt","|faint|p2a: Weavile","|","|","|switch|p2a: Abomasnow|Abomasnow, F|383/383","|-weather|Hail","|turn|10","|","|detailschange|p2a: Abomasnow|Abomasnow-Mega, F","|-mega|p2a: Abomasnow|Abomasnow|Abomasite","|move|p1a: Miltank|Milk Drink|p1a: Miltank","|-heal|p1a: Miltank|243/393","|move|p2a: Abomasnow|Blizzard|p1a: Miltank","|-damage|p1a: Miltank|174/393","|","|-weather|Hail|[upkeep]","|-damage|p1a: Miltank|150/393|[from] hail","|turn|11","|","|move|p1a: Miltank|Toxic|p2a: Abomasnow","|-status|p2a: Abomasnow|tox","|move|p2a: Abomasnow|Giga Drain|p1a: Miltank","|-damage|p1a: Miltank|56/393","|","|-weather|Hail|[upkeep]","|-damage|p1a: Miltank|32/393|[from] hail","|-damage|p2a: Abomasnow|360/383 tox|[from] psn","|turn|12","|","|move|p1a: Miltank|Body Slam|p2a: Abomasnow","|-crit|p2a: Abomasnow","|-damage|p2a: Abomasnow|233/383 tox","|move|p2a: Abomasnow|Blizzard|p1a: Miltank","|-damage|p1a: Miltank|0 fnt","|faint|p1a: Miltank","|","|-weather|Hail|[upkeep]","|-damage|p2a: Abomasnow|187/383 tox|[from] psn","|","|switch|p1a: Kecleon|Kecleon, M|323/323","|turn|13","|","|move|p1a: Kecleon|Fire Punch|p2a: Abomasnow","|-start|p1a: Kecleon|typechange|Fire|[from] Protean","|-supereffective|p2a: Abomasnow","|-damage|p2a: Abomasnow|0 fnt","|-damage|p1a: Kecleon|291/323|[from] item: Life Orb","|faint|p2a: Abomasnow","|","|-weather|Hail|[upkeep]","|-damage|p1a: Kecleon|271/323|[from] hail","|","|switch|p2a: Cloyster|Cloyster, M|241/241","|turn|14","|","|move|p2a: Cloyster|Shell Smash|p2a: Cloyster","|-unboost|p2a: Cloyster|def|1","|-unboost|p2a: Cloyster|spd|1","|-boost|p2a: Cloyster|atk|2","|-boost|p2a: Cloyster|spa|2","|-boost|p2a: Cloyster|spe|2","|move|p1a: Kecleon|Drain Punch|p2a: Cloyster","|-start|p1a: Kecleon|typechange|Fighting|[from] Protean","|-supereffective|p2a: Cloyster","|-enditem|p2a: Cloyster|Focus Sash","|-damage|p2a: Cloyster|1/241","|-heal|p1a: Kecleon|323/323|[from] drain|[of] p2a: Cloyster","|-damage|p1a: Kecleon|291/323|[from] item: Life Orb","|","|-weather|none","|turn|15","|","|switch|p1a: Heliolisk|Heliolisk, F|327/327","|move|p2a: Cloyster|Icicle Spear|p1a: Heliolisk","|-damage|p1a: Heliolisk|246/327","|-damage|p1a: Heliolisk|168/327","|-damage|p1a: Heliolisk|83/327","|-damage|p1a: Heliolisk|2/327","|-damage|p1a: Heliolisk|0 fnt","|-hitcount|p1a: Heliolisk|5","|faint|p1a: Heliolisk","|","|","|switch|p1a: Ditto|Ditto|300/300","|-transform|p1a: Ditto|p2a: Cloyster","|turn|16","|","|move|p1a: Ditto|Rock Blast|p2a: Cloyster|[miss]","|-miss|p1a: Ditto|p2a: Cloyster","|move|p2a: Cloyster|Rock Blast|p1a: Ditto","|-supereffective|p1a: Ditto","|-damage|p1a: Ditto|212/300","|-supereffective|p1a: Ditto","|-damage|p1a: Ditto|108/300","|-supereffective|p1a: Ditto","|-damage|p1a: Ditto|20/300","|-crit|p1a: Ditto","|-supereffective|p1a: Ditto","|-damage|p1a: Ditto|0 fnt","|-hitcount|p1a: Ditto|4","|faint|p1a: Ditto","|","|","|switch|p1a: Kecleon|Kecleon, M|291/323","|turn|17","|","|move|p1a: Kecleon|Shadow Sneak|p2a: Cloyster","|-start|p1a: Kecleon|typechange|Ghost|[from] Protean","|-damage|p2a: Cloyster|0 fnt","|-damage|p1a: Kecleon|259/323|[from] item: Life Orb","|faint|p2a: Cloyster","|","|","|switch|p2a: Mamoswine|Mamoswine, F|29/361","|turn|18","|","|switch|p1a: Audino|Audino-Mega, F|255/388","|move|p2a: Mamoswine|Stealth Rock|p1a: Audino","|-sidestart|p1: Guard Naruto|move: Stealth Rock","|","|turn|19","|","|switch|p2a: Avalugg|Avalugg, F|378/394 par","|move|p1a: Audino|Calm Mind|p1a: Audino","|-boost|p1a: Audino|spa|1","|-boost|p1a: Audino|spd|1","|","|-heal|p2a: Avalugg|394/394 par|[from] item: Leftovers","|turn|20","|","|move|p1a: Audino|Calm Mind|p1a: Audino","|-boost|p1a: Audino|spa|1","|-boost|p1a: Audino|spd|1","|move|p2a: Avalugg|Avalanche|p1a: Audino","|-damage|p1a: Audino|198/388","|","|turn|21","|","|move|p1a: Audino|Draining Kiss|p2a: Avalugg","|-damage|p2a: Avalugg|214/394 par","|-heal|p1a: Audino|333/388|[from] drain|[of] p2a: Avalugg","|cant|p2a: Avalugg|par","|","|-heal|p2a: Avalugg|238/394 par|[from] item: Leftovers","|turn|22","|","|move|p1a: Audino|Flamethrower|p2a: Avalugg","|-supereffective|p2a: Avalugg","|-damage|p2a: Avalugg|0 fnt","|faint|p2a: Avalugg","|","|","|switch|p2a: Mamoswine|Mamoswine, F|29/361","|turn|23","|","|move|p2a: Mamoswine|Icicle Crash|p1a: Audino","|-damage|p1a: Audino|242/388","|cant|p1a: Audino|flinch","|","|turn|24","|","|move|p2a: Mamoswine|Icicle Crash|p1a: Audino","|-damage|p1a: Audino|146/388","|move|p1a: Audino|Flamethrower|p2a: Mamoswine","|-supereffective|p2a: Mamoswine","|-damage|p2a: Mamoswine|0 fnt","|faint|p2a: Mamoswine","|","|","|switch|p2a: Kyurem-Black|Kyurem-Black|392/392","|-ability|p2a: Kyurem-Black|Teravolt","|turn|25","|","|move|p2a: Kyurem-Black|Iron Head|p1a: Audino","|-supereffective|p1a: Audino","|-damage|p1a: Audino|0 fnt","|faint|p1a: Audino","|","|","|switch|p1a: Pyroar|Pyroar, M|256/313","|-damage|p1a: Pyroar|178/313|[from] Stealth Rock","|-ability|p1a: Pyroar|Unnerve|p2: sl ice rapton","|turn|26","|","|move|p1a: Pyroar|Overheat|p2a: Kyurem-Black|[miss]","|-miss|p1a: Pyroar|p2a: Kyurem-Black","|move|p2a: Kyurem-Black|Outrage|p1a: Pyroar","|-damage|p1a: Pyroar|0 fnt","|faint|p1a: Pyroar","|","|","|switch|p1a: Kecleon|Kecleon, M|259/323","|-damage|p1a: Kecleon|219/323|[from] Stealth Rock","|turn|27","|","|move|p2a: Kyurem-Black|Outrage|p1a: Kecleon|[from]lockedmove","|-damage|p1a: Kecleon|0 fnt","|-start|p2a: Kyurem-Black|confusion|[fatigue]","|faint|p1a: Kecleon","|","|win|sl ice rapton"],"p1rating":{"entryid":"7460015","serverid":"eos","formatid":"monotype","userid":"guardnaruto","username":"Guard Naruto","w":"15","l":17,"t":"0","gxe":50.3,"r":"1464.4069117317","rd":"76.2818127204","sigma":"0","rptime":"1439110800","rpr":1502.5513213085,"rprd":59.134424475913,"rpsigma":"0","acre":1131.5980103537,"lacre":1131.5980103537,"oldacre":"1163.4890935902"},"p2rating":{"entryid":"7497722","serverid":"eos","formatid":"monotype","userid":"slicerapton","username":"sl ice rapton","w":4,"l":"1","t":"0","gxe":59.3,"r":"1527.8644024715","rd":"123.01328871718","sigma":"0","rptime":"1439110800","rpr":1574.0296120458,"rprd":102.71185282732,"rpsigma":"0","acre":1103.7324536167,"lacre":1103.7324536167,"oldacre":"1065.1783741743"},"endType":"normal"}