{"seed":[38113,4010,16109,38699],"turns":29,"p1":"Guard Naruto","p2":"Sage.13","p1team":[{"name":"Ditto","species":"Ditto","item":"choicescarf","ability":"Imposter","moves":["transform"],"nature":"Bold","evs":{"hp":252,"atk":0,"def":252,"spa":0,"spd":6,"spe":0},"ivs":{"hp":31,"atk":31,"def":31,"spa":31,"spd":31,"spe":31}},{"name":"Heliolisk","species":"Heliolisk","item":"assaultvest","ability":"Dry Skin","moves":["thunderbolt","surf","focusblast","paraboliccharge"],"nature":"Bold","evs":{"hp":248,"atk":0,"def":252,"spa":8,"spd":0,"spe":0},"ivs":{"hp":31,"atk":31,"def":31,"spa":31,"spd":31,"spe":31}},{"name":"Kecleon","species":"Kecleon","item":"lifeorb","ability":"Protean","moves":["drainpunch","suckerpunch","shadowsneak","firepunch"],"nature":"Adamant","evs":{"hp":248,"atk":252,"def":0,"spa":0,"spd":8,"spe":0},"ivs":{"hp":31,"atk":31,"def":31,"spa":31,"spd":31,"spe":31}},{"name":"Audino","species":"Audino","item":"audinite","ability":"Regenerator","moves":["calmmind","flamethrower","healbell","drainingkiss"],"nature":"Bold","evs":{"hp":164,"atk":0,"def":252,"spa":40,"spd":52,"spe":0},"ivs":{"hp":31,"atk":31,"def":31,"spa":31,"spd":31,"spe":31}},{"name":"Pyroar","species":"Pyroar","item":"choicespecs","ability":"Unnerve","moves":["flamethrower","darkpulse","hypervoice","overheat"],"nature":"Timid","evs":{"hp":0,"atk":0,"def":0,"spa":252,"spd":4,"spe":252},"ivs":{"hp":31,"atk":31,"def":31,"spa":31,"spd":31,"spe":31}},{"name":"Miltank","species":"Miltank","item":"leftovers","ability":"Thick Fat","moves":["poweruppunch","bodyslam","milkdrink","firepunch"],"nature":"Careful","evs":{"hp":248,"atk":0,"def":60,"spa":0,"spd":200,"spe":0},"ivs":{"hp":31,"atk":31,"def":31,"spa":31,"spd":31,"spe":31}}],"p2team":[{"name":"King Ludi","species":"ludicolo","item":"leftovers","ability":"Swift Swim","moves":["teeterdance","scald","icebeam","gigadrain"],"nature":"Modest","evs":{"hp":0,"atk":0,"def":0,"spa":252,"spd":4,"spe":252},"shiny":true,"ivs":{"hp":31,"atk":31,"def":31,"spa":31,"spd":31,"spe":31}},{"name":"SS2 Azu","species":"azumarill","item":"sitrusberry","ability":"Huge Power","moves":["aquajet","playrough","bellydrum","knockoff"],"nature":"Adamant","evs":{"hp":252,"atk":252,"def":0,"spa":0,"spd":4,"spe":0},"shiny":true,"ivs":{"hp":31,"atk":31,"def":31,"spa":31,"spd":31,"spe":31}},{"name":"Swampert","species":"Swampert","item":"swampertite","ability":"Damp","moves":["superpower","waterfall","earthquake","icepunch"],"nature":"Adamant","evs":{"hp":248,"atk":252,"def":0,"spa":0,"spd":8,"spe":0},"ivs":{"hp":31,"atk":31,"def":31,"spa":31,"spd":31,"spe":31}},{"name":"Milo","species":"milotic","item":"leftovers","ability":"Competitive","moves":["scald","icebeam","raindance","toxic"],"nature":"Bold","evs":{"hp":252,"atk":0,"def":252,"spa":4,"spd":0,"spe":0},"shiny":true,"ivs":{"hp":31,"atk":31,"def":31,"spa":31,"spd":31,"spe":31}},{"name":"Politoed","species":"Politoed","item":"widelens","ability":"Drizzle","moves":["icebeam","surf","hypnosis","perishsong"],"nature":"Modest","evs":{"hp":248,"atk":0,"def":0,"spa":252,"spd":8,"spe":0},"shiny":true,"ivs":{"hp":31,"atk":31,"def":31,"spa":31,"spd":31,"spe":31}},{"name":"Slowbro","species":"Slowbro","item":"assaultvest","ability":"Regenerator","moves":["flamethrower","scald","futuresight","focusblast"],"nature":"Modest","evs":{"hp":248,"atk":0,"def":0,"spa":252,"spd":8,"spe":0},"ivs":{"hp":31,"atk":31,"def":31,"spa":31,"spd":31,"spe":31}}],"log":["|player|p1|Guard Naruto|284","|player|p2|Sage.13|154","|gametype|singles","|gen|6","|tier|Monotype","|rated","|rule|Baton Pass Clause: Limit one Baton Passer, can't pass Spe and other stats simultaneously","|rule|Swagger Clause: Swagger is banned","|rule|Same Type Clause: Pokémon in a team must share a type","|clearpoke","|poke|p1|Ditto","|poke|p1|Heliolisk, M","|poke|p1|Kecleon, F","|poke|p1|Audino, F","|poke|p1|Pyroar, M","|poke|p1|Miltank, F","|poke|p2|Ludicolo, M, shiny","|poke|p2|Azumarill, F, shiny","|poke|p2|Swampert, M","|poke|p2|Milotic, M, shiny","|poke|p2|Politoed, F, shiny","|poke|p2|Slowbro, F","|rule|Sleep Clause Mod: Limit one foe put to sleep","|rule|Species Clause: Limit one of each Pokémon","|rule|OHKO Clause: OHKO moves are banned","|rule|Moody Clause: Moody is banned","|rule|Evasion Moves Clause: Evasion moves are banned","|rule|Endless Battle Clause: Forcing endless battles is banned","|rule|HP Percentage Mod: HP is shown in percentages","|teampreview","|","|start","|switch|p1a: Heliolisk|Heliolisk, M|327/327","|switch|p2a: King Ludi|Ludicolo, M, shiny|301/301","|turn|1","|","|move|p1a: Heliolisk|Thunderbolt|p2a: King Ludi","|-damage|p2a: King Ludi|180/301","|move|p2a: King Ludi|Teeter Dance|p1a: Heliolisk","|-start|p1a: Heliolisk|confusion","|","|-heal|p2a: King Ludi|198/301|[from] item: Leftovers","|turn|2","|","|switch|p1a: Kecleon|Kecleon, F|323/323","|switch|p2a: Swampert|Swampert, M|403/403","|","|turn|3","|","|detailschange|p2a: Swampert|Swampert-Mega, M","|-mega|p2a: Swampert|Swampert|Swampertite","|move|p2a: Swampert|Waterfall|p1a: Kecleon","|-damage|p1a: Kecleon|94/323","|move|p1a: Kecleon|Drain Punch|p2a: Swampert","|-start|p1a: Kecleon|typechange|Fighting|[from] Protean","|-damage|p2a: Swampert|269/403","|-heal|p1a: Kecleon|161/323|[from] drain|[of] p2a: Swampert","|-damage|p1a: Kecleon|129/323|[from] item: Life Orb","|","|turn|4","|","|move|p1a: Kecleon|Sucker Punch|p2a: Swampert","|-start|p1a: Kecleon|typechange|Dark|[from] Protean","|-damage|p2a: Swampert|109/403","|-damage|p1a: Kecleon|97/323|[from] item: Life Orb","|move|p2a: Swampert|Earthquake|p1a: Kecleon","|-damage|p1a: Kecleon|0 fnt","|faint|p1a: Kecleon","|","|","|switch|p1a: Miltank|Miltank, F|393/393","|turn|5","|","|switch|p2a: Politoed|Politoed, F, shiny|383/383","|-weather|RainDance","|move|p1a: Miltank|Power-Up Punch|p2a: Politoed","|-damage|p2a: Politoed|349/383","|-boost|p1a: Miltank|atk|1","|","|-weather|RainDance|[upkeep]","|turn|6","|","|move|p1a: Miltank|Power-Up Punch|p2a: Politoed","|-damage|p2a: Politoed|300/383","|-boost|p1a: Miltank|atk|1","|move|p2a: Politoed|Surf|p1a: Miltank","|-damage|p1a: Miltank|206/393","|","|-weather|RainDance|[upkeep]","|-heal|p1a: Miltank|230/393|[from] item: Leftovers","|turn|7","|","|move|p1a: Miltank|Power-Up Punch|p2a: Politoed","|-damage|p2a: Politoed|235/383","|-boost|p1a: Miltank|atk|1","|move|p2a: Politoed|Hypnosis|p1a: Miltank","|-status|p1a: Miltank|slp","|","|-weather|RainDance|[upkeep]","|-heal|p1a: Miltank|254/393 slp|[from] item: Leftovers","|turn|8","|","|switch|p2a: Slowbro|Slowbro, F|393/393","|cant|p1a: Miltank|slp","|","|-weather|RainDance|[upkeep]","|-heal|p1a: Miltank|278/393 slp|[from] item: Leftovers","|turn|9","|","|-curestatus|p1a: Miltank|slp","|move|p1a: Miltank|Milk Drink|p1a: Miltank","|-heal|p1a: Miltank|393/393","|move|p2a: Slowbro|Focus Blast|p1a: Miltank|[miss]","|-miss|p2a: Slowbro|p1a: Miltank","|","|-weather|none","|turn|10","|","|move|p1a: Miltank|Power-Up Punch|p2a: Slowbro","|-resisted|p2a: Slowbro","|-damage|p2a: Slowbro|362/393","|-boost|p1a: Miltank|atk|1","|move|p2a: Slowbro|Future Sight|p1a: Miltank","|-start|p2a: Slowbro|move: Future Sight","|","|turn|11","|","|move|p1a: Miltank|Power-Up Punch|p2a: Slowbro","|-resisted|p2a: Slowbro","|-damage|p2a: Slowbro|329/393","|-boost|p1a: Miltank|atk|1","|move|p2a: Slowbro|Focus Blast|p1a: Miltank","|-supereffective|p1a: Miltank","|-damage|p1a: Miltank|145/393","|","|-heal|p1a: Miltank|169/393|[from] item: Leftovers","|turn|12","|","|move|p1a: Miltank|Milk Drink|p1a: Miltank","|-heal|p1a: Miltank|366/393","|move|p2a: Slowbro|Focus Blast|p1a: Miltank|[miss]","|-miss|p2a: Slowbro|p1a: Miltank","|","|-end|p1a: Miltank|move: Future Sight","|-damage|p1a: Miltank|191/393","|-heal|p1a: Miltank|215/393|[from] item: Leftovers","|turn|13","|","|move|p1a: Miltank|Body Slam|p2a: Slowbro","|-crit|p2a: Slowbro","|-damage|p2a: Slowbro|0 fnt","|faint|p2a: Slowbro","|","|-heal|p1a: Miltank|239/393|[from] item: Leftovers","|","|switch|p2a: Politoed|Politoed, F, shiny|235/383","|-weather|RainDance","|turn|14","|","|move|p1a: Miltank|Body Slam|p2a: Politoed","|-damage|p2a: Politoed|0 fnt","|faint|p2a: Politoed","|","|-weather|RainDance|[upkeep]","|-heal|p1a: Miltank|263/393|[from] item: Leftovers","|","|switch|p2a: Swampert|Swampert-Mega, M|109/403","|turn|15","|","|move|p2a: Swampert|Superpower|p1a: Miltank","|-supereffective|p1a: Miltank","|-damage|p1a: Miltank|0 fnt","|-unboost|p2a: Swampert|atk|1","|-unboost|p2a: Swampert|def|1","|faint|p1a: Miltank","|","|-weather|RainDance|[upkeep]","|","|switch|p1a: Ditto|Ditto|300/300","|-transform|p1a: Ditto|p2a: Swampert","|turn|16","|","|move|p1a: Ditto|Waterfall|p2a: Swampert","|-damage|p2a: Swampert|0 fnt","|faint|p2a: Swampert","|","|-weather|RainDance|[upkeep]","|","|switch|p2a: King Ludi|Ludicolo, M, shiny|198/301","|turn|17","|","|switch|p1a: Heliolisk|Heliolisk, M|327/327","|move|p2a: King Ludi|Giga Drain|p1a: Heliolisk","|-damage|p1a: Heliolisk|243/327","|-heal|p2a: King Ludi|240/301|[from] drain|[of] p1a: Heliolisk","|","|-weather|RainDance|[upkeep]","|-heal|p1a: Heliolisk|283/327|[from] ability: Dry Skin","|-heal|p2a: King Ludi|258/301|[from] item: Leftovers","|turn|18","|","|move|p2a: King Ludi|Teeter Dance|p1a: Heliolisk","|-start|p1a: Heliolisk|confusion","|-activate|p1a: Heliolisk|confusion","|move|p1a: Heliolisk|Thunderbolt|p2a: King Ludi","|-damage|p2a: King Ludi|143/301","|","|-weather|none","|-heal|p2a: King Ludi|161/301|[from] item: Leftovers","|turn|19","|","|switch|p1a: Pyroar|Pyroar, M|313/313","|-ability|p1a: Pyroar|Unnerve|p2: Sage.13","|move|p2a: King Ludi|Ice Beam|p1a: Pyroar","|-resisted|p1a: Pyroar","|-damage|p1a: Pyroar|253/313","|","|-heal|p2a: King Ludi|179/301|[from] item: Leftovers","|turn|20","|","|switch|p2a: Milo|Milotic, M, shiny|394/394","|move|p1a: Pyroar|Hyper Voice|p2a: Milo","|-damage|p2a: Milo|204/394","|","|-heal|p2a: Milo|228/394|[from] item: Leftovers","|turn|21","|","|switch|p1a: Heliolisk|Heliolisk, M|283/327","|move|p2a: Milo|Scald|p1a: Heliolisk","|-heal|p1a: Heliolisk|327/327|[from] ability: Dry Skin|[of] p2a: Milo","|","|-heal|p2a: Milo|252/394|[from] item: Leftovers","|turn|22","|","|move|p1a: Heliolisk|Thunderbolt|p2a: Milo","|-supereffective|p2a: Milo","|-damage|p2a: Milo|52/394","|move|p2a: Milo|Toxic|p1a: Heliolisk","|-status|p1a: Heliolisk|tox","|","|-heal|p2a: Milo|76/394|[from] item: Leftovers","|-damage|p1a: Heliolisk|307/327 tox|[from] psn","|turn|23","|","|move|p1a: Heliolisk|Thunderbolt|p2a: Milo","|-supereffective|p2a: Milo","|-damage|p2a: Milo|0 fnt","|faint|p2a: Milo","|","|-damage|p1a: Heliolisk|267/327 tox|[from] psn","|","|switch|p2a: King Ludi|Ludicolo, M, shiny|179/301","|turn|24","|","|move|p1a: Heliolisk|Thunderbolt|p2a: King Ludi","|-damage|p2a: King Ludi|71/301","|move|p2a: King Ludi|Teeter Dance|p1a: Heliolisk","|-start|p1a: Heliolisk|confusion","|","|-heal|p2a: King Ludi|89/301|[from] item: Leftovers","|-damage|p1a: Heliolisk|207/327 tox|[from] psn","|turn|25","|","|switch|p1a: Pyroar|Pyroar, M|253/313","|-ability|p1a: Pyroar|Unnerve|p2: Sage.13","|move|p2a: King Ludi|Giga Drain|p1a: Pyroar","|-resisted|p1a: Pyroar","|-damage|p1a: Pyroar|175/313","|-heal|p2a: King Ludi|128/301|[from] drain|[of] p1a: Pyroar","|","|-heal|p2a: King Ludi|146/301|[from] item: Leftovers","|turn|26","|","|move|p1a: Pyroar|Hyper Voice|p2a: King Ludi","|-damage|p2a: King Ludi|0 fnt","|faint|p2a: King Ludi","|","|","|switch|p2a: SS2 Azu|Azumarill, F, shiny|404/404","|turn|27","|","|move|p1a: Pyroar|Hyper Voice|p2a: SS2 Azu","|-damage|p2a: SS2 Azu|167/404","|move|p2a: SS2 Azu|Belly Drum|p2a: SS2 Azu","|-fail|p2a: SS2 Azu","|","|turn|28","|","|move|p2a: SS2 Azu|Aqua Jet|p1a: Pyroar","|-supereffective|p1a: Pyroar","|-damage|p1a: Pyroar|0 fnt","|faint|p1a: Pyroar","|-enditem|p2a: SS2 Azu|Sitrus Berry|[eat]","|-heal|p2a: SS2 Azu|268/404|[from] item: Sitrus Berry","|","|","|switch|p1a: Heliolisk|Heliolisk, M|207/327 tox","|turn|29","|","|move|p1a: Heliolisk|Thunderbolt|p2a: SS2 Azu","|-supereffective|p2a: SS2 Azu","|-damage|p2a: SS2 Azu|0 fnt","|faint|p2a: SS2 Azu","|","|win|Guard Naruto"],"p1rating":{"entryid":"7460015","serverid":"eos","formatid":"monotype","userid":"guardnaruto","username":"Guard Naruto","w":5,"l":"10","t":"0","gxe":42.2,"r":"1466.0434440081","rd":"122.3574861412","sigma":"0","rptime":"1439024400","rpr":1439.1364901361,"rprd":77.553456401113,"rpsigma":"0","acre":1092.1457566302,"lacre":1092.1457566302,"oldacre":"1060.8355219965"},"p2rating":{"entryid":"7365108","serverid":"eos","formatid":"monotype","userid":"sage13","username":"Sage.13","w":"21","l":24,"t":"0","gxe":45.3,"r":1471.5864268773,"rd":51.738658077501,"sigma":"0","rptime":1439024400,"rpr":1464.4352101956,"rprd":51.247352812456,"rpsigma":"0","acre":1045.5965038507,"lacre":1045.5965038507,"oldacre":"1065.7372778639"},"endType":"normal"}