{"seed":[41399,3717,36988,9992],"turns":28,"p1":"Bugy","p2":"Multistripe멀티 줄무늬","p1team":[{"name":"Pinch Pinch!!","species":"pinsir","item":"pinsirite","ability":"Moxie","moves":["quickattack","return","swordsdance","closecombat"],"nature":"Adamant","evs":{"hp":248,"atk":252,"def":0,"spa":0,"spd":8,"spe":0},"shiny":true,"ivs":{"hp":31,"atk":31,"def":31,"spa":31,"spd":31,"spe":31}},{"name":"Volcin","species":"volcarona","item":"leftovers","ability":"Flame Body","moves":["bugbuzz","fierydance","quiverdance","gigadrain"],"nature":"Modest","evs":{"hp":0,"atk":0,"def":0,"spa":252,"spd":4,"spe":252},"shiny":true,"ivs":{"hp":31,"atk":31,"def":31,"spa":31,"spd":31,"spe":31}},{"name":"Snap SNip","species":"scizor","item":"rockyhelmet","ability":"Technician","moves":["swordsdance","bulletpunch","roost","uturn"],"nature":"Impish","evs":{"hp":248,"atk":8,"def":252,"spa":0,"spd":0,"spe":0},"shiny":true,"ivs":{"hp":31,"atk":31,"def":31,"spa":31,"spd":31,"spe":31}},{"name":"Red Mega Zord","species":"genesect","item":"choicescarf","ability":"Download","moves":["icebeam","thunderbolt","uturn","ironhead"],"nature":"Hasty","evs":{"hp":0,"atk":4,"def":0,"spa":252,"spd":0,"spe":252},"shiny":true,"ivs":{"hp":31,"atk":31,"def":31,"spa":31,"spd":31,"spe":31}},{"name":"Rocky","species":"heracross","item":"choicescarf","ability":"Guts","moves":["closecombat","megahorn","stoneedge","earthquake"],"nature":"","shiny":true,"evs":{"hp":0,"atk":0,"def":0,"spa":0,"spd":0,"spe":0},"ivs":{"hp":31,"atk":31,"def":31,"spa":31,"spd":31,"spe":31}},{"name":"Billy","species":"armaldo","item":"leftovers","ability":"Battle Armor","moves":["stealthrock","rockblast","rapidspin","knockoff"],"nature":"Adamant","evs":{"hp":252,"atk":252,"def":0,"spa":0,"spd":4,"spe":0},"shiny":true,"ivs":{"hp":31,"atk":31,"def":31,"spa":31,"spd":31,"spe":31}}],"p2team":[{"name":"ラティオス","species":"latios","item":"choicescarf","ability":"Levitate","moves":["shadowball","dragonpulse","psyshock","icebeam"],"nature":"Timid","evs":{"hp":0,"atk":0,"def":4,"spa":252,"spd":0,"spe":252},"ivs":{"hp":31,"atk":0,"def":31,"spa":31,"spd":31,"spe":31}},{"name":"キュレム","species":"kyuremblack","item":"lifeorb","ability":"Teravolt","moves":["icebeam","outrage","fusionbolt","ironhead"],"nature":"Naive","evs":{"hp":0,"atk":100,"def":0,"spa":180,"spd":0,"spe":228},"shiny":true,"ivs":{"hp":31,"atk":31,"def":31,"spa":31,"spd":31,"spe":31}},{"name":"ボーマンダ","species":"salamence","item":"choicescarf","ability":"Moxie","moves":["outrage","aerialace","steelwing","earthquake"],"nature":"Jolly","evs":{"hp":0,"atk":252,"def":4,"spa":0,"spd":0,"spe":252},"ivs":{"hp":31,"atk":31,"def":31,"spa":31,"spd":31,"spe":31}},{"name":"サザンドラ","species":"hydreigon","item":"choicespecs","ability":"Levitate","moves":["darkpulse","flamethrower","dracometeor","flashcannon"],"nature":"Modest","evs":{"hp":0,"atk":0,"def":4,"spa":252,"spd":0,"spe":252},"shiny":true,"ivs":{"hp":31,"atk":31,"def":31,"spa":31,"spd":31,"spe":31}},{"name":"ガブリアス","species":"garchomp","item":"rockyhelmet","ability":"Rough Skin","moves":["stealthrock","earthquake","dragontail","endure"],"nature":"Impish","evs":{"hp":252,"atk":0,"def":232,"spa":0,"spd":24,"spe":0},"ivs":{"hp":31,"atk":31,"def":31,"spa":31,"spd":31,"spe":31}},{"name":"ラティアス","species":"latias","item":"latiasite","ability":"Levitate","moves":["calmmind","recover","psyshock","dragonbreath"],"nature":"Bold","evs":{"hp":252,"atk":0,"def":224,"spa":0,"spd":0,"spe":32},"ivs":{"hp":31,"atk":0,"def":31,"spa":31,"spd":31,"spe":31}}],"log":["|player|p1|Bugy|66","|player|p2|Multistripe멀티 줄무늬|alliancewutang.png","|gametype|singles","|gen|6","|tier|Monotype","|rated","|rule|Baton Pass Clause: Limit one Baton Passer, can't pass Spe and other stats simultaneously","|rule|Swagger Clause: Swagger is banned","|rule|Same Type Clause: Pokémon in a team must share a type","|clearpoke","|poke|p1|Pinsir, M, shiny","|poke|p1|Volcarona, F, shiny","|poke|p1|Scizor, M, shiny","|poke|p1|Genesect-*, shiny","|poke|p1|Heracross, F, shiny","|poke|p1|Armaldo, M, shiny","|poke|p2|Latios, M","|poke|p2|Kyurem-Black, shiny","|poke|p2|Salamence, M","|poke|p2|Hydreigon, M, shiny","|poke|p2|Garchomp, M","|poke|p2|Latias, F","|rule|Sleep Clause Mod: Limit one foe put to sleep","|rule|Species Clause: Limit one of each Pokémon","|rule|OHKO Clause: OHKO moves are banned","|rule|Moody Clause: Moody is banned","|rule|Evasion Moves Clause: Evasion moves are banned","|rule|Endless Battle Clause: Forcing endless battles is banned","|rule|HP Percentage Mod: HP is shown in percentages","|teampreview","|","|start","|switch|p1a: Red Mega Zord|Genesect, shiny|283/283","|switch|p2a: サザンドラ|Hydreigon, M, shiny|325/325","|-boost|p1a: Red Mega Zord|spa|1|[from] ability: Download","|turn|1","|","|switch|p2a: ガブリアス|Garchomp, M|420/420","|move|p1a: Red Mega Zord|Ice Beam|p2a: ガブリアス","|-supereffective|p2a: ガブリアス","|-damage|p2a: ガブリアス|0 fnt","|faint|p2a: ガブリアス","|","|","|switch|p2a: サザンドラ|Hydreigon, M, shiny|325/325","|turn|2","|","|move|p1a: Red Mega Zord|Ice Beam|p2a: サザンドラ","|-supereffective|p2a: サザンドラ","|-damage|p2a: サザンドラ|3/325","|move|p2a: サザンドラ|Flamethrower|p1a: Red Mega Zord","|-supereffective|p1a: Red Mega Zord","|-damage|p1a: Red Mega Zord|0 fnt","|faint|p1a: Red Mega Zord","|","|","|switch|p1a: Pinch Pinch!!|Pinsir, M, shiny|333/333","|turn|3","|","|switch|p2a: キュレム|Kyurem-Black, shiny|391/391","|-ability|p2a: キュレム|Teravolt","|move|p1a: Pinch Pinch!!|Quick Attack|p2a: キュレム","|-damage|p2a: キュレム|343/391","|","|turn|4","|","|switch|p1a: Volcin|Volcarona, F, shiny|311/311","|move|p2a: キュレム|Ice Beam|p1a: Volcin","|-resisted|p1a: Volcin","|-damage|p1a: Volcin|220/311","|-damage|p2a: キュレム|304/391|[from] item: Life Orb","|","|-heal|p1a: Volcin|239/311|[from] item: Leftovers","|turn|5","|","|move|p2a: キュレム|Fusion Bolt|p1a: Volcin","|-damage|p1a: Volcin|0 fnt","|-damage|p2a: キュレム|265/391|[from] item: Life Orb","|faint|p1a: Volcin","|","|","|switch|p1a: Snap SNip|Scizor, M, shiny|343/343","|turn|6","|","|move|p2a: キュレム|Fusion Bolt|p1a: Snap SNip","|-damage|p1a: Snap SNip|208/343","|-damage|p2a: キュレム|226/391|[from] item: Life Orb","|move|p1a: Snap SNip|Swords Dance|p1a: Snap SNip","|-boost|p1a: Snap SNip|atk|2","|","|turn|7","|","|switch|p2a: サザンドラ|Hydreigon, M, shiny|3/325","|move|p1a: Snap SNip|Roost|p1a: Snap SNip","|-heal|p1a: Snap SNip|343/343","|","|turn|8","|","|move|p1a: Snap SNip|Bullet Punch|p2a: サザンドラ","|-damage|p2a: サザンドラ|0 fnt","|faint|p2a: サザンドラ","|","|","|switch|p2a: ラティアス|Latias, F|364/364","|turn|9","|","|detailschange|p2a: ラティアス|Latias-Mega, F","|-mega|p2a: ラティアス|Latias|Latiasite","|move|p2a: ラティアス|Dragon Breath|p1a: Snap SNip","|-resisted|p1a: Snap SNip","|-damage|p1a: Snap SNip|285/343","|-status|p1a: Snap SNip|par","|cant|p1a: Snap SNip|par","|","|turn|10","|","|move|p2a: ラティアス|Calm Mind|p2a: ラティアス","|-boost|p2a: ラティアス|spa|1","|-boost|p2a: ラティアス|spd|1","|cant|p1a: Snap SNip|par","|","|turn|11","|","|move|p2a: ラティアス|Psyshock|p1a: Snap SNip","|-crit|p1a: Snap SNip","|-resisted|p1a: Snap SNip","|-damage|p1a: Snap SNip|190/343 par","|move|p1a: Snap SNip|U-turn|p2a: ラティアス","|-supereffective|p2a: ラティアス","|-damage|p2a: ラティアス|98/364","|","|switch|p1a: Billy|Armaldo, M, shiny|354/354","|","|turn|12","|","|move|p2a: ラティアス|Recover|p2a: ラティアス","|-heal|p2a: ラティアス|280/364","|move|p1a: Billy|Stealth Rock|p2a: ラティアス","|-sidestart|p2: Multistripe멀티 줄무늬|move: Stealth Rock","|","|turn|13","|","|move|p2a: ラティアス|Calm Mind|p2a: ラティアス","|-boost|p2a: ラティアス|spa|1","|-boost|p2a: ラティアス|spd|1","|move|p1a: Billy|Knock Off|p2a: ラティアス","|-supereffective|p2a: ラティアス","|-damage|p2a: ラティアス|164/364","|","|turn|14","|","|move|p2a: ラティアス|Recover|p2a: ラティアス","|-heal|p2a: ラティアス|346/364","|move|p1a: Billy|Knock Off|p2a: ラティアス","|-crit|p2a: ラティアス","|-supereffective|p2a: ラティアス","|-damage|p2a: ラティアス|198/364","|","|turn|15","|","|move|p2a: ラティアス|Recover|p2a: ラティアス","|-heal|p2a: ラティアス|364/364","|move|p1a: Billy|Knock Off|p2a: ラティアス","|-supereffective|p2a: ラティアス","|-damage|p2a: ラティアス|258/364","|","|turn|16","|","|move|p2a: ラティアス|Dragon Breath|p1a: Billy","|-damage|p1a: Billy|113/354","|move|p1a: Billy|Knock Off|p2a: ラティアス","|-supereffective|p2a: ラティアス","|-damage|p2a: ラティアス|144/364","|","|-heal|p1a: Billy|135/354|[from] item: Leftovers","|turn|17","|","|switch|p1a: Rocky|Heracross, F, shiny|301/301","|move|p2a: ラティアス|Recover|p2a: ラティアス","|-heal|p2a: ラティアス|326/364","|","|turn|18","|","|move|p1a: Rocky|Megahorn|p2a: ラティアス","|-supereffective|p2a: ラティアス","|-damage|p2a: ラティアス|122/364","|move|p2a: ラティアス|Psyshock|p1a: Rocky","|-supereffective|p1a: Rocky","|-damage|p1a: Rocky|0 fnt","|faint|p1a: Rocky","|","|","|switch|p1a: Pinch Pinch!!|Pinsir, M, shiny|333/333","|turn|19","|","|detailschange|p1a: Pinch Pinch!!|Pinsir-Mega, M, shiny","|-mega|p1a: Pinch Pinch!!|Pinsir|Pinsirite","|move|p2a: ラティアス|Dragon Breath|p1a: Pinch Pinch!!","|-damage|p1a: Pinch Pinch!!|120/333","|move|p1a: Pinch Pinch!!|Return|p2a: ラティアス","|-damage|p2a: ラティアス|0 fnt","|faint|p2a: ラティアス","|","|","|switch|p2a: ボーマンダ|Salamence, M|331/331","|-damage|p2a: ボーマンダ|249/331|[from] Stealth Rock","|turn|20","|","|switch|p1a: Billy|Armaldo, M, shiny|135/354","|move|p2a: ボーマンダ|Aerial Ace|p1a: Billy","|-damage|p1a: Billy|26/354","|","|-heal|p1a: Billy|48/354|[from] item: Leftovers","|turn|21","|","|move|p2a: ボーマンダ|Aerial Ace|p1a: Billy","|-damage|p1a: Billy|0 fnt","|faint|p1a: Billy","|-boost|p2a: ボーマンダ|atk|1|[from] ability: Moxie","|","|","|switch|p1a: Snap SNip|Scizor, M, shiny|190/343 par","|turn|22","|","|move|p2a: ボーマンダ|Aerial Ace|p1a: Snap SNip","|-damage|p1a: Snap SNip|63/343 par","|-damage|p2a: ボーマンダ|194/331|[from] item: Rocky Helmet|[of] p1a: Snap SNip","|move|p1a: Snap SNip|Roost|p1a: Snap SNip","|-heal|p1a: Snap SNip|235/343 par","|","|turn|23","|","|move|p2a: ボーマンダ|Aerial Ace|p1a: Snap SNip","|-damage|p1a: Snap SNip|114/343 par","|-damage|p2a: ボーマンダ|139/331|[from] item: Rocky Helmet|[of] p1a: Snap SNip","|move|p1a: Snap SNip|Roost|p1a: Snap SNip","|-heal|p1a: Snap SNip|286/343 par","|","|turn|24","|","|move|p2a: ボーマンダ|Aerial Ace|p1a: Snap SNip","|-damage|p1a: Snap SNip|160/343 par","|-damage|p2a: ボーマンダ|84/331|[from] item: Rocky Helmet|[of] p1a: Snap SNip","|cant|p1a: Snap SNip|par","|","|turn|25","|","|move|p1a: Snap SNip|Bullet Punch|p2a: ボーマンダ","|-damage|p2a: ボーマンダ|0 fnt","|faint|p2a: ボーマンダ","|","|","|switch|p2a: ラティオス|Latios, M|301/301","|-damage|p2a: ラティオス|264/301|[from] Stealth Rock","|turn|26","|","|move|p1a: Snap SNip|Bullet Punch|p2a: ラティオス","|-damage|p2a: ラティオス|153/301","|move|p2a: ラティオス|Shadow Ball|p1a: Snap SNip","|-damage|p1a: Snap SNip|42/343 par","|","|turn|27","|","|cant|p1a: Snap SNip|par","|move|p2a: ラティオス|Shadow Ball|p1a: Snap SNip","|-damage|p1a: Snap SNip|0 fnt","|faint|p1a: Snap SNip","|","|","|switch|p1a: Pinch Pinch!!|Pinsir-Mega, M, shiny|120/333","|turn|28","|","|move|p1a: Pinch Pinch!!|Quick Attack|p2a: ラティオス","|-damage|p2a: ラティオス|15/301","|move|p2a: ラティオス|Shadow Ball|p1a: Pinch Pinch!!","|-crit|p1a: Pinch Pinch!!","|-damage|p1a: Pinch Pinch!!|0 fnt","|faint|p1a: Pinch Pinch!!","|","|win|Multistripe멀티 줄무늬"],"p1rating":{"entryid":"7518182","serverid":"eos","formatid":"monotype","userid":"bugy","username":"Bugy","w":"10","l":12,"t":"0","gxe":47.1,"r":"1500","rd":"130","sigma":"0","rptime":"1439110800","rpr":1477.9961312345,"rprd":67.905769260347,"rpsigma":"0","acre":1141.6810994092,"lacre":1141.6810994092,"oldacre":"1169.5562715469"},"p2rating":{"entryid":"7509737","serverid":"eos","formatid":"monotype","userid":"multistripe","username":"Multistripe멀티 줄무늬","w":7,"l":"2","t":"0","gxe":64.2,"r":"1500","rd":"130","sigma":"0","rptime":"1439110800","rpr":1613.3193028666,"rprd":89.474737858014,"rpsigma":"0","acre":1157.2963806755,"lacre":1157.2963806755,"oldacre":"1129.4212085378"},"endType":"normal"}