{"seed":[14433,28751,34471,30103],"turns":27,"p1":"SL~Pixie","p2":"alliance - ed wins","p1team":[{"name":"Slurpuff","species":"Slurpuff","item":"sitrusberry","ability":"Unburden","moves":["bellydrum","drainpunch","playrough","healbell"],"nature":"Adamant","evs":{"hp":4,"atk":252,"def":0,"spa":0,"spd":0,"spe":252},"ivs":{"hp":31,"atk":31,"def":31,"spa":31,"spd":31,"spe":31}},{"name":"Diancie","species":"Diancie","item":"diancite","ability":"Clear Body","moves":["earthpower","psyshock","diamondstorm","protect"],"nature":"Timid","evs":{"hp":0,"atk":0,"def":0,"spa":252,"spd":4,"spe":252},"ivs":{"hp":31,"atk":31,"def":31,"spa":31,"spd":31,"spe":31}},{"name":"Klefki","species":"Klefki","item":"lightclay","ability":"Prankster","moves":["spikes","lightscreen","reflect","thunderwave"],"nature":"Bold","evs":{"hp":252,"atk":0,"def":252,"spa":4,"spd":0,"spe":0},"ivs":{"hp":31,"atk":31,"def":31,"spa":31,"spd":31,"spe":31}},{"name":"Sylveon","species":"Sylveon","item":"choicespecs","ability":"Pixilate","moves":["hypervoice","psyshock","shadowball","hiddenpowerfire"],"nature":"Modest","evs":{"hp":248,"atk":0,"def":0,"spa":252,"spd":8,"spe":0},"ivs":{"hp":31,"atk":30,"def":31,"spa":30,"spd":31,"spe":30}},{"name":"Togekiss","species":"Togekiss","item":"choicescarf","ability":"Serene Grace","moves":["airslash","aurasphere","psyshock","flamethrower"],"nature":"Timid","evs":{"hp":0,"atk":0,"def":0,"spa":252,"spd":4,"spe":252},"ivs":{"hp":31,"atk":31,"def":31,"spa":30,"spd":30,"spe":31}},{"name":"Azumarill","species":"Azumarill","item":"sitrusberry","ability":"Huge Power","moves":["aquajet","bellydrum","playrough","waterfall"],"nature":"Adamant","evs":{"hp":252,"atk":252,"def":0,"spa":0,"spd":4,"spe":0},"ivs":{"hp":31,"atk":31,"def":31,"spa":31,"spd":31,"spe":31}}],"p2team":[{"name":"Generic Fairy V2.1","species":"diancie","item":"leftovers","ability":"Clear Body","moves":["stealthrock","trickroom","diamondstorm","explosion"],"nature":"Brave","evs":{"hp":248,"atk":252,"def":8,"spa":0,"spd":0,"spe":0},"ivs":{"hp":31,"atk":31,"def":31,"spa":31,"spd":31,"spe":0}},{"name":"Anon Twink","species":"sylveon","item":"choicespecs","ability":"Pixilate","moves":["hypervoice","hiddenpowerfire","psyshock","shadowball"],"nature":"Quiet","evs":{"hp":248,"atk":0,"def":8,"spa":252,"spd":0,"spe":0},"gender":"M","ivs":{"hp":31,"atk":0,"def":31,"spa":30,"spd":31,"spe":0}},{"name":"Urine Trouble","species":"azumarill","item":"lifeorb","ability":"Huge Power","moves":["playrough","waterfall","superpower","aquajet"],"nature":"Brave","evs":{"hp":248,"atk":252,"def":0,"spa":0,"spd":8,"spe":0},"gender":"M","ivs":{"hp":31,"atk":31,"def":31,"spa":31,"spd":31,"spe":0},"shiny":true},{"name":"Gardevoir-Senpai","species":"gardevoir","item":"gardevoirite","ability":"Trace","moves":["hypervoice","focusblast","trickroom","healingwish"],"nature":"Quiet","evs":{"hp":248,"atk":0,"def":8,"spa":252,"spd":0,"spe":0},"gender":"M","ivs":{"hp":31,"atk":0,"def":31,"spa":31,"spd":31,"spe":0},"shiny":true},{"name":"Janitors Fren","species":"klefki","item":"lightclay","ability":"Prankster","moves":["reflect","lightscreen","foulplay","spikes"],"nature":"Bold","evs":{"hp":248,"atk":0,"def":252,"spa":0,"spd":8,"spe":0},"ivs":{"hp":31,"atk":0,"def":31,"spa":31,"spd":31,"spe":31}},{"name":"'Murica","species":"togekiss","item":"choicescarf","ability":"Serene Grace","moves":["airslash","fireblast","dazzlinggleam","trick"],"nature":"Timid","evs":{"hp":0,"atk":0,"def":0,"spa":252,"spd":4,"spe":252},"ivs":{"hp":31,"atk":0,"def":31,"spa":31,"spd":31,"spe":31}}],"log":["|player|p1|SL~Pixie|34","|player|p2|alliance - ed wins|102","|gametype|singles","|gen|6","|tier|Monotype","|rated","|rule|Baton Pass Clause: Limit one Baton Passer, can't pass Spe and other stats simultaneously","|rule|Swagger Clause: Swagger is banned","|rule|Same Type Clause: Pokémon in a team must share a type","|clearpoke","|poke|p1|Slurpuff, F","|poke|p1|Diancie","|poke|p1|Klefki, M","|poke|p1|Sylveon, F","|poke|p1|Togekiss, M","|poke|p1|Azumarill, F","|poke|p2|Diancie","|poke|p2|Sylveon, M","|poke|p2|Azumarill, M, shiny","|poke|p2|Gardevoir, M, shiny","|poke|p2|Klefki, M","|poke|p2|Togekiss, M","|rule|Sleep Clause Mod: Limit one foe put to sleep","|rule|Species Clause: Limit one of each Pokémon","|rule|OHKO Clause: OHKO moves are banned","|rule|Moody Clause: Moody is banned","|rule|Evasion Moves Clause: Evasion moves are banned","|rule|Endless Battle Clause: Forcing endless battles is banned","|rule|HP Percentage Mod: HP is shown in percentages","|teampreview","|","|start","|switch|p1a: Diancie|Diancie|241/241","|switch|p2a: Janitors Fren|Klefki, M|317/317","|turn|1","|","|detailschange|p1a: Diancie|Diancie-Mega","|-mega|p1a: Diancie|Diancie|Diancite","|move|p1a: Diancie|Protect|p1a: Diancie","|-singleturn|p1a: Diancie|Protect","|move|p2a: Janitors Fren|Light Screen|p2a: Janitors Fren","|-sidestart|p2: alliance - ed wins|move: Light Screen","|","|turn|2","|","|switch|p2a: Anon Twink|Sylveon, M|393/393","|move|p1a: Diancie|Earth Power|p2a: Anon Twink","|-damage|p2a: Anon Twink|341/393","|","|turn|3","|","|move|p1a: Diancie|Diamond Storm|p2a: Anon Twink","|-damage|p2a: Anon Twink|101/393","|move|p2a: Anon Twink|Hyper Voice|p1a: Diancie","|-damage|p1a: Diancie|0 fnt","|faint|p1a: Diancie","|","|","|switch|p1a: Azumarill|Azumarill, F|404/404","|turn|4","|","|switch|p2a: Janitors Fren|Klefki, M|317/317","|move|p1a: Azumarill|Belly Drum|p1a: Azumarill","|-damage|p1a: Azumarill|202/404","|-setboost|p1a: Azumarill|atk|6|[from] move: Belly Drum","|-enditem|p1a: Azumarill|Sitrus Berry|[eat]","|-heal|p1a: Azumarill|303/404|[from] item: Sitrus Berry","|","|turn|5","|","|move|p2a: Janitors Fren|Reflect|p2a: Janitors Fren","|-sidestart|p2: alliance - ed wins|Reflect","|move|p1a: Azumarill|Aqua Jet|p2a: Janitors Fren","|-damage|p2a: Janitors Fren|189/317","|","|turn|6","|","|move|p2a: Janitors Fren|Foul Play|p1a: Azumarill","|-resisted|p1a: Azumarill","|-damage|p1a: Azumarill|129/404","|move|p1a: Azumarill|Waterfall|p2a: Janitors Fren","|-damage|p2a: Janitors Fren|0 fnt","|faint|p2a: Janitors Fren","|","|","|switch|p2a: Gardevoir-Senpai|Gardevoir, M, shiny|339/339","|-ability|p2a: Gardevoir-Senpai|Huge Power|[from] ability: Trace|[of] p1a: Azumarill","|turn|7","|","|detailschange|p2a: Gardevoir-Senpai|Gardevoir-Mega, M, shiny","|-mega|p2a: Gardevoir-Senpai|Gardevoir|Gardevoirite","|move|p1a: Azumarill|Aqua Jet|p2a: Gardevoir-Senpai","|-damage|p2a: Gardevoir-Senpai|82/339","|move|p2a: Gardevoir-Senpai|Hyper Voice|p1a: Azumarill","|-damage|p1a: Azumarill|0 fnt","|faint|p1a: Azumarill","|","|","|switch|p1a: Togekiss|Togekiss, M|311/311","|turn|8","|","|switch|p2a: Generic Fairy V2.1|Diancie|303/303","|move|p1a: Togekiss|Air Slash|p2a: Generic Fairy V2.1","|-resisted|p2a: Generic Fairy V2.1","|-damage|p2a: Generic Fairy V2.1|280/303","|","|-heal|p2a: Generic Fairy V2.1|298/303|[from] item: Leftovers","|-sideend|p2: alliance - ed wins|move: Light Screen","|turn|9","|","|switch|p1a: Klefki|Klefki, M|318/318","|move|p2a: Generic Fairy V2.1|Stealth Rock|p1a: Klefki","|-sidestart|p1: SL~Pixie|move: Stealth Rock","|","|-heal|p2a: Generic Fairy V2.1|303/303|[from] item: Leftovers","|turn|10","|","|move|p1a: Klefki|Thunder Wave|p2a: Generic Fairy V2.1","|-status|p2a: Generic Fairy V2.1|par","|move|p2a: Generic Fairy V2.1|Diamond Storm|p1a: Klefki","|-resisted|p1a: Klefki","|-damage|p1a: Klefki|261/318","|","|turn|11","|","|move|p1a: Klefki|Reflect|p1a: Klefki","|-sidestart|p1: SL~Pixie|Reflect","|cant|p2a: Generic Fairy V2.1|par","|","|turn|12","|","|move|p1a: Klefki|Light Screen|p1a: Klefki","|-sidestart|p1: SL~Pixie|move: Light Screen","|move|p2a: Generic Fairy V2.1|Trick Room|p2a: Generic Fairy V2.1","|-fieldstart|move: Trick Room|[of] p2a: Generic Fairy V2.1","|","|-sideend|p2: alliance - ed wins|Reflect","|turn|13","|","|switch|p2a: Anon Twink|Sylveon, M|101/393","|move|p1a: Klefki|Spikes|p2a: Anon Twink","|-sidestart|p2: alliance - ed wins|Spikes","|","|turn|14","|","|move|p1a: Klefki|Thunder Wave|p2a: Anon Twink","|-status|p2a: Anon Twink|par","|cant|p2a: Anon Twink|par","|","|turn|15","|","|move|p1a: Klefki|Spikes|p2a: Anon Twink","|-sidestart|p2: alliance - ed wins|Spikes","|move|p2a: Anon Twink|Hidden Power|p1a: Klefki","|-supereffective|p1a: Klefki","|-damage|p1a: Klefki|152/318","|","|turn|16","|","|move|p1a: Klefki|Spikes|p2a: Anon Twink","|-sidestart|p2: alliance - ed wins|Spikes","|move|p2a: Anon Twink|Hidden Power|p1a: Klefki","|-supereffective|p1a: Klefki","|-damage|p1a: Klefki|37/318","|","|-fieldend|move: Trick Room","|turn|17","|","|switch|p1a: Sylveon|Sylveon, F|393/393","|-damage|p1a: Sylveon|344/393|[from] Stealth Rock","|switch|p2a: Generic Fairy V2.1|Diancie|303/303 par","|-damage|p2a: Generic Fairy V2.1|228/303 par|[from] Spikes","|","|-heal|p2a: Generic Fairy V2.1|246/303 par|[from] item: Leftovers","|turn|18","|","|move|p1a: Sylveon|Hyper Voice|p2a: Generic Fairy V2.1","|-crit|p2a: Generic Fairy V2.1","|-damage|p2a: Generic Fairy V2.1|0 fnt","|faint|p2a: Generic Fairy V2.1","|","|-sideend|p1: SL~Pixie|Reflect","|","|switch|p2a: 'Murica|Togekiss, M|311/311","|turn|19","|","|move|p2a: 'Murica|Air Slash|p1a: Sylveon","|-damage|p1a: Sylveon|296/393","|cant|p1a: Sylveon|flinch","|","|-sideend|p1: SL~Pixie|move: Light Screen","|turn|20","|","|move|p2a: 'Murica|Air Slash|p1a: Sylveon","|-crit|p1a: Sylveon","|-damage|p1a: Sylveon|146/393","|cant|p1a: Sylveon|flinch","|","|turn|21","|","|switch|p1a: Togekiss|Togekiss, M|311/311","|-damage|p1a: Togekiss|234/311|[from] Stealth Rock","|move|p2a: 'Murica|Air Slash|p1a: Togekiss","|-damage|p1a: Togekiss|116/311","|","|turn|22","|","|move|p2a: 'Murica|Air Slash|p1a: Togekiss","|-damage|p1a: Togekiss|2/311","|move|p1a: Togekiss|Air Slash|p2a: 'Murica","|-damage|p2a: 'Murica|197/311","|","|turn|23","|","|move|p2a: 'Murica|Air Slash|p1a: Togekiss","|-damage|p1a: Togekiss|0 fnt","|faint|p1a: Togekiss","|","|","|switch|p1a: Klefki|Klefki, M|37/318","|-damage|p1a: Klefki|18/318|[from] Stealth Rock","|turn|24","|","|switch|p2a: Gardevoir-Senpai|Gardevoir-Mega, M, shiny|82/339","|-damage|p2a: Gardevoir-Senpai|0 fnt|[from] Spikes","|faint|p2a: Gardevoir-Senpai","|move|p1a: Klefki|Thunder Wave|p2: Gardevoir-Senpai|[notarget]","|-notarget","|","|","|switch|p2a: Urine Trouble|Azumarill, M, shiny|403/403","|-damage|p2a: Urine Trouble|303/403|[from] Spikes","|turn|25","|","|move|p1a: Klefki|Thunder Wave|p2a: Urine Trouble","|-status|p2a: Urine Trouble|par","|move|p2a: Urine Trouble|Aqua Jet|p1a: Klefki","|-damage|p1a: Klefki|0 fnt","|-damage|p2a: Urine Trouble|263/403 par|[from] item: Life Orb","|faint|p1a: Klefki","|","|","|switch|p1a: Slurpuff|Slurpuff, F|306/306","|-damage|p1a: Slurpuff|268/306|[from] Stealth Rock","|turn|26","|","|move|p1a: Slurpuff|Belly Drum|p1a: Slurpuff","|-damage|p1a: Slurpuff|115/306","|-setboost|p1a: Slurpuff|atk|6|[from] move: Belly Drum","|-enditem|p1a: Slurpuff|Sitrus Berry|[eat]","|-heal|p1a: Slurpuff|191/306|[from] item: Sitrus Berry","|move|p2a: Urine Trouble|Play Rough|p1a: Slurpuff","|-damage|p1a: Slurpuff|0 fnt","|-damage|p2a: Urine Trouble|223/403 par|[from] item: Life Orb","|faint|p1a: Slurpuff","|","|","|switch|p1a: Sylveon|Sylveon, F|146/393","|-damage|p1a: Sylveon|97/393|[from] Stealth Rock","|turn|27","|","|move|p2a: Urine Trouble|Aqua Jet|p1a: Sylveon","|-damage|p1a: Sylveon|0 fnt","|-damage|p2a: Urine Trouble|183/403 par|[from] item: Life Orb","|faint|p1a: Sylveon","|","|win|alliance - ed wins"],"p1rating":{"entryid":"7506194","serverid":"eos","formatid":"monotype","userid":"slpixie","username":"SL~Pixie","w":"1","l":1,"t":"0","gxe":50.2,"r":"1500","rd":"130","sigma":"0","rptime":"1439024400","rpr":1501.2516021538,"rprd":117.98355079174,"rpsigma":"0","acre":1036.7680444338,"lacre":1036.7680444338,"oldacre":"1044.386435069"},"p2rating":{"entryid":"7432721","serverid":"eos","formatid":"monotype","userid":"allianceedwins","username":"alliance - ed wins","w":13,"l":"3","t":"0","gxe":72.3,"r":"1673.3762821028","rd":"92.015503405152","sigma":"0","rptime":"1439024400","rpr":1685.2806441679,"rprd":77.274392989597,"rpsigma":"0","acre":1267.0313148349,"lacre":1267.0313148349,"oldacre":"1255.5977596014"},"endType":"normal"}