{"seed":[4833,41383,38538,32092],"turns":24,"p1":"Union Dois","p2":"Etherel","p1team":[{"name":"Hoopa-Unbound","species":"Hoopa-Unbound","item":"ironball","ability":"Magician","moves":["gunkshot","fling","drainpunch","hyperspacefury"],"nature":"Adamant","evs":{"hp":252,"atk":252,"def":4,"spa":0,"spd":0,"spe":0},"ivs":{"hp":31,"atk":31,"def":31,"spa":31,"spd":31,"spe":31}},{"name":"Mew","species":"Mew","item":"leftovers","ability":"Synchronize","moves":["softboiled","batonpass","irondefense","amnesia"],"nature":"Bold","evs":{"hp":252,"atk":0,"def":128,"spa":0,"spd":128,"spe":0},"ivs":{"hp":31,"atk":31,"def":31,"spa":31,"spd":31,"spe":31}},{"name":"Latias","species":"Latias","item":"latiasite","ability":"Levitate","moves":["calmmind","roost","reflecttype","storedpower"],"nature":"Bold","evs":{"hp":248,"atk":0,"def":84,"spa":0,"spd":0,"spe":176},"ivs":{"hp":31,"atk":31,"def":31,"spa":31,"spd":31,"spe":31}},{"name":"Victini","species":"Victini","item":"choicescarf","ability":"Victory Star","moves":["vcreate","boltstrike","uturn","zenheadbutt"],"nature":"Adamant","evs":{"hp":0,"atk":252,"def":0,"spa":0,"spd":0,"spe":252},"ivs":{"hp":31,"atk":31,"def":31,"spa":31,"spd":31,"spe":31}},{"name":"Slowbro","species":"Slowbro","item":"leftovers","ability":"Regenerator","moves":["scald","slackoff","thunderwave","psyshock"],"nature":"Bold","evs":{"hp":252,"atk":0,"def":232,"spa":0,"spd":24,"spe":0},"ivs":{"hp":31,"atk":31,"def":31,"spa":31,"spd":31,"spe":31}},{"name":"Meloetta","species":"Meloetta","item":"leftovers","ability":"Serene Grace","moves":["substitute","calmmind","psychic","focusblast"],"nature":"Timid","evs":{"hp":252,"atk":0,"def":240,"spa":0,"spd":0,"spe":16},"ivs":{"hp":31,"atk":31,"def":31,"spa":31,"spd":31,"spe":31}}],"p2team":[{"name":"Sableye","species":"Sableye","item":"sablenite","ability":"Keen Eye","moves":["darkpulse","calmmind","recover","willowisp"],"nature":"Calm","evs":{"hp":252,"atk":0,"def":252,"spa":0,"spd":4,"spe":0},"gender":"F","ivs":{"hp":31,"atk":31,"def":31,"spa":31,"spd":31,"spe":31}},{"name":"Mandibuzz","species":"Mandibuzz","item":"leftovers","ability":"Overcoat","moves":["defog","roost","bravebird","foulplay"],"nature":"Serious","evs":{"hp":252,"atk":4,"def":252,"spa":0,"spd":0,"spe":0},"ivs":{"hp":31,"atk":31,"def":31,"spa":31,"spd":31,"spe":31}},{"name":"Krookodile","species":"Krookodile","item":"airballoon","ability":"Intimidate","moves":["crunch","earthquake","gigaimpact","darkpulse"],"nature":"","evs":{"hp":252,"atk":4,"def":252,"spa":0,"spd":0,"spe":0},"gender":"F","ivs":{"hp":31,"atk":31,"def":31,"spa":31,"spd":31,"spe":31}},{"name":"Bisharp","species":"Bisharp","item":"custapberry","ability":"Defiant","moves":["darkpulse","honeclaws","poisonjab","lowkick"],"nature":"Naughty","evs":{"hp":248,"atk":252,"def":0,"spa":8,"spd":0,"spe":0},"ivs":{"hp":31,"atk":31,"def":31,"spa":31,"spd":31,"spe":31}},{"name":"Weavile","species":"Weavile","item":"","ability":"Pickpocket","moves":["darkpulse","icepunch","beatup","quickattack"],"nature":"Hasty","evs":{"hp":0,"atk":252,"def":0,"spa":4,"spd":0,"spe":252},"ivs":{"hp":31,"atk":31,"def":31,"spa":31,"spd":31,"spe":31}},{"name":"Tyranitar","species":"Tyranitar","item":"smoothrock","ability":"Sand Stream","moves":["ancientpower","crunch","dragontail","outrage"],"nature":"Naughty","evs":{"hp":248,"atk":252,"def":0,"spa":8,"spd":0,"spe":0},"ivs":{"hp":31,"atk":31,"def":31,"spa":31,"spd":31,"spe":31}}],"log":["|player|p1|Union Dois|uniondois.png","|player|p2|Etherel|2","|gametype|singles","|gen|6","|tier|Monotype","|rated","|rule|Baton Pass Clause: Limit one Baton Passer, can't pass Spe and other stats simultaneously","|rule|Swagger Clause: Swagger is banned","|rule|Same Type Clause: Pokémon in a team must share a type","|clearpoke","|poke|p1|Hoopa-Unbound","|poke|p1|Mew","|poke|p1|Latias, F","|poke|p1|Victini","|poke|p1|Slowbro, M","|poke|p1|Meloetta","|poke|p2|Sableye, F","|poke|p2|Mandibuzz, F","|poke|p2|Krookodile, F","|poke|p2|Bisharp, F","|poke|p2|Weavile, F","|poke|p2|Tyranitar, M","|rule|Sleep Clause Mod: Limit one foe put to sleep","|rule|Species Clause: Limit one of each Pokémon","|rule|OHKO Clause: OHKO moves are banned","|rule|Moody Clause: Moody is banned","|rule|Evasion Moves Clause: Evasion moves are banned","|rule|Endless Battle Clause: Forcing endless battles is banned","|rule|HP Percentage Mod: HP is shown in percentages","|teampreview","|","|start","|switch|p1a: Victini|Victini|341/341","|switch|p2a: Krookodile|Krookodile, F|394/394","|-ability|p2a: Krookodile|Intimidate","|-unboost|p1a: Victini|atk|1","|-item|p2a: Krookodile|Air Balloon","|turn|1","|","|move|p1a: Victini|U-turn|p2a: Krookodile","|-supereffective|p2a: Krookodile","|-damage|p2a: Krookodile|308/394","|-enditem|p2a: Krookodile|Air Balloon","|","|switch|p1a: Mew|Mew|404/404","|move|p2a: Krookodile|Crunch|p1a: Mew","|-supereffective|p1a: Mew","|-damage|p1a: Mew|230/404","|","|-heal|p1a: Mew|255/404|[from] item: Leftovers","|turn|2","|","|move|p1a: Mew|Soft-Boiled|p1a: Mew","|-heal|p1a: Mew|404/404","|move|p2a: Krookodile|Earthquake|p1a: Mew","|-damage|p1a: Mew|299/404","|","|-heal|p1a: Mew|324/404|[from] item: Leftovers","|turn|3","|","|move|p1a: Mew|Iron Defense|p1a: Mew","|-boost|p1a: Mew|def|2","|move|p2a: Krookodile|Crunch|p1a: Mew","|-crit|p1a: Mew","|-supereffective|p1a: Mew","|-damage|p1a: Mew|58/404","|","|-heal|p1a: Mew|83/404|[from] item: Leftovers","|turn|4","|","|move|p1a: Mew|Soft-Boiled|p1a: Mew","|-heal|p1a: Mew|285/404","|move|p2a: Krookodile|Crunch|p1a: Mew","|-supereffective|p1a: Mew","|-damage|p1a: Mew|205/404","|","|-heal|p1a: Mew|230/404|[from] item: Leftovers","|turn|5","|","|move|p1a: Mew|Iron Defense|p1a: Mew","|-boost|p1a: Mew|def|2","|move|p2a: Krookodile|Crunch|p1a: Mew","|-supereffective|p1a: Mew","|-damage|p1a: Mew|168/404","|","|-heal|p1a: Mew|193/404|[from] item: Leftovers","|turn|6","|","|move|p1a: Mew|Soft-Boiled|p1a: Mew","|-heal|p1a: Mew|395/404","|move|p2a: Krookodile|Crunch|p1a: Mew","|-crit|p1a: Mew","|-supereffective|p1a: Mew","|-damage|p1a: Mew|135/404","|","|-heal|p1a: Mew|160/404|[from] item: Leftovers","|turn|7","|","|move|p1a: Mew|Soft-Boiled|p1a: Mew","|-heal|p1a: Mew|362/404","|move|p2a: Krookodile|Crunch|p1a: Mew","|-supereffective|p1a: Mew","|-damage|p1a: Mew|308/404","|","|-heal|p1a: Mew|333/404|[from] item: Leftovers","|turn|8","|","|move|p1a: Mew|Iron Defense|p1a: Mew","|-boost|p1a: Mew|def|2","|move|p2a: Krookodile|Dark Pulse|p1a: Mew","|-crit|p1a: Mew","|-supereffective|p1a: Mew","|-damage|p1a: Mew|145/404","|","|-heal|p1a: Mew|170/404|[from] item: Leftovers","|turn|9","|","|move|p1a: Mew|Soft-Boiled|p1a: Mew","|-heal|p1a: Mew|372/404","|move|p2a: Krookodile|Dark Pulse|p1a: Mew","|-supereffective|p1a: Mew","|-damage|p1a: Mew|250/404","|","|-heal|p1a: Mew|275/404|[from] item: Leftovers","|turn|10","|","|move|p1a: Mew|Amnesia|p1a: Mew","|-boost|p1a: Mew|spd|2","|move|p2a: Krookodile|Dark Pulse|p1a: Mew","|-supereffective|p1a: Mew","|-damage|p1a: Mew|215/404","|","|-heal|p1a: Mew|240/404|[from] item: Leftovers","|turn|11","|","|switch|p2a: Sableye|Sableye, F|304/304","|move|p1a: Mew|Soft-Boiled|p1a: Mew","|-heal|p1a: Mew|404/404","|","|turn|12","|","|detailschange|p2a: Sableye|Sableye-Mega, F","|-mega|p2a: Sableye|Sableye|Sablenite","|move|p1a: Mew|Amnesia|p1a: Mew","|-boost|p1a: Mew|spd|2","|move|p2a: Sableye|Will-O-Wisp|p1a: Mew","|-status|p1a: Mew|brn","|-status|p2a: Sableye|brn","|","|-damage|p1a: Mew|354/404 brn|[from] brn","|-damage|p2a: Sableye|266/304 brn|[from] brn","|turn|13","|","|move|p1a: Mew|Amnesia|p1a: Mew","|-boost|p1a: Mew|spd|2","|move|p2a: Sableye|Calm Mind|p2a: Sableye","|-boost|p2a: Sableye|spa|1","|-boost|p2a: Sableye|spd|1","|","|-heal|p1a: Mew|379/404 brn|[from] item: Leftovers","|-damage|p1a: Mew|329/404 brn|[from] brn","|-damage|p2a: Sableye|228/304 brn|[from] brn","|turn|14","|","|move|p1a: Mew|Baton Pass|p1a: Mew","|","|switch|p1a: Meloetta|Meloetta|404/404","|move|p2a: Sableye|Dark Pulse|p1a: Meloetta","|-supereffective|p1a: Meloetta","|-damage|p1a: Meloetta|350/404","|","|-heal|p1a: Meloetta|375/404|[from] item: Leftovers","|-damage|p2a: Sableye|190/304 brn|[from] brn","|turn|15","|","|move|p1a: Meloetta|Substitute|p1a: Meloetta","|-start|p1a: Meloetta|Substitute","|-damage|p1a: Meloetta|274/404","|move|p2a: Sableye|Will-O-Wisp|p1a: Meloetta","|-fail|p1a: Meloetta","|","|-heal|p1a: Meloetta|299/404|[from] item: Leftovers","|-damage|p2a: Sableye|152/304 brn|[from] brn","|turn|16","|","|move|p1a: Meloetta|Calm Mind|p1a: Meloetta","|-boost|p1a: Meloetta|spa|1","|move|p2a: Sableye|Dark Pulse|p1a: Meloetta","|-supereffective|p1a: Meloetta","|-activate|p1a: Meloetta|Substitute|[damage]","|","|-heal|p1a: Meloetta|324/404|[from] item: Leftovers","|-damage|p2a: Sableye|114/304 brn|[from] brn","|turn|17","|","|move|p1a: Meloetta|Calm Mind|p1a: Meloetta","|-boost|p1a: Meloetta|spa|1","|move|p2a: Sableye|Dark Pulse|p1a: Meloetta","|-supereffective|p1a: Meloetta","|-activate|p1a: Meloetta|Substitute|[damage]","|","|-heal|p1a: Meloetta|349/404|[from] item: Leftovers","|-damage|p2a: Sableye|76/304 brn|[from] brn","|turn|18","|","|move|p1a: Meloetta|Calm Mind|p1a: Meloetta","|-boost|p1a: Meloetta|spa|1","|move|p2a: Sableye|Dark Pulse|p1a: Meloetta","|-supereffective|p1a: Meloetta","|-end|p1a: Meloetta|Substitute","|","|-heal|p1a: Meloetta|374/404|[from] item: Leftovers","|-damage|p2a: Sableye|38/304 brn|[from] brn","|turn|19","|","|move|p1a: Meloetta|Substitute|p1a: Meloetta","|-start|p1a: Meloetta|Substitute","|-damage|p1a: Meloetta|273/404","|move|p2a: Sableye|Recover|p2a: Sableye","|-heal|p2a: Sableye|190/304 brn","|","|-heal|p1a: Meloetta|298/404|[from] item: Leftovers","|-damage|p2a: Sableye|152/304 brn|[from] brn","|turn|20","|","|switch|p2a: Mandibuzz|Mandibuzz, F|424/424","|move|p1a: Meloetta|Calm Mind|p1a: Meloetta","|-boost|p1a: Meloetta|spa|1","|","|-heal|p1a: Meloetta|323/404|[from] item: Leftovers","|turn|21","|","|move|p1a: Meloetta|Focus Blast|p2a: Mandibuzz","|-damage|p2a: Mandibuzz|52/424","|move|p2a: Mandibuzz|Defog|p1a: Meloetta","|","|-heal|p1a: Meloetta|348/404|[from] item: Leftovers","|-heal|p2a: Mandibuzz|78/424|[from] item: Leftovers","|turn|22","|","|move|p1a: Meloetta|Focus Blast|p2a: Mandibuzz","|-damage|p2a: Mandibuzz|0 fnt","|faint|p2a: Mandibuzz","|","|-heal|p1a: Meloetta|373/404|[from] item: Leftovers","|","|switch|p2a: Bisharp|Bisharp, F|333/333","|turn|23","|","|move|p1a: Meloetta|Focus Blast|p2a: Bisharp","|-supereffective|p2a: Bisharp","|-damage|p2a: Bisharp|0 fnt","|faint|p2a: Bisharp","|","|-heal|p1a: Meloetta|398/404|[from] item: Leftovers","|","|switch|p2a: Tyranitar|Tyranitar, M|403/403","|-weather|Sandstorm","|turn|24","|","|move|p1a: Meloetta|Focus Blast|p2a: Tyranitar","|-supereffective|p2a: Tyranitar","|-damage|p2a: Tyranitar|0 fnt","|faint|p2a: Tyranitar","|","|-weather|Sandstorm|[upkeep]","|-damage|p1a: Meloetta|373/404|[from] sandstorm","|-heal|p1a: Meloetta|398/404|[from] item: Leftovers","|","|win|Union Dois"],"p1rating":{"entryid":7509562,"formatid":"monotype","userid":"uniondois","username":"Union Dois","r":1500,"rd":130,"sigma":0,"rpr":1540.1606143388,"rprd":122.8583080769,"rpsigma":0,"rptime":1439110800,"w":1,"l":0,"t":0,"gxe":55,"acre":1048.2064476284,"lacre":1048.2064476284,"oldacre":1000},"p2rating":{"entryid":"7503976","serverid":"eos","formatid":"monotype","userid":"etherel","username":"Etherel","w":"2","l":3,"t":"0","gxe":47.5,"r":1508.7505021154,"rd":106.5067316357,"sigma":"0","rptime":1439110800,"rpr":1480.1607369265,"rprd":102.47379746147,"rpsigma":"0","acre":1047.1836821892,"lacre":1047.1836821892,"oldacre":"1072.3064294965"},"endType":"forfeit"}