{"seed":[33711,37721,43120,2949],"turns":42,"p1":"Zukushiku","p2":"SWL ROCK","p1team":[{"name":"Venomoth","species":"Venomoth","item":"blacksludge","ability":"Tinted Lens","moves":["substitute","quiverdance","bugbuzz","sleeppowder"],"nature":"Modest","evs":{"hp":0,"atk":0,"def":0,"spa":252,"spd":4,"spe":252},"shiny":true,"ivs":{"hp":31,"atk":31,"def":31,"spa":31,"spd":31,"spe":31}},{"name":"Nidoking","species":"Nidoking","item":"lifeorb","ability":"Sheer Force","moves":["earthpower","sludgewave","icebeam","fireblast"],"nature":"Timid","evs":{"hp":0,"atk":0,"def":0,"spa":252,"spd":4,"spe":252},"ivs":{"hp":31,"atk":31,"def":31,"spa":31,"spd":31,"spe":31}},{"name":"Golbat","species":"Golbat","item":"eviolite","ability":"Infiltrator","moves":["roost","defog","bravebird","toxic"],"nature":"Careful","evs":{"hp":248,"atk":8,"def":0,"spa":0,"spd":252,"spe":0},"ivs":{"hp":31,"atk":31,"def":31,"spa":31,"spd":31,"spe":31}},{"name":"Venusaur","species":"Venusaur","item":"venusaurite","ability":"Chlorophyll","moves":["gigadrain","sludgebomb","synthesis","hiddenpowerfire"],"nature":"Bold","evs":{"hp":248,"atk":0,"def":96,"spa":0,"spd":144,"spe":20},"ivs":{"atk":30,"spa":30,"spe":30,"hp":31,"def":31,"spd":31}},{"name":"Gengar","species":"Gengar","item":"lifeorb","ability":"Levitate","moves":["shadowball","focusblast","sludgewave","taunt"],"nature":"Timid","evs":{"hp":0,"atk":0,"def":0,"spa":252,"spd":4,"spe":252},"ivs":{"hp":31,"atk":31,"def":31,"spa":31,"spd":31,"spe":31}},{"name":"Drapion","species":"Drapion","item":"assaultvest","ability":"Battle Armor","moves":["pursuit","knockoff","earthquake","rockslide"],"nature":"Adamant","evs":{"hp":248,"atk":8,"def":0,"spa":0,"spd":252,"spe":0},"ivs":{"hp":31,"atk":31,"def":31,"spa":31,"spd":31,"spe":31}}],"p2team":[{"name":"Azumarill","species":"Azumarill","item":"choiceband","ability":"Huge Power","moves":["aquajet","superpower","playrough","knockoff"],"nature":"Adamant","evs":{"hp":88,"atk":252,"def":4,"spa":0,"spd":0,"spe":164},"ivs":{"hp":31,"atk":31,"def":31,"spa":31,"spd":31,"spe":31}},{"name":"Empoleon","species":"Empoleon","item":"leftovers","ability":"Torrent","moves":["flashcannon","defog","stealthrock","roar"],"nature":"Calm","evs":{"hp":252,"atk":0,"def":4,"spa":0,"spd":252,"spe":0},"ivs":{"hp":31,"atk":31,"def":31,"spa":31,"spd":31,"spe":31}},{"name":"Tentacruel","species":"Tentacruel","item":"blacksludge","ability":"Liquid Ooze","moves":["acidspray","sludgewave","scald","rapidspin"],"nature":"Calm","evs":{"hp":252,"atk":0,"def":0,"spa":0,"spd":148,"spe":108},"ivs":{"hp":31,"atk":31,"def":31,"spa":31,"spd":31,"spe":31}},{"name":"Quagsire","species":"Quagsire","item":"leftovers","ability":"Unaware","moves":["scald","earthquake","toxic","recover"],"nature":"Impish","evs":{"hp":252,"atk":4,"def":252,"spa":0,"spd":0,"spe":0},"ivs":{"hp":31,"atk":31,"def":31,"spa":31,"spd":31,"spe":31}},{"name":"Sharpedo","species":"Sharpedo","item":"sharpedonite","ability":"Speed Boost","moves":["protect","waterfall","crunch","icefang"],"nature":"Jolly","evs":{"hp":0,"atk":252,"def":0,"spa":0,"spd":4,"spe":252},"ivs":{"hp":31,"atk":31,"def":31,"spa":31,"spd":31,"spe":31}},{"name":"Gyarados","species":"Gyarados","item":"leftovers","ability":"Intimidate","moves":["waterfall","rest","sleeptalk","thunderwave"],"nature":"Careful","evs":{"hp":248,"atk":0,"def":0,"spa":0,"spd":252,"spe":8},"ivs":{"hp":31,"atk":31,"def":31,"spa":31,"spd":31,"spe":31}}],"log":["|player|p1|Zukushiku|zukushiku.png","|player|p2|SWL ROCK|swlrockhard.png","|gametype|singles","|gen|6","|tier|Monotype","|rated","|rule|Baton Pass Clause: Limit one Baton Passer, can't pass Spe and other stats simultaneously","|rule|Swagger Clause: Swagger is banned","|rule|Same Type Clause: Pokémon in a team must share a type","|clearpoke","|poke|p1|Venomoth, M, shiny","|poke|p1|Nidoking, M","|poke|p1|Golbat, F","|poke|p1|Venusaur, M","|poke|p1|Gengar, F","|poke|p1|Drapion, M","|poke|p2|Azumarill, F","|poke|p2|Empoleon, F","|poke|p2|Tentacruel, M","|poke|p2|Quagsire, F","|poke|p2|Sharpedo, F","|poke|p2|Gyarados, F","|rule|Sleep Clause Mod: Limit one foe put to sleep","|rule|Species Clause: Limit one of each Pokémon","|rule|OHKO Clause: OHKO moves are banned","|rule|Moody Clause: Moody is banned","|rule|Evasion Moves Clause: Evasion moves are banned","|rule|Endless Battle Clause: Forcing endless battles is banned","|rule|HP Percentage Mod: HP is shown in percentages","|teampreview","|","|start","|switch|p1a: Gengar|Gengar, F|261/261","|switch|p2a: Azumarill|Azumarill, F|363/363","|turn|1","|","|switch|p2a: Empoleon|Empoleon, F|372/372","|move|p1a: Gengar|Focus Blast|p2a: Empoleon","|-supereffective|p2a: Empoleon","|-damage|p2a: Empoleon|99/372","|-damage|p1a: Gengar|235/261|[from] item: Life Orb","|","|-heal|p2a: Empoleon|122/372|[from] item: Leftovers","|turn|2","|","|switch|p2a: Tentacruel|Tentacruel, M|364/364","|move|p1a: Gengar|Shadow Ball|p2a: Tentacruel","|-damage|p2a: Tentacruel|243/364","|-damage|p1a: Gengar|209/261|[from] item: Life Orb","|","|-heal|p2a: Tentacruel|265/364|[from] item: Black Sludge","|turn|3","|","|move|p1a: Gengar|Shadow Ball|p2a: Tentacruel","|-damage|p2a: Tentacruel|147/364","|-damage|p1a: Gengar|183/261|[from] item: Life Orb","|move|p2a: Tentacruel|Scald|p1a: Gengar","|-damage|p1a: Gengar|92/261","|","|-heal|p2a: Tentacruel|169/364|[from] item: Black Sludge","|turn|4","|","|switch|p2a: Azumarill|Azumarill, F|363/363","|move|p1a: Gengar|Shadow Ball|p2a: Azumarill","|-damage|p2a: Azumarill|155/363","|-damage|p1a: Gengar|66/261|[from] item: Life Orb","|","|turn|5","|","|switch|p1a: Venusaur|Venusaur, M|363/363","|move|p2a: Azumarill|Aqua Jet|p1a: Venusaur","|-resisted|p1a: Venusaur","|-damage|p1a: Venusaur|296/363","|","|turn|6","|","|switch|p2a: Gyarados|Gyarados, F|393/393","|-ability|p2a: Gyarados|Intimidate","|-unboost|p1a: Venusaur|atk|1","|detailschange|p1a: Venusaur|Venusaur-Mega, M","|-mega|p1a: Venusaur|Venusaur|Venusaurite","|move|p1a: Venusaur|Giga Drain|p2a: Gyarados","|-damage|p2a: Gyarados|317/393","|-heal|p1a: Venusaur|334/363|[from] drain|[of] p2a: Gyarados","|","|-heal|p2a: Gyarados|341/393|[from] item: Leftovers","|turn|7","|","|switch|p1a: Golbat|Golbat, F|353/353","|move|p2a: Gyarados|Thunder Wave|p1a: Golbat","|-status|p1a: Golbat|par","|","|-heal|p2a: Gyarados|365/393|[from] item: Leftovers","|turn|8","|","|switch|p2a: Empoleon|Empoleon, F|122/372","|switch|p1a: Nidoking|Nidoking, M|303/303","|","|-heal|p2a: Empoleon|145/372|[from] item: Leftovers","|turn|9","|","|move|p1a: Nidoking|Sludge Wave|p2a: Empoleon","|-immune|p2a: Empoleon|[msg]","|move|p2a: Empoleon|Stealth Rock|p1a: Nidoking","|-sidestart|p1: Zukushiku|move: Stealth Rock","|","|-heal|p2a: Empoleon|168/372|[from] item: Leftovers","|turn|10","|","|move|p1a: Nidoking|Sludge Wave|p2a: Empoleon","|-immune|p2a: Empoleon|[msg]","|move|p2a: Empoleon|Flash Cannon|p1a: Nidoking","|-damage|p1a: Nidoking|164/303","|","|-heal|p2a: Empoleon|191/372|[from] item: Leftovers","|turn|11","|","|move|p1a: Nidoking|Earth Power|p2a: Empoleon","|-supereffective|p2a: Empoleon","|-damage|p2a: Empoleon|0 fnt","|faint|p2a: Empoleon","|","|","|switch|p2a: Azumarill|Azumarill, F|155/363","|turn|12","|","|move|p2a: Azumarill|Aqua Jet|p1a: Nidoking","|-supereffective|p1a: Nidoking","|-damage|p1a: Nidoking|0 fnt","|faint|p1a: Nidoking","|","|","|switch|p1a: Golbat|Golbat, F|353/353 par","|-damage|p1a: Golbat|265/353 par|[from] Stealth Rock","|turn|13","|","|switch|p2a: Sharpedo|Sharpedo, F|281/281","|cant|p1a: Golbat|par","|","|turn|14","|","|move|p2a: Sharpedo|Ice Fang|p1a: Golbat","|-supereffective|p1a: Golbat","|-damage|p1a: Golbat|127/353 par","|move|p1a: Golbat|Roost|p1a: Golbat","|-heal|p1a: Golbat|304/353 par","|","|-boost|p2a: Sharpedo|spe|1|[from] ability: Speed Boost","|turn|15","|","|detailschange|p2a: Sharpedo|Sharpedo-Mega, F","|-mega|p2a: Sharpedo|Sharpedo|Sharpedonite","|move|p2a: Sharpedo|Ice Fang|p1a: Golbat","|-crit|p1a: Golbat","|-supereffective|p1a: Golbat","|-damage|p1a: Golbat|0 fnt","|faint|p1a: Golbat","|","|","|switch|p1a: Venusaur|Venusaur-Mega, M|334/363","|-damage|p1a: Venusaur|289/363|[from] Stealth Rock","|turn|16","|","|move|p2a: Sharpedo|Crunch|p1a: Venusaur","|-damage|p1a: Venusaur|132/363","|move|p1a: Venusaur|Giga Drain|p2a: Sharpedo","|-supereffective|p2a: Sharpedo","|-damage|p2a: Sharpedo|0 fnt","|-heal|p1a: Venusaur|273/363|[from] drain|[of] p2a: Sharpedo","|faint|p2a: Sharpedo","|","|","|switch|p2a: Tentacruel|Tentacruel, M|169/364","|turn|17","|","|switch|p1a: Drapion|Drapion, M|343/343","|-damage|p1a: Drapion|301/343|[from] Stealth Rock","|move|p2a: Tentacruel|Acid Spray|p1a: Drapion","|-resisted|p1a: Drapion","|-damage|p1a: Drapion|289/343","|-unboost|p1a: Drapion|spd|2","|","|-heal|p2a: Tentacruel|191/364|[from] item: Black Sludge","|turn|18","|","|switch|p2a: Gyarados|Gyarados, F|365/393","|-ability|p2a: Gyarados|Intimidate","|-unboost|p1a: Drapion|atk|1","|move|p1a: Drapion|Knock Off|p2a: Gyarados","|-damage|p2a: Gyarados|272/393","|-enditem|p2a: Gyarados|Leftovers|[from] move: Knock Off|[of] p1a: Drapion","|","|turn|19","|","|move|p1a: Drapion|Rock Slide|p2a: Gyarados","|-supereffective|p2a: Gyarados","|-damage|p2a: Gyarados|182/393","|move|p2a: Gyarados|Thunder Wave|p1a: Drapion","|-status|p1a: Drapion|par","|","|turn|20","|","|move|p2a: Gyarados|Waterfall|p1a: Drapion","|-damage|p1a: Drapion|181/343 par","|move|p1a: Drapion|Knock Off|p2a: Gyarados","|-damage|p2a: Gyarados|122/393","|","|turn|21","|","|move|p2a: Gyarados|Rest|p2a: Gyarados","|-status|p2a: Gyarados|slp","|-heal|p2a: Gyarados|393/393 slp|[silent]","|-status|p2a: Gyarados|slp|[from] move: Rest","|cant|p1a: Drapion|par","|","|turn|22","|","|switch|p1a: Gengar|Gengar, F|66/261","|-damage|p1a: Gengar|34/261|[from] Stealth Rock","|cant|p2a: Gyarados|slp","|move|p2a: Gyarados|Sleep Talk|p2a: Gyarados","|move|p2a: Gyarados|Waterfall|p1a: Gengar|[from]Sleep Talk","|-damage|p1a: Gengar|0 fnt","|faint|p1a: Gengar","|","|","|switch|p1a: Venomoth|Venomoth, M, shiny|281/281","|-damage|p1a: Venomoth|211/281|[from] Stealth Rock","|turn|23","|","|move|p1a: Venomoth|Substitute|p1a: Venomoth","|-start|p1a: Venomoth|Substitute","|-damage|p1a: Venomoth|141/281","|cant|p2a: Gyarados|slp","|move|p2a: Gyarados|Sleep Talk|p2a: Gyarados","|move|p2a: Gyarados|Rest|p2a: Gyarados|[from]Sleep Talk","|-fail|p2a: Gyarados","|","|-heal|p1a: Venomoth|158/281|[from] item: Black Sludge","|turn|24","|","|move|p1a: Venomoth|Quiver Dance|p1a: Venomoth","|-boost|p1a: Venomoth|spa|1","|-boost|p1a: Venomoth|spd|1","|-boost|p1a: Venomoth|spe|1","|-curestatus|p2a: Gyarados|slp","|move|p2a: Gyarados|Waterfall|p1a: Venomoth","|-end|p1a: Venomoth|Substitute","|","|-heal|p1a: Venomoth|175/281|[from] item: Black Sludge","|turn|25","|","|move|p1a: Venomoth|Sleep Powder|p2a: Gyarados","|-status|p2a: Gyarados|slp","|cant|p2a: Gyarados|slp","|","|-heal|p1a: Venomoth|192/281|[from] item: Black Sludge","|turn|26","|","|move|p1a: Venomoth|Substitute|p1a: Venomoth","|-start|p1a: Venomoth|Substitute","|-damage|p1a: Venomoth|122/281","|-curestatus|p2a: Gyarados|slp","|move|p2a: Gyarados|Sleep Talk|p2a: Gyarados","|-fail|p2a: Gyarados","|","|-heal|p1a: Venomoth|139/281|[from] item: Black Sludge","|turn|27","|","|move|p1a: Venomoth|Bug Buzz|p2a: Gyarados","|-resisted|p2a: Gyarados","|-damage|p2a: Gyarados|255/393","|-unboost|p2a: Gyarados|spd|1","|move|p2a: Gyarados|Sleep Talk|p2a: Gyarados","|-fail|p2a: Gyarados","|","|-heal|p1a: Venomoth|156/281|[from] item: Black Sludge","|turn|28","|","|move|p1a: Venomoth|Sleep Powder|p2a: Gyarados","|-status|p2a: Gyarados|slp","|cant|p2a: Gyarados|slp","|move|p2a: Gyarados|Sleep Talk|p2a: Gyarados","|move|p2a: Gyarados|Waterfall|p1a: Venomoth|[from]Sleep Talk","|-end|p1a: Venomoth|Substitute","|","|-heal|p1a: Venomoth|173/281|[from] item: Black Sludge","|turn|29","|","|move|p1a: Venomoth|Substitute|p1a: Venomoth","|-start|p1a: Venomoth|Substitute","|-damage|p1a: Venomoth|103/281","|-curestatus|p2a: Gyarados|slp","|move|p2a: Gyarados|Waterfall|p1a: Venomoth","|-end|p1a: Venomoth|Substitute","|","|-heal|p1a: Venomoth|120/281|[from] item: Black Sludge","|turn|30","|","|move|p1a: Venomoth|Substitute|p1a: Venomoth","|-start|p1a: Venomoth|Substitute","|-damage|p1a: Venomoth|50/281","|move|p2a: Gyarados|Sleep Talk|p2a: Gyarados","|-fail|p2a: Gyarados","|","|-heal|p1a: Venomoth|67/281|[from] item: Black Sludge","|turn|31","|","|move|p1a: Venomoth|Bug Buzz|p2a: Gyarados","|-resisted|p2a: Gyarados","|-damage|p2a: Gyarados|41/393","|move|p2a: Gyarados|Waterfall|p1a: Venomoth","|-end|p1a: Venomoth|Substitute","|","|-heal|p1a: Venomoth|84/281|[from] item: Black Sludge","|turn|32","|","|move|p1a: Venomoth|Bug Buzz|p2a: Gyarados","|-resisted|p2a: Gyarados","|-damage|p2a: Gyarados|0 fnt","|faint|p2a: Gyarados","|","|-heal|p1a: Venomoth|101/281|[from] item: Black Sludge","|","|switch|p2a: Azumarill|Azumarill, F|155/363","|turn|33","|","|switch|p1a: Venusaur|Venusaur-Mega, M|273/363","|-damage|p1a: Venusaur|228/363|[from] Stealth Rock","|move|p2a: Azumarill|Aqua Jet|p1a: Venusaur","|-resisted|p1a: Venusaur","|-damage|p1a: Venusaur|184/363","|","|turn|34","|","|switch|p2a: Tentacruel|Tentacruel, M|191/364","|move|p1a: Venusaur|Synthesis|p1a: Venusaur","|-heal|p1a: Venusaur|363/363","|","|-heal|p2a: Tentacruel|213/364|[from] item: Black Sludge","|turn|35","|","|switch|p1a: Venomoth|Venomoth, M, shiny|101/281","|-damage|p1a: Venomoth|31/281|[from] Stealth Rock","|move|p2a: Tentacruel|Acid Spray|p1a: Venomoth","|-resisted|p1a: Venomoth","|-damage|p1a: Venomoth|5/281","|-unboost|p1a: Venomoth|spd|2","|","|-heal|p1a: Venomoth|22/281|[from] item: Black Sludge","|-heal|p2a: Tentacruel|235/364|[from] item: Black Sludge","|turn|36","|","|switch|p2a: Quagsire|Quagsire, F|394/394","|move|p1a: Venomoth|Sleep Powder|p2a: Quagsire","|-status|p2a: Quagsire|slp","|","|-heal|p1a: Venomoth|39/281|[from] item: Black Sludge","|turn|37","|","|switch|p2a: Tentacruel|Tentacruel, M|235/364","|move|p1a: Venomoth|Bug Buzz|p2a: Tentacruel","|-resisted|p2a: Tentacruel","|-damage|p2a: Tentacruel|133/364","|","|-heal|p1a: Venomoth|56/281|[from] item: Black Sludge","|-heal|p2a: Tentacruel|155/364|[from] item: Black Sludge","|turn|38","|","|move|p1a: Venomoth|Bug Buzz|p2a: Tentacruel","|-resisted|p2a: Tentacruel","|-damage|p2a: Tentacruel|59/364","|move|p2a: Tentacruel|Scald|p1a: Venomoth","|-damage|p1a: Venomoth|0 fnt","|faint|p1a: Venomoth","|","|-heal|p2a: Tentacruel|81/364|[from] item: Black Sludge","|","|switch|p1a: Drapion|Drapion, M|181/343 par","|-damage|p1a: Drapion|139/343 par|[from] Stealth Rock","|turn|39","|","|move|p1a: Drapion|Pursuit|p2a: Tentacruel|[from]Pursuit","|-damage|p2a: Tentacruel|0 fnt","|faint|p2a: Tentacruel","|","|","|switch|p2a: Azumarill|Azumarill, F|155/363","|turn|40","|","|move|p2a: Azumarill|Play Rough|p1a: Drapion","|-damage|p1a: Drapion|0 fnt","|faint|p1a: Drapion","|","|","|switch|p1a: Venusaur|Venusaur-Mega, M|363/363","|-damage|p1a: Venusaur|318/363|[from] Stealth Rock","|turn|41","|","|move|p1a: Venusaur|Sludge Bomb|p2a: Azumarill","|-supereffective|p2a: Azumarill","|-damage|p2a: Azumarill|0 fnt","|faint|p2a: Azumarill","|","|","|switch|p2a: Quagsire|Quagsire, F|394/394 slp","|turn|42","|","|move|p1a: Venusaur|Giga Drain|p2a: Quagsire","|-supereffective|p2a: Quagsire","|-damage|p2a: Quagsire|0 fnt","|-heal|p1a: Venusaur|363/363|[from] drain|[of] p2a: Quagsire","|faint|p2a: Quagsire","|","|win|Zukushiku"],"p1rating":{"entryid":"7076911","serverid":"eos","formatid":"monotype","userid":"zukushiku","username":"Zukushiku","w":38,"l":"17","t":"0","gxe":68.5,"r":"1644.5841694678","rd":"50.568513403167","sigma":"0","rptime":"1439024400","rpr":1647.7312201791,"rprd":48.179612009672,"rpsigma":"0","acre":1322.0375298859,"lacre":1322.0375298859,"oldacre":"1313.9494425024"},"p2rating":{"entryid":"7496999","serverid":"eos","formatid":"monotype","userid":"swlrock","username":"SWL ROCK","w":"2","l":2,"t":"0","gxe":47.4,"r":"1500","rd":"130","sigma":"0","rptime":"1439024400","rpr":1479.1951396819,"rprd":107.62131797287,"rpsigma":"0","acre":1066.882316628,"lacre":1066.882316628,"oldacre":"1075.5066427545"},"endType":"normal"}