{"seed":[52221,31729,1585,4640],"turns":20,"p1":"tboltrider","p2":"Emerald Fr3ak","p1team":[{"name":"Altaria","species":"Altaria","item":"altarianite","ability":"Natural Cure","moves":["hypervoice","roost","flamethrower","healbell"],"nature":"Modest","evs":{"hp":0,"atk":0,"def":104,"spa":252,"spd":0,"spe":152},"gender":"F","ivs":{"hp":31,"atk":31,"def":31,"spa":31,"spd":31,"spe":31}},{"name":"Landorus-Therian","species":"Landorus-Therian","item":"assaultvest","ability":"Intimidate","moves":["earthquake","knockoff","uturn","stoneedge"],"nature":"Jolly","evs":{"hp":0,"atk":56,"def":0,"spa":0,"spd":200,"spe":252},"ivs":{"hp":31,"atk":31,"def":31,"spa":31,"spd":31,"spe":31}},{"name":"Skarmory","species":"Skarmory","item":"rockyhelmet","ability":"Sturdy","moves":["roost","swordsdance","stealthrock","ironhead"],"nature":"Jolly","evs":{"hp":0,"atk":128,"def":0,"spa":0,"spd":248,"spe":132},"gender":"M","ivs":{"hp":31,"atk":31,"def":31,"spa":31,"spd":31,"spe":31}},{"name":"Togekiss","species":"Togekiss","item":"leftovers","ability":"Serene Grace","moves":["aurasphere","airslash","softboiled","thunderwave"],"nature":"Modest","evs":{"hp":0,"atk":0,"def":148,"spa":108,"spd":0,"spe":252},"gender":"F","ivs":{"hp":31,"atk":31,"def":31,"spa":31,"spd":31,"spe":31}},{"name":"Mandibuzz","species":"Mandibuzz","item":"weaknesspolicy","ability":"Big Pecks","moves":["bravebird","defog","foulplay","taunt"],"nature":"Adamant","evs":{"hp":0,"atk":232,"def":0,"spa":0,"spd":156,"spe":120},"ivs":{"hp":31,"atk":31,"def":31,"spa":31,"spd":31,"spe":31}},{"name":"Hawlucha","species":"Hawlucha","item":"sitrusberry","ability":"Unburden","moves":["swordsdance","acrobatics","highjumpkick","substitute"],"nature":"Careful","evs":{"hp":12,"atk":252,"def":0,"spa":0,"spd":0,"spe":244},"ivs":{"hp":31,"atk":31,"def":31,"spa":31,"spd":31,"spe":31}}],"p2team":[{"name":"Safety Shark","species":"garchomp","item":"rockyhelmet","ability":"Rough Skin","moves":["earthquake","swordsdance","dragonclaw","stealthrock"],"nature":"Jolly","evs":{"hp":0,"atk":252,"def":0,"spa":0,"spd":4,"spe":252},"gender":"M","shiny":true,"ivs":{"hp":31,"atk":31,"def":31,"spa":31,"spd":31,"spe":31}},{"name":"Gaea","species":"landorus","item":"lifeorb","ability":"Sheer Force","moves":["earthpower","sludgewave","psychic","calmmind"],"nature":"Timid","evs":{"hp":0,"atk":0,"def":0,"spa":252,"spd":4,"spe":252},"shiny":true,"ivs":{"hp":31,"atk":31,"def":31,"spa":31,"spd":31,"spe":31}},{"name":"Nightwing","species":"gliscor","item":"toxicorb","ability":"Poison Heal","moves":["protect","fling","acrobatics","facade"],"nature":"Adamant","evs":{"hp":184,"atk":252,"def":0,"spa":0,"spd":0,"spe":72},"gender":"M","shiny":true,"ivs":{"hp":31,"atk":31,"def":31,"spa":31,"spd":31,"spe":31}},{"name":"Dr. Drilla","species":"excadrill","item":"airballoon","ability":"Sand Rush","moves":["earthquake","ironhead","rockslide","rapidspin"],"nature":"Adamant","evs":{"hp":0,"atk":252,"def":0,"spa":0,"spd":4,"spe":252},"gender":"M","shiny":true,"ivs":{"hp":31,"atk":31,"def":31,"spa":31,"spd":31,"spe":31}},{"name":"Bertha","species":"hippowdon","item":"leftovers","ability":"Sand Stream","moves":["earthquake","toxic","slackoff","whirlwind"],"nature":"Impish","evs":{"hp":252,"atk":4,"def":252,"spa":0,"spd":0,"spe":0},"gender":"F","shiny":true,"ivs":{"hp":31,"atk":31,"def":31,"spa":31,"spd":31,"spe":31}},{"name":"Brock","species":"steelix","item":"steelixite","ability":"Sturdy","moves":["earthquake","heavyslam","rockslide","gyroball"],"nature":"Brave","evs":{"hp":248,"atk":252,"def":0,"spa":0,"spd":8,"spe":0},"gender":"M","ivs":{"hp":31,"atk":31,"def":31,"spa":31,"spd":31,"spe":0},"shiny":true}],"log":["|player|p1|tboltrider|93","|player|p2|Emerald Fr3ak|125","|gametype|singles","|gen|6","|tier|Monotype","|rated","|rule|Baton Pass Clause: Limit one Baton Passer, can't pass Spe and other stats simultaneously","|rule|Swagger Clause: Swagger is banned","|rule|Same Type Clause: Pokémon in a team must share a type","|clearpoke","|poke|p1|Altaria, F","|poke|p1|Landorus-Therian, M","|poke|p1|Skarmory, M","|poke|p1|Togekiss, F","|poke|p1|Mandibuzz, F","|poke|p1|Hawlucha, F","|poke|p2|Garchomp, M, shiny","|poke|p2|Landorus, M, shiny","|poke|p2|Gliscor, M, shiny","|poke|p2|Excadrill, M, shiny","|poke|p2|Hippowdon, F, shiny","|poke|p2|Steelix, M, shiny","|rule|Sleep Clause Mod: Limit one foe put to sleep","|rule|Species Clause: Limit one of each Pokémon","|rule|OHKO Clause: OHKO moves are banned","|rule|Moody Clause: Moody is banned","|rule|Evasion Moves Clause: Evasion moves are banned","|rule|Endless Battle Clause: Forcing endless battles is banned","|rule|HP Percentage Mod: HP is shown in percentages","|teampreview","|","|start","|switch|p1a: Skarmory|Skarmory, M|271/271","|switch|p2a: Safety Shark|Garchomp, M, shiny|357/357","|turn|1","|","|move|p2a: Safety Shark|Stealth Rock|p1a: Skarmory","|-sidestart|p1: tboltrider|move: Stealth Rock","|move|p1a: Skarmory|Stealth Rock|p2a: Safety Shark","|-sidestart|p2: Emerald Fr3ak|move: Stealth Rock","|","|turn|2","|","|move|p2a: Safety Shark|Swords Dance|p2a: Safety Shark","|-boost|p2a: Safety Shark|atk|2","|move|p1a: Skarmory|Swords Dance|p1a: Skarmory","|-boost|p1a: Skarmory|atk|2","|","|turn|3","|","|move|p2a: Safety Shark|Dragon Claw|p1a: Skarmory","|-resisted|p1a: Skarmory","|-damage|p1a: Skarmory|172/271","|-damage|p2a: Safety Shark|298/357|[from] item: Rocky Helmet|[of] p1a: Skarmory","|move|p1a: Skarmory|Iron Head|p2a: Safety Shark","|-damage|p2a: Safety Shark|123/357","|-damage|p1a: Skarmory|139/271|[from] ability: Rough Skin|[of] p2a: Safety Shark","|-damage|p1a: Skarmory|94/271|[from] item: Rocky Helmet|[of] p2a: Safety Shark","|","|turn|4","|","|move|p2a: Safety Shark|Dragon Claw|p1a: Skarmory","|-resisted|p1a: Skarmory","|-damage|p1a: Skarmory|0 fnt","|-damage|p2a: Safety Shark|64/357|[from] item: Rocky Helmet|[of] p1a: Skarmory","|faint|p1a: Skarmory","|","|","|switch|p1a: Mandibuzz|Mandibuzz, F|361/361","|-damage|p1a: Mandibuzz|271/361|[from] Stealth Rock","|turn|5","|","|move|p2a: Safety Shark|Dragon Claw|p1a: Mandibuzz","|-damage|p1a: Mandibuzz|0 fnt","|faint|p1a: Mandibuzz","|","|","|switch|p1a: Togekiss|Togekiss, F|311/311","|-damage|p1a: Togekiss|234/311|[from] Stealth Rock","|turn|6","|","|move|p2a: Safety Shark|Swords Dance|p2a: Safety Shark","|-boost|p2a: Safety Shark|atk|2","|move|p1a: Togekiss|Air Slash|p2a: Safety Shark","|-damage|p2a: Safety Shark|0 fnt","|faint|p2a: Safety Shark","|","|-heal|p1a: Togekiss|253/311|[from] item: Leftovers","|","|switch|p2a: Bertha|Hippowdon, F, shiny|420/420","|-damage|p2a: Bertha|394/420|[from] Stealth Rock","|-weather|Sandstorm","|turn|7","|","|move|p1a: Togekiss|Air Slash|p2a: Bertha","|-damage|p2a: Bertha|234/420","|move|p2a: Bertha|Toxic|p1a: Togekiss","|-status|p1a: Togekiss|tox","|","|-weather|Sandstorm|[upkeep]","|-damage|p1a: Togekiss|234/311 tox|[from] sandstorm","|-heal|p1a: Togekiss|253/311 tox|[from] item: Leftovers","|-heal|p2a: Bertha|260/420|[from] item: Leftovers","|-damage|p1a: Togekiss|234/311 tox|[from] psn","|turn|8","|","|move|p1a: Togekiss|Air Slash|p2a: Bertha","|-damage|p2a: Bertha|110/420","|cant|p2a: Bertha|flinch","|","|-weather|Sandstorm|[upkeep]","|-damage|p1a: Togekiss|215/311 tox|[from] sandstorm","|-heal|p1a: Togekiss|234/311 tox|[from] item: Leftovers","|-heal|p2a: Bertha|136/420|[from] item: Leftovers","|-damage|p1a: Togekiss|196/311 tox|[from] psn","|turn|9","|","|move|p1a: Togekiss|Air Slash|p2a: Bertha","|-damage|p2a: Bertha|0 fnt","|faint|p2a: Bertha","|","|-weather|Sandstorm|[upkeep]","|-damage|p1a: Togekiss|177/311 tox|[from] sandstorm","|-heal|p1a: Togekiss|196/311 tox|[from] item: Leftovers","|-damage|p1a: Togekiss|139/311 tox|[from] psn","|","|switch|p2a: Dr. Drilla|Excadrill, M, shiny|361/361","|-damage|p2a: Dr. Drilla|350/361|[from] Stealth Rock","|-item|p2a: Dr. Drilla|Air Balloon","|turn|10","|","|switch|p1a: Landorus-Therian|Landorus-Therian, M|319/319","|-damage|p1a: Landorus-Therian|280/319|[from] Stealth Rock","|-ability|p1a: Landorus-Therian|Intimidate","|-unboost|p2a: Dr. Drilla|atk|1","|move|p2a: Dr. Drilla|Iron Head|p1a: Landorus-Therian","|-damage|p1a: Landorus-Therian|156/319","|","|-weather|Sandstorm|[upkeep]","|turn|11","|","|move|p2a: Dr. Drilla|Iron Head|p1a: Landorus-Therian","|-damage|p1a: Landorus-Therian|30/319","|move|p1a: Landorus-Therian|Knock Off|p2a: Dr. Drilla","|-damage|p2a: Dr. Drilla|188/361","|-enditem|p2a: Dr. Drilla|Air Balloon","|","|-weather|none","|turn|12","|","|move|p1a: Landorus-Therian|Earthquake|p2a: Dr. Drilla","|-supereffective|p2a: Dr. Drilla","|-damage|p2a: Dr. Drilla|0 fnt","|faint|p2a: Dr. Drilla","|","|","|switch|p2a: Nightwing|Gliscor, M, shiny|337/337","|-damage|p2a: Nightwing|295/337|[from] Stealth Rock","|turn|13","|","|move|p2a: Nightwing|Protect|p2a: Nightwing","|-singleturn|p2a: Nightwing|Protect","|move|p1a: Landorus-Therian|Knock Off|p2a: Nightwing","|-activate|p2a: Nightwing|Protect","|","|-status|p2a: Nightwing|tox|[from] item: Toxic Orb","|turn|14","|","|move|p1a: Landorus-Therian|Stone Edge|p2a: Nightwing","|-damage|p2a: Nightwing|210/337 tox","|move|p2a: Nightwing|Facade|p1a: Landorus-Therian","|-damage|p1a: Landorus-Therian|0 fnt","|faint|p1a: Landorus-Therian","|","|-heal|p2a: Nightwing|252/337 tox|[from] ability: Poison Heal","|","|switch|p1a: Altaria|Altaria, F|291/291","|-damage|p1a: Altaria|219/291|[from] Stealth Rock","|turn|15","|","|detailschange|p1a: Altaria|Altaria-Mega, F","|-mega|p1a: Altaria|Altaria|Altarianite","|move|p2a: Nightwing|Fling|p1a: Altaria","|-enditem|p2a: Nightwing|Toxic Orb|[from] move: Fling","|-resisted|p1a: Altaria","|-damage|p1a: Altaria|204/291","|-status|p1a: Altaria|tox","|move|p1a: Altaria|Hyper Voice|p2a: Nightwing","|-damage|p2a: Nightwing|0 fnt","|faint|p2a: Nightwing","|","|-damage|p1a: Altaria|186/291 tox|[from] psn","|","|switch|p2a: Gaea|Landorus, M, shiny|319/319","|-damage|p2a: Gaea|280/319|[from] Stealth Rock","|turn|16","|","|move|p2a: Gaea|Sludge Wave|p1a: Altaria","|-supereffective|p1a: Altaria","|-damage|p1a: Altaria|0 fnt","|faint|p1a: Altaria","|","|","|switch|p1a: Hawlucha|Hawlucha, F|300/300","|-damage|p1a: Hawlucha|263/300|[from] Stealth Rock","|turn|17","|","|move|p1a: Hawlucha|Substitute|p1a: Hawlucha","|-start|p1a: Hawlucha|Substitute","|-damage|p1a: Hawlucha|188/300","|move|p2a: Gaea|Psychic|p1a: Hawlucha","|-supereffective|p1a: Hawlucha","|-end|p1a: Hawlucha|Substitute","|","|turn|18","|","|move|p1a: Hawlucha|Substitute|p1a: Hawlucha","|-start|p1a: Hawlucha|Substitute","|-damage|p1a: Hawlucha|113/300","|-enditem|p1a: Hawlucha|Sitrus Berry|[eat]","|-heal|p1a: Hawlucha|188/300|[from] item: Sitrus Berry","|move|p2a: Gaea|Psychic|p1a: Hawlucha","|-supereffective|p1a: Hawlucha","|-end|p1a: Hawlucha|Substitute","|","|turn|19","|","|move|p1a: Hawlucha|Acrobatics|p2a: Gaea","|-damage|p2a: Gaea|103/319","|move|p2a: Gaea|Psychic|p1a: Hawlucha","|-supereffective|p1a: Hawlucha","|-damage|p1a: Hawlucha|0 fnt","|faint|p1a: Hawlucha","|","|","|switch|p1a: Togekiss|Togekiss, F|139/311 tox","|-damage|p1a: Togekiss|62/311 tox|[from] Stealth Rock","|turn|20","|","|move|p2a: Gaea|Sludge Wave|p1a: Togekiss","|-supereffective|p1a: Togekiss","|-damage|p1a: Togekiss|0 fnt","|faint|p1a: Togekiss","|","|win|Emerald Fr3ak"],"p1rating":{"entryid":"6783929","serverid":"eos","formatid":"monotype","userid":"tboltrider","username":"tboltrider","w":"23","l":30,"t":"0","gxe":45.4,"r":"1425.2116979133","rd":"53.980057879337","sigma":"0","rptime":"1439110800","rpr":1464.8307651572,"rprd":50.323337982528,"rpsigma":"0","acre":1207.3206091823,"lacre":1207.3206091823,"oldacre":"1237.8833223141"},"p2rating":{"entryid":"7037964","serverid":"eos","formatid":"monotype","userid":"emeraldfr3ak","username":"Emerald Fr3ak","w":19,"l":"13","t":"0","gxe":53.7,"r":"1509.5689835471","rd":"64.105717476254","sigma":"0","rptime":"1439110800","rpr":1528.1259861641,"rprd":62.213656394924,"rpsigma":"0","acre":1189.8235311436,"lacre":1189.8235311436,"oldacre":"1159.2608180118"},"endType":"normal"}