{"seed":[32777,7811,2134,2840],"turns":18,"p1":"sovereign♕zoroark","p2":"BagelBeagle","p1team":[{"name":"Infernape","species":"Infernape","item":"focussash","ability":"Iron Fist","moves":["swordsdance","firepunch","thunderpunch","closecombat"],"nature":"Jolly","evs":{"hp":4,"atk":252,"def":0,"spa":0,"spd":0,"spe":252},"ivs":{"hp":31,"atk":31,"def":31,"spa":31,"spd":31,"spe":31}},{"name":"Keldeo","species":"Keldeo","item":"assaultvest","ability":"Justified","moves":["aquatail","closecombat","poisonjab","xscissor"],"nature":"Adamant","evs":{"hp":0,"atk":252,"def":0,"spa":0,"spd":0,"spe":252},"ivs":{"hp":31,"atk":31,"def":31,"spa":31,"spd":31,"spe":31}},{"name":"Gallade","species":"Gallade","item":"mentalherb","ability":"Justified","moves":["icepunch","leafblade","earthquake","swordsdance"],"nature":"Adamant","evs":{"hp":4,"atk":252,"def":0,"spa":0,"spd":0,"spe":252},"shiny":true,"ivs":{"hp":31,"atk":31,"def":31,"spa":31,"spd":31,"spe":31}},{"name":"Conkeldurr","species":"Conkeldurr","item":"airballoon","ability":"Iron Fist","moves":["drainpunch","earthquake","firepunch","icepunch"],"nature":"Adamant","evs":{"hp":252,"atk":252,"def":0,"spa":4,"spd":0,"spe":0},"shiny":true,"ivs":{"hp":31,"atk":31,"def":31,"spa":31,"spd":31,"spe":31}},{"name":"Breloom","species":"Breloom","item":"keeberry","ability":"Effect Spore","moves":["spore","wakeupslap","rocktomb","thunderpunch"],"nature":"Adamant","evs":{"hp":252,"atk":252,"def":0,"spa":0,"spd":4,"spe":0},"shiny":true,"ivs":{"hp":31,"atk":31,"def":31,"spa":31,"spd":31,"spe":31}},{"name":"Toxicroak","species":"Toxicroak","item":"toxicplate","ability":"Dry Skin","moves":["gunkshot","foulplay","fakeout","earthquake"],"nature":"Adamant","evs":{"hp":0,"atk":252,"def":0,"spa":0,"spd":0,"spe":252},"shiny":true,"ivs":{"hp":31,"atk":31,"def":31,"spa":31,"spd":31,"spe":31}}],"p2team":[{"name":"Eat.Chew.Drink","species":"aerodactyl","item":"lifeorb","ability":"Rock Head","moves":["aerialace","earthquake","taunt","stoneedge"],"nature":"Jolly","evs":{"hp":0,"atk":252,"def":0,"spa":0,"spd":4,"spe":252},"gender":"M","shiny":true,"ivs":{"hp":31,"atk":31,"def":31,"spa":31,"spd":31,"spe":31}},{"name":"Dry Skin Dan","species":"rhyperior","item":"weaknesspolicy","ability":"Solid Rock","moves":["earthquake","megahorn","rockslide","outrage"],"nature":"Adamant","evs":{"hp":248,"atk":252,"def":0,"spa":0,"spd":8,"spe":0},"gender":"M","shiny":true,"ivs":{"hp":31,"atk":31,"def":31,"spa":31,"spd":31,"spe":31}},{"name":"Huckle Booberry","species":"shuckle","item":"leftovers","ability":"Sturdy","moves":["encore","stickyweb","toxic","knockoff"],"nature":"Careful","evs":{"hp":252,"atk":4,"def":0,"spa":0,"spd":252,"spe":0},"gender":"M","shiny":true,"ivs":{"hp":31,"atk":31,"def":31,"spa":31,"spd":31,"spe":31}},{"name":"Sonic The T-Rex","species":"tyrantrum","item":"lifeorb","ability":"Rock Head","moves":["dragonclaw","ironhead","headsmash","superpower"],"nature":"Jolly","evs":{"hp":0,"atk":252,"def":0,"spa":0,"spd":4,"spe":252},"shiny":true,"ivs":{"hp":31,"atk":31,"def":31,"spa":31,"spd":31,"spe":31}},{"name":"Toasty","species":"tyranitar","item":"leftovers","ability":"Sand Stream","moves":["crunch","rockslide","thunderwave","stealthrock"],"nature":"Adamant","evs":{"hp":252,"atk":252,"def":0,"spa":0,"spd":4,"spe":0},"gender":"M","shiny":true,"ivs":{"hp":31,"atk":31,"def":31,"spa":31,"spd":31,"spe":31}},{"name":"MySpace","species":"cradily","item":"leftovers","ability":"Storm Drain","moves":["energyball","earthpower","recover","toxic"],"nature":"Calm","evs":{"hp":252,"atk":0,"def":0,"spa":4,"spd":252,"spe":0},"gender":"M","shiny":true,"ivs":{"hp":31,"atk":31,"def":31,"spa":31,"spd":31,"spe":31}}],"log":["|player|p1|sovereign♕zoroark|1","|player|p2|BagelBeagle|107","|gametype|singles","|gen|6","|tier|Monotype","|rated","|rule|Baton Pass Clause: Limit one Baton Passer, can't pass Spe and other stats simultaneously","|rule|Swagger Clause: Swagger is banned","|rule|Same Type Clause: Pokémon in a team must share a type","|clearpoke","|poke|p1|Infernape, F","|poke|p1|Keldeo","|poke|p1|Gallade, M, shiny","|poke|p1|Conkeldurr, F, shiny","|poke|p1|Breloom, F, shiny","|poke|p1|Toxicroak, F, shiny","|poke|p2|Aerodactyl, M, shiny","|poke|p2|Rhyperior, M, shiny","|poke|p2|Shuckle, M, shiny","|poke|p2|Tyrantrum, M, shiny","|poke|p2|Tyranitar, M, shiny","|poke|p2|Cradily, M, shiny","|rule|Sleep Clause Mod: Limit one foe put to sleep","|rule|Species Clause: Limit one of each Pokémon","|rule|OHKO Clause: OHKO moves are banned","|rule|Moody Clause: Moody is banned","|rule|Evasion Moves Clause: Evasion moves are banned","|rule|Endless Battle Clause: Forcing endless battles is banned","|rule|HP Percentage Mod: HP is shown in percentages","|teampreview","|","|start","|switch|p1a: Conkeldurr|Conkeldurr, F, shiny|414/414","|switch|p2a: Huckle Booberry|Shuckle, M, shiny|244/244","|-item|p1a: Conkeldurr|Air Balloon","|turn|1","|","|move|p1a: Conkeldurr|Fire Punch|p2a: Huckle Booberry","|-damage|p2a: Huckle Booberry|183/244","|move|p2a: Huckle Booberry|Sticky Web|p1a: Conkeldurr","|-sidestart|p1: sovereign♕zoroark|move: Sticky Web","|","|-heal|p2a: Huckle Booberry|198/244|[from] item: Leftovers","|turn|2","|","|move|p1a: Conkeldurr|Fire Punch|p2a: Huckle Booberry","|-damage|p2a: Huckle Booberry|143/244","|move|p2a: Huckle Booberry|Toxic|p1a: Conkeldurr","|-status|p1a: Conkeldurr|tox","|","|-heal|p2a: Huckle Booberry|158/244|[from] item: Leftovers","|-damage|p1a: Conkeldurr|389/414 tox|[from] psn","|turn|3","|","|move|p1a: Conkeldurr|Fire Punch|p2a: Huckle Booberry","|-damage|p2a: Huckle Booberry|102/244","|move|p2a: Huckle Booberry|Knock Off|p1a: Conkeldurr","|-resisted|p1a: Conkeldurr","|-damage|p1a: Conkeldurr|379/414 tox","|-enditem|p1a: Conkeldurr|Air Balloon","|","|-heal|p2a: Huckle Booberry|117/244|[from] item: Leftovers","|-damage|p1a: Conkeldurr|329/414 tox|[from] psn","|turn|4","|","|switch|p2a: Sonic The T-Rex|Tyrantrum, M, shiny|305/305","|move|p1a: Conkeldurr|Fire Punch|p2a: Sonic The T-Rex","|-resisted|p2a: Sonic The T-Rex","|-damage|p2a: Sonic The T-Rex|279/305","|","|-damage|p1a: Conkeldurr|254/414 tox|[from] psn","|turn|5","|","|move|p2a: Sonic The T-Rex|Dragon Claw|p1a: Conkeldurr","|-damage|p1a: Conkeldurr|82/414 tox","|-damage|p2a: Sonic The T-Rex|249/305|[from] item: Life Orb","|move|p1a: Conkeldurr|Ice Punch|p2a: Sonic The T-Rex","|-supereffective|p2a: Sonic The T-Rex","|-damage|p2a: Sonic The T-Rex|17/305","|","|-damage|p1a: Conkeldurr|0 fnt|[from] psn","|faint|p1a: Conkeldurr","|","|switch|p1a: Toxicroak|Toxicroak, F, shiny|307/307","|-activate|p1a: Toxicroak|move: Sticky Web","|-unboost|p1a: Toxicroak|spe|1","|turn|6","|","|switch|p2a: MySpace|Cradily, M, shiny|376/376","|move|p1a: Toxicroak|Fake Out|p2a: MySpace","|-resisted|p2a: MySpace","|-damage|p2a: MySpace|352/376","|","|-heal|p2a: MySpace|375/376|[from] item: Leftovers","|turn|7","|","|move|p1a: Toxicroak|Gunk Shot|p2a: MySpace|[miss]","|-miss|p1a: Toxicroak|p2a: MySpace","|move|p2a: MySpace|Earth Power|p1a: Toxicroak","|-supereffective|p1a: Toxicroak","|-damage|p1a: Toxicroak|147/307","|-unboost|p1a: Toxicroak|spd|1","|","|-heal|p2a: MySpace|376/376|[from] item: Leftovers","|turn|8","|","|move|p1a: Toxicroak|Gunk Shot|p2a: MySpace","|-damage|p2a: MySpace|111/376","|move|p2a: MySpace|Earth Power|p1a: Toxicroak","|-crit|p1a: Toxicroak","|-supereffective|p1a: Toxicroak","|-damage|p1a: Toxicroak|0 fnt","|faint|p1a: Toxicroak","|","|-heal|p2a: MySpace|134/376|[from] item: Leftovers","|","|switch|p1a: Infernape|Infernape, F|294/294","|-activate|p1a: Infernape|move: Sticky Web","|-unboost|p1a: Infernape|spe|1","|turn|9","|","|move|p1a: Infernape|Swords Dance|p1a: Infernape","|-boost|p1a: Infernape|atk|2","|move|p2a: MySpace|Earth Power|p1a: Infernape","|-supereffective|p1a: Infernape","|-damage|p1a: Infernape|138/294","|","|-heal|p2a: MySpace|157/376|[from] item: Leftovers","|turn|10","|","|move|p1a: Infernape|Close Combat|p2a: MySpace","|-supereffective|p2a: MySpace","|-damage|p2a: MySpace|0 fnt","|-unboost|p1a: Infernape|def|1","|-unboost|p1a: Infernape|spd|1","|faint|p2a: MySpace","|","|","|switch|p2a: Sonic The T-Rex|Tyrantrum, M, shiny|17/305","|turn|11","|","|move|p2a: Sonic The T-Rex|Head Smash|p1a: Infernape","|-damage|p1a: Infernape|0 fnt","|-damage|p2a: Sonic The T-Rex|0 fnt|[from] item: Life Orb","|faint|p1a: Infernape","|faint|p2a: Sonic The T-Rex","|","|","|switch|p2a: Eat.Chew.Drink|Aerodactyl, M, shiny|301/301","|switch|p1a: Keldeo|Keldeo|323/323","|-activate|p1a: Keldeo|move: Sticky Web","|-unboost|p1a: Keldeo|spe|1","|turn|12","|","|move|p2a: Eat.Chew.Drink|Aerial Ace|p1a: Keldeo","|-supereffective|p1a: Keldeo","|-damage|p1a: Keldeo|71/323","|-damage|p2a: Eat.Chew.Drink|271/301|[from] item: Life Orb","|move|p1a: Keldeo|Aqua Tail|p2a: Eat.Chew.Drink","|-crit|p2a: Eat.Chew.Drink","|-supereffective|p2a: Eat.Chew.Drink","|-damage|p2a: Eat.Chew.Drink|0 fnt","|faint|p2a: Eat.Chew.Drink","|","|","|switch|p2a: Dry Skin Dan|Rhyperior, M, shiny|433/433","|turn|13","|","|move|p1a: Keldeo|Aqua Tail|p2a: Dry Skin Dan","|-supereffective|p2a: Dry Skin Dan","|-damage|p2a: Dry Skin Dan|124/433","|-enditem|p2a: Dry Skin Dan|Weakness Policy","|-boost|p2a: Dry Skin Dan|atk|2|[from] item: Weakness Policy","|-boost|p2a: Dry Skin Dan|spa|2|[from] item: Weakness Policy","|move|p2a: Dry Skin Dan|Outrage|p1a: Keldeo","|-damage|p1a: Keldeo|0 fnt","|faint|p1a: Keldeo","|","|","|switch|p1a: Gallade|Gallade, M, shiny|278/278","|-activate|p1a: Gallade|move: Sticky Web","|-unboost|p1a: Gallade|spe|1","|turn|14","|","|move|p1a: Gallade|Earthquake|p2a: Dry Skin Dan","|-crit|p2a: Dry Skin Dan","|-supereffective|p2a: Dry Skin Dan","|-damage|p2a: Dry Skin Dan|0 fnt","|faint|p2a: Dry Skin Dan","|","|","|switch|p2a: Huckle Booberry|Shuckle, M, shiny|117/244","|turn|15","|","|move|p1a: Gallade|Swords Dance|p1a: Gallade","|-boost|p1a: Gallade|atk|2","|move|p2a: Huckle Booberry|Toxic|p1a: Gallade","|-status|p1a: Gallade|tox","|","|-heal|p2a: Huckle Booberry|132/244|[from] item: Leftovers","|-damage|p1a: Gallade|261/278 tox|[from] psn","|turn|16","|","|move|p1a: Gallade|Swords Dance|p1a: Gallade","|-boost|p1a: Gallade|atk|2","|move|p2a: Huckle Booberry|Encore|p1a: Gallade","|-start|p1a: Gallade|Encore","|-enditem|p1a: Gallade|Mental Herb","|-end|p1a: Gallade|move: Attract|[from] item: Mental Herb","|-end|p1a: Gallade|Encore","|","|-heal|p2a: Huckle Booberry|147/244|[from] item: Leftovers","|-damage|p1a: Gallade|227/278 tox|[from] psn","|turn|17","|","|move|p1a: Gallade|Earthquake|p2a: Huckle Booberry","|-damage|p2a: Huckle Booberry|0 fnt","|faint|p2a: Huckle Booberry","|","|-damage|p1a: Gallade|176/278 tox|[from] psn","|","|switch|p2a: Toasty|Tyranitar, M, shiny|404/404","|-weather|Sandstorm","|turn|18","|","|move|p1a: Gallade|Earthquake|p2a: Toasty","|-supereffective|p2a: Toasty","|-damage|p2a: Toasty|0 fnt","|faint|p2a: Toasty","|","|win|sovereign♕zoroark"],"p1rating":{"entryid":"7523691","serverid":"eos","formatid":"monotype","userid":"sovereignzoroark","username":"sovereign♕zoroark","w":1,"l":"5","t":"0","gxe":35,"r":"1500","rd":"130","sigma":"0","rptime":"1439110800","rpr":1378.6451207043,"rprd":98.540679984126,"rpsigma":"0","acre":1046.4411368469,"lacre":1046.4411368469,"oldacre":"1000"},"p2rating":{"entryid":"7518165","serverid":"eos","formatid":"monotype","userid":"bagelbeagle","username":"BagelBeagle","w":"6","l":11,"t":"0","gxe":41.2,"r":"1500","rd":"130","sigma":"0","rptime":"1439110800","rpr":1431.3805895893,"rprd":74.816295074296,"rpsigma":"0","acre":1034.9989964353,"lacre":1034.9989964353,"oldacre":"1056.4382409071"},"endType":"normal"}