{"seed":[44080,49648,15346,2757],"turns":33,"p1":"LunaMari","p2":"Grass Photon","p1team":[{"name":"Ringa","species":"hoopa","item":"sitrusberry","ability":"Magician","moves":["guardsplit","hyperspacehole","destinybond","shadowball"],"nature":"Timid","evs":{"hp":0,"atk":0,"def":0,"spa":252,"spd":0,"spe":252},"ivs":{"hp":31,"atk":31,"def":31,"spa":31,"spd":31,"spe":31}},{"name":"Giggles","species":"gengar","item":"expertbelt","ability":"Levitate","moves":["icywind","dazzlinggleam","sludgewave","shadowball"],"nature":"Timid","evs":{"hp":0,"atk":0,"def":0,"spa":252,"spd":4,"spe":252},"shiny":true,"ivs":{"hp":31,"atk":31,"def":31,"spa":31,"spd":31,"spe":31}},{"name":"Lurking","species":"golurk","item":"focussash","ability":"No Guard","moves":["dynamicpunch","earthquake","stealthrock","phantomforce"],"nature":"Jolly","evs":{"hp":0,"atk":252,"def":0,"spa":0,"spd":0,"spe":252},"ivs":{"hp":31,"atk":31,"def":31,"spa":31,"spd":31,"spe":31}},{"name":"Sin","species":"sableye","item":"sablenite","ability":"Prankster","moves":["willowisp","recover","knockoff","poweruppunch"],"nature":"Careful","evs":{"hp":248,"atk":8,"def":0,"spa":0,"spd":252,"spe":0},"ivs":{"hp":31,"atk":31,"def":31,"spa":31,"spd":31,"spe":31}},{"name":"Wisdame","species":"trevenant","item":"lumberry","ability":"Harvest","moves":["willowisp","hornleech","rest","leechseed"],"nature":"Careful","evs":{"hp":248,"atk":8,"def":0,"spa":0,"spd":252,"spe":0},"ivs":{"hp":31,"atk":31,"def":31,"spa":31,"spd":31,"spe":31}},{"name":"2nd Chance","species":"jellicent","item":"leftovers","ability":"Cursed Body","moves":["willowisp","recover","hex","scald"],"nature":"Bold","evs":{"hp":252,"atk":0,"def":252,"spa":0,"spd":4,"spe":0},"gender":"F","ivs":{"hp":31,"atk":31,"def":31,"spa":31,"spd":31,"spe":31}}],"p2team":[{"name":"Venusaur","species":"Venusaur","item":"venusaurite","ability":"Overgrow","moves":["earthquake","powerwhip","curse","synthesis"],"nature":"Adamant","evs":{"hp":216,"atk":252,"def":40,"spa":0,"spd":0,"spe":0},"ivs":{"hp":31,"atk":30,"def":30,"spa":31,"spd":31,"spe":31}},{"name":"Celebi","species":"Celebi","item":"lifeorb","ability":"Natural Cure","moves":["thunderwave","calmmind","recover","gigadrain"],"nature":"Bold","evs":{"hp":252,"atk":0,"def":220,"spa":0,"spd":0,"spe":36},"ivs":{"hp":31,"atk":31,"def":31,"spa":31,"spd":31,"spe":31}},{"name":"Ludicolo","species":"Ludicolo","item":"choicespecs","ability":"Swift Swim","moves":["gigadrain","focusblast","scald","icebeam"],"nature":"Modest","evs":{"hp":0,"atk":0,"def":0,"spa":252,"spd":4,"spe":252},"ivs":{"hp":31,"atk":31,"def":31,"spa":31,"spd":31,"spe":31}},{"name":"Ferrothorn","species":"Ferrothorn","item":"rockyhelmet","ability":"Iron Barbs","moves":["leechseed","protect","thunderwave","gyroball"],"nature":"Relaxed","evs":{"hp":252,"atk":0,"def":252,"spa":0,"spd":0,"spe":0},"ivs":{"hp":31,"atk":31,"def":31,"spa":31,"spd":31,"spe":0}},{"name":"Cradily","species":"Cradily","item":"leftovers","ability":"Suction Cups","moves":["stoneedge","recover","toxic","stealthrock"],"nature":"Careful","evs":{"hp":0,"atk":0,"def":0,"spa":252,"spd":0,"spe":252},"ivs":{"hp":31,"atk":31,"def":31,"spa":31,"spd":31,"spe":31}},{"name":"Roserade","species":"Roserade","item":"choicescarf","ability":"Technician","moves":["sludgebomb","energyball","hiddenpowerice","shadowball"],"nature":"Modest","evs":{"hp":0,"atk":0,"def":0,"spa":252,"spd":0,"spe":252},"ivs":{"hp":31,"atk":30,"def":30,"spa":31,"spd":31,"spe":31}}],"log":["|player|p1|LunaMari|96","|player|p2|Grass Photon|66","|gametype|singles","|gen|6","|tier|Monotype","|rated","|rule|Baton Pass Clause: Limit one Baton Passer, can't pass Spe and other stats simultaneously","|rule|Swagger Clause: Swagger is banned","|rule|Same Type Clause: Pokémon in a team must share a type","|clearpoke","|poke|p1|Hoopa","|poke|p1|Gengar, F, shiny","|poke|p1|Golurk","|poke|p1|Sableye, M","|poke|p1|Trevenant, M","|poke|p1|Jellicent, F","|poke|p2|Venusaur, M","|poke|p2|Celebi","|poke|p2|Ludicolo, F","|poke|p2|Ferrothorn, F","|poke|p2|Cradily, M","|poke|p2|Roserade, M","|rule|Sleep Clause Mod: Limit one foe put to sleep","|rule|Species Clause: Limit one of each Pokémon","|rule|OHKO Clause: OHKO moves are banned","|rule|Moody Clause: Moody is banned","|rule|Evasion Moves Clause: Evasion moves are banned","|rule|Endless Battle Clause: Forcing endless battles is banned","|rule|HP Percentage Mod: HP is shown in percentages","|teampreview","|","|start","|switch|p1a: Sin|Sableye, M|303/303","|switch|p2a: Celebi|Celebi|404/404","|turn|1","|","|move|p1a: Sin|Will-O-Wisp|p2a: Celebi","|-status|p2a: Celebi|brn","|move|p2a: Celebi|Calm Mind|p2a: Celebi","|-boost|p2a: Celebi|spa|1","|-boost|p2a: Celebi|spd|1","|","|-damage|p2a: Celebi|354/404 brn|[from] brn","|turn|2","|","|detailschange|p1a: Sin|Sableye-Mega, M","|-mega|p1a: Sin|Sableye|Sablenite","|move|p2a: Celebi|Thunder Wave|p1a: Sin","|move|p1a: Sin|Thunder Wave|p2a: Celebi|[from]Magic Bounce","|-fail|p2a: Celebi","|move|p1a: Sin|Power-Up Punch|p2a: Celebi","|-resisted|p2a: Celebi","|-damage|p2a: Celebi|343/404 brn","|-boost|p1a: Sin|atk|1","|","|-damage|p2a: Celebi|293/404 brn|[from] brn","|turn|3","|","|move|p2a: Celebi|Giga Drain|p1a: Sin","|-damage|p1a: Sin|200/303","|-heal|p2a: Celebi|345/404 brn|[from] drain|[of] p1a: Sin","|-damage|p2a: Celebi|305/404 brn|[from] item: Life Orb","|move|p1a: Sin|Knock Off|p2a: Celebi","|-supereffective|p2a: Celebi","|-damage|p2a: Celebi|69/404 brn","|-enditem|p2a: Celebi|Life Orb|[from] move: Knock Off|[of] p1a: Sin","|","|-damage|p2a: Celebi|19/404 brn|[from] brn","|turn|4","|","|move|p2a: Celebi|Recover|p2a: Celebi","|-heal|p2a: Celebi|221/404 brn","|move|p1a: Sin|Recover|p1a: Sin","|-heal|p1a: Sin|303/303","|","|-damage|p2a: Celebi|171/404 brn|[from] brn","|turn|5","|","|move|p2a: Celebi|Recover|p2a: Celebi","|-heal|p2a: Celebi|373/404 brn","|move|p1a: Sin|Knock Off|p2a: Celebi","|-supereffective|p2a: Celebi","|-damage|p2a: Celebi|227/404 brn","|","|-damage|p2a: Celebi|177/404 brn|[from] brn","|turn|6","|","|move|p2a: Celebi|Calm Mind|p2a: Celebi","|-boost|p2a: Celebi|spa|1","|-boost|p2a: Celebi|spd|1","|move|p1a: Sin|Power-Up Punch|p2a: Celebi","|-resisted|p2a: Celebi","|-damage|p2a: Celebi|162/404 brn","|-boost|p1a: Sin|atk|1","|","|-damage|p2a: Celebi|112/404 brn|[from] brn","|turn|7","|","|move|p2a: Celebi|Giga Drain|p1a: Sin","|-damage|p1a: Sin|192/303","|-heal|p2a: Celebi|168/404 brn|[from] drain|[of] p1a: Sin","|move|p1a: Sin|Recover|p1a: Sin","|-heal|p1a: Sin|303/303","|","|-damage|p2a: Celebi|118/404 brn|[from] brn","|turn|8","|","|move|p2a: Celebi|Giga Drain|p1a: Sin","|-damage|p1a: Sin|182/303","|-heal|p2a: Celebi|179/404 brn|[from] drain|[of] p1a: Sin","|move|p1a: Sin|Knock Off|p2a: Celebi","|-supereffective|p2a: Celebi","|-damage|p2a: Celebi|0 fnt","|faint|p2a: Celebi","|","|","|switch|p2a: Ludicolo|Ludicolo, F|301/301","|turn|9","|","|move|p2a: Ludicolo|Scald|p1a: Sin","|-damage|p1a: Sin|53/303","|-status|p1a: Sin|brn","|move|p1a: Sin|Knock Off|p2a: Ludicolo","|-damage|p2a: Ludicolo|174/301","|-enditem|p2a: Ludicolo|Choice Specs|[from] move: Knock Off|[of] p1a: Sin","|","|-damage|p1a: Sin|16/303 brn|[from] brn","|turn|10","|","|switch|p2a: Ferrothorn|Ferrothorn, F|352/352","|switch|p1a: Wisdame|Trevenant, M|373/373","|","|turn|11","|","|switch|p2a: Roserade|Roserade, M|261/261","|move|p1a: Wisdame|Will-O-Wisp|p2a: Roserade","|-status|p2a: Roserade|brn","|","|-damage|p2a: Roserade|229/261 brn|[from] brn","|turn|12","|","|switch|p1a: Sin|Sableye-Mega, M|16/303 brn","|move|p2a: Roserade|Sludge Bomb|p1a: Sin","|-resisted|p1a: Sin","|-damage|p1a: Sin|0 fnt","|faint|p1a: Sin","|","|-damage|p2a: Roserade|197/261 brn|[from] brn","|","|switch|p1a: Ringa|Hoopa|301/301","|turn|13","|","|switch|p2a: Ferrothorn|Ferrothorn, F|352/352","|move|p1a: Ringa|Shadow Ball|p2a: Ferrothorn","|-damage|p2a: Ferrothorn|214/352","|","|turn|14","|","|move|p1a: Ringa|Shadow Ball|p2a: Ferrothorn","|-damage|p2a: Ferrothorn|79/352","|move|p2a: Ferrothorn|Leech Seed|p1a: Ringa","|-start|p1a: Ringa|move: Leech Seed","|","|-damage|p1a: Ringa|264/301|[from] Leech Seed|[of] p2a: Ferrothorn","|-heal|p2a: Ferrothorn|116/352|[silent]","|turn|15","|","|switch|p1a: Giggles|Gengar, F, shiny|261/261","|move|p2a: Ferrothorn|Protect|p2a: Ferrothorn","|-fail|p2a: Ferrothorn","|","|turn|16","|","|move|p1a: Giggles|Shadow Ball|p2a: Ferrothorn","|-damage|p2a: Ferrothorn|0 fnt","|faint|p2a: Ferrothorn","|","|","|switch|p2a: Cradily|Cradily, M|313/313","|turn|17","|","|move|p1a: Giggles|Icy Wind|p2a: Cradily","|-supereffective|p2a: Cradily","|-damage|p2a: Cradily|179/313","|-unboost|p2a: Cradily|spe|1","|move|p2a: Cradily|Stealth Rock|p1a: Giggles","|-sidestart|p1: LunaMari|move: Stealth Rock","|","|-heal|p2a: Cradily|198/313|[from] item: Leftovers","|turn|18","|","|move|p1a: Giggles|Sludge Wave|p2a: Cradily","|-damage|p2a: Cradily|42/313","|move|p2a: Cradily|Recover|p2a: Cradily","|-heal|p2a: Cradily|199/313","|","|-heal|p2a: Cradily|218/313|[from] item: Leftovers","|turn|19","|","|move|p1a: Giggles|Sludge Wave|p2a: Cradily","|-damage|p2a: Cradily|64/313","|-status|p2a: Cradily|psn","|move|p2a: Cradily|Recover|p2a: Cradily","|-heal|p2a: Cradily|221/313 psn","|","|-heal|p2a: Cradily|240/313 psn|[from] item: Leftovers","|-damage|p2a: Cradily|201/313 psn|[from] psn","|turn|20","|","|move|p1a: Giggles|Sludge Wave|p2a: Cradily","|-damage|p2a: Cradily|53/313 psn","|move|p2a: Cradily|Stone Edge|p1a: Giggles","|-damage|p1a: Giggles|111/261","|","|-heal|p2a: Cradily|72/313 psn|[from] item: Leftovers","|-damage|p2a: Cradily|33/313 psn|[from] psn","|turn|21","|","|move|p1a: Giggles|Shadow Ball|p2a: Cradily","|-damage|p2a: Cradily|0 fnt","|faint|p2a: Cradily","|","|","|switch|p2a: Venusaur|Venusaur, M|355/355","|turn|22","|","|detailschange|p2a: Venusaur|Venusaur-Mega, M","|-mega|p2a: Venusaur|Venusaur|Venusaurite","|move|p1a: Giggles|Icy Wind|p2a: Venusaur","|-supereffective|p2a: Venusaur","|-damage|p2a: Venusaur|285/355","|-unboost|p2a: Venusaur|spe|1","|move|p2a: Venusaur|Power Whip|p1a: Giggles","|-resisted|p1a: Giggles","|-damage|p1a: Giggles|0 fnt","|faint|p1a: Giggles","|","|","|switch|p1a: Ringa|Hoopa|264/301","|-damage|p1a: Ringa|227/301|[from] Stealth Rock","|turn|23","|","|move|p1a: Ringa|Hyperspace Hole|p2a: Venusaur","|-supereffective|p2a: Venusaur","|-damage|p2a: Venusaur|13/355","|move|p2a: Venusaur|Power Whip|p1a: Ringa","|-damage|p1a: Ringa|0 fnt","|faint|p1a: Ringa","|","|","|switch|p1a: Lurking|Golurk|319/319","|-damage|p1a: Lurking|300/319|[from] Stealth Rock","|turn|24","|","|move|p1a: Lurking|Earthquake|p2a: Venusaur","|-damage|p2a: Venusaur|0 fnt","|faint|p2a: Venusaur","|","|","|switch|p2a: Ludicolo|Ludicolo, F|174/301","|turn|25","|","|switch|p1a: Wisdame|Trevenant, M|373/373","|-damage|p1a: Wisdame|327/373|[from] Stealth Rock","|move|p2a: Ludicolo|Giga Drain|p1a: Wisdame","|-resisted|p1a: Wisdame","|-damage|p1a: Wisdame|283/373","|-heal|p2a: Ludicolo|196/301|[from] drain|[of] p1a: Wisdame","|","|turn|26","|","|move|p2a: Ludicolo|Ice Beam|p1a: Wisdame","|-supereffective|p1a: Wisdame","|-damage|p1a: Wisdame|123/373","|move|p1a: Wisdame|Rest|p1a: Wisdame","|-status|p1a: Wisdame|slp","|-heal|p1a: Wisdame|373/373 slp|[silent]","|-status|p1a: Wisdame|slp|[from] move: Rest","|-enditem|p1a: Wisdame|Lum Berry|[eat]","|-curestatus|p1a: Wisdame|slp","|","|-item|p1a: Wisdame|Lum Berry|[from] ability: Harvest","|turn|27","|","|move|p2a: Ludicolo|Scald|p1a: Wisdame","|-resisted|p1a: Wisdame","|-damage|p1a: Wisdame|321/373","|move|p1a: Wisdame|Will-O-Wisp|p2a: Ludicolo","|-status|p2a: Ludicolo|brn","|","|-damage|p2a: Ludicolo|159/301 brn|[from] brn","|turn|28","|","|move|p2a: Ludicolo|Scald|p1a: Wisdame","|-resisted|p1a: Wisdame","|-damage|p1a: Wisdame|267/373","|-status|p1a: Wisdame|brn","|-enditem|p1a: Wisdame|Lum Berry|[eat]","|-curestatus|p1a: Wisdame|brn","|move|p1a: Wisdame|Horn Leech|p2a: Ludicolo","|-damage|p2a: Ludicolo|38/301 brn","|-heal|p1a: Wisdame|328/373|[from] drain|[of] p2a: Ludicolo","|","|-damage|p2a: Ludicolo|1/301 brn|[from] brn","|-item|p1a: Wisdame|Lum Berry|[from] ability: Harvest","|turn|29","|","|move|p2a: Ludicolo|Ice Beam|p1a: Wisdame","|-supereffective|p1a: Wisdame","|-damage|p1a: Wisdame|188/373","|move|p1a: Wisdame|Rest|p1a: Wisdame","|-status|p1a: Wisdame|slp","|-heal|p1a: Wisdame|373/373 slp|[silent]","|-status|p1a: Wisdame|slp|[from] move: Rest","|-enditem|p1a: Wisdame|Lum Berry|[eat]","|-curestatus|p1a: Wisdame|slp","|","|-damage|p2a: Ludicolo|0 fnt|[from] brn","|-item|p1a: Wisdame|Lum Berry|[from] ability: Harvest","|faint|p2a: Ludicolo","|","|switch|p2a: Roserade|Roserade, M|197/261 brn","|turn|30","|","|move|p2a: Roserade|Shadow Ball|p1a: Wisdame","|-supereffective|p1a: Wisdame","|-damage|p1a: Wisdame|201/373","|-unboost|p1a: Wisdame|spd|1","|move|p1a: Wisdame|Rest|p1a: Wisdame","|-status|p1a: Wisdame|slp","|-heal|p1a: Wisdame|373/373 slp|[silent]","|-status|p1a: Wisdame|slp|[from] move: Rest","|-enditem|p1a: Wisdame|Lum Berry|[eat]","|-curestatus|p1a: Wisdame|slp","|","|-damage|p2a: Roserade|165/261 brn|[from] brn","|turn|31","|","|move|p2a: Roserade|Shadow Ball|p1a: Wisdame","|-crit|p1a: Wisdame","|-supereffective|p1a: Wisdame","|-damage|p1a: Wisdame|7/373","|move|p1a: Wisdame|Horn Leech|p2a: Roserade","|-resisted|p2a: Roserade","|-damage|p2a: Roserade|133/261 brn","|-heal|p1a: Wisdame|23/373|[from] drain|[of] p2a: Roserade","|","|-damage|p2a: Roserade|101/261 brn|[from] brn","|-item|p1a: Wisdame|Lum Berry|[from] ability: Harvest","|turn|32","|","|move|p2a: Roserade|Shadow Ball|p1a: Wisdame","|-supereffective|p1a: Wisdame","|-damage|p1a: Wisdame|0 fnt","|faint|p1a: Wisdame","|","|-damage|p2a: Roserade|69/261 brn|[from] brn","|","|switch|p1a: 2nd Chance|Jellicent, F|404/404","|-damage|p1a: 2nd Chance|354/404|[from] Stealth Rock","|turn|33","|","|move|p2a: Roserade|Shadow Ball|p1a: 2nd Chance","|-supereffective|p1a: 2nd Chance","|-damage|p1a: 2nd Chance|166/404","|move|p1a: 2nd Chance|Hex|p2a: Roserade","|-crit|p2a: Roserade","|-damage|p2a: Roserade|0 fnt","|faint|p2a: Roserade","|","|win|LunaMari"],"p1rating":{"entryid":"7511999","serverid":"eos","formatid":"monotype","userid":"lunamari","username":"LunaMari","w":1,"l":"1","t":"0","gxe":50.9,"r":"1500","rd":"130","sigma":"0","rptime":"1439110800","rpr":1506.9638644651,"rprd":116.45872511281,"rpsigma":"0","acre":1045.0040171144,"lacre":1045.0040171144,"oldacre":"1000"},"p2rating":{"entryid":"7519849","serverid":"eos","formatid":"monotype","userid":"grassphoton","username":"Grass Photon","w":"1","l":1,"t":"0","gxe":50,"r":"1500","rd":"130","sigma":"0","rptime":"1439110800","rpr":1500,"rprd":116.77753930647,"rpsigma":"0","acre":1025.0683385134,"lacre":1025.0683385134,"oldacre":"1043.6932342793"},"endType":"normal"}