{"seed":[27712,1946,46473,51719],"turns":19,"p1":"SWL Soul Eclipse","p2":"Yung draco","p1team":[{"name":"Percival","species":"bisharp","item":"lifeorb","ability":"Defiant","moves":["knockoff","ironhead","swordsdance","suckerpunch"],"nature":"Jolly","evs":{"hp":0,"atk":252,"def":0,"spa":0,"spd":4,"spe":252},"gender":"M","ivs":{"hp":31,"atk":31,"def":31,"spa":31,"spd":31,"spe":31}},{"name":"Erebus","species":"tyranitar","item":"tyranitarite","ability":"Sand Stream","moves":["dragondance","rockslide","fireblast","crunch"],"nature":"Naughty","evs":{"hp":0,"atk":252,"def":0,"spa":4,"spd":0,"spe":252},"gender":"M","ivs":{"hp":31,"atk":31,"def":31,"spa":31,"spd":31,"spe":31}},{"name":"Trinity","species":"hydreigon","item":"choicescarf","ability":"Levitate","moves":["darkpulse","dracometeor","fireblast","flashcannon"],"nature":"Timid","evs":{"hp":0,"atk":0,"def":0,"spa":252,"spd":4,"spe":252},"gender":"F","ivs":{"hp":31,"atk":31,"def":31,"spa":31,"spd":31,"spe":31}},{"name":"Persephone","species":"mandibuzz","item":"leftovers","ability":"Overcoat","moves":["bravebird","roost","defog","toxic"],"nature":"Impish","evs":{"hp":252,"atk":4,"def":252,"spa":0,"spd":0,"spe":0},"ivs":{"hp":31,"atk":31,"def":31,"spa":31,"spd":31,"spe":31}},{"name":"Alexis","species":"weavile","item":"focussash","ability":"Pressure","moves":["fakeout","iceshard","iciclecrash","knockoff"],"nature":"Jolly","evs":{"hp":4,"atk":252,"def":0,"spa":0,"spd":0,"spe":252},"gender":"F","ivs":{"hp":31,"atk":31,"def":31,"spa":31,"spd":31,"spe":31}},{"name":"Hecate","species":"sableye","item":"leftovers","ability":"Prankster","moves":["willowisp","foulplay","recover","taunt"],"nature":"Calm","evs":{"hp":252,"atk":0,"def":4,"spa":0,"spd":252,"spe":0},"ivs":{"hp":31,"atk":31,"def":31,"spa":31,"spd":31,"spe":31}}],"p2team":[{"name":"Ampharos","species":"Ampharos","item":"ampharosite","ability":"Static","moves":["voltswitch","dragonpulse","rest","sleeptalk"],"nature":"Modest","evs":{"hp":248,"atk":0,"def":252,"spa":8,"spd":0,"spe":0},"ivs":{"hp":31,"atk":31,"def":31,"spa":31,"spd":31,"spe":31}},{"name":"Rotom-Wash","species":"Rotom-Wash","item":"leftovers","ability":"Levitate","moves":["hydropump","voltswitch","willowisp","painsplit"],"nature":"Bold","evs":{"hp":248,"atk":0,"def":252,"spa":0,"spd":0,"spe":8},"ivs":{"hp":31,"atk":31,"def":31,"spa":31,"spd":31,"spe":31}},{"name":"Electivire","species":"Electivire","item":"choicescarf","ability":"Motor Drive","moves":["earthquake","icepunch","wildcharge","crosschop"],"nature":"Jolly","evs":{"hp":0,"atk":252,"def":0,"spa":0,"spd":4,"spe":252},"ivs":{"hp":31,"atk":31,"def":31,"spa":31,"spd":31,"spe":31}},{"name":"Zapdos","species":"Zapdos","item":"leftovers","ability":"Pressure","moves":["roost","thunderbolt","heatwave","defog"],"nature":"Calm","evs":{"hp":240,"atk":0,"def":0,"spa":16,"spd":252,"spe":0},"ivs":{"hp":31,"atk":31,"def":31,"spa":31,"spd":31,"spe":31}},{"name":"Lanturn","species":"Lanturn","item":"airballoon","ability":"Water Absorb","moves":["scald","voltswitch","healbell","icebeam"],"nature":"Modest","evs":{"hp":96,"atk":0,"def":0,"spa":252,"spd":160,"spe":0},"ivs":{"hp":31,"atk":31,"def":31,"spa":31,"spd":31,"spe":31}},{"name":"Raikou","species":"Raikou","item":"leftovers","ability":"Pressure","moves":["calmmind","hiddenpowerice","thunderbolt","substitute"],"nature":"Timid","evs":{"hp":0,"atk":0,"def":0,"spa":252,"spd":4,"spe":252},"ivs":{"hp":31,"atk":30,"def":30,"spa":31,"spd":31,"spe":31}}],"log":["|player|p1|SWL Soul Eclipse|swlsouleclipse.png","|player|p2|Yung draco|24","|gametype|singles","|gen|6","|tier|Monotype","|rated","|rule|Baton Pass Clause: Limit one Baton Passer, can't pass Spe and other stats simultaneously","|rule|Swagger Clause: Swagger is banned","|rule|Same Type Clause: Pokémon in a team must share a type","|clearpoke","|poke|p1|Bisharp, M","|poke|p1|Tyranitar, M","|poke|p1|Hydreigon, F","|poke|p1|Mandibuzz, F","|poke|p1|Weavile, F","|poke|p1|Sableye, F","|poke|p2|Ampharos, F","|poke|p2|Rotom-Wash","|poke|p2|Electivire, M","|poke|p2|Zapdos","|poke|p2|Lanturn, M","|poke|p2|Raikou","|rule|Sleep Clause Mod: Limit one foe put to sleep","|rule|Species Clause: Limit one of each Pokémon","|rule|OHKO Clause: OHKO moves are banned","|rule|Moody Clause: Moody is banned","|rule|Evasion Moves Clause: Evasion moves are banned","|rule|Endless Battle Clause: Forcing endless battles is banned","|rule|HP Percentage Mod: HP is shown in percentages","|teampreview","|","|start","|switch|p1a: Hecate|Sableye, F|304/304","|switch|p2a: Lanturn|Lanturn, M|415/415","|-item|p2a: Lanturn|Air Balloon","|turn|1","|","|move|p1a: Hecate|Will-O-Wisp|p2a: Lanturn|[miss]","|-miss|p1a: Hecate|p2a: Lanturn","|move|p2a: Lanturn|Scald|p1a: Hecate","|-damage|p1a: Hecate|196/304","|-status|p1a: Hecate|brn","|","|-heal|p1a: Hecate|215/304 brn|[from] item: Leftovers","|-damage|p1a: Hecate|177/304 brn|[from] brn","|turn|2","|","|move|p1a: Hecate|Will-O-Wisp|p2a: Lanturn|[miss]","|-miss|p1a: Hecate|p2a: Lanturn","|move|p2a: Lanturn|Scald|p1a: Hecate","|-damage|p1a: Hecate|72/304 brn","|","|-heal|p1a: Hecate|91/304 brn|[from] item: Leftovers","|-damage|p1a: Hecate|53/304 brn|[from] brn","|turn|3","|","|move|p1a: Hecate|Will-O-Wisp|p2a: Lanturn","|-status|p2a: Lanturn|brn","|move|p2a: Lanturn|Scald|p1a: Hecate","|-damage|p1a: Hecate|0 fnt","|faint|p1a: Hecate","|","|-damage|p2a: Lanturn|364/415 brn|[from] brn","|","|switch|p1a: Alexis|Weavile, F|282/282","|-ability|p1a: Alexis|Pressure","|turn|4","|","|move|p1a: Alexis|Fake Out|p2a: Lanturn","|-damage|p2a: Lanturn|288/415 brn","|-enditem|p2a: Lanturn|Air Balloon","|cant|p2a: Lanturn|flinch","|","|-damage|p2a: Lanturn|237/415 brn|[from] brn","|turn|5","|","|move|p1a: Alexis|Knock Off|p2a: Lanturn","|-damage|p2a: Lanturn|80/415 brn","|move|p2a: Lanturn|Scald|p1a: Alexis","|-crit|p1a: Alexis","|-damage|p1a: Alexis|84/282","|","|-damage|p2a: Lanturn|29/415 brn|[from] brn","|turn|6","|","|move|p1a: Alexis|Ice Shard|p2a: Lanturn","|-resisted|p2a: Lanturn","|-damage|p2a: Lanturn|0 fnt","|faint|p2a: Lanturn","|","|","|switch|p2a: Ampharos|Ampharos, F|383/383","|turn|7","|","|move|p1a: Alexis|Icicle Crash|p2a: Ampharos","|-damage|p2a: Ampharos|266/383","|move|p2a: Ampharos|Volt Switch|p1a: Alexis","|-damage|p1a: Alexis|0 fnt","|faint|p1a: Alexis","|","|switch|p2a: Electivire|Electivire, M|291/291","|","|","|switch|p1a: Erebus|Tyranitar, M|341/341","|-weather|Sandstorm","|turn|8","|","|detailschange|p1a: Erebus|Tyranitar-Mega, M","|-mega|p1a: Erebus|Tyranitar|Tyranitarite","|move|p2a: Electivire|Cross Chop|p1a: Erebus","|-supereffective|p1a: Erebus","|-damage|p1a: Erebus|41/341","|move|p1a: Erebus|Rock Slide|p2a: Electivire","|-damage|p2a: Electivire|32/291","|","|-weather|Sandstorm|[upkeep]","|-damage|p2a: Electivire|14/291|[from] sandstorm","|turn|9","|","|switch|p1a: Persephone|Mandibuzz, F|424/424","|move|p2a: Electivire|Cross Chop|p1a: Persephone","|-damage|p1a: Persephone|343/424","|","|-weather|Sandstorm|[upkeep]","|-damage|p2a: Electivire|0 fnt|[from] sandstorm","|-heal|p1a: Persephone|369/424|[from] item: Leftovers","|faint|p2a: Electivire","|","|switch|p2a: Raikou|Raikou|321/321","|-ability|p2a: Raikou|Pressure","|turn|10","|","|move|p2a: Raikou|Substitute|p2a: Raikou","|-start|p2a: Raikou|Substitute","|-damage|p2a: Raikou|241/321","|move|p1a: Persephone|Toxic|p2a: Raikou","|-fail|p2a: Raikou","|","|-weather|Sandstorm|[upkeep]","|-damage|p2a: Raikou|221/321|[from] sandstorm","|-heal|p2a: Raikou|241/321|[from] item: Leftovers","|-heal|p1a: Persephone|395/424|[from] item: Leftovers","|turn|11","|","|move|p2a: Raikou|Calm Mind|p2a: Raikou","|-boost|p2a: Raikou|spa|1","|-boost|p2a: Raikou|spd|1","|move|p1a: Persephone|Brave Bird|p2a: Raikou","|-resisted|p2a: Raikou","|-activate|p2a: Raikou|Substitute|[damage]","|-damage|p1a: Persephone|374/424|[from] recoil|[of] p2a: Raikou","|","|-weather|Sandstorm|[upkeep]","|-damage|p2a: Raikou|221/321|[from] sandstorm","|-heal|p2a: Raikou|241/321|[from] item: Leftovers","|-heal|p1a: Persephone|400/424|[from] item: Leftovers","|turn|12","|","|move|p2a: Raikou|Calm Mind|p2a: Raikou","|-boost|p2a: Raikou|spa|1","|-boost|p2a: Raikou|spd|1","|move|p1a: Persephone|Brave Bird|p2a: Raikou","|-resisted|p2a: Raikou","|-end|p2a: Raikou|Substitute","|-damage|p1a: Persephone|395/424|[from] recoil|[of] p2a: Raikou","|","|-weather|none","|-heal|p2a: Raikou|261/321|[from] item: Leftovers","|-heal|p1a: Persephone|421/424|[from] item: Leftovers","|turn|13","|","|move|p2a: Raikou|Substitute|p2a: Raikou","|-start|p2a: Raikou|Substitute","|-damage|p2a: Raikou|181/321","|move|p1a: Persephone|Toxic|p2a: Raikou|[miss]","|-miss|p1a: Persephone|p2a: Raikou","|","|-heal|p2a: Raikou|201/321|[from] item: Leftovers","|-heal|p1a: Persephone|424/424|[from] item: Leftovers","|turn|14","|","|move|p2a: Raikou|Calm Mind|p2a: Raikou","|-boost|p2a: Raikou|spa|1","|-boost|p2a: Raikou|spd|1","|move|p1a: Persephone|Brave Bird|p2a: Raikou","|-resisted|p2a: Raikou","|-activate|p2a: Raikou|Substitute|[damage]","|-damage|p1a: Persephone|402/424|[from] recoil|[of] p2a: Raikou","|","|-heal|p2a: Raikou|221/321|[from] item: Leftovers","|-heal|p1a: Persephone|424/424|[from] item: Leftovers","|turn|15","|","|move|p2a: Raikou|Thunderbolt|p1a: Persephone","|-supereffective|p1a: Persephone","|-damage|p1a: Persephone|0 fnt","|faint|p1a: Persephone","|","|-heal|p2a: Raikou|241/321|[from] item: Leftovers","|","|switch|p1a: Erebus|Tyranitar-Mega, M|41/341","|-weather|Sandstorm","|turn|16","|","|move|p2a: Raikou|Thunderbolt|p1a: Erebus","|-damage|p1a: Erebus|0 fnt","|faint|p1a: Erebus","|","|-weather|Sandstorm|[upkeep]","|-damage|p2a: Raikou|221/321|[from] sandstorm","|-heal|p2a: Raikou|241/321|[from] item: Leftovers","|","|switch|p1a: Percival|Bisharp, M|271/271","|turn|17","|","|move|p1a: Percival|Sucker Punch|p2a: Raikou","|-end|p2a: Raikou|Substitute","|-damage|p1a: Percival|244/271|[from] item: Life Orb","|move|p2a: Raikou|Thunderbolt|p1a: Percival","|-damage|p1a: Percival|0 fnt","|faint|p1a: Percival","|","|-weather|Sandstorm|[upkeep]","|-damage|p2a: Raikou|221/321|[from] sandstorm","|-heal|p2a: Raikou|241/321|[from] item: Leftovers","|","|switch|p1a: Trinity|Hydreigon, F|325/325","|turn|18","|","|move|p1a: Trinity|Dark Pulse|p2a: Raikou","|-damage|p2a: Raikou|187/321","|move|p2a: Raikou|Thunderbolt|p1a: Trinity","|-resisted|p1a: Trinity","|-damage|p1a: Trinity|129/325","|","|-weather|Sandstorm|[upkeep]","|-damage|p1a: Trinity|109/325|[from] sandstorm","|-damage|p2a: Raikou|167/321|[from] sandstorm","|-heal|p2a: Raikou|187/321|[from] item: Leftovers","|turn|19","|","|move|p1a: Trinity|Dark Pulse|p2a: Raikou","|-damage|p2a: Raikou|129/321","|move|p2a: Raikou|Thunderbolt|p1a: Trinity","|-resisted|p1a: Trinity","|-damage|p1a: Trinity|0 fnt","|faint|p1a: Trinity","|","|win|Yung draco"],"p1rating":{"entryid":"6458157","serverid":"eos","formatid":"monotype","userid":"swlsouleclipse","username":"SWL Soul Eclipse","w":"13","l":12,"t":"0","gxe":51.4,"r":"1514.3966383397","rd":"74.413297720402","sigma":"0","rptime":"1439110800","rpr":1510.5765487267,"rprd":70.580355738178,"rpsigma":"0","acre":1116.094767799,"lacre":1116.094767799,"oldacre":"1130.7552062143"},"p2rating":{"entryid":"6653831","serverid":"eos","formatid":"monotype","userid":"yungdraco","username":"Yung draco - ⓦⓐⓘⓣ","w":29,"l":"11","t":"0","gxe":69.3,"r":"1626.0133281709","rd":"63.01259838945","sigma":"0","rptime":"1439110800","rpr":1655.0687521218,"rprd":58.196062557216,"rpsigma":"0","acre":1298.2613244345,"lacre":1298.2613244345,"oldacre":"1283.6008860192"},"endType":"normal"}