{"seed":[18362,561,32657,36237],"turns":29,"p1":"Yung draco","p2":"KGBeast","p1team":[{"name":"Ampharos","species":"Ampharos","item":"ampharosite","ability":"Static","moves":["voltswitch","dragonpulse","rest","sleeptalk"],"nature":"Modest","evs":{"hp":248,"atk":0,"def":252,"spa":8,"spd":0,"spe":0},"ivs":{"hp":31,"atk":31,"def":31,"spa":31,"spd":31,"spe":31}},{"name":"Rotom-Wash","species":"Rotom-Wash","item":"leftovers","ability":"Levitate","moves":["hydropump","voltswitch","willowisp","painsplit"],"nature":"Bold","evs":{"hp":248,"atk":0,"def":252,"spa":0,"spd":0,"spe":8},"ivs":{"hp":31,"atk":31,"def":31,"spa":31,"spd":31,"spe":31}},{"name":"Electivire","species":"Electivire","item":"choicescarf","ability":"Motor Drive","moves":["earthquake","icepunch","wildcharge","crosschop"],"nature":"Jolly","evs":{"hp":0,"atk":252,"def":0,"spa":0,"spd":4,"spe":252},"ivs":{"hp":31,"atk":31,"def":31,"spa":31,"spd":31,"spe":31}},{"name":"Zapdos","species":"Zapdos","item":"leftovers","ability":"Pressure","moves":["roost","thunderbolt","heatwave","defog"],"nature":"Calm","evs":{"hp":240,"atk":0,"def":0,"spa":16,"spd":252,"spe":0},"ivs":{"hp":31,"atk":31,"def":31,"spa":31,"spd":31,"spe":31}},{"name":"Lanturn","species":"Lanturn","item":"airballoon","ability":"Water Absorb","moves":["scald","voltswitch","toxic","icebeam"],"nature":"Modest","evs":{"hp":96,"atk":0,"def":0,"spa":252,"spd":160,"spe":0},"ivs":{"hp":31,"atk":31,"def":31,"spa":31,"spd":31,"spe":31}},{"name":"Raikou","species":"Raikou","item":"leftovers","ability":"Pressure","moves":["calmmind","hiddenpowerice","thunderbolt","substitute"],"nature":"Timid","evs":{"hp":0,"atk":0,"def":0,"spa":252,"spd":4,"spe":252},"ivs":{"hp":31,"atk":30,"def":30,"spa":31,"spd":31,"spe":31}}],"p2team":[{"name":"Hippowdon","species":"Hippowdon","item":"rockyhelmet","ability":"Sand Stream","moves":["stealthrock","earthquake","whirlwind","slackoff"],"nature":"Impish","evs":{"hp":252,"atk":4,"def":252,"spa":0,"spd":0,"spe":0},"ivs":{"hp":31,"atk":31,"def":31,"spa":31,"spd":31,"spe":31}},{"name":"Landorus","species":"Landorus","item":"lifeorb","ability":"Sheer Force","moves":["earthpower","sludgewave","substitute","gravity"],"nature":"Modest","evs":{"hp":0,"atk":0,"def":0,"spa":252,"spd":4,"spe":252},"ivs":{"hp":31,"atk":0,"def":31,"spa":31,"spd":31,"spe":31}},{"name":"Mamoswine","species":"Mamoswine","item":"lifeorb","ability":"Thick Fat","moves":["iceshard","iciclespear","knockoff","superpower"],"nature":"Adamant","evs":{"hp":0,"atk":252,"def":4,"spa":0,"spd":0,"spe":252},"ivs":{"hp":31,"atk":31,"def":31,"spa":31,"spd":31,"spe":31}},{"name":"Camerupt","species":"Camerupt","item":"cameruptite","ability":"Solid Rock","moves":["willowisp","flamethrower","earthpower","ancientpower"],"nature":"Modest","evs":{"hp":168,"atk":0,"def":0,"spa":252,"spd":0,"spe":88},"ivs":{"hp":31,"atk":0,"def":31,"spa":31,"spd":31,"spe":31}},{"name":"Excadrill","species":"Excadrill","item":"choiceband","ability":"Sand Rush","moves":["ironhead","earthquake","rockslide","rapidspin"],"nature":"Adamant","evs":{"hp":4,"atk":252,"def":0,"spa":0,"spd":0,"spe":252},"ivs":{"hp":31,"atk":31,"def":31,"spa":31,"spd":31,"spe":31}},{"name":"Seismitoad","species":"Seismitoad","item":"choicespecs","ability":"Water Absorb","moves":["scald","grassknot","sludgewave","earthpower"],"nature":"Modest","evs":{"hp":72,"atk":0,"def":0,"spa":252,"spd":0,"spe":184},"ivs":{"hp":31,"atk":0,"def":31,"spa":31,"spd":31,"spe":31}}],"log":["|player|p1|Yung draco|24","|player|p2|KGBeast|kgbeast.png","|gametype|singles","|gen|6","|tier|Monotype","|rated","|rule|Baton Pass Clause: Limit one Baton Passer, can't pass Spe and other stats simultaneously","|rule|Swagger Clause: Swagger is banned","|rule|Same Type Clause: Pokémon in a team must share a type","|clearpoke","|poke|p1|Ampharos, F","|poke|p1|Rotom-Wash","|poke|p1|Electivire, F","|poke|p1|Zapdos","|poke|p1|Lanturn, F","|poke|p1|Raikou","|poke|p2|Hippowdon, M","|poke|p2|Landorus, M","|poke|p2|Mamoswine, F","|poke|p2|Camerupt, M","|poke|p2|Excadrill, F","|poke|p2|Seismitoad, M","|rule|Sleep Clause Mod: Limit one foe put to sleep","|rule|Species Clause: Limit one of each Pokémon","|rule|OHKO Clause: OHKO moves are banned","|rule|Moody Clause: Moody is banned","|rule|Evasion Moves Clause: Evasion moves are banned","|rule|Endless Battle Clause: Forcing endless battles is banned","|rule|HP Percentage Mod: HP is shown in percentages","|teampreview","|","|start","|switch|p1a: Rotom-Wash|Rotom-Wash|303/303","|switch|p2a: Mamoswine|Mamoswine, F|361/361","|turn|1","|","|move|p2a: Mamoswine|Knock Off|p1a: Rotom-Wash","|-damage|p1a: Rotom-Wash|199/303","|-enditem|p1a: Rotom-Wash|Leftovers|[from] move: Knock Off|[of] p2a: Mamoswine","|-damage|p2a: Mamoswine|325/361|[from] item: Life Orb","|move|p1a: Rotom-Wash|Will-O-Wisp|p2a: Mamoswine","|-status|p2a: Mamoswine|brn","|","|-damage|p2a: Mamoswine|280/361 brn|[from] brn","|turn|2","|","|switch|p2a: Seismitoad|Seismitoad, M|369/369","|move|p1a: Rotom-Wash|Pain Split|p2a: Seismitoad","|-sethp|p2a: Seismitoad|284/369|p1a: Rotom-Wash|284/303|[from] move: Pain Split","|","|turn|3","|","|move|p2a: Seismitoad|Sludge Wave|p1a: Rotom-Wash","|-damage|p1a: Rotom-Wash|156/303","|move|p1a: Rotom-Wash|Will-O-Wisp|p2a: Seismitoad","|-status|p2a: Seismitoad|brn","|","|-damage|p2a: Seismitoad|238/369 brn|[from] brn","|turn|4","|","|switch|p1a: Electivire|Electivire, F|291/291","|move|p2a: Seismitoad|Sludge Wave|p1a: Electivire","|-damage|p1a: Electivire|140/291","|","|-damage|p2a: Seismitoad|192/369 brn|[from] brn","|turn|5","|","|switch|p2a: Mamoswine|Mamoswine, F|280/361 brn","|move|p1a: Electivire|Earthquake|p2a: Mamoswine","|-damage|p2a: Mamoswine|151/361 brn","|","|-damage|p2a: Mamoswine|106/361 brn|[from] brn","|turn|6","|","|switch|p2a: Hippowdon|Hippowdon, M|420/420","|-weather|Sandstorm","|move|p1a: Electivire|Earthquake|p2a: Hippowdon","|-damage|p2a: Hippowdon|348/420","|","|-weather|Sandstorm|[upkeep]","|-damage|p1a: Electivire|122/291|[from] sandstorm","|turn|7","|","|switch|p1a: Rotom-Wash|Rotom-Wash|156/303","|move|p2a: Hippowdon|Stealth Rock|p1a: Rotom-Wash","|-sidestart|p1: Yung draco|move: Stealth Rock","|","|-weather|Sandstorm|[upkeep]","|-damage|p1a: Rotom-Wash|138/303|[from] sandstorm","|turn|8","|","|switch|p2a: Seismitoad|Seismitoad, M|192/369 brn","|move|p1a: Rotom-Wash|Pain Split|p2a: Seismitoad","|-sethp|p2a: Seismitoad|165/369 brn|p1a: Rotom-Wash|165/303|[from] move: Pain Split","|","|-weather|Sandstorm|[upkeep]","|-damage|p1a: Rotom-Wash|147/303|[from] sandstorm","|-damage|p2a: Seismitoad|119/369 brn|[from] brn","|turn|9","|","|switch|p1a: Electivire|Electivire, F|122/291","|-damage|p1a: Electivire|86/291|[from] Stealth Rock","|move|p2a: Seismitoad|Sludge Wave|p1a: Electivire","|-damage|p1a: Electivire|0 fnt","|faint|p1a: Electivire","|","|-weather|Sandstorm|[upkeep]","|-damage|p2a: Seismitoad|73/369 brn|[from] brn","|","|switch|p1a: Raikou|Raikou|321/321","|-damage|p1a: Raikou|281/321|[from] Stealth Rock","|-ability|p1a: Raikou|Pressure","|turn|10","|","|switch|p2a: Camerupt|Camerupt, M|323/323","|move|p1a: Raikou|Hidden Power|p2a: Camerupt","|-damage|p2a: Camerupt|242/323","|","|-weather|none","|-heal|p1a: Raikou|301/321|[from] item: Leftovers","|turn|11","|","|switch|p1a: Lanturn|Lanturn, F|415/415","|-damage|p1a: Lanturn|364/415|[from] Stealth Rock","|-item|p1a: Lanturn|Air Balloon","|detailschange|p2a: Camerupt|Camerupt-Mega, M","|-mega|p2a: Camerupt|Camerupt|Cameruptite","|move|p2a: Camerupt|Flamethrower|p1a: Lanturn","|-resisted|p1a: Lanturn","|-damage|p1a: Lanturn|244/415","|-enditem|p1a: Lanturn|Air Balloon","|","|turn|12","|","|switch|p2a: Seismitoad|Seismitoad, M|73/369 brn","|move|p1a: Lanturn|Ice Beam|p2a: Seismitoad","|-damage|p2a: Seismitoad|0 fnt","|faint|p2a: Seismitoad","|","|","|switch|p2a: Landorus|Landorus, M|319/319","|turn|13","|","|move|p2a: Landorus|Earth Power|p1a: Lanturn","|-supereffective|p1a: Lanturn","|-damage|p1a: Lanturn|0 fnt","|faint|p1a: Lanturn","|","|","|switch|p1a: Zapdos|Zapdos|381/381","|-damage|p1a: Zapdos|286/381|[from] Stealth Rock","|-ability|p1a: Zapdos|Pressure","|turn|14","|","|switch|p2a: Mamoswine|Mamoswine, F|106/361 brn","|move|p1a: Zapdos|Defog|p2a: Mamoswine","|-unboost|p2a: Mamoswine|evasion|1","|-sideend|p1: Yung draco|Stealth Rock|[from] move: Defog|[of] p1a: Zapdos","|","|-heal|p1a: Zapdos|309/381|[from] item: Leftovers","|-damage|p2a: Mamoswine|61/361 brn|[from] brn","|turn|15","|","|move|p2a: Mamoswine|Knock Off|p1a: Zapdos","|-crit|p1a: Zapdos","|-damage|p1a: Zapdos|162/381","|-enditem|p1a: Zapdos|Leftovers|[from] move: Knock Off|[of] p2a: Mamoswine","|-damage|p2a: Mamoswine|25/361 brn|[from] item: Life Orb","|move|p1a: Zapdos|Roost|p1a: Zapdos","|-heal|p1a: Zapdos|353/381","|","|-damage|p2a: Mamoswine|0 fnt|[from] brn","|faint|p2a: Mamoswine","|","|switch|p2a: Landorus|Landorus, M|319/319","|turn|16","|","|move|p2a: Landorus|Gravity|p2a: Landorus","|-fieldstart|move: Gravity","|move|p1a: Zapdos|Heat Wave|p2a: Landorus","|-damage|p2a: Landorus|200/319","|","|turn|17","|","|switch|p1a: Ampharos|Ampharos, F|383/383","|move|p2a: Landorus|Earth Power|p1a: Ampharos","|-supereffective|p1a: Ampharos","|-damage|p1a: Ampharos|0 fnt","|faint|p1a: Ampharos","|","|","|switch|p1a: Raikou|Raikou|301/321","|-ability|p1a: Raikou|Pressure","|turn|18","|","|switch|p2a: Camerupt|Camerupt-Mega, M|242/323","|move|p1a: Raikou|Hidden Power|p2a: Camerupt","|-damage|p2a: Camerupt|176/323","|","|-heal|p1a: Raikou|321/321|[from] item: Leftovers","|turn|19","|","|switch|p1a: Zapdos|Zapdos|353/381","|-ability|p1a: Zapdos|Pressure","|move|p2a: Camerupt|Earth Power|p1a: Zapdos","|-supereffective|p1a: Zapdos","|-damage|p1a: Zapdos|0 fnt","|faint|p1a: Zapdos","|","|","|switch|p1a: Rotom-Wash|Rotom-Wash|147/303","|turn|20","|","|switch|p2a: Hippowdon|Hippowdon, M|348/420","|-weather|Sandstorm","|move|p1a: Rotom-Wash|Hydro Pump|p2a: Hippowdon","|-supereffective|p2a: Hippowdon","|-damage|p2a: Hippowdon|0 fnt","|faint|p2a: Hippowdon","|","|-weather|Sandstorm|[upkeep]","|-damage|p1a: Rotom-Wash|129/303|[from] sandstorm","|-fieldend|move: Gravity","|","|switch|p2a: Landorus|Landorus, M|200/319","|turn|21","|","|switch|p1a: Raikou|Raikou|321/321","|-ability|p1a: Raikou|Pressure","|move|p2a: Landorus|Gravity|p2a: Landorus","|-fieldstart|move: Gravity","|","|-weather|Sandstorm|[upkeep]","|-damage|p1a: Raikou|301/321|[from] sandstorm","|-heal|p1a: Raikou|321/321|[from] item: Leftovers","|turn|22","|","|switch|p2a: Camerupt|Camerupt-Mega, M|176/323","|move|p1a: Raikou|Hidden Power|p2a: Camerupt","|-damage|p2a: Camerupt|109/323","|","|-weather|Sandstorm|[upkeep]","|-damage|p1a: Raikou|301/321|[from] sandstorm","|-heal|p1a: Raikou|321/321|[from] item: Leftovers","|turn|23","|","|move|p1a: Raikou|Substitute|p1a: Raikou","|-start|p1a: Raikou|Substitute","|-damage|p1a: Raikou|241/321","|move|p2a: Camerupt|Earth Power|p1a: Raikou","|-supereffective|p1a: Raikou","|-end|p1a: Raikou|Substitute","|","|-weather|Sandstorm|[upkeep]","|-damage|p1a: Raikou|221/321|[from] sandstorm","|-heal|p1a: Raikou|241/321|[from] item: Leftovers","|turn|24","|","|move|p1a: Raikou|Substitute|p1a: Raikou","|-start|p1a: Raikou|Substitute","|-damage|p1a: Raikou|161/321","|move|p2a: Camerupt|Earth Power|p1a: Raikou","|-supereffective|p1a: Raikou","|-end|p1a: Raikou|Substitute","|","|-weather|none","|-heal|p1a: Raikou|181/321|[from] item: Leftovers","|turn|25","|","|move|p1a: Raikou|Substitute|p1a: Raikou","|-start|p1a: Raikou|Substitute","|-damage|p1a: Raikou|101/321","|move|p2a: Camerupt|Earth Power|p1a: Raikou","|-supereffective|p1a: Raikou","|-end|p1a: Raikou|Substitute","|","|-heal|p1a: Raikou|121/321|[from] item: Leftovers","|-fieldend|move: Gravity","|turn|26","|","|move|p1a: Raikou|Hidden Power|p2a: Camerupt","|-damage|p2a: Camerupt|42/323","|move|p2a: Camerupt|Flamethrower|p1a: Raikou","|-damage|p1a: Raikou|0 fnt","|faint|p1a: Raikou","|","|","|switch|p1a: Rotom-Wash|Rotom-Wash|129/303","|turn|27","|","|move|p1a: Rotom-Wash|Hydro Pump|p2a: Camerupt|[miss]","|-miss|p1a: Rotom-Wash|p2a: Camerupt","|move|p2a: Camerupt|Flamethrower|p1a: Rotom-Wash","|-resisted|p1a: Rotom-Wash","|-damage|p1a: Rotom-Wash|6/303","|","|turn|28","|","|move|p1a: Rotom-Wash|Hydro Pump|p2a: Camerupt","|-supereffective|p2a: Camerupt","|-damage|p2a: Camerupt|0 fnt","|faint|p2a: Camerupt","|","|","|switch|p2a: Landorus|Landorus, M|200/319","|turn|29","|","|move|p2a: Landorus|Sludge Wave|p1a: Rotom-Wash","|-damage|p1a: Rotom-Wash|0 fnt","|faint|p1a: Rotom-Wash","|","|win|KGBeast"],"p1rating":{"entryid":"6653831","serverid":"eos","formatid":"monotype","userid":"yungdraco","username":"Yung draco - ⓦⓐⓘⓣ","w":"26","l":11,"t":"0","gxe":66.8,"r":"1626.0133281709","rd":"63.01259838945","sigma":"0","rptime":"1439110800","rpr":1633.7465679246,"rprd":60.443672880445,"rpsigma":"0","acre":1245.8186749496,"lacre":1245.8186749496,"oldacre":"1280.7848344377"},"p2rating":{"entryid":"6349485","serverid":"eos","formatid":"monotype","userid":"kgbeast","username":"KGBeast","w":72,"l":"41","t":"0","gxe":62.2,"r":"1581.0064960974","rd":"37.444692450954","sigma":"0","rptime":"1439110800","rpr":1593.7763803881,"rprd":36.727677193891,"rpsigma":"0","acre":1169.1197957373,"lacre":1169.1197957373,"oldacre":"1134.1536362492"},"endType":"normal"}