{"seed":[4873,63602,50816,64453],"turns":23,"p1":"Inferno DPX","p2":"GTX♅Bzumzum","p1team":[{"name":"Charizard","species":"Charizard","item":"charizarditex","ability":"Solar Power","moves":["dragondance","dragonclaw","firepunch","earthquake"],"nature":"Lonely","evs":{"hp":0,"atk":252,"def":0,"spa":4,"spd":0,"spe":252},"ivs":{"hp":31,"atk":31,"def":31,"spa":31,"spd":31,"spe":31}},{"name":"Arcanine","species":"Arcanine","item":"lifeorb","ability":"Intimidate","moves":["extremespeed","flareblitz","closecombat","crunch"],"nature":"","evs":{"hp":0,"atk":252,"def":0,"spa":4,"spd":0,"spe":252},"ivs":{"hp":31,"atk":31,"def":31,"spa":31,"spd":31,"spe":31}},{"name":"Heatran","species":"Heatran","item":"airballoon","ability":"Flash Fire","moves":["stealthrock","lavaplume","roar","flashcannon"],"nature":"Modest","evs":{"hp":248,"atk":0,"def":0,"spa":8,"spd":8,"spe":0},"ivs":{"hp":31,"atk":31,"def":31,"spa":31,"spd":31,"spe":31}},{"name":"Darmanitan","species":"Darmanitan","item":"focussash","ability":"Sheer Force","moves":["flareblitz","earthquake","firepunch","stoneedge"],"nature":"Adamant","evs":{"hp":248,"atk":252,"def":0,"spa":0,"spd":8,"spe":0},"ivs":{"hp":31,"atk":31,"def":31,"spa":31,"spd":31,"spe":31}},{"name":"Volcarona","species":"Volcarona","item":"leftovers","ability":"Flame Body","moves":["bugbuzz","quiverdance","fierydance","gigadrain"],"nature":"Modest","evs":{"hp":0,"atk":0,"def":0,"spa":252,"spd":4,"spe":252},"ivs":{"hp":31,"atk":31,"def":31,"spa":31,"spd":31,"spe":31}},{"name":"Chandelure","species":"Chandelure","item":"choicescarf","ability":"Infiltrator","moves":["energyball","shadowball","psychic","fireblast"],"nature":"Timid","evs":{"hp":0,"atk":0,"def":0,"spa":252,"spd":4,"spe":252},"ivs":{"hp":31,"atk":31,"def":31,"spa":31,"spd":31,"spe":31}}],"p2team":[{"name":"Flappy Fluff","species":"altaria","item":"habanberry","ability":"Cloud Nine","moves":["dragondance","earthquake","outrage","healbell"],"nature":"Jolly","evs":{"hp":0,"atk":252,"def":0,"spa":0,"spd":4,"spe":252},"gender":"M","shiny":true,"ivs":{"hp":31,"atk":31,"def":31,"spa":31,"spd":31,"spe":31}},{"name":"Annoyance","species":"mandibuzz","item":"leftovers","ability":"Overcoat","moves":["roost","knockoff","bravebird","attract"],"nature":"Impish","evs":{"hp":252,"atk":0,"def":252,"spa":0,"spd":4,"spe":0},"shiny":true,"ivs":{"hp":31,"atk":31,"def":31,"spa":31,"spd":31,"spe":31}},{"name":"Tiny-flaps","species":"crobat","item":"weaknesspolicy","ability":"Infiltrator","moves":["gigadrain","airslash","haze","superfang"],"nature":"Timid","evs":{"hp":0,"atk":0,"def":0,"spa":252,"spd":4,"spe":252},"gender":"M","shiny":true,"ivs":{"hp":31,"atk":31,"def":31,"spa":31,"spd":31,"spe":31}},{"name":"Orval","species":"pidgeot","item":"pidgeotite","ability":"Big Pecks","moves":["heatwave","hurricane","roost","airslash"],"nature":"Timid","evs":{"hp":4,"atk":0,"def":0,"spa":252,"spd":0,"spe":252},"gender":"M","shiny":true,"ivs":{"hp":31,"atk":31,"def":31,"spa":31,"spd":31,"spe":31}},{"name":"Unown-Full","species":"sigilyph","item":"yacheberry","ability":"Magic Guard","moves":["ancientpower","airslash","storedpower","psychup"],"nature":"Timid","evs":{"hp":0,"atk":0,"def":0,"spa":252,"spd":36,"spe":220},"gender":"M","shiny":true,"ivs":{"hp":31,"atk":31,"def":31,"spa":31,"spd":31,"spe":31}},{"name":"What is it???","species":"skarmory","item":"leftovers","ability":"Keen Eye","moves":["defog","roost","stealthrock","steelwing"],"nature":"Impish","evs":{"hp":252,"atk":0,"def":232,"spa":0,"spd":0,"spe":24},"gender":"M","ivs":{"hp":31,"atk":31,"def":31,"spa":31,"spd":31,"spe":31}}],"log":["|player|p1|Inferno DPX|290","|player|p2|GTX♅Bzumzum|225","|gametype|singles","|gen|6","|tier|Monotype","|rated","|rule|Baton Pass Clause: Limit one Baton Passer, can't pass Spe and other stats simultaneously","|rule|Swagger Clause: Swagger is banned","|rule|Same Type Clause: Pokémon in a team must share a type","|clearpoke","|poke|p1|Charizard, M","|poke|p1|Arcanine, F","|poke|p1|Heatran, M","|poke|p1|Darmanitan, M","|poke|p1|Volcarona, F","|poke|p1|Chandelure, F","|poke|p2|Altaria, M, shiny","|poke|p2|Mandibuzz, F, shiny","|poke|p2|Crobat, M, shiny","|poke|p2|Pidgeot, M, shiny","|poke|p2|Sigilyph, M, shiny","|poke|p2|Skarmory, M","|rule|Sleep Clause Mod: Limit one foe put to sleep","|rule|Species Clause: Limit one of each Pokémon","|rule|OHKO Clause: OHKO moves are banned","|rule|Moody Clause: Moody is banned","|rule|Evasion Moves Clause: Evasion moves are banned","|rule|Endless Battle Clause: Forcing endless battles is banned","|rule|HP Percentage Mod: HP is shown in percentages","|teampreview","|","|start","|switch|p1a: Chandelure|Chandelure, F|261/261","|switch|p2a: Tiny-flaps|Crobat, M, shiny|311/311","|turn|1","|","|move|p1a: Chandelure|Psychic|p2a: Tiny-flaps","|-supereffective|p2a: Tiny-flaps","|-damage|p2a: Tiny-flaps|35/311","|-enditem|p2a: Tiny-flaps|Weakness Policy","|-boost|p2a: Tiny-flaps|atk|2|[from] item: Weakness Policy","|-boost|p2a: Tiny-flaps|spa|2|[from] item: Weakness Policy","|move|p2a: Tiny-flaps|Air Slash|p1a: Chandelure","|-damage|p1a: Chandelure|75/261","|","|turn|2","|","|switch|p2a: Orval|Pidgeot, M, shiny|308/308","|move|p1a: Chandelure|Psychic|p2a: Orval","|-damage|p2a: Orval|146/308","|","|turn|3","|","|detailschange|p2a: Orval|Pidgeot-Mega, M, shiny","|-mega|p2a: Orval|Pidgeot|Pidgeotite","|move|p1a: Chandelure|Psychic|p2a: Orval","|-damage|p2a: Orval|10/308","|move|p2a: Orval|Air Slash|p1a: Chandelure","|-damage|p1a: Chandelure|0 fnt","|faint|p1a: Chandelure","|","|","|switch|p1a: Arcanine|Arcanine, F|321/321","|-ability|p1a: Arcanine|Intimidate","|-unboost|p2a: Orval|atk|1","|turn|4","|","|switch|p2a: Tiny-flaps|Crobat, M, shiny|35/311","|move|p1a: Arcanine|Extreme Speed|p2a: Tiny-flaps","|-damage|p2a: Tiny-flaps|0 fnt","|-damage|p1a: Arcanine|289/321|[from] item: Life Orb","|faint|p2a: Tiny-flaps","|","|","|switch|p2a: Unown-Full|Sigilyph, M, shiny|285/285","|turn|5","|","|move|p2a: Unown-Full|Ancient Power|p1a: Arcanine","|-supereffective|p1a: Arcanine","|-damage|p1a: Arcanine|145/321","|move|p1a: Arcanine|Crunch|p2a: Unown-Full","|-supereffective|p2a: Unown-Full","|-damage|p2a: Unown-Full|9/285","|-damage|p1a: Arcanine|113/321|[from] item: Life Orb","|","|turn|6","|","|switch|p2a: Annoyance|Mandibuzz, F, shiny|424/424","|move|p1a: Arcanine|Extreme Speed|p2a: Annoyance","|-damage|p2a: Annoyance|345/424","|-damage|p1a: Arcanine|81/321|[from] item: Life Orb","|","|-heal|p2a: Annoyance|371/424|[from] item: Leftovers","|turn|7","|","|switch|p1a: Heatran|Heatran, M|385/385","|-item|p1a: Heatran|Air Balloon","|move|p2a: Annoyance|Knock Off|p1a: Heatran","|-damage|p1a: Heatran|301/385","|-enditem|p1a: Heatran|Air Balloon","|","|-heal|p2a: Annoyance|397/424|[from] item: Leftovers","|turn|8","|","|move|p2a: Annoyance|Attract|p1a: Heatran","|-start|p1a: Heatran|Attract","|-activate|p1a: Heatran|Attract|[of] p2a: Annoyance","|move|p1a: Heatran|Stealth Rock|p2a: Annoyance","|-sidestart|p2: GTX♅Bzumzum|move: Stealth Rock","|","|-heal|p2a: Annoyance|423/424|[from] item: Leftovers","|turn|9","|","|move|p2a: Annoyance|Brave Bird|p1a: Heatran","|-resisted|p1a: Heatran","|-damage|p1a: Heatran|256/385","|-damage|p2a: Annoyance|408/424|[from] recoil|[of] p1a: Heatran","|-activate|p1a: Heatran|Attract|[of] p2a: Annoyance","|move|p1a: Heatran|Roar|p2a: Annoyance","|drag|p2a: Flappy Fluff|Altaria, M, shiny|291/291","|-damage|p2a: Flappy Fluff|219/291|[from] Stealth Rock","|-ability|p2a: Flappy Fluff|Cloud Nine","|-end|p1a: Heatran|Attract|[silent]","|","|turn|10","|","|switch|p1a: Darmanitan|Darmanitan, M|413/413","|move|p2a: Flappy Fluff|Earthquake|p1a: Darmanitan","|-supereffective|p1a: Darmanitan","|-damage|p1a: Darmanitan|161/413","|","|turn|11","|","|switch|p2a: Unown-Full|Sigilyph, M, shiny|9/285","|move|p1a: Darmanitan|Stone Edge|p2a: Unown-Full","|-supereffective|p2a: Unown-Full","|-damage|p2a: Unown-Full|0 fnt","|faint|p2a: Unown-Full","|","|","|switch|p2a: What is it???|Skarmory, M|334/334","|-damage|p2a: What is it???|293/334|[from] Stealth Rock","|turn|12","|","|move|p1a: Darmanitan|Flare Blitz|p2a: What is it???","|-supereffective|p2a: What is it???","|-damage|p2a: What is it???|0 fnt","|-damage|p1a: Darmanitan|64/413|[from] recoil|[of] p2a: What is it???","|faint|p2a: What is it???","|","|","|switch|p2a: Annoyance|Mandibuzz, F, shiny|408/424","|-damage|p2a: Annoyance|302/424|[from] Stealth Rock","|turn|13","|","|move|p1a: Darmanitan|Stone Edge|p2a: Annoyance","|-crit|p2a: Annoyance","|-supereffective|p2a: Annoyance","|-damage|p2a: Annoyance|36/424","|move|p2a: Annoyance|Roost|p2a: Annoyance","|-heal|p2a: Annoyance|248/424","|","|-heal|p2a: Annoyance|274/424|[from] item: Leftovers","|turn|14","|","|switch|p2a: Orval|Pidgeot-Mega, M, shiny|10/308","|-damage|p2a: Orval|0 fnt|[from] Stealth Rock","|faint|p2a: Orval","|move|p1a: Darmanitan|Stone Edge|p2: Orval|[notarget]","|-notarget","|","|","|switch|p2a: Flappy Fluff|Altaria, M, shiny|219/291","|-damage|p2a: Flappy Fluff|147/291|[from] Stealth Rock","|-ability|p2a: Flappy Fluff|Cloud Nine","|turn|15","|","|switch|p1a: Charizard|Charizard, M|297/297","|move|p2a: Flappy Fluff|Outrage|p1a: Charizard","|-damage|p1a: Charizard|117/297","|","|turn|16","|","|move|p1a: Charizard|Dragon Claw|p2a: Flappy Fluff","|-supereffective|p2a: Flappy Fluff","|-enditem|p2a: Flappy Fluff|Haban Berry|[eat]","|-damage|p2a: Flappy Fluff|64/291","|move|p2a: Flappy Fluff|Outrage|p1a: Charizard|[from]lockedmove","|-damage|p1a: Charizard|0 fnt","|faint|p1a: Charizard","|","|","|switch|p1a: Heatran|Heatran, M|256/385","|turn|17","|","|move|p2a: Flappy Fluff|Outrage|p1a: Heatran|[from]lockedmove","|-resisted|p1a: Heatran","|-damage|p1a: Heatran|186/385","|-start|p2a: Flappy Fluff|confusion|[fatigue]","|move|p1a: Heatran|Roar|p2a: Flappy Fluff","|drag|p2a: Annoyance|Mandibuzz, F, shiny|274/424","|-damage|p2a: Annoyance|168/424|[from] Stealth Rock","|","|-heal|p2a: Annoyance|194/424|[from] item: Leftovers","|turn|18","|","|switch|p1a: Arcanine|Arcanine, F|81/321","|-ability|p1a: Arcanine|Intimidate","|-unboost|p2a: Annoyance|atk|1","|move|p2a: Annoyance|Knock Off|p1a: Arcanine","|-damage|p1a: Arcanine|21/321","|-enditem|p1a: Arcanine|Life Orb|[from] move: Knock Off|[of] p2a: Annoyance","|","|-heal|p2a: Annoyance|220/424|[from] item: Leftovers","|turn|19","|","|move|p1a: Arcanine|Crunch|p2a: Annoyance","|-resisted|p2a: Annoyance","|-damage|p2a: Annoyance|192/424","|move|p2a: Annoyance|Roost|p2a: Annoyance","|-heal|p2a: Annoyance|404/424","|","|-heal|p2a: Annoyance|424/424|[from] item: Leftovers","|turn|20","|","|move|p1a: Arcanine|Close Combat|p2a: Annoyance","|-crit|p2a: Annoyance","|-damage|p2a: Annoyance|293/424","|-unboost|p1a: Arcanine|def|1","|-unboost|p1a: Arcanine|spd|1","|move|p2a: Annoyance|Knock Off|p1a: Arcanine","|-damage|p1a: Arcanine|0 fnt","|faint|p1a: Arcanine","|","|-heal|p2a: Annoyance|319/424|[from] item: Leftovers","|","|switch|p1a: Darmanitan|Darmanitan, M|64/413","|turn|21","|","|move|p1a: Darmanitan|Stone Edge|p2a: Annoyance|[miss]","|-miss|p1a: Darmanitan|p2a: Annoyance","|move|p2a: Annoyance|Brave Bird|p1a: Darmanitan","|-damage|p1a: Darmanitan|0 fnt","|-damage|p2a: Annoyance|298/424|[from] recoil|[of] p1a: Darmanitan","|faint|p1a: Darmanitan","|","|-heal|p2a: Annoyance|324/424|[from] item: Leftovers","|","|switch|p1a: Volcarona|Volcarona, F|311/311","|turn|22","|","|move|p1a: Volcarona|Quiver Dance|p1a: Volcarona","|-boost|p1a: Volcarona|spa|1","|-boost|p1a: Volcarona|spd|1","|-boost|p1a: Volcarona|spe|1","|move|p2a: Annoyance|Brave Bird|p1a: Volcarona","|-supereffective|p1a: Volcarona","|-damage|p1a: Volcarona|135/311","|-damage|p2a: Annoyance|266/424|[from] recoil|[of] p1a: Volcarona","|","|-heal|p1a: Volcarona|154/311|[from] item: Leftovers","|-heal|p2a: Annoyance|292/424|[from] item: Leftovers","|turn|23","|","|move|p1a: Volcarona|Fiery Dance|p2a: Annoyance","|-damage|p2a: Annoyance|51/424","|move|p2a: Annoyance|Brave Bird|p1a: Volcarona","|-supereffective|p1a: Volcarona","|-damage|p1a: Volcarona|0 fnt","|-damage|p2a: Annoyance|0 fnt|[from] recoil|[of] p1a: Volcarona","|faint|p1a: Volcarona","|faint|p2a: Annoyance","|","|","|switch|p2a: Flappy Fluff|Altaria, M, shiny|64/291","|switch|p1a: Heatran|Heatran, M|186/385","|-damage|p2a: Flappy Fluff|0 fnt|[from] Stealth Rock","|faint|p2a: Flappy Fluff","|","|win|Inferno DPX"],"p1rating":{"entryid":"7514777","serverid":"eos","formatid":"monotype","userid":"infernodpx","username":"Inferno DPX","w":2,"l":"2","t":"0","gxe":45,"r":"1500","rd":"130","sigma":"0","rptime":"1439110800","rpr":1460.4605354346,"rprd":108.60341026731,"rpsigma":"0","acre":1055.1636029877,"lacre":1055.1636029877,"oldacre":"1015.976194256"},"p2rating":{"entryid":"6857825","serverid":"eos","formatid":"monotype","userid":"gtxbzumzum","username":"GTX♅Bzumzum","w":"25","l":95,"t":"0","gxe":22.3,"r":"1267.8281172118","rd":"37.061215733452","sigma":"0","rptime":"1439110800","rpr":1264.5798336289,"rprd":36.812214645782,"rpsigma":"0","acre":1015.4111857831,"lacre":1015.4111857831,"oldacre":"1030.6186172776"},"endType":"normal"}