{"seed":[16964,1079,60497,733],"turns":22,"p1":"BagelBeagle","p2":"sl ice rapton","p1team":[{"name":"Rhyperior","species":"Rhyperior","item":"weaknesspolicy","ability":"Solid Rock","moves":["megahorn","earthquake","rockslide","icepunch"],"nature":"Adamant","evs":{"hp":248,"atk":252,"def":0,"spa":0,"spd":8,"spe":0},"ivs":{"hp":31,"atk":31,"def":31,"spa":31,"spd":31,"spe":31}},{"name":"Aggron","species":"Aggron","item":"aggronite","ability":"Sturdy","moves":["sleeptalk","heavyslam","curse","rest"],"nature":"Impish","evs":{"hp":248,"atk":8,"def":252,"spa":0,"spd":0,"spe":0},"ivs":{"hp":31,"atk":31,"def":31,"spa":31,"spd":31,"spe":31}},{"name":"Tyranitar","species":"Tyranitar","item":"leftovers","ability":"Sand Stream","moves":["thunderwave","stealthrock","earthquake","stoneedge"],"nature":"Adamant","evs":{"hp":252,"atk":252,"def":0,"spa":0,"spd":4,"spe":0},"ivs":{"hp":31,"atk":31,"def":31,"spa":31,"spd":31,"spe":31}},{"name":"Cradily","species":"Cradily","item":"leftovers","ability":"Storm Drain","moves":["earthpower","energyball","recover","toxic"],"nature":"Calm","evs":{"hp":252,"atk":0,"def":0,"spa":4,"spd":252,"spe":0},"ivs":{"hp":31,"atk":31,"def":31,"spa":31,"spd":31,"spe":31}},{"name":"Omastar","species":"Omastar","item":"focussash","ability":"Weak Armor","moves":["icebeam","surf","shellsmash","hiddenpowergrass"],"nature":"Modest","evs":{"hp":0,"atk":0,"def":0,"spa":252,"spd":4,"spe":252},"ivs":{"hp":31,"atk":30,"def":31,"spa":30,"spd":31,"spe":31}},{"name":"Aerodactyl","species":"Aerodactyl","item":"lifeorb","ability":"Rock Head","moves":["aerialace","taunt","earthquake","rockslide"],"nature":"Jolly","evs":{"hp":0,"atk":252,"def":0,"spa":0,"spd":4,"spe":252},"ivs":{"hp":31,"atk":31,"def":31,"spa":31,"spd":31,"spe":31}}],"p2team":[{"name":"Mamoswine","species":"Mamoswine","item":"choicescarf","ability":"Thick Fat","moves":["earthquake","iciclecrash","rockslide","stealthrock"],"nature":"Jolly","evs":{"hp":0,"atk":252,"def":0,"spa":0,"spd":4,"spe":252},"ivs":{"hp":31,"atk":31,"def":31,"spa":31,"spd":31,"spe":31}},{"name":"Cloyster","species":"Cloyster","item":"focussash","ability":"Skill Link","moves":["iciclespear","rockblast","rapidspin","shellsmash"],"nature":"Adamant","evs":{"hp":0,"atk":252,"def":0,"spa":0,"spd":4,"spe":252},"ivs":{"hp":31,"atk":31,"def":31,"spa":31,"spd":31,"spe":31}},{"name":"Weavile","species":"Weavile","item":"lifeorb","ability":"Pressure","moves":["aerialace","poisonjab","knockoff","iciclecrash"],"nature":"Jolly","evs":{"hp":0,"atk":252,"def":0,"spa":0,"spd":4,"spe":252},"ivs":{"hp":31,"atk":31,"def":31,"spa":31,"spd":31,"spe":31}},{"name":"Abomasnow","species":"Abomasnow","item":"abomasite","ability":"Snow Warning","moves":["protect","leechseed","iceshard","substitute"],"nature":"Careful","evs":{"hp":248,"atk":8,"def":0,"spa":0,"spd":252,"spe":0},"ivs":{"hp":31,"atk":31,"def":31,"spa":31,"spd":31,"spe":31}},{"name":"Kyurem-Black","species":"Kyurem-Black","item":"lumberry","ability":"Teravolt","moves":["outrage","fusionbolt","ironhead","roost"],"nature":"Adamant","evs":{"hp":4,"atk":252,"def":0,"spa":0,"spd":0,"spe":252},"ivs":{"hp":31,"atk":31,"def":31,"spa":31,"spd":31,"spe":31}},{"name":"Avalugg","species":"Avalugg","item":"leftovers","ability":"Sturdy","moves":["toxic","recover","earthquake","avalanche"],"nature":"Adamant","evs":{"hp":252,"atk":4,"def":252,"spa":0,"spd":0,"spe":0},"ivs":{"hp":31,"atk":31,"def":31,"spa":31,"spd":31,"spe":31}}],"log":["|player|p1|BagelBeagle|107","|player|p2|sl ice rapton|225","|gametype|singles","|gen|6","|tier|Monotype","|rated","|rule|Baton Pass Clause: Limit one Baton Passer, can't pass Spe and other stats simultaneously","|rule|Swagger Clause: Swagger is banned","|rule|Same Type Clause: Pokémon in a team must share a type","|clearpoke","|poke|p1|Rhyperior, F","|poke|p1|Aggron, M","|poke|p1|Tyranitar, F","|poke|p1|Cradily, F","|poke|p1|Omastar, F","|poke|p1|Aerodactyl, M","|poke|p2|Mamoswine, M","|poke|p2|Cloyster, F","|poke|p2|Weavile, F","|poke|p2|Abomasnow, M","|poke|p2|Kyurem-Black","|poke|p2|Avalugg, F","|rule|Sleep Clause Mod: Limit one foe put to sleep","|rule|Species Clause: Limit one of each Pokémon","|rule|OHKO Clause: OHKO moves are banned","|rule|Moody Clause: Moody is banned","|rule|Evasion Moves Clause: Evasion moves are banned","|rule|Endless Battle Clause: Forcing endless battles is banned","|rule|HP Percentage Mod: HP is shown in percentages","|teampreview","|","|start","|switch|p1a: Tyranitar|Tyranitar, F|404/404","|switch|p2a: Abomasnow|Abomasnow, M|383/383","|-weather|Sandstorm","|-weather|Hail","|turn|1","|","|detailschange|p2a: Abomasnow|Abomasnow-Mega, M","|-mega|p2a: Abomasnow|Abomasnow|Abomasite","|move|p1a: Tyranitar|Stealth Rock|p2a: Abomasnow","|-sidestart|p2: sl ice rapton|move: Stealth Rock","|move|p2a: Abomasnow|Leech Seed|p1a: Tyranitar","|-start|p1a: Tyranitar|move: Leech Seed","|","|-weather|Hail|[upkeep]","|-damage|p1a: Tyranitar|379/404|[from] hail","|-heal|p1a: Tyranitar|404/404|[from] item: Leftovers","|-damage|p1a: Tyranitar|354/404|[from] Leech Seed|[of] p2a: Abomasnow","|turn|2","|","|move|p1a: Tyranitar|Stone Edge|p2a: Abomasnow","|-supereffective|p2a: Abomasnow","|-damage|p2a: Abomasnow|27/383","|move|p2a: Abomasnow|Substitute|p2a: Abomasnow","|-fail|p2a: Abomasnow|move: Substitute|[weak]","|","|-weather|Hail|[upkeep]","|-damage|p1a: Tyranitar|329/404|[from] hail","|-heal|p1a: Tyranitar|354/404|[from] item: Leftovers","|-damage|p1a: Tyranitar|304/404|[from] Leech Seed|[of] p2a: Abomasnow","|-heal|p2a: Abomasnow|77/383|[silent]","|turn|3","|","|move|p2a: Abomasnow|Protect|p2a: Abomasnow","|-singleturn|p2a: Abomasnow|Protect","|move|p1a: Tyranitar|Stone Edge|p2a: Abomasnow","|-activate|p2a: Abomasnow|Protect","|","|-weather|Hail|[upkeep]","|-damage|p1a: Tyranitar|279/404|[from] hail","|-heal|p1a: Tyranitar|304/404|[from] item: Leftovers","|-damage|p1a: Tyranitar|254/404|[from] Leech Seed|[of] p2a: Abomasnow","|-heal|p2a: Abomasnow|127/383|[silent]","|turn|4","|","|move|p2a: Abomasnow|Ice Shard|p1a: Tyranitar","|-damage|p1a: Tyranitar|194/404","|move|p1a: Tyranitar|Stone Edge|p2a: Abomasnow","|-supereffective|p2a: Abomasnow","|-damage|p2a: Abomasnow|0 fnt","|faint|p2a: Abomasnow","|","|-weather|Hail|[upkeep]","|-damage|p1a: Tyranitar|169/404|[from] hail","|-heal|p1a: Tyranitar|194/404|[from] item: Leftovers","|","|switch|p2a: Avalugg|Avalugg, F|394/394","|-damage|p2a: Avalugg|296/394|[from] Stealth Rock","|turn|5","|","|switch|p1a: Aerodactyl|Aerodactyl, M|301/301","|move|p2a: Avalugg|Toxic|p1a: Aerodactyl","|-status|p1a: Aerodactyl|tox","|","|-weather|none","|-heal|p2a: Avalugg|320/394|[from] item: Leftovers","|-damage|p1a: Aerodactyl|283/301 tox|[from] psn","|turn|6","|","|move|p1a: Aerodactyl|Taunt|p2a: Avalugg","|-start|p2a: Avalugg|move: Taunt","|move|p2a: Avalugg|Avalanche|p1a: Aerodactyl","|-supereffective|p1a: Aerodactyl","|-damage|p1a: Aerodactyl|25/301 tox","|","|-heal|p2a: Avalugg|344/394|[from] item: Leftovers","|-damage|p1a: Aerodactyl|0 fnt|[from] psn","|faint|p1a: Aerodactyl","|","|switch|p1a: Rhyperior|Rhyperior, F|433/433","|turn|7","|","|move|p1a: Rhyperior|Rock Slide|p2a: Avalugg","|-crit|p2a: Avalugg","|-supereffective|p2a: Avalugg","|-damage|p2a: Avalugg|86/394","|cant|p2a: Avalugg|flinch","|","|-heal|p2a: Avalugg|110/394|[from] item: Leftovers","|turn|8","|","|move|p1a: Rhyperior|Rock Slide|p2a: Avalugg","|-supereffective|p2a: Avalugg","|-damage|p2a: Avalugg|0 fnt","|faint|p2a: Avalugg","|","|","|switch|p2a: Cloyster|Cloyster, F|241/241","|-damage|p2a: Cloyster|181/241|[from] Stealth Rock","|turn|9","|","|move|p2a: Cloyster|Icicle Spear|p1a: Rhyperior","|-supereffective|p1a: Rhyperior","|-damage|p1a: Rhyperior|382/433","|-enditem|p1a: Rhyperior|Weakness Policy","|-boost|p1a: Rhyperior|atk|2|[from] item: Weakness Policy","|-boost|p1a: Rhyperior|spa|2|[from] item: Weakness Policy","|-supereffective|p1a: Rhyperior","|-damage|p1a: Rhyperior|331/433","|-supereffective|p1a: Rhyperior","|-damage|p1a: Rhyperior|282/433","|-supereffective|p1a: Rhyperior","|-damage|p1a: Rhyperior|237/433","|-supereffective|p1a: Rhyperior","|-damage|p1a: Rhyperior|186/433","|-hitcount|p1a: Rhyperior|5","|move|p1a: Rhyperior|Rock Slide|p2a: Cloyster","|-supereffective|p2a: Cloyster","|-damage|p2a: Cloyster|0 fnt","|faint|p2a: Cloyster","|","|","|switch|p2a: Weavile|Weavile, F|281/281","|-damage|p2a: Weavile|211/281|[from] Stealth Rock","|-ability|p2a: Weavile|Pressure","|turn|10","|","|move|p2a: Weavile|Icicle Crash|p1a: Rhyperior","|-supereffective|p1a: Rhyperior","|-damage|p1a: Rhyperior|0 fnt","|-damage|p2a: Weavile|183/281|[from] item: Life Orb","|faint|p1a: Rhyperior","|","|","|switch|p1a: Aggron|Aggron, M|343/343","|turn|11","|","|switch|p2a: Mamoswine|Mamoswine, M|361/361","|-damage|p2a: Mamoswine|316/361|[from] Stealth Rock","|detailschange|p1a: Aggron|Aggron-Mega, M","|-mega|p1a: Aggron|Aggron|Aggronite","|move|p1a: Aggron|Curse|p1a: Aggron","|-unboost|p1a: Aggron|spe|1","|-boost|p1a: Aggron|atk|1","|-boost|p1a: Aggron|def|1","|","|turn|12","|","|move|p2a: Mamoswine|Earthquake|p1a: Aggron","|-crit|p1a: Aggron","|-supereffective|p1a: Aggron","|-damage|p1a: Aggron|199/343","|move|p1a: Aggron|Curse|p1a: Aggron","|-unboost|p1a: Aggron|spe|1","|-boost|p1a: Aggron|atk|1","|-boost|p1a: Aggron|def|1","|","|turn|13","|","|move|p2a: Mamoswine|Earthquake|p1a: Aggron","|-supereffective|p1a: Aggron","|-damage|p1a: Aggron|148/343","|move|p1a: Aggron|Rest|p1a: Aggron","|-status|p1a: Aggron|slp","|-heal|p1a: Aggron|343/343 slp|[silent]","|-status|p1a: Aggron|slp|[from] move: Rest","|","|turn|14","|","|move|p2a: Mamoswine|Earthquake|p1a: Aggron","|-supereffective|p1a: Aggron","|-damage|p1a: Aggron|285/343 slp","|cant|p1a: Aggron|slp","|move|p1a: Aggron|Sleep Talk|p1a: Aggron","|move|p1a: Aggron|Heavy Slam|p2a: Mamoswine|[from]Sleep Talk","|-supereffective|p2a: Mamoswine","|-damage|p2a: Mamoswine|14/361","|","|turn|15","|","|move|p2a: Mamoswine|Earthquake|p1a: Aggron","|-supereffective|p1a: Aggron","|-damage|p1a: Aggron|234/343 slp","|cant|p1a: Aggron|slp","|move|p1a: Aggron|Sleep Talk|p1a: Aggron","|move|p1a: Aggron|Curse|p1a: Aggron|[from]Sleep Talk","|-unboost|p1a: Aggron|spe|1","|-boost|p1a: Aggron|atk|1","|-boost|p1a: Aggron|def|1","|","|turn|16","|","|move|p2a: Mamoswine|Earthquake|p1a: Aggron","|-supereffective|p1a: Aggron","|-damage|p1a: Aggron|194/343 slp","|-curestatus|p1a: Aggron|slp","|move|p1a: Aggron|Curse|p1a: Aggron","|-unboost|p1a: Aggron|spe|1","|-boost|p1a: Aggron|atk|1","|-boost|p1a: Aggron|def|1","|","|turn|17","|","|move|p2a: Mamoswine|Earthquake|p1a: Aggron","|-supereffective|p1a: Aggron","|-damage|p1a: Aggron|157/343","|move|p1a: Aggron|Rest|p1a: Aggron","|-status|p1a: Aggron|slp","|-heal|p1a: Aggron|343/343 slp|[silent]","|-status|p1a: Aggron|slp|[from] move: Rest","|","|turn|18","|","|move|p2a: Mamoswine|Earthquake|p1a: Aggron","|-supereffective|p1a: Aggron","|-damage|p1a: Aggron|307/343 slp","|cant|p1a: Aggron|slp","|move|p1a: Aggron|Sleep Talk|p1a: Aggron","|move|p1a: Aggron|Rest|p1a: Aggron|[from]Sleep Talk","|-fail|p1a: Aggron","|","|turn|19","|","|move|p2a: Mamoswine|Earthquake|p1a: Aggron","|-supereffective|p1a: Aggron","|-damage|p1a: Aggron|274/343 slp","|cant|p1a: Aggron|slp","|move|p1a: Aggron|Sleep Talk|p1a: Aggron","|move|p1a: Aggron|Heavy Slam|p2a: Mamoswine|[from]Sleep Talk","|-crit|p2a: Mamoswine","|-supereffective|p2a: Mamoswine","|-damage|p2a: Mamoswine|0 fnt","|faint|p2a: Mamoswine","|","|","|switch|p2a: Weavile|Weavile, F|183/281","|-damage|p2a: Weavile|113/281|[from] Stealth Rock","|-ability|p2a: Weavile|Pressure","|turn|20","|","|move|p2a: Weavile|Icicle Crash|p1a: Aggron","|-resisted|p1a: Aggron","|-damage|p1a: Aggron|261/343 slp","|-damage|p2a: Weavile|85/281|[from] item: Life Orb","|-curestatus|p1a: Aggron|slp","|cant|p1a: Aggron|flinch","|","|turn|21","|","|move|p2a: Weavile|Icicle Crash|p1a: Aggron|[miss]","|-miss|p2a: Weavile|p1a: Aggron","|move|p1a: Aggron|Heavy Slam|p2a: Weavile","|-supereffective|p2a: Weavile","|-damage|p2a: Weavile|0 fnt","|faint|p2a: Weavile","|","|","|switch|p2a: Kyurem-Black|Kyurem-Black|392/392","|-damage|p2a: Kyurem-Black|294/392|[from] Stealth Rock","|-ability|p2a: Kyurem-Black|Teravolt","|turn|22","|","|move|p2a: Kyurem-Black|Fusion Bolt|p1a: Aggron","|-damage|p1a: Aggron|240/343","|move|p1a: Aggron|Heavy Slam|p2a: Kyurem-Black","|-supereffective|p2a: Kyurem-Black","|-damage|p2a: Kyurem-Black|0 fnt","|faint|p2a: Kyurem-Black","|","|win|BagelBeagle"],"p1rating":{"entryid":"7518165","serverid":"eos","formatid":"monotype","userid":"bagelbeagle","username":"BagelBeagle","w":1,"l":"2","t":"0","gxe":43.9,"r":"1500","rd":"130","sigma":"0","rptime":"1439110800","rpr":1451.9154940014,"rprd":110.40905292777,"rpsigma":"0","acre":1050.8015303019,"lacre":1050.8015303019,"oldacre":"1000"},"p2rating":{"entryid":"7497722","serverid":"eos","formatid":"monotype","userid":"slicerapton","username":"sl ice rapton","w":"3","l":1,"t":"0","gxe":56.5,"r":"1527.8644024715","rd":"123.01328871718","sigma":"0","rptime":"1439110800","rpr":1551.6013315508,"rprd":107.08506662067,"rpsigma":"0","acre":1065.1783741743,"lacre":1065.1783741743,"oldacre":"1096.2066817104"},"endType":"normal"}