{"seed":[30222,58517,4191,52411],"turns":23,"p1":"Bugy","p2":"Multistripe멀티 줄무늬","p1team":[{"name":"Pinch Pinch!!","species":"pinsir","item":"pinsirite","ability":"Moxie","moves":["quickattack","return","swordsdance","closecombat"],"nature":"Adamant","evs":{"hp":248,"atk":252,"def":0,"spa":0,"spd":8,"spe":0},"shiny":true,"ivs":{"hp":31,"atk":31,"def":31,"spa":31,"spd":31,"spe":31}},{"name":"Volcin","species":"volcarona","item":"leftovers","ability":"Flame Body","moves":["bugbuzz","fierydance","quiverdance","gigadrain"],"nature":"Modest","evs":{"hp":0,"atk":0,"def":0,"spa":252,"spd":4,"spe":252},"shiny":true,"ivs":{"hp":31,"atk":31,"def":31,"spa":31,"spd":31,"spe":31}},{"name":"Snap SNip","species":"scizor","item":"rockyhelmet","ability":"Technician","moves":["swordsdance","bulletpunch","roost","uturn"],"nature":"Impish","evs":{"hp":248,"atk":8,"def":252,"spa":0,"spd":0,"spe":0},"shiny":true,"ivs":{"hp":31,"atk":31,"def":31,"spa":31,"spd":31,"spe":31}},{"name":"Red Mega Zord","species":"genesect","item":"choicescarf","ability":"Download","moves":["icebeam","thunderbolt","uturn","ironhead"],"nature":"Hasty","evs":{"hp":0,"atk":4,"def":0,"spa":252,"spd":0,"spe":252},"shiny":true,"ivs":{"hp":31,"atk":31,"def":31,"spa":31,"spd":31,"spe":31}},{"name":"Rocky","species":"heracross","item":"choicescarf","ability":"Guts","moves":["closecombat","megahorn","stoneedge","earthquake"],"nature":"","shiny":true,"evs":{"hp":0,"atk":0,"def":0,"spa":0,"spd":0,"spe":0},"ivs":{"hp":31,"atk":31,"def":31,"spa":31,"spd":31,"spe":31}},{"name":"Billy","species":"armaldo","item":"leftovers","ability":"Battle Armor","moves":["stealthrock","rockblast","rapidspin","knockoff"],"nature":"Adamant","evs":{"hp":252,"atk":252,"def":0,"spa":0,"spd":4,"spe":0},"shiny":true,"ivs":{"hp":31,"atk":31,"def":31,"spa":31,"spd":31,"spe":31}}],"p2team":[{"name":"ラティオス","species":"latios","item":"choicescarf","ability":"Levitate","moves":["shadowball","dragonpulse","psyshock","icebeam"],"nature":"Timid","evs":{"hp":0,"atk":0,"def":4,"spa":252,"spd":0,"spe":252},"ivs":{"hp":31,"atk":0,"def":31,"spa":31,"spd":31,"spe":31}},{"name":"キュレム","species":"kyuremblack","item":"lifeorb","ability":"Teravolt","moves":["icebeam","outrage","fusionbolt","ironhead"],"nature":"Naive","evs":{"hp":0,"atk":100,"def":0,"spa":180,"spd":0,"spe":228},"shiny":true,"ivs":{"hp":31,"atk":31,"def":31,"spa":31,"spd":31,"spe":31}},{"name":"ボーマンダ","species":"salamence","item":"choicescarf","ability":"Moxie","moves":["outrage","aerialace","steelwing","earthquake"],"nature":"Jolly","evs":{"hp":0,"atk":252,"def":4,"spa":0,"spd":0,"spe":252},"ivs":{"hp":31,"atk":31,"def":31,"spa":31,"spd":31,"spe":31}},{"name":"サザンドラ","species":"hydreigon","item":"choicespecs","ability":"Levitate","moves":["darkpulse","flamethrower","dracometeor","flashcannon"],"nature":"Modest","evs":{"hp":0,"atk":0,"def":4,"spa":252,"spd":0,"spe":252},"shiny":true,"ivs":{"hp":31,"atk":31,"def":31,"spa":31,"spd":31,"spe":31}},{"name":"ガブリアス","species":"garchomp","item":"rockyhelmet","ability":"Rough Skin","moves":["stealthrock","earthquake","dragontail","endure"],"nature":"Impish","evs":{"hp":252,"atk":0,"def":232,"spa":0,"spd":24,"spe":0},"ivs":{"hp":31,"atk":31,"def":31,"spa":31,"spd":31,"spe":31}},{"name":"ラティアス","species":"latias","item":"latiasite","ability":"Levitate","moves":["calmmind","recover","psyshock","dragonbreath"],"nature":"Bold","evs":{"hp":252,"atk":0,"def":224,"spa":0,"spd":0,"spe":32},"ivs":{"hp":31,"atk":0,"def":31,"spa":31,"spd":31,"spe":31}}],"log":["|player|p1|Bugy|66","|player|p2|Multistripe멀티 줄무늬|alliancewutang.png","|gametype|singles","|gen|6","|tier|Monotype","|rated","|rule|Baton Pass Clause: Limit one Baton Passer, can't pass Spe and other stats simultaneously","|rule|Swagger Clause: Swagger is banned","|rule|Same Type Clause: Pokémon in a team must share a type","|clearpoke","|poke|p1|Pinsir, M, shiny","|poke|p1|Volcarona, M, shiny","|poke|p1|Scizor, M, shiny","|poke|p1|Genesect-*, shiny","|poke|p1|Heracross, M, shiny","|poke|p1|Armaldo, F, shiny","|poke|p2|Latios, M","|poke|p2|Kyurem-Black, shiny","|poke|p2|Salamence, M","|poke|p2|Hydreigon, F, shiny","|poke|p2|Garchomp, M","|poke|p2|Latias, F","|rule|Sleep Clause Mod: Limit one foe put to sleep","|rule|Species Clause: Limit one of each Pokémon","|rule|OHKO Clause: OHKO moves are banned","|rule|Moody Clause: Moody is banned","|rule|Evasion Moves Clause: Evasion moves are banned","|rule|Endless Battle Clause: Forcing endless battles is banned","|rule|HP Percentage Mod: HP is shown in percentages","|teampreview","|","|start","|switch|p1a: Red Mega Zord|Genesect, shiny|283/283","|switch|p2a: サザンドラ|Hydreigon, F, shiny|325/325","|-boost|p1a: Red Mega Zord|spa|1|[from] ability: Download","|turn|1","|","|move|p1a: Red Mega Zord|U-turn|p2a: サザンドラ","|-supereffective|p2a: サザンドラ","|-damage|p2a: サザンドラ|131/325","|","|switch|p1a: Volcin|Volcarona, M, shiny|311/311","|move|p2a: サザンドラ|Dark Pulse|p1a: Volcin","|-damage|p1a: Volcin|101/311","|","|-heal|p1a: Volcin|120/311|[from] item: Leftovers","|turn|2","|","|switch|p1a: Rocky|Heracross, M, shiny|301/301","|move|p2a: サザンドラ|Dark Pulse|p1a: Rocky","|-resisted|p1a: Rocky","|-damage|p1a: Rocky|186/301","|","|turn|3","|","|switch|p2a: ガブリアス|Garchomp, M|420/420","|move|p1a: Rocky|Megahorn|p2a: ガブリアス","|-damage|p2a: ガブリアス|293/420","|-damage|p1a: Rocky|149/301|[from] ability: Rough Skin|[of] p2a: ガブリアス","|-damage|p1a: Rocky|99/301|[from] item: Rocky Helmet|[of] p2a: ガブリアス","|","|turn|4","|","|switch|p1a: Red Mega Zord|Genesect, shiny|283/283","|-boost|p1a: Red Mega Zord|spa|1|[from] ability: Download","|move|p2a: ガブリアス|Stealth Rock|p1a: Red Mega Zord","|-sidestart|p1: Bugy|move: Stealth Rock","|","|turn|5","|","|switch|p2a: キュレム|Kyurem-Black, shiny|391/391","|-ability|p2a: キュレム|Teravolt","|move|p1a: Red Mega Zord|Ice Beam|p2a: キュレム","|-damage|p2a: キュレム|222/391","|","|turn|6","|","|move|p1a: Red Mega Zord|Ice Beam|p2a: キュレム","|-damage|p2a: キュレム|33/391","|move|p2a: キュレム|Fusion Bolt|p1a: Red Mega Zord","|-damage|p1a: Red Mega Zord|88/283","|-damage|p2a: キュレム|0 fnt|[from] item: Life Orb","|faint|p2a: キュレム","|","|","|switch|p2a: ラティオス|Latios, M|301/301","|turn|7","|","|switch|p1a: Rocky|Heracross, M, shiny|99/301","|-damage|p1a: Rocky|62/301|[from] Stealth Rock","|move|p2a: ラティオス|Shadow Ball|p1a: Rocky","|-damage|p1a: Rocky|0 fnt","|faint|p1a: Rocky","|","|","|switch|p1a: Billy|Armaldo, F, shiny|354/354","|-damage|p1a: Billy|266/354|[from] Stealth Rock","|turn|8","|","|switch|p2a: ガブリアス|Garchomp, M|293/420","|move|p1a: Billy|Rapid Spin|p2a: ガブリアス","|-damage|p2a: ガブリアス|272/420","|-damage|p1a: Billy|222/354|[from] ability: Rough Skin|[of] p2a: ガブリアス","|-damage|p1a: Billy|163/354|[from] item: Rocky Helmet|[of] p2a: ガブリアス","|-sideend|p1: Bugy|Stealth Rock|[from] move: Rapid Spin|[of] p1a: Billy","|","|-heal|p1a: Billy|185/354|[from] item: Leftovers","|turn|9","|","|move|p2a: ガブリアス|Stealth Rock|p1a: Billy","|-sidestart|p1: Bugy|move: Stealth Rock","|move|p1a: Billy|Rapid Spin|p2a: ガブリアス","|-damage|p2a: ガブリアス|251/420","|-damage|p1a: Billy|141/354|[from] ability: Rough Skin|[of] p2a: ガブリアス","|-damage|p1a: Billy|82/354|[from] item: Rocky Helmet|[of] p2a: ガブリアス","|-sideend|p1: Bugy|Stealth Rock|[from] move: Rapid Spin|[of] p1a: Billy","|","|-heal|p1a: Billy|104/354|[from] item: Leftovers","|turn|10","|","|move|p2a: ガブリアス|Stealth Rock|p1a: Billy","|-sidestart|p1: Bugy|move: Stealth Rock","|move|p1a: Billy|Rapid Spin|p2a: ガブリアス","|-damage|p2a: ガブリアス|231/420","|-damage|p1a: Billy|60/354|[from] ability: Rough Skin|[of] p2a: ガブリアス","|-damage|p1a: Billy|1/354|[from] item: Rocky Helmet|[of] p2a: ガブリアス","|-sideend|p1: Bugy|Stealth Rock|[from] move: Rapid Spin|[of] p1a: Billy","|","|-heal|p1a: Billy|23/354|[from] item: Leftovers","|turn|11","|","|move|p2a: ガブリアス|Stealth Rock|p1a: Billy","|-sidestart|p1: Bugy|move: Stealth Rock","|move|p1a: Billy|Rapid Spin|p2a: ガブリアス","|-damage|p2a: ガブリアス|211/420","|-damage|p1a: Billy|0 fnt|[from] ability: Rough Skin|[of] p2a: ガブリアス","|faint|p1a: Billy","|","|","|switch|p1a: Red Mega Zord|Genesect, shiny|88/283","|-damage|p1a: Red Mega Zord|53/283|[from] Stealth Rock","|-boost|p1a: Red Mega Zord|spa|1|[from] ability: Download","|turn|12","|","|switch|p2a: サザンドラ|Hydreigon, F, shiny|131/325","|move|p1a: Red Mega Zord|Ice Beam|p2a: サザンドラ","|-supereffective|p2a: サザンドラ","|-damage|p2a: サザンドラ|0 fnt","|faint|p2a: サザンドラ","|","|","|switch|p2a: ボーマンダ|Salamence, M|331/331","|turn|13","|","|switch|p1a: Volcin|Volcarona, M, shiny|120/311","|-damage|p1a: Volcin|0 fnt|[from] Stealth Rock","|faint|p1a: Volcin","|move|p2a: ボーマンダ|Aerial Ace|p1: Volcin|[notarget]","|-notarget","|","|","|switch|p1a: Snap SNip|Scizor, M, shiny|343/343","|-damage|p1a: Snap SNip|301/343|[from] Stealth Rock","|turn|14","|","|switch|p2a: ガブリアス|Garchomp, M|211/420","|move|p1a: Snap SNip|Swords Dance|p1a: Snap SNip","|-boost|p1a: Snap SNip|atk|2","|","|turn|15","|","|move|p1a: Snap SNip|Bullet Punch|p2a: ガブリアス","|-crit|p2a: ガブリアス","|-damage|p2a: ガブリアス|16/420","|-damage|p1a: Snap SNip|259/343|[from] ability: Rough Skin|[of] p2a: ガブリアス","|-damage|p1a: Snap SNip|202/343|[from] item: Rocky Helmet|[of] p2a: ガブリアス","|move|p2a: ガブリアス|Dragon Tail|p1a: Snap SNip|[miss]","|-miss|p2a: ガブリアス|p1a: Snap SNip","|","|turn|16","|","|move|p2a: ガブリアス|Endure|p2a: ガブリアス","|-singleturn|p2a: ガブリアス|move: Endure","|move|p1a: Snap SNip|Roost|p1a: Snap SNip","|-heal|p1a: Snap SNip|343/343","|","|turn|17","|","|move|p1a: Snap SNip|Bullet Punch|p2a: ガブリアス","|-damage|p2a: ガブリアス|0 fnt","|-damage|p1a: Snap SNip|301/343|[from] ability: Rough Skin|[of] p2a: ガブリアス","|-damage|p1a: Snap SNip|244/343|[from] item: Rocky Helmet|[of] p2a: ガブリアス","|faint|p2a: ガブリアス","|","|","|switch|p2a: ラティアス|Latias, F|364/364","|turn|18","|","|detailschange|p2a: ラティアス|Latias-Mega, F","|-mega|p2a: ラティアス|Latias|Latiasite","|move|p2a: ラティアス|Dragon Breath|p1a: Snap SNip","|-resisted|p1a: Snap SNip","|-damage|p1a: Snap SNip|189/343","|move|p1a: Snap SNip|U-turn|p2a: ラティアス","|-supereffective|p2a: ラティアス","|-damage|p2a: ラティアス|70/364","|","|switch|p1a: Pinch Pinch!!|Pinsir, M, shiny|333/333","|-damage|p1a: Pinch Pinch!!|250/333|[from] Stealth Rock","|","|turn|19","|","|detailschange|p1a: Pinch Pinch!!|Pinsir-Mega, M, shiny","|-mega|p1a: Pinch Pinch!!|Pinsir|Pinsirite","|move|p1a: Pinch Pinch!!|Quick Attack|p2a: ラティアス","|-damage|p2a: ラティアス|0 fnt","|faint|p2a: ラティアス","|","|","|switch|p2a: ボーマンダ|Salamence, M|331/331","|turn|20","|","|move|p2a: ボーマンダ|Outrage|p1a: Pinch Pinch!!","|-damage|p1a: Pinch Pinch!!|63/333","|move|p1a: Pinch Pinch!!|Return|p2a: ボーマンダ","|-damage|p2a: ボーマンダ|0 fnt","|faint|p2a: ボーマンダ","|","|","|switch|p2a: ラティオス|Latios, M|301/301","|turn|21","|","|move|p1a: Pinch Pinch!!|Quick Attack|p2a: ラティオス","|-damage|p2a: ラティオス|159/301","|move|p2a: ラティオス|Shadow Ball|p1a: Pinch Pinch!!","|-damage|p1a: Pinch Pinch!!|0 fnt","|faint|p1a: Pinch Pinch!!","|","|","|switch|p1a: Snap SNip|Scizor, M, shiny|189/343","|-damage|p1a: Snap SNip|147/343|[from] Stealth Rock","|turn|22","|","|move|p1a: Snap SNip|Bullet Punch|p2a: ラティオス","|-damage|p2a: ラティオス|45/301","|move|p2a: ラティオス|Shadow Ball|p1a: Snap SNip","|-damage|p1a: Snap SNip|30/343","|-unboost|p1a: Snap SNip|spd|1","|","|turn|23","|","|win|Bugy"],"p1rating":{"entryid":"7518182","serverid":"eos","formatid":"monotype","userid":"bugy","username":"Bugy","w":8,"l":"11","t":"0","gxe":44,"r":"1500","rd":"130","sigma":"0","rptime":"1439110800","rpr":1453.5995976831,"rprd":71.229000169297,"rpsigma":"0","acre":1113.0269060006,"lacre":1113.0269060006,"oldacre":"1083.8838463536"},"p2rating":{"entryid":"7509737","serverid":"eos","formatid":"monotype","userid":"multistripe","username":"Multistripe멀티 줄무늬","w":"4","l":2,"t":"0","gxe":57.1,"r":"1500","rd":"130","sigma":"0","rptime":"1439110800","rpr":1555.6086387178,"rprd":98.686259221994,"rpsigma":"0","acre":1079.2066976369,"lacre":1079.2066976369,"oldacre":"1105.7801830417"},"endType":"forfeit"}