{"seed":[54241,54094,60833,60395],"turns":30,"p1":"Inferno-Parabola","p2":"Guard Wanderer","p1team":[{"name":"Forretress","species":"Forretress","item":"rockyhelmet","ability":"Sturdy","moves":["rapidspin","stealthrock","spikes","toxicspikes"],"nature":"Bold","evs":{"hp":248,"atk":0,"def":252,"spa":0,"spd":8,"spe":0},"ivs":{"hp":31,"atk":31,"def":31,"spa":31,"spd":31,"spe":31}},{"name":"Ferrothorn","species":"Ferrothorn","item":"rockyhelmet","ability":"Iron Barbs","moves":["bulletseed","ironhead","knockoff","thunderwave"],"nature":"Adamant","evs":{"hp":248,"atk":252,"def":0,"spa":0,"spd":8,"spe":0},"ivs":{"hp":31,"atk":31,"def":31,"spa":31,"spd":31,"spe":31}},{"name":"Doublade","species":"Doublade","item":"eviolite","ability":"No Guard","moves":["swordsdance","nightslash","shadowsneak","sacredsword"],"nature":"Naughty","evs":{"hp":248,"atk":252,"def":0,"spa":8,"spd":0,"spe":0},"ivs":{"hp":31,"atk":31,"def":31,"spa":31,"spd":31,"spe":31}},{"name":"Metagross","species":"Metagross","item":"airballoon","ability":"Clear Body","moves":["psychup","earthquake","bulletpunch","thunderpunch"],"nature":"Adamant","evs":{"hp":248,"atk":252,"def":0,"spa":0,"spd":8,"spe":0},"ivs":{"hp":31,"atk":31,"def":31,"spa":31,"spd":31,"spe":31}},{"name":"Jirachi","species":"Jirachi","item":"choicescarf","ability":"Serene Grace","moves":["ironhead","drainpunch","moonblast","healingwish"],"nature":"Hasty","evs":{"hp":0,"atk":252,"def":0,"spa":4,"spd":0,"spe":252},"shiny":true,"ivs":{"hp":31,"atk":31,"def":31,"spa":31,"spd":31,"spe":31}},{"name":"Escavalier","species":"Escavalier","item":"lifeorb","ability":"Shell Armor","moves":["bugbuzz","drillrun","megahorn","knockoff"],"nature":"Lonely","evs":{"hp":248,"atk":252,"def":0,"spa":8,"spd":0,"spe":0},"ivs":{"hp":31,"atk":31,"def":31,"spa":31,"spd":31,"spe":31}}],"p2team":[{"name":"Weezing","species":"Weezing","item":"sitrusberry","ability":"Levitate","moves":["toxicspikes","willowisp","memento","thief"],"nature":"Careful","evs":{"hp":248,"atk":8,"def":0,"spa":0,"spd":252,"spe":0},"ivs":{"hp":31,"atk":31,"def":31,"spa":31,"spd":31,"spe":31}},{"name":"Tentacruel","species":"Tentacruel","item":"assaultvest","ability":"Liquid Ooze","moves":["scald","acidspray","gigadrain","hex"],"nature":"Timid","evs":{"hp":0,"atk":0,"def":4,"spa":252,"spd":0,"spe":252},"ivs":{"hp":31,"atk":31,"def":31,"spa":31,"spd":31,"spe":31}},{"name":"Skuntank","species":"Skuntank","item":"","ability":"Stench","moves":["snatch","thief","suckerpunch","poisonjab"],"nature":"Adamant","evs":{"hp":248,"atk":252,"def":0,"spa":0,"spd":8,"spe":0},"ivs":{"hp":31,"atk":31,"def":31,"spa":31,"spd":31,"spe":31}},{"name":"Crobat","species":"Crobat","item":"whiteherb","ability":"Infiltrator","moves":["curse","acrobatics","roost","hypnosis"],"nature":"Jolly","evs":{"hp":248,"atk":8,"def":0,"spa":0,"spd":0,"spe":252},"ivs":{"hp":31,"atk":31,"def":31,"spa":31,"spd":31,"spe":31}},{"name":"Gengar","species":"Gengar","item":"choicescarf","ability":"Levitate","moves":["trick","destinybond","venoshock","hex"],"nature":"Timid","evs":{"hp":0,"atk":0,"def":0,"spa":252,"spd":4,"spe":252},"ivs":{"hp":31,"atk":31,"def":31,"spa":31,"spd":31,"spe":31}},{"name":"Amoonguss","species":"Amoonguss","item":"blacksludge","ability":"Regenerator","moves":["spore","gigadrain","gastroacid","stunspore"],"nature":"Calm","evs":{"hp":248,"atk":0,"def":0,"spa":8,"spd":252,"spe":0},"shiny":true,"ivs":{"hp":31,"atk":31,"def":31,"spa":31,"spd":31,"spe":31}}],"log":["|player|p1|Inferno-Parabola|87","|player|p2|Guard Wanderer|235","|gametype|singles","|gen|6","|tier|Monotype","|rated","|rule|Baton Pass Clause: Limit one Baton Passer, can't pass Spe and other stats simultaneously","|rule|Swagger Clause: Swagger is banned","|rule|Same Type Clause: Pokémon in a team must share a type","|clearpoke","|poke|p1|Forretress, F","|poke|p1|Ferrothorn, M","|poke|p1|Doublade, M","|poke|p1|Metagross","|poke|p1|Jirachi, shiny","|poke|p1|Escavalier, F","|poke|p2|Weezing, F","|poke|p2|Tentacruel, F","|poke|p2|Skuntank, M","|poke|p2|Crobat, M","|poke|p2|Gengar, M","|poke|p2|Amoonguss, M, shiny","|rule|Sleep Clause Mod: Limit one foe put to sleep","|rule|Species Clause: Limit one of each Pokémon","|rule|OHKO Clause: OHKO moves are banned","|rule|Moody Clause: Moody is banned","|rule|Evasion Moves Clause: Evasion moves are banned","|rule|Endless Battle Clause: Forcing endless battles is banned","|rule|HP Percentage Mod: HP is shown in percentages","|teampreview","|","|start","|switch|p1a: Forretress|Forretress, F|353/353","|switch|p2a: Weezing|Weezing, F|333/333","|turn|1","|","|move|p2a: Weezing|Will-O-Wisp|p1a: Forretress","|-status|p1a: Forretress|brn","|move|p1a: Forretress|Stealth Rock|p2a: Weezing","|-sidestart|p2: Guard Wanderer|move: Stealth Rock","|","|-damage|p1a: Forretress|309/353 brn|[from] brn","|turn|2","|","|switch|p2a: Tentacruel|Tentacruel, F|301/301","|-damage|p2a: Tentacruel|264/301|[from] Stealth Rock","|move|p1a: Forretress|Spikes|p2a: Tentacruel","|-sidestart|p2: Guard Wanderer|Spikes","|","|-damage|p1a: Forretress|265/353 brn|[from] brn","|turn|3","|","|move|p2a: Tentacruel|Scald|p1a: Forretress","|-damage|p1a: Forretress|105/353 brn","|move|p1a: Forretress|Spikes|p2a: Tentacruel","|-sidestart|p2: Guard Wanderer|Spikes","|","|-damage|p1a: Forretress|61/353 brn|[from] brn","|turn|4","|","|switch|p2a: Gengar|Gengar, M|261/261","|-damage|p2a: Gengar|229/261|[from] Stealth Rock","|move|p1a: Forretress|Spikes|p2a: Gengar","|-sidestart|p2: Guard Wanderer|Spikes","|","|-damage|p1a: Forretress|17/353 brn|[from] brn","|turn|5","|","|switch|p1a: Metagross|Metagross|363/363","|-item|p1a: Metagross|Air Balloon","|move|p2a: Gengar|Hex|p1a: Metagross","|-supereffective|p1a: Metagross","|-damage|p1a: Metagross|115/363","|-enditem|p1a: Metagross|Air Balloon","|","|turn|6","|","|move|p2a: Gengar|Hex|p1a: Metagross","|-supereffective|p1a: Metagross","|-damage|p1a: Metagross|0 fnt","|faint|p1a: Metagross","|","|","|switch|p1a: Doublade|Doublade, M|321/321","|turn|7","|","|switch|p2a: Weezing|Weezing, F|333/333","|-damage|p2a: Weezing|292/333|[from] Stealth Rock","|move|p1a: Doublade|Shadow Sneak|p2a: Weezing","|-damage|p2a: Weezing|231/333","|","|turn|8","|","|move|p2a: Weezing|Will-O-Wisp|p1a: Doublade","|-status|p1a: Doublade|brn","|move|p1a: Doublade|Sacred Sword|p2a: Weezing","|-resisted|p2a: Weezing","|-damage|p2a: Weezing|207/333","|","|-damage|p1a: Doublade|281/321 brn|[from] brn","|turn|9","|","|move|p2a: Weezing|Thief|p1a: Doublade","|-supereffective|p1a: Doublade","|-damage|p1a: Doublade|235/321 brn","|move|p1a: Doublade|Night Slash|p2a: Weezing","|-damage|p2a: Weezing|170/333","|","|-damage|p1a: Doublade|195/321 brn|[from] brn","|turn|10","|","|move|p2a: Weezing|Thief|p1a: Doublade","|-crit|p1a: Doublade","|-supereffective|p1a: Doublade","|-damage|p1a: Doublade|131/321 brn","|move|p1a: Doublade|Swords Dance|p1a: Doublade","|-boost|p1a: Doublade|atk|2","|","|-damage|p1a: Doublade|91/321 brn|[from] brn","|turn|11","|","|move|p1a: Doublade|Shadow Sneak|p2a: Weezing","|-damage|p2a: Weezing|116/333","|-enditem|p2a: Weezing|Sitrus Berry|[eat]","|-heal|p2a: Weezing|199/333|[from] item: Sitrus Berry","|move|p2a: Weezing|Thief|p1a: Doublade","|-supereffective|p1a: Doublade","|-damage|p1a: Doublade|49/321 brn","|-item|p2a: Weezing|Eviolite|[from] move: Thief|[of] p1a: Doublade","|","|-damage|p1a: Doublade|9/321 brn|[from] brn","|turn|12","|","|move|p1a: Doublade|Shadow Sneak|p2a: Weezing","|-crit|p2a: Weezing","|-damage|p2a: Weezing|112/333","|move|p2a: Weezing|Thief|p1a: Doublade","|-supereffective|p1a: Doublade","|-damage|p1a: Doublade|0 fnt","|faint|p1a: Doublade","|","|","|switch|p1a: Jirachi|Jirachi, shiny|341/341","|turn|13","|","|move|p1a: Jirachi|Iron Head|p2a: Weezing","|-damage|p2a: Weezing|13/333","|cant|p2a: Weezing|flinch","|","|turn|14","|","|move|p1a: Jirachi|Iron Head|p2a: Weezing","|-damage|p2a: Weezing|0 fnt","|faint|p2a: Weezing","|","|","|switch|p2a: Tentacruel|Tentacruel, F|264/301","|-damage|p2a: Tentacruel|189/301|[from] Spikes","|-damage|p2a: Tentacruel|152/301|[from] Stealth Rock","|turn|15","|","|move|p1a: Jirachi|Iron Head|p2a: Tentacruel","|-resisted|p2a: Tentacruel","|-damage|p2a: Tentacruel|62/301","|move|p2a: Tentacruel|Scald|p1a: Jirachi","|-damage|p1a: Jirachi|236/341","|","|turn|16","|","|move|p1a: Jirachi|Iron Head|p2a: Tentacruel","|-resisted|p2a: Tentacruel","|-damage|p2a: Tentacruel|0 fnt","|faint|p2a: Tentacruel","|","|","|switch|p2a: Skuntank|Skuntank, M|409/409","|-damage|p2a: Skuntank|358/409|[from] Stealth Rock","|-damage|p2a: Skuntank|256/409|[from] Spikes","|turn|17","|","|move|p2a: Skuntank|Sucker Punch|p1a: Jirachi","|-supereffective|p1a: Jirachi","|-damage|p1a: Jirachi|0 fnt","|faint|p1a: Jirachi","|","|","|switch|p1a: Ferrothorn|Ferrothorn, M|351/351","|turn|18","|","|switch|p2a: Amoonguss|Amoonguss, M, shiny|431/431","|-damage|p2a: Amoonguss|324/431|[from] Spikes","|-damage|p2a: Amoonguss|271/431|[from] Stealth Rock","|move|p1a: Ferrothorn|Knock Off|p2a: Amoonguss","|-damage|p2a: Amoonguss|138/431","|-enditem|p2a: Amoonguss|Black Sludge|[from] move: Knock Off|[of] p1a: Ferrothorn","|","|turn|19","|","|move|p2a: Amoonguss|Gastro Acid|p1a: Ferrothorn","|-endability|p1a: Ferrothorn","|move|p1a: Ferrothorn|Bullet Seed|p2a: Amoonguss","|-resisted|p2a: Amoonguss","|-damage|p2a: Amoonguss|125/431","|-resisted|p2a: Amoonguss","|-damage|p2a: Amoonguss|113/431","|-resisted|p2a: Amoonguss","|-damage|p2a: Amoonguss|101/431","|-hitcount|p2a: Amoonguss|3","|","|turn|20","|","|switch|p2a: Crobat|Crobat, M|373/373","|-damage|p2a: Crobat|280/373|[from] Stealth Rock","|move|p1a: Ferrothorn|Iron Head|p2a: Crobat","|-damage|p2a: Crobat|126/373","|","|turn|21","|","|move|p2a: Crobat|Curse|p2a: Crobat","|-unboost|p2a: Crobat|spe|1","|-boost|p2a: Crobat|atk|1","|-boost|p2a: Crobat|def|1","|-enditem|p2a: Crobat|White Herb","|-restoreboost|p2a: Crobat|[silent]","|move|p1a: Ferrothorn|Iron Head|p2a: Crobat","|-damage|p2a: Crobat|30/373","|","|turn|22","|","|move|p2a: Crobat|Roost|p2a: Crobat","|-heal|p2a: Crobat|217/373","|move|p1a: Ferrothorn|Bullet Seed|p2a: Crobat","|-resisted|p2a: Crobat","|-damage|p2a: Crobat|202/373","|-resisted|p2a: Crobat","|-damage|p2a: Crobat|186/373","|-hitcount|p2a: Crobat|2","|","|turn|23","|","|move|p2a: Crobat|Hypnosis|p1a: Ferrothorn","|-status|p1a: Ferrothorn|slp","|cant|p1a: Ferrothorn|slp","|","|turn|24","|","|move|p2a: Crobat|Roost|p2a: Crobat","|-heal|p2a: Crobat|373/373","|cant|p1a: Ferrothorn|slp","|","|turn|25","|","|move|p2a: Crobat|Curse|p2a: Crobat","|-unboost|p2a: Crobat|spe|1","|-boost|p2a: Crobat|atk|1","|-boost|p2a: Crobat|def|1","|-curestatus|p1a: Ferrothorn|slp","|move|p1a: Ferrothorn|Knock Off|p2a: Crobat","|-damage|p2a: Crobat|335/373","|","|turn|26","|","|move|p2a: Crobat|Acrobatics|p1a: Ferrothorn","|-damage|p1a: Ferrothorn|159/351","|-damage|p2a: Crobat|273/373|[from] item: Rocky Helmet|[of] p1a: Ferrothorn","|move|p1a: Ferrothorn|Thunder Wave|p2a: Crobat","|-status|p2a: Crobat|par","|","|turn|27","|","|move|p1a: Ferrothorn|Iron Head|p2a: Crobat","|-damage|p2a: Crobat|201/373 par","|move|p2a: Crobat|Acrobatics|p1a: Ferrothorn","|-damage|p1a: Ferrothorn|0 fnt","|-damage|p2a: Crobat|139/373 par|[from] item: Rocky Helmet|[of] p1a: Ferrothorn","|faint|p1a: Ferrothorn","|","|","|switch|p1a: Escavalier|Escavalier, F|343/343","|turn|28","|","|move|p1a: Escavalier|Drill Run|p2a: Crobat","|-immune|p2a: Crobat|[msg]","|move|p2a: Crobat|Acrobatics|p1a: Escavalier","|-damage|p1a: Escavalier|103/343","|","|turn|29","|","|move|p1a: Escavalier|Megahorn|p2a: Crobat","|-resisted|p2a: Crobat","|-damage|p2a: Crobat|92/373 par","|-damage|p1a: Escavalier|69/343|[from] item: Life Orb","|move|p2a: Crobat|Acrobatics|p1a: Escavalier","|-damage|p1a: Escavalier|0 fnt","|faint|p1a: Escavalier","|","|","|switch|p1a: Forretress|Forretress, F|17/353 brn","|turn|30","|","|move|p1a: Forretress|Spikes|p2a: Crobat","|-fail|p2a: Crobat","|move|p2a: Crobat|Roost|p2a: Crobat","|-heal|p2a: Crobat|279/373 par","|","|-damage|p1a: Forretress|0 fnt|[from] brn","|faint|p1a: Forretress","|","|win|Guard Wanderer"],"p1rating":{"entryid":7510787,"formatid":"monotype","userid":"infernoparabola","username":"Inferno-Parabola","r":1500,"rd":130,"sigma":0,"rpr":1451.3283266319,"rprd":121.95624224934,"rpsigma":0,"rptime":1439110800,"w":0,"l":1,"t":0,"gxe":43.9,"acre":1000,"lacre":1000,"oldacre":1000},"p2rating":{"entryid":"6731189","serverid":"eos","formatid":"monotype","userid":"guardwanderer","username":"Guard Wanderer","w":104,"l":"131","t":"0","gxe":44,"r":"1450.5279060951","rd":"26.439895949104","sigma":"0","rptime":"1439110800","rpr":1454.6942061244,"rprd":26.3122214545,"rpsigma":"0","acre":1157.4465804885,"lacre":1157.4465804885,"oldacre":"1142.1395069625"},"endType":"normal"}