{"seed":[28083,26123,54721,41364],"turns":19,"p1":"Inferno Sapphire","p2":"GTX Lynxice","p1team":[{"name":"Breloom","species":"Breloom","item":"focussash","ability":"Technician","moves":["spore","bulletseed","machpunch","swordsdance"],"nature":"Jolly","evs":{"hp":0,"atk":252,"def":0,"spa":0,"spd":4,"spe":252},"ivs":{"hp":31,"atk":31,"def":31,"spa":31,"spd":31,"spe":31}},{"name":"Ferrothorn","species":"Ferrothorn","item":"leftovers","ability":"Iron Barbs","moves":["stealthrock","leechseed","gyroball","powerwhip"],"nature":"Relaxed","evs":{"hp":252,"atk":4,"def":84,"spa":0,"spd":168,"spe":0},"ivs":{"hp":31,"atk":31,"def":31,"spa":31,"spd":31,"spe":0}},{"name":"Roserade","species":"Roserade","item":"blacksludge","ability":"Natural Cure","moves":["synthesis","toxicspikes","gigadrain","sludgebomb"],"nature":"Calm","evs":{"hp":240,"atk":0,"def":0,"spa":4,"spd":252,"spe":12},"ivs":{"hp":31,"atk":31,"def":31,"spa":31,"spd":31,"spe":31}},{"name":"Venusaur","species":"Venusaur","item":"venusaurite","ability":"Chlorophyll","moves":["gigadrain","sludgebomb","hiddenpowerfire","synthesis"],"nature":"Modest","evs":{"hp":232,"atk":0,"def":0,"spa":252,"spd":4,"spe":20},"ivs":{"hp":31,"atk":30,"def":31,"spa":30,"spd":31,"spe":30}},{"name":"Celebi","species":"Celebi","item":"leftovers","ability":"Natural Cure","moves":["nastyplot","gigadrain","psychic","earthpower"],"nature":"Bold","evs":{"hp":252,"atk":0,"def":148,"spa":0,"spd":0,"spe":108},"ivs":{"hp":31,"atk":31,"def":31,"spa":31,"spd":31,"spe":31}},{"name":"Gourgeist-Super","species":"Gourgeist-Super","item":"leftovers","ability":"Frisk","moves":["phantomforce","willowisp","leechseed","protect"],"nature":"Careful","evs":{"hp":252,"atk":4,"def":0,"spa":0,"spd":252,"spe":0},"ivs":{"hp":31,"atk":31,"def":31,"spa":31,"spd":31,"spe":31}}],"p2team":[{"name":"W5 Swampert","species":"swampert","item":"focussash","ability":"Torrent","moves":["protect","counter","mirrorcoat","waterfall"],"nature":"Jolly","evs":{"hp":0,"atk":252,"def":0,"spa":0,"spd":0,"spe":248},"ivs":{"hp":31,"atk":31,"def":31,"spa":31,"spd":31,"spe":31}},{"name":"W3 Cloyster","species":"cloyster","item":"focussash","ability":"Skill Link","moves":["rockblast","iciclespear","rapidspin","shellsmash"],"nature":"Naive","evs":{"hp":0,"atk":252,"def":0,"spa":0,"spd":0,"spe":252},"ivs":{"hp":31,"atk":31,"def":31,"spa":31,"spd":31,"spe":31}},{"name":"W1 Milotic","species":"milotic","item":"wacanberry","ability":"Marvel Scale","moves":["recover","hypnosis","surf","icebeam"],"nature":"Timid","evs":{"hp":252,"atk":0,"def":252,"spa":0,"spd":0,"spe":4},"ivs":{"hp":31,"atk":31,"def":31,"spa":31,"spd":31,"spe":31}},{"name":"W2 Lanturn","species":"lanturn","item":"leftovers","ability":"Volt Absorb","moves":["thunderbolt","toxic","healbell","scald"],"nature":"","evs":{"hp":252,"atk":0,"def":0,"spa":252,"spd":0,"spe":4},"ivs":{"hp":31,"atk":31,"def":31,"spa":31,"spd":31,"spe":31}},{"name":"W5 Azumarill","species":"azumarill","item":"leftovers","ability":"Sap Sipper","moves":["icepunch","waterfall","aquajet","playrough"],"nature":"Adamant","evs":{"hp":252,"atk":252,"def":0,"spa":0,"spd":0,"spe":0},"ivs":{"hp":31,"atk":31,"def":31,"spa":31,"spd":31,"spe":31}},{"name":"Jellicent","species":"Jellicent","item":"airballoon","ability":"Cursed Body","moves":["confuseray","nightshade","energyball","recover"],"nature":"Bold","evs":{"hp":4,"atk":0,"def":252,"spa":0,"spd":252,"spe":0},"ivs":{"hp":31,"atk":31,"def":31,"spa":31,"spd":31,"spe":31}}],"log":["|player|p1|Inferno Sapphire|194","|player|p2|GTX Lynxice|281","|gametype|singles","|gen|6","|tier|Monotype","|rated","|rule|Baton Pass Clause: Limit one Baton Passer, can't pass Spe and other stats simultaneously","|rule|Swagger Clause: Swagger is banned","|rule|Same Type Clause: Pokémon in a team must share a type","|clearpoke","|poke|p1|Breloom, F","|poke|p1|Ferrothorn, F","|poke|p1|Roserade, M","|poke|p1|Venusaur, F","|poke|p1|Celebi","|poke|p1|Gourgeist-*, M","|poke|p2|Swampert, M","|poke|p2|Cloyster, M","|poke|p2|Milotic, F","|poke|p2|Lanturn, F","|poke|p2|Azumarill, M","|poke|p2|Jellicent, M","|rule|Sleep Clause Mod: Limit one foe put to sleep","|rule|Species Clause: Limit one of each Pokémon","|rule|OHKO Clause: OHKO moves are banned","|rule|Moody Clause: Moody is banned","|rule|Evasion Moves Clause: Evasion moves are banned","|rule|Endless Battle Clause: Forcing endless battles is banned","|rule|HP Percentage Mod: HP is shown in percentages","|teampreview","|","|start","|switch|p1a: Gourgeist-Super|Gourgeist-Super, M|374/374","|switch|p2a: W1 Milotic|Milotic, F|394/394","|-item|p2a: W1 Milotic|Wacan Berry|[from] ability: Frisk|[of] p1a: Gourgeist-Super|[identify]","|turn|1","|","|move|p2a: W1 Milotic|Hypnosis|p1a: Gourgeist-Super|[miss]","|-miss|p2a: W1 Milotic|p1a: Gourgeist-Super","|move|p1a: Gourgeist-Super|Leech Seed|p2a: W1 Milotic|[miss]","|-miss|p1a: Gourgeist-Super|p2a: W1 Milotic","|","|turn|2","|","|switch|p2a: W5 Azumarill|Azumarill, M|404/404","|move|p1a: Gourgeist-Super|Leech Seed|p2a: W5 Azumarill","|-boost|p2a: W5 Azumarill|atk|1|[from] ability: Sap Sipper","|","|turn|3","|","|move|p1a: Gourgeist-Super|Will-O-Wisp|p2a: W5 Azumarill","|-status|p2a: W5 Azumarill|brn","|move|p2a: W5 Azumarill|Ice Punch|p1a: Gourgeist-Super","|-supereffective|p1a: Gourgeist-Super","|-damage|p1a: Gourgeist-Super|305/374","|","|-heal|p1a: Gourgeist-Super|328/374|[from] item: Leftovers","|-damage|p2a: W5 Azumarill|354/404 brn|[from] brn","|turn|4","|","|move|p1a: Gourgeist-Super|Phantom Force|p2a: W5 Azumarill|[still]","|-prepare|p1a: Gourgeist-Super|Phantom Force|p2a: W5 Azumarill","|move|p2a: W5 Azumarill|Play Rough|p1a: Gourgeist-Super|[miss]","|-miss|p2a: W5 Azumarill|p1a: Gourgeist-Super","|","|-heal|p1a: Gourgeist-Super|351/374|[from] item: Leftovers","|-heal|p2a: W5 Azumarill|379/404 brn|[from] item: Leftovers","|-damage|p2a: W5 Azumarill|329/404 brn|[from] brn","|turn|5","|","|move|p1a: Gourgeist-Super|Phantom Force|p2a: W5 Azumarill|[from]lockedmove","|-damage|p2a: W5 Azumarill|205/404 brn","|move|p2a: W5 Azumarill|Play Rough|p1a: Gourgeist-Super","|-damage|p1a: Gourgeist-Super|288/374","|","|-heal|p1a: Gourgeist-Super|311/374|[from] item: Leftovers","|-heal|p2a: W5 Azumarill|230/404 brn|[from] item: Leftovers","|-damage|p2a: W5 Azumarill|180/404 brn|[from] brn","|turn|6","|","|switch|p2a: W1 Milotic|Milotic, F|394/394","|move|p1a: Gourgeist-Super|Phantom Force|p2a: W1 Milotic|[still]","|-prepare|p1a: Gourgeist-Super|Phantom Force|p2a: W1 Milotic","|","|-heal|p1a: Gourgeist-Super|334/374|[from] item: Leftovers","|turn|7","|","|move|p2a: W1 Milotic|Hypnosis|p1a: Gourgeist-Super|[miss]","|-miss|p2a: W1 Milotic|p1a: Gourgeist-Super","|move|p1a: Gourgeist-Super|Phantom Force|p2a: W1 Milotic|[from]lockedmove","|-damage|p2a: W1 Milotic|291/394","|","|-heal|p1a: Gourgeist-Super|357/374|[from] item: Leftovers","|turn|8","|","|move|p1a: Gourgeist-Super|Protect|p1a: Gourgeist-Super","|-singleturn|p1a: Gourgeist-Super|Protect","|move|p2a: W1 Milotic|Hypnosis|p1a: Gourgeist-Super","|-activate|p1a: Gourgeist-Super|Protect","|","|-heal|p1a: Gourgeist-Super|374/374|[from] item: Leftovers","|turn|9","|","|switch|p1a: Ferrothorn|Ferrothorn, F|352/352","|move|p2a: W1 Milotic|Hypnosis|p1a: Ferrothorn|[miss]","|-miss|p2a: W1 Milotic|p1a: Ferrothorn","|","|turn|10","|","|move|p2a: W1 Milotic|Hypnosis|p1a: Ferrothorn","|-status|p1a: Ferrothorn|slp","|cant|p1a: Ferrothorn|slp","|","|turn|11","|","|switch|p2a: W3 Cloyster|Cloyster, M|241/241","|switch|p1a: Gourgeist-Super|Gourgeist-Super, M|374/374","|-item|p2a: W3 Cloyster|Focus Sash|[from] ability: Frisk|[of] p1a: Gourgeist-Super|[identify]","|","|turn|12","|","|move|p2a: W3 Cloyster|Shell Smash|p2a: W3 Cloyster","|-unboost|p2a: W3 Cloyster|def|1","|-unboost|p2a: W3 Cloyster|spd|1","|-boost|p2a: W3 Cloyster|atk|2","|-boost|p2a: W3 Cloyster|spa|2","|-boost|p2a: W3 Cloyster|spe|2","|move|p1a: Gourgeist-Super|Will-O-Wisp|p2a: W3 Cloyster","|-status|p2a: W3 Cloyster|brn","|","|-damage|p2a: W3 Cloyster|211/241 brn|[from] brn","|turn|13","|","|switch|p1a: Ferrothorn|Ferrothorn, F|352/352 slp","|move|p2a: W3 Cloyster|Icicle Spear|p1a: Ferrothorn","|-damage|p1a: Ferrothorn|329/352 slp","|-damage|p1a: Ferrothorn|305/352 slp","|-damage|p1a: Ferrothorn|281/352 slp","|-damage|p1a: Ferrothorn|257/352 slp","|-damage|p1a: Ferrothorn|234/352 slp","|-hitcount|p1a: Ferrothorn|5","|","|-heal|p1a: Ferrothorn|256/352 slp|[from] item: Leftovers","|-damage|p2a: W3 Cloyster|181/241 brn|[from] brn","|turn|14","|","|move|p2a: W3 Cloyster|Shell Smash|p2a: W3 Cloyster","|-unboost|p2a: W3 Cloyster|def|1","|-unboost|p2a: W3 Cloyster|spd|1","|-boost|p2a: W3 Cloyster|atk|2","|-boost|p2a: W3 Cloyster|spa|2","|-boost|p2a: W3 Cloyster|spe|2","|cant|p1a: Ferrothorn|slp","|","|-heal|p1a: Ferrothorn|278/352 slp|[from] item: Leftovers","|-damage|p2a: W3 Cloyster|151/241 brn|[from] brn","|turn|15","|","|move|p2a: W3 Cloyster|Icicle Spear|p1a: Ferrothorn","|-damage|p1a: Ferrothorn|240/352 slp","|-damage|p1a: Ferrothorn|201/352 slp","|-damage|p1a: Ferrothorn|165/352 slp","|-damage|p1a: Ferrothorn|132/352 slp","|-damage|p1a: Ferrothorn|96/352 slp","|-hitcount|p1a: Ferrothorn|5","|-curestatus|p1a: Ferrothorn|slp","|move|p1a: Ferrothorn|Gyro Ball|p2a: W3 Cloyster","|-damage|p2a: W3 Cloyster|0 fnt","|faint|p2a: W3 Cloyster","|","|-heal|p1a: Ferrothorn|118/352|[from] item: Leftovers","|","|switch|p2a: Jellicent|Jellicent, M|342/342","|-item|p2a: Jellicent|Air Balloon","|turn|16","|","|move|p2a: Jellicent|Confuse Ray|p1a: Ferrothorn","|-start|p1a: Ferrothorn|confusion","|-activate|p1a: Ferrothorn|confusion","|-damage|p1a: Ferrothorn|95/352|[from] confusion","|","|-heal|p1a: Ferrothorn|117/352|[from] item: Leftovers","|turn|17","|","|switch|p1a: Roserade|Roserade, M|321/321","|move|p2a: Jellicent|Night Shade|p1a: Roserade","|-damage|p1a: Roserade|221/321","|","|-heal|p1a: Roserade|241/321|[from] item: Black Sludge","|turn|18","|","|move|p1a: Roserade|Giga Drain|p2a: Jellicent","|-supereffective|p2a: Jellicent","|-damage|p2a: Jellicent|172/342","|-heal|p1a: Roserade|321/321|[from] drain|[of] p2a: Jellicent","|-enditem|p2a: Jellicent|Air Balloon","|move|p2a: Jellicent|Confuse Ray|p1a: Roserade","|-start|p1a: Roserade|confusion","|","|turn|19","|","|-activate|p1a: Roserade|confusion","|move|p1a: Roserade|Giga Drain|p2a: Jellicent","|-supereffective|p2a: Jellicent","|-damage|p2a: Jellicent|0 fnt","|faint|p2a: Jellicent","|","|","|win|Inferno Sapphire"],"p1rating":{"entryid":"7502993","serverid":"eos","formatid":"monotype","userid":"infernosapphire","username":"Inferno Sapphire","w":3,"l":"1","t":"0","gxe":56.4,"r":"1500","rd":"130","sigma":"0","rptime":"1439024400","rpr":1550.3302510229,"rprd":107.13228791756,"rpsigma":"0","acre":1098.0782149763,"lacre":1098.0782149763,"oldacre":"1072.211736724"},"p2rating":{"entryid":"7503497","serverid":"eos","formatid":"monotype","userid":"gtxlynxice","username":"GTX Lynxice","w":"1","l":2,"t":"0","gxe":44.3,"r":"1500","rd":"130","sigma":"0","rptime":"1439024400","rpr":1455.067269273,"rprd":111.76908669823,"rpsigma":"0","acre":1019.4941144366,"lacre":1019.4941144366,"oldacre":"1032.7137386058"},"endType":"forfeit"}