{"seed":[53048,21396,61659,5960],"turns":31,"p1":"Cryѕtal Cash","p2":"Traine✘ Sebastian","p1team":[{"name":"Azumarill","species":"Azumarill","item":"assaultvest","ability":"Huge Power","moves":["poweruppunch","aquajet","playrough","waterfall"],"nature":"Adamant","evs":{"hp":248,"atk":252,"def":0,"spa":0,"spd":8,"spe":0},"gender":"F","shiny":true,"ivs":{"hp":31,"atk":31,"def":31,"spa":31,"spd":31,"spe":31}},{"name":"Sylveon","species":"Sylveon","item":"choicespecs","ability":"Pixilate","moves":["hypervoice","shadowball","hiddenpowerfire","psyshock"],"nature":"Modest","evs":{"hp":240,"atk":0,"def":0,"spa":252,"spd":0,"spe":16},"gender":"F","ivs":{"hp":31,"atk":30,"def":31,"spa":30,"spd":31,"spe":30},"shiny":true},{"name":"Klefki","species":"Klefki","item":"lightclay","ability":"Prankster","moves":["reflect","lightscreen","thunderwave","foulplay"],"nature":"Bold","evs":{"hp":248,"atk":0,"def":252,"spa":0,"spd":8,"spe":0},"gender":"F","shiny":true,"ivs":{"hp":31,"atk":31,"def":31,"spa":31,"spd":31,"spe":31}},{"name":"Toge Kiss Deez Nut","species":"togekiss","item":"leftovers","ability":"Serene Grace","moves":["thunderwave","airslash","nastyplot","roost"],"nature":"Modest","evs":{"hp":0,"atk":0,"def":4,"spa":252,"spd":0,"spe":252},"gender":"F","shiny":true,"ivs":{"hp":31,"atk":31,"def":31,"spa":31,"spd":31,"spe":31}},{"name":"Granbull","species":"Granbull","item":"leftovers","ability":"Intimidate","moves":["playrough","healbell","earthquake","thunderwave"],"nature":"Relaxed","evs":{"hp":4,"atk":252,"def":252,"spa":0,"spd":0,"spe":0},"gender":"F","shiny":true,"ivs":{"hp":31,"atk":31,"def":31,"spa":31,"spd":31,"spe":31}},{"name":"Gardevoir","species":"Gardevoir","item":"gardevoirite","ability":"Synchronize","moves":["hypervoice","thunderbolt","energyball","moonblast"],"nature":"Timid","evs":{"hp":0,"atk":0,"def":0,"spa":252,"spd":4,"spe":252},"gender":"F","shiny":true,"ivs":{"hp":31,"atk":31,"def":31,"spa":31,"spd":31,"spe":31}}],"p2team":[{"name":"Honeydew","species":"swampert","item":"swampertite","ability":"Damp","moves":["rest","curse","earthquake","icepunch"],"nature":"Careful","evs":{"hp":248,"atk":8,"def":0,"spa":0,"spd":252,"spe":0},"gender":"M","ivs":{"hp":31,"atk":31,"def":31,"spa":31,"spd":31,"spe":31}},{"name":"Politoed","species":"Politoed","item":"leftovers","ability":"Drizzle","moves":["scald","toxic","protect","icebeam"],"nature":"Bold","evs":{"hp":252,"atk":0,"def":252,"spa":4,"spd":0,"spe":0},"gender":"F","shiny":true,"ivs":{"hp":31,"atk":31,"def":31,"spa":31,"spd":31,"spe":31}},{"name":"Tentacruel","species":"Tentacruel","item":"blacksludge","ability":"Clear Body","moves":["scald","toxicspikes","rapidspin","sludgebomb"],"nature":"Timid","evs":{"hp":0,"atk":0,"def":0,"spa":252,"spd":4,"spe":252},"gender":"M","ivs":{"hp":31,"atk":31,"def":31,"spa":31,"spd":31,"spe":31}},{"name":"Keldeo-Resolute","species":"Keldeo-Resolute","item":"expertbelt","ability":"Justified","moves":["secretsword","scald","icywind","hydropump"],"nature":"Timid","evs":{"hp":0,"atk":0,"def":0,"spa":252,"spd":4,"spe":252},"ivs":{"hp":31,"atk":31,"def":31,"spa":31,"spd":31,"spe":31}},{"name":"Water Doge","species":"suicune","item":"leftovers","ability":"Pressure","moves":["calmmind","rest","scald","sleeptalk"],"nature":"Bold","evs":{"hp":252,"atk":0,"def":252,"spa":0,"spd":4,"spe":0},"shiny":true,"ivs":{"hp":31,"atk":31,"def":31,"spa":31,"spd":31,"spe":31}},{"name":"Starmie","species":"Starmie","item":"choicespecs","ability":"Analytic","moves":["psychic","thunderbolt","icebeam","dazzlinggleam"],"nature":"Timid","evs":{"hp":0,"atk":0,"def":0,"spa":252,"spd":4,"spe":252},"shiny":true,"ivs":{"hp":31,"atk":31,"def":31,"spa":31,"spd":31,"spe":31}}],"log":["|player|p1|Cryѕtal Cash|158","|player|p2|Traine✘ Sebastian|161","|gametype|singles","|gen|6","|tier|Monotype","|rated","|rule|Baton Pass Clause: Limit one Baton Passer, can't pass Spe and other stats simultaneously","|rule|Swagger Clause: Swagger is banned","|rule|Same Type Clause: Pokémon in a team must share a type","|clearpoke","|poke|p1|Azumarill, F, shiny","|poke|p1|Sylveon, F, shiny","|poke|p1|Klefki, F, shiny","|poke|p1|Togekiss, F, shiny","|poke|p1|Granbull, F, shiny","|poke|p1|Gardevoir, F, shiny","|poke|p2|Swampert, M","|poke|p2|Politoed, F, shiny","|poke|p2|Tentacruel, M","|poke|p2|Keldeo-Resolute","|poke|p2|Suicune, shiny","|poke|p2|Starmie, shiny","|rule|Sleep Clause Mod: Limit one foe put to sleep","|rule|Species Clause: Limit one of each Pokémon","|rule|OHKO Clause: OHKO moves are banned","|rule|Moody Clause: Moody is banned","|rule|Evasion Moves Clause: Evasion moves are banned","|rule|Endless Battle Clause: Forcing endless battles is banned","|rule|HP Percentage Mod: HP is shown in percentages","|teampreview","|","|start","|switch|p1a: Gardevoir|Gardevoir, F, shiny|277/277","|switch|p2a: Politoed|Politoed, F, shiny|384/384","|-weather|RainDance","|turn|1","|","|detailschange|p1a: Gardevoir|Gardevoir-Mega, F, shiny","|-mega|p1a: Gardevoir|Gardevoir|Gardevoirite","|move|p1a: Gardevoir|Energy Ball|p2a: Politoed","|-supereffective|p2a: Politoed","|-damage|p2a: Politoed|110/384","|move|p2a: Politoed|Toxic|p1a: Gardevoir","|-status|p1a: Gardevoir|tox","|","|-weather|RainDance|[upkeep]","|-heal|p2a: Politoed|134/384|[from] item: Leftovers","|-damage|p1a: Gardevoir|260/277 tox|[from] psn","|turn|2","|","|move|p2a: Politoed|Protect|p2a: Politoed","|-singleturn|p2a: Politoed|Protect","|move|p1a: Gardevoir|Energy Ball|p2a: Politoed","|-activate|p2a: Politoed|Protect","|","|-weather|RainDance|[upkeep]","|-heal|p2a: Politoed|158/384|[from] item: Leftovers","|-damage|p1a: Gardevoir|226/277 tox|[from] psn","|turn|3","|","|switch|p2a: Water Doge|Suicune, shiny|404/404","|-ability|p2a: Water Doge|Pressure","|move|p1a: Gardevoir|Energy Ball|p2a: Water Doge","|-supereffective|p2a: Water Doge","|-damage|p2a: Water Doge|174/404","|","|-weather|RainDance|[upkeep]","|-heal|p2a: Water Doge|199/404|[from] item: Leftovers","|-damage|p1a: Gardevoir|175/277 tox|[from] psn","|turn|4","|","|move|p1a: Gardevoir|Energy Ball|p2a: Water Doge","|-supereffective|p2a: Water Doge","|-damage|p2a: Water Doge|0 fnt","|faint|p2a: Water Doge","|","|-weather|RainDance|[upkeep]","|-damage|p1a: Gardevoir|107/277 tox|[from] psn","|","|switch|p2a: Starmie|Starmie, shiny|261/261","|turn|5","|","|move|p2a: Starmie|Psychic|p1a: Gardevoir","|-resisted|p1a: Gardevoir","|-damage|p1a: Gardevoir|29/277 tox","|move|p1a: Gardevoir|Energy Ball|p2a: Starmie","|-supereffective|p2a: Starmie","|-damage|p2a: Starmie|0 fnt","|faint|p2a: Starmie","|","|-weather|none","|-damage|p1a: Gardevoir|0 fnt|[from] psn","|faint|p1a: Gardevoir","|","|switch|p2a: Tentacruel|Tentacruel, M|301/301","|switch|p1a: Azumarill|Azumarill, F, shiny|403/403","|turn|6","|","|move|p2a: Tentacruel|Sludge Bomb|p1a: Azumarill","|-supereffective|p1a: Azumarill","|-damage|p1a: Azumarill|235/403","|-status|p1a: Azumarill|psn","|move|p1a: Azumarill|Power-Up Punch|p2a: Tentacruel","|-resisted|p2a: Tentacruel","|-damage|p2a: Tentacruel|259/301","|-boost|p1a: Azumarill|atk|1","|","|-heal|p2a: Tentacruel|277/301|[from] item: Black Sludge","|-damage|p1a: Azumarill|185/403 psn|[from] psn","|turn|7","|","|move|p2a: Tentacruel|Sludge Bomb|p1a: Azumarill","|-supereffective|p1a: Azumarill","|-damage|p1a: Azumarill|0 fnt","|faint|p1a: Azumarill","|","|-heal|p2a: Tentacruel|295/301|[from] item: Black Sludge","|","|switch|p1a: Klefki|Klefki, F, shiny|317/317","|turn|8","|","|move|p1a: Klefki|Light Screen|p1a: Klefki","|-sidestart|p1: Cryѕtal Cash|move: Light Screen","|move|p2a: Tentacruel|Scald|p1a: Klefki","|-damage|p1a: Klefki|264/317","|","|-heal|p2a: Tentacruel|301/301|[from] item: Black Sludge","|turn|9","|","|move|p1a: Klefki|Thunder Wave|p2a: Tentacruel","|-status|p2a: Tentacruel|par","|move|p2a: Tentacruel|Toxic Spikes|p1a: Klefki","|-sidestart|p1: Cryѕtal Cash|move: Toxic Spikes","|","|turn|10","|","|switch|p1a: Toge Kiss Deez Nut|Togekiss, F, shiny|311/311","|move|p2a: Tentacruel|Toxic Spikes|p1a: Toge Kiss Deez Nut","|-sidestart|p1: Cryѕtal Cash|move: Toxic Spikes","|","|turn|11","|","|move|p1a: Toge Kiss Deez Nut|Nasty Plot|p1a: Toge Kiss Deez Nut","|-boost|p1a: Toge Kiss Deez Nut|spa|2","|cant|p2a: Tentacruel|par","|","|turn|12","|","|move|p1a: Toge Kiss Deez Nut|Air Slash|p2a: Tentacruel","|-crit|p2a: Tentacruel","|-damage|p2a: Tentacruel|0 fnt","|faint|p2a: Tentacruel","|","|","|switch|p2a: Politoed|Politoed, F, shiny|158/384","|-weather|RainDance","|turn|13","|","|move|p1a: Toge Kiss Deez Nut|Air Slash|p2a: Politoed","|-damage|p2a: Politoed|0 fnt","|faint|p2a: Politoed","|","|-weather|RainDance|[upkeep]","|","|switch|p2a: Honeydew|Swampert, M|403/403","|turn|14","|","|detailschange|p2a: Honeydew|Swampert-Mega, M","|-mega|p2a: Honeydew|Swampert|Swampertite","|move|p1a: Toge Kiss Deez Nut|Air Slash|p2a: Honeydew","|-damage|p2a: Honeydew|211/403","|cant|p2a: Honeydew|flinch","|","|-weather|RainDance|[upkeep]","|turn|15","|","|move|p2a: Honeydew|Ice Punch|p1a: Toge Kiss Deez Nut","|-supereffective|p1a: Toge Kiss Deez Nut","|-damage|p1a: Toge Kiss Deez Nut|139/311","|move|p1a: Toge Kiss Deez Nut|Air Slash|p2a: Honeydew","|-damage|p2a: Honeydew|28/403","|","|-weather|RainDance|[upkeep]","|-heal|p1a: Toge Kiss Deez Nut|158/311|[from] item: Leftovers","|-sideend|p1: Cryѕtal Cash|move: Light Screen","|turn|16","|","|move|p2a: Honeydew|Ice Punch|p1a: Toge Kiss Deez Nut","|-supereffective|p1a: Toge Kiss Deez Nut","|-damage|p1a: Toge Kiss Deez Nut|0 fnt","|faint|p1a: Toge Kiss Deez Nut","|","|-weather|RainDance|[upkeep]","|","|switch|p1a: Granbull|Granbull, F, shiny|322/322","|-status|p1a: Granbull|tox","|-ability|p1a: Granbull|Intimidate","|-unboost|p2a: Honeydew|atk|1","|turn|17","|","|move|p2a: Honeydew|Earthquake|p1a: Granbull","|-damage|p1a: Granbull|231/322 tox","|move|p1a: Granbull|Heal Bell|p1a: Granbull","|-cureteam|p1a: Granbull|[from] move: HealBell","|","|-weather|none","|-heal|p1a: Granbull|251/322|[from] item: Leftovers","|turn|18","|","|move|p2a: Honeydew|Rest|p2a: Honeydew","|-status|p2a: Honeydew|slp","|-heal|p2a: Honeydew|403/403 slp|[silent]","|-status|p2a: Honeydew|slp|[from] move: Rest","|move|p1a: Granbull|Earthquake|p2a: Honeydew","|-damage|p2a: Honeydew|294/403 slp","|","|-heal|p1a: Granbull|271/322|[from] item: Leftovers","|turn|19","|","|cant|p2a: Honeydew|slp","|move|p1a: Granbull|Play Rough|p2a: Honeydew","|-damage|p2a: Honeydew|146/403 slp","|","|-heal|p1a: Granbull|291/322|[from] item: Leftovers","|turn|20","|","|cant|p2a: Honeydew|slp","|move|p1a: Granbull|Play Rough|p2a: Honeydew","|-damage|p2a: Honeydew|14/403 slp","|","|-heal|p1a: Granbull|311/322|[from] item: Leftovers","|turn|21","|","|-curestatus|p2a: Honeydew|slp","|move|p2a: Honeydew|Rest|p2a: Honeydew","|-status|p2a: Honeydew|slp","|-heal|p2a: Honeydew|403/403 slp|[silent]","|-status|p2a: Honeydew|slp|[from] move: Rest","|move|p1a: Granbull|Earthquake|p2a: Honeydew","|-damage|p2a: Honeydew|293/403 slp","|","|-heal|p1a: Granbull|322/322|[from] item: Leftovers","|turn|22","|","|cant|p2a: Honeydew|slp","|move|p1a: Granbull|Play Rough|p2a: Honeydew","|-damage|p2a: Honeydew|152/403 slp","|","|turn|23","|","|cant|p2a: Honeydew|slp","|move|p1a: Granbull|Play Rough|p2a: Honeydew","|-damage|p2a: Honeydew|19/403 slp","|","|turn|24","|","|-curestatus|p2a: Honeydew|slp","|move|p2a: Honeydew|Rest|p2a: Honeydew","|-status|p2a: Honeydew|slp","|-heal|p2a: Honeydew|403/403 slp|[silent]","|-status|p2a: Honeydew|slp|[from] move: Rest","|move|p1a: Granbull|Play Rough|p2a: Honeydew|[miss]","|-miss|p1a: Granbull|p2a: Honeydew","|","|turn|25","|","|switch|p1a: Sylveon|Sylveon, F, shiny|391/391","|-status|p1a: Sylveon|tox","|cant|p2a: Honeydew|slp","|","|-damage|p1a: Sylveon|367/391 tox|[from] psn","|turn|26","|","|cant|p2a: Honeydew|slp","|move|p1a: Sylveon|Hyper Voice|p2a: Honeydew","|-damage|p2a: Honeydew|198/403 slp","|","|-damage|p1a: Sylveon|319/391 tox|[from] psn","|turn|27","|","|-curestatus|p2a: Honeydew|slp","|move|p2a: Honeydew|Earthquake|p1a: Sylveon","|-damage|p1a: Sylveon|150/391 tox","|move|p1a: Sylveon|Hyper Voice|p2a: Honeydew","|-damage|p2a: Honeydew|0 fnt","|faint|p2a: Honeydew","|","|-damage|p1a: Sylveon|78/391 tox|[from] psn","|","|switch|p2a: Keldeo-Resolute|Keldeo-Resolute|323/323","|turn|28","|","|move|p2a: Keldeo-Resolute|Scald|p1a: Sylveon","|-damage|p1a: Sylveon|0 fnt","|faint|p1a: Sylveon","|","|","|switch|p1a: Granbull|Granbull, F, shiny|322/322","|-status|p1a: Granbull|tox","|-ability|p1a: Granbull|Intimidate","|-unboost|p2a: Keldeo-Resolute|atk|1","|turn|29","|","|move|p2a: Keldeo-Resolute|Hydro Pump|p1a: Granbull","|-damage|p1a: Granbull|16/322 tox","|move|p1a: Granbull|Thunder Wave|p2a: Keldeo-Resolute","|-status|p2a: Keldeo-Resolute|par","|","|-heal|p1a: Granbull|36/322 tox|[from] item: Leftovers","|-damage|p1a: Granbull|16/322 tox|[from] psn","|turn|30","|","|move|p1a: Granbull|Play Rough|p2a: Keldeo-Resolute","|-supereffective|p2a: Keldeo-Resolute","|-damage|p2a: Keldeo-Resolute|5/323 par","|move|p2a: Keldeo-Resolute|Scald|p1a: Granbull","|-damage|p1a: Granbull|0 fnt","|faint|p1a: Granbull","|","|","|switch|p1a: Klefki|Klefki, F, shiny|264/317","|turn|31","|","|move|p1a: Klefki|Foul Play|p2a: Keldeo-Resolute","|-resisted|p2a: Keldeo-Resolute","|-damage|p2a: Keldeo-Resolute|0 fnt","|faint|p2a: Keldeo-Resolute","|","|win|Cryѕtal Cash"],"p1rating":{"entryid":"7232943","serverid":"eos","formatid":"monotype","userid":"crytalcash","username":"Cryѕtal Cash","w":12,"l":"14","t":"0","gxe":47.7,"r":"1452.9384049755","rd":"67.592553248452","sigma":"0","rptime":"1439110800","rpr":1482.0943042726,"rprd":65.628194494933,"rpsigma":"0","acre":1126.6628955664,"lacre":1126.6628955664,"oldacre":"1097.3098547508"},"p2rating":{"entryid":"7497648","serverid":"eos","formatid":"monotype","userid":"trainesebastian","username":"Traine✘ Sebastian","w":"5","l":1,"t":"0","gxe":60.8,"r":"1601.9879223631","rd":"106.58469503377","sigma":"0","rptime":"1439110800","rpr":1586.0748834996,"rprd":99.150231573095,"rpsigma":"0","acre":1122.8809783161,"lacre":1122.8809783161,"oldacre":"1151.76776128"},"endType":"normal"}