{"seed":[3211,36976,52719,30932],"turns":32,"p1":"Onion L0rdMudkip","p2":"Zukushiku - ⓕⓞⓞⓓ","p1team":[{"name":"Lopunny","species":"Lopunny","item":"lopunnite","ability":"Limber","moves":["fakeout","highjumpkick","frustration","icepunch"],"nature":"Jolly","evs":{"hp":0,"atk":252,"def":0,"spa":0,"spd":4,"spe":252},"happiness":0,"ivs":{"hp":31,"atk":31,"def":31,"spa":31,"spd":31,"spe":31}},{"name":"Smeargle","species":"Smeargle","item":"focussash","ability":"Own Tempo","moves":["spore","magiccoat","stealthrock","stickyweb"],"nature":"Timid","evs":{"hp":248,"atk":0,"def":0,"spa":0,"spd":8,"spe":252},"ivs":{"hp":31,"atk":31,"def":31,"spa":31,"spd":31,"spe":31}},{"name":"Meloetta","species":"Meloetta","item":"assaultvest","ability":"Serene Grace","moves":["hypervoice","psyshock","focusblast","thunderbolt"],"nature":"Modest","evs":{"hp":248,"atk":0,"def":0,"spa":252,"spd":8,"spe":0},"ivs":{"hp":31,"atk":31,"def":31,"spa":31,"spd":31,"spe":31}},{"name":"Ditto","species":"Ditto","item":"choicescarf","ability":"Imposter","moves":["transform"],"nature":"Bold","evs":{"hp":248,"atk":0,"def":252,"spa":0,"spd":8,"spe":0},"ivs":{"hp":31,"atk":31,"def":31,"spa":31,"spd":31,"spe":31}},{"name":"Diggersby","species":"Diggersby","item":"lifeorb","ability":"Huge Power","moves":["earthquake","return","quickattack","firepunch"],"nature":"Jolly","evs":{"hp":0,"atk":252,"def":0,"spa":0,"spd":4,"spe":252},"ivs":{"hp":31,"atk":31,"def":31,"spa":31,"spd":31,"spe":31}},{"name":"Porygon2","species":"Porygon2","item":"eviolite","ability":"Analytic","moves":["recover","icebeam","triattack","thunderwave"],"nature":"Calm","evs":{"hp":248,"atk":0,"def":0,"spa":8,"spd":252,"spe":0},"ivs":{"hp":31,"atk":31,"def":31,"spa":31,"spd":31,"spe":31}}],"p2team":[{"name":"Mismagius","species":"Mismagius","item":"leftovers","ability":"Levitate","moves":["substitute","calmmind","shadowball","dazzlinggleam"],"nature":"Timid","evs":{"hp":112,"atk":0,"def":0,"spa":172,"spd":0,"spe":224},"ivs":{"hp":31,"atk":31,"def":31,"spa":31,"spd":31,"spe":31}},{"name":"Chandelure","species":"Chandelure","item":"choicespecs","ability":"Flash Fire","moves":["fireblast","shadowball","energyball","hiddenpowerfighting"],"nature":"Timid","evs":{"hp":0,"atk":0,"def":0,"spa":252,"spd":4,"spe":252},"ivs":{"hp":31,"atk":0,"def":30,"spa":30,"spd":30,"spe":30},"shiny":true},{"name":"Sableye","species":"Sableye","item":"sablenite","ability":"Prankster","moves":["knockoff","willowisp","recover","foulplay"],"nature":"Careful","evs":{"hp":252,"atk":0,"def":112,"spa":0,"spd":144,"spe":0},"ivs":{"hp":31,"atk":31,"def":31,"spa":31,"spd":31,"spe":31}},{"name":"Hoopa","species":"Hoopa","item":"leftovers","ability":"Magician","moves":["substitute","nastyplot","focusblast","shadowball"],"nature":"Timid","evs":{"hp":200,"atk":0,"def":0,"spa":56,"spd":0,"spe":252},"ivs":{"hp":31,"atk":0,"def":31,"spa":31,"spd":31,"spe":31}},{"name":"Jellicent","species":"Jellicent","item":"leftovers","ability":"Water Absorb","moves":["scald","taunt","toxic","recover"],"nature":"Calm","evs":{"hp":248,"atk":0,"def":0,"spa":0,"spd":216,"spe":44},"ivs":{"hp":31,"atk":0,"def":31,"spa":31,"spd":31,"spe":31}},{"name":"Golurk","species":"Golurk","item":"focussash","ability":"Iron Fist","moves":["dynamicpunch","stealthrock","earthquake","stoneedge"],"nature":"Adamant","evs":{"hp":0,"atk":252,"def":0,"spa":0,"spd":4,"spe":252},"ivs":{"hp":31,"atk":31,"def":31,"spa":31,"spd":31,"spe":31}}],"log":["|player|p1|Onion L0rdMudkip|168","|player|p2|Zukushiku - ⓕⓞⓞⓓ|zukushiku.png","|gametype|singles","|gen|6","|tier|Monotype","|rated","|rule|Baton Pass Clause: Limit one Baton Passer, can't pass Spe and other stats simultaneously","|rule|Swagger Clause: Swagger is banned","|rule|Same Type Clause: Pokémon in a team must share a type","|clearpoke","|poke|p1|Lopunny, F","|poke|p1|Smeargle, M","|poke|p1|Meloetta","|poke|p1|Ditto","|poke|p1|Diggersby, M","|poke|p1|Porygon2","|poke|p2|Mismagius, M","|poke|p2|Chandelure, M, shiny","|poke|p2|Sableye, M","|poke|p2|Hoopa","|poke|p2|Jellicent, F","|poke|p2|Golurk","|rule|Sleep Clause Mod: Limit one foe put to sleep","|rule|Species Clause: Limit one of each Pokémon","|rule|OHKO Clause: OHKO moves are banned","|rule|Moody Clause: Moody is banned","|rule|Evasion Moves Clause: Evasion moves are banned","|rule|Endless Battle Clause: Forcing endless battles is banned","|rule|HP Percentage Mod: HP is shown in percentages","|teampreview","|","|start","|switch|p1a: Smeargle|Smeargle, M|313/313","|switch|p2a: Sableye|Sableye, M|304/304","|turn|1","|","|detailschange|p2a: Sableye|Sableye-Mega, M","|-mega|p2a: Sableye|Sableye|Sablenite","|move|p1a: Smeargle|Spore|p2a: Sableye","|move|p2a: Sableye|Spore|p1a: Smeargle|[from]Magic Bounce","|-status|p1a: Smeargle|slp","|move|p2a: Sableye|Knock Off|p1a: Smeargle","|-damage|p1a: Smeargle|81/313 slp","|-enditem|p1a: Smeargle|Focus Sash|[from] move: Knock Off|[of] p2a: Sableye","|","|turn|2","|","|switch|p1a: Ditto|Ditto|299/299","|-transform|p1a: Ditto|p2a: Sableye","|move|p2a: Sableye|Knock Off|p1a: Ditto","|-crit|p1a: Ditto","|-damage|p1a: Ditto|193/299","|-enditem|p1a: Ditto|Choice Scarf|[from] move: Knock Off|[of] p2a: Sableye","|","|turn|3","|","|move|p2a: Sableye|Foul Play|p1a: Ditto","|-crit|p1a: Ditto","|-damage|p1a: Ditto|85/299","|move|p1a: Ditto|Foul Play|p2a: Sableye","|-damage|p2a: Sableye|225/304","|","|turn|4","|","|move|p1a: Ditto|Recover|p1a: Ditto","|-heal|p1a: Ditto|235/299","|move|p2a: Sableye|Recover|p2a: Sableye","|-heal|p2a: Sableye|304/304","|","|turn|5","|","|move|p2a: Sableye|Foul Play|p1a: Ditto","|-damage|p1a: Ditto|154/299","|move|p1a: Ditto|Foul Play|p2a: Sableye","|-damage|p2a: Sableye|231/304","|","|turn|6","|","|switch|p1a: Diggersby|Diggersby, M|311/311","|move|p2a: Sableye|Foul Play|p1a: Diggersby","|-damage|p1a: Diggersby|188/311","|","|turn|7","|","|switch|p2a: Mismagius|Mismagius, M|289/289","|move|p1a: Diggersby|Earthquake|p2a: Mismagius","|-immune|p2a: Mismagius|[msg]","|","|turn|8","|","|switch|p1a: Meloetta|Meloetta|403/403","|move|p2a: Mismagius|Substitute|p2a: Mismagius","|-start|p2a: Mismagius|Substitute","|-damage|p2a: Mismagius|217/289","|","|-heal|p2a: Mismagius|235/289|[from] item: Leftovers","|turn|9","|","|move|p2a: Mismagius|Dazzling Gleam|p1a: Meloetta","|-damage|p1a: Meloetta|364/403","|move|p1a: Meloetta|Psyshock|p2a: Mismagius","|-end|p2a: Mismagius|Substitute","|","|-heal|p2a: Mismagius|253/289|[from] item: Leftovers","|turn|10","|","|move|p2a: Mismagius|Substitute|p2a: Mismagius","|-start|p2a: Mismagius|Substitute","|-damage|p2a: Mismagius|181/289","|move|p1a: Meloetta|Psyshock|p2a: Mismagius","|-end|p2a: Mismagius|Substitute","|","|-heal|p2a: Mismagius|199/289|[from] item: Leftovers","|turn|11","|","|switch|p2a: Sableye|Sableye-Mega, M|231/304","|switch|p1a: Lopunny|Lopunny, F|271/271","|","|turn|12","|","|switch|p2a: Mismagius|Mismagius, M|199/289","|detailschange|p1a: Lopunny|Lopunny-Mega, F","|-mega|p1a: Lopunny|Lopunny|Lopunnite","|move|p1a: Lopunny|High Jump Kick|p2a: Mismagius","|-damage|p2a: Mismagius|0 fnt","|faint|p2a: Mismagius","|","|","|switch|p2a: Golurk|Golurk|319/319","|turn|13","|","|switch|p1a: Smeargle|Smeargle, M|81/313 slp","|move|p2a: Golurk|Earthquake|p1a: Smeargle","|-damage|p1a: Smeargle|0 fnt","|faint|p1a: Smeargle","|","|","|switch|p1a: Porygon2|Porygon2|373/373","|turn|14","|","|switch|p2a: Sableye|Sableye-Mega, M|231/304","|move|p1a: Porygon2|Ice Beam|p2a: Sableye","|-damage|p2a: Sableye|160/304","|","|turn|15","|","|switch|p1a: Lopunny|Lopunny-Mega, F|271/271","|move|p2a: Sableye|Recover|p2a: Sableye","|-heal|p2a: Sableye|304/304","|","|turn|16","|","|switch|p2a: Chandelure|Chandelure, M, shiny|261/261","|move|p1a: Lopunny|High Jump Kick|p2a: Chandelure","|-damage|p2a: Chandelure|8/261","|","|turn|17","|","|move|p1a: Lopunny|Frustration|p2a: Chandelure","|-damage|p2a: Chandelure|0 fnt","|faint|p2a: Chandelure","|","|","|switch|p2a: Golurk|Golurk|319/319","|turn|18","|","|switch|p1a: Porygon2|Porygon2|373/373","|move|p2a: Golurk|Dynamic Punch|p1a: Porygon2","|-supereffective|p1a: Porygon2","|-damage|p1a: Porygon2|145/373","|-start|p1a: Porygon2|confusion","|","|turn|19","|","|switch|p2a: Hoopa|Hoopa|351/351","|-activate|p1a: Porygon2|confusion","|-damage|p1a: Porygon2|124/373|[from] confusion","|","|turn|20","|","|move|p2a: Hoopa|Substitute|p2a: Hoopa","|-start|p2a: Hoopa|Substitute","|-damage|p2a: Hoopa|264/351","|-activate|p1a: Porygon2|confusion","|move|p1a: Porygon2|Thunder Wave|p2a: Hoopa","|-fail|p2a: Hoopa","|","|-heal|p2a: Hoopa|285/351|[from] item: Leftovers","|turn|21","|","|move|p2a: Hoopa|Nasty Plot|p2a: Hoopa","|-boost|p2a: Hoopa|spa|2","|-end|p1a: Porygon2|confusion","|move|p1a: Porygon2|Ice Beam|p2a: Hoopa","|-activate|p2a: Hoopa|Substitute|[damage]","|","|-heal|p2a: Hoopa|306/351|[from] item: Leftovers","|turn|22","|","|move|p2a: Hoopa|Nasty Plot|p2a: Hoopa","|-boost|p2a: Hoopa|spa|2","|move|p1a: Porygon2|Ice Beam|p2a: Hoopa","|-end|p2a: Hoopa|Substitute","|","|-heal|p2a: Hoopa|327/351|[from] item: Leftovers","|turn|23","|","|move|p2a: Hoopa|Substitute|p2a: Hoopa","|-start|p2a: Hoopa|Substitute","|-damage|p2a: Hoopa|240/351","|move|p1a: Porygon2|Ice Beam|p2a: Hoopa","|-activate|p2a: Hoopa|Substitute|[damage]","|","|-heal|p2a: Hoopa|261/351|[from] item: Leftovers","|turn|24","|","|move|p2a: Hoopa|Focus Blast|p1a: Porygon2","|-supereffective|p1a: Porygon2","|-damage|p1a: Porygon2|0 fnt","|faint|p1a: Porygon2","|","|-heal|p2a: Hoopa|282/351|[from] item: Leftovers","|","|switch|p1a: Ditto|Ditto|154/299","|turn|25","|","|switch|p1a: Meloetta|Meloetta|364/403","|move|p2a: Hoopa|Focus Blast|p1a: Meloetta","|-damage|p1a: Meloetta|125/403","|","|-heal|p2a: Hoopa|303/351|[from] item: Leftovers","|turn|26","|","|move|p2a: Hoopa|Focus Blast|p1a: Meloetta","|-damage|p1a: Meloetta|0 fnt","|faint|p1a: Meloetta","|","|-heal|p2a: Hoopa|324/351|[from] item: Leftovers","|","|switch|p1a: Lopunny|Lopunny-Mega, F|271/271","|turn|27","|","|move|p1a: Lopunny|Frustration|p2a: Hoopa","|-end|p2a: Hoopa|Substitute","|move|p2a: Hoopa|Focus Blast|p1a: Lopunny","|-supereffective|p1a: Lopunny","|-damage|p1a: Lopunny|0 fnt","|faint|p1a: Lopunny","|","|-heal|p2a: Hoopa|345/351|[from] item: Leftovers","|","|switch|p1a: Ditto|Ditto|154/299","|-transform|p1a: Ditto|p2a: Hoopa","|turn|28","|","|move|p2a: Hoopa|Shadow Ball|p1a: Ditto","|-supereffective|p1a: Ditto","|-damage|p1a: Ditto|0 fnt","|faint|p1a: Ditto","|","|-heal|p2a: Hoopa|351/351|[from] item: Leftovers","|","|switch|p1a: Diggersby|Diggersby, M|188/311","|turn|29","|","|move|p1a: Diggersby|Earthquake|p2a: Hoopa","|-damage|p2a: Hoopa|0 fnt","|-damage|p1a: Diggersby|157/311|[from] item: Life Orb","|faint|p2a: Hoopa","|","|","|switch|p2a: Golurk|Golurk|319/319","|turn|30","|","|move|p1a: Diggersby|Earthquake|p2a: Golurk","|-enditem|p2a: Golurk|Focus Sash","|-damage|p2a: Golurk|1/319","|-damage|p1a: Diggersby|126/311|[from] item: Life Orb","|move|p2a: Golurk|Dynamic Punch|p1a: Diggersby|[miss]","|-miss|p2a: Golurk|p1a: Diggersby","|","|turn|31","|","|move|p1a: Diggersby|Earthquake|p2a: Golurk","|-damage|p2a: Golurk|0 fnt","|-damage|p1a: Diggersby|95/311|[from] item: Life Orb","|faint|p2a: Golurk","|","|","|switch|p2a: Sableye|Sableye-Mega, M|304/304","|turn|32","|","|move|p1a: Diggersby|Earthquake|p2a: Sableye","|-damage|p2a: Sableye|88/304","|-damage|p1a: Diggersby|64/311|[from] item: Life Orb","|move|p2a: Sableye|Foul Play|p1a: Diggersby","|-damage|p1a: Diggersby|0 fnt","|faint|p1a: Diggersby","|","|win|Zukushiku - ⓕⓞⓞⓓ"],"p1rating":{"entryid":"7311817","serverid":"eos","formatid":"monotype","userid":"onionl0rdmudkip","username":"Onion L0rdMudkip","w":"3","l":5,"t":"0","gxe":44.4,"r":1469.5457111584,"rd":95.923782381235,"sigma":"0","rptime":1439110800,"rpr":1456.1154862117,"rprd":93.214652004067,"rpsigma":"0","acre":1076.8252385695,"lacre":1076.8252385695,"oldacre":"1086.9220665023"},"p2rating":{"entryid":"7076911","serverid":"eos","formatid":"monotype","userid":"zukushiku","username":"Zukushiku","w":40,"l":"18","t":"0","gxe":68.4,"r":"1642.9079732408","rd":"47.521858273886","sigma":"0","rptime":"1439110800","rpr":1646.6836333278,"rprd":47.195414465367,"rpsigma":"0","acre":1316.4367943744,"lacre":1316.4367943744,"oldacre":"1307.6715438472"},"endType":"normal"}