{"seed":[2216,59192,9889,35449],"turns":35,"p1":"GTX Lynxice","p2":"Etherel","p1team":[{"name":"W5 Swampert","species":"swampert","item":"focussash","ability":"Torrent","moves":["protect","counter","mirrorcoat","waterfall"],"nature":"Jolly","evs":{"hp":0,"atk":252,"def":0,"spa":0,"spd":0,"spe":248},"ivs":{"hp":31,"atk":31,"def":31,"spa":31,"spd":31,"spe":31}},{"name":"W3 Cloyster","species":"cloyster","item":"focussash","ability":"Skill Link","moves":["rockblast","iciclespear","rapidspin","shellsmash"],"nature":"Naive","evs":{"hp":0,"atk":252,"def":0,"spa":0,"spd":0,"spe":252},"ivs":{"hp":31,"atk":31,"def":31,"spa":31,"spd":31,"spe":31}},{"name":"W1 Milotic","species":"milotic","item":"wacanberry","ability":"Marvel Scale","moves":["recover","hypnosis","surf","icebeam"],"nature":"Timid","evs":{"hp":252,"atk":0,"def":252,"spa":0,"spd":0,"spe":4},"ivs":{"hp":31,"atk":31,"def":31,"spa":31,"spd":31,"spe":31}},{"name":"W2 Lanturn","species":"lanturn","item":"leftovers","ability":"Volt Absorb","moves":["thunderbolt","toxic","healbell","scald"],"nature":"","evs":{"hp":252,"atk":0,"def":0,"spa":252,"spd":0,"spe":4},"ivs":{"hp":31,"atk":31,"def":31,"spa":31,"spd":31,"spe":31}},{"name":"W5 Azumarill","species":"azumarill","item":"leftovers","ability":"Sap Sipper","moves":["icepunch","waterfall","aquajet","playrough"],"nature":"Adamant","evs":{"hp":252,"atk":252,"def":0,"spa":0,"spd":0,"spe":0},"ivs":{"hp":31,"atk":31,"def":31,"spa":31,"spd":31,"spe":31}},{"name":"Jellicent","species":"Jellicent","item":"airballoon","ability":"Cursed Body","moves":["confuseray","nightshade","energyball","recover"],"nature":"Bold","evs":{"hp":4,"atk":0,"def":252,"spa":0,"spd":252,"spe":0},"ivs":{"hp":31,"atk":31,"def":31,"spa":31,"spd":31,"spe":31}}],"p2team":[{"name":"Hoopa-Unbound","species":"Hoopa-Unbound","item":"","ability":"Magician","moves":["darkpulse","drainpunch","hyperspacefury","icepunch"],"nature":"Lonely","evs":{"hp":248,"atk":252,"def":0,"spa":8,"spd":0,"spe":0},"ivs":{"hp":31,"atk":31,"def":31,"spa":31,"spd":31,"spe":31}},{"name":"Jirachi","species":"Jirachi","item":"choicescarf","ability":"Serene Grace","moves":["dracometeor","ironhead","meteormash","zenheadbutt"],"nature":"Hasty","evs":{"hp":0,"atk":252,"def":0,"spa":4,"spd":0,"spe":252},"ivs":{"hp":31,"atk":31,"def":31,"spa":31,"spd":31,"spe":31}},{"name":"Metagross","species":"Metagross","item":"muscleband","ability":"Clear Body","moves":["bulletpunch","flashcannon","thunderpunch","meteormash"],"nature":"Naughty","evs":{"hp":248,"atk":252,"def":0,"spa":8,"spd":0,"spe":0},"ivs":{"hp":31,"atk":31,"def":31,"spa":31,"spd":31,"spe":31}},{"name":"Deoxys-Speed","species":"Deoxys-Speed","item":"enigmaberry","ability":"Pressure","moves":["knockoff","drainpunch","icepunch","nightshade"],"nature":"Jolly","evs":{"hp":0,"atk":252,"def":0,"spa":0,"spd":4,"spe":252},"ivs":{"hp":31,"atk":31,"def":31,"spa":31,"spd":31,"spe":31}},{"name":"Victini","species":"Victini","item":"choicescarf","ability":"Victory Star","moves":["boltstrike","wildcharge","vcreate","zenheadbutt"],"nature":"Jolly","evs":{"hp":0,"atk":252,"def":0,"spa":0,"spd":4,"spe":252},"ivs":{"hp":31,"atk":31,"def":31,"spa":31,"spd":31,"spe":31}},{"name":"Medicham","species":"Medicham","item":"medichamite","ability":"Pure Power","moves":["bulletpunch","drainpunch","lowkick","fakeout"],"nature":"Adamant","evs":{"hp":248,"atk":252,"def":0,"spa":0,"spd":8,"spe":0},"ivs":{"hp":31,"atk":31,"def":31,"spa":31,"spd":31,"spe":31}}],"log":["|player|p1|GTX Lynxice|281","|player|p2|Etherel|265","|gametype|singles","|gen|6","|tier|Monotype","|rated","|rule|Baton Pass Clause: Limit one Baton Passer, can't pass Spe and other stats simultaneously","|rule|Swagger Clause: Swagger is banned","|rule|Same Type Clause: Pokémon in a team must share a type","|clearpoke","|poke|p1|Swampert, M","|poke|p1|Cloyster, F","|poke|p1|Milotic, F","|poke|p1|Lanturn, F","|poke|p1|Azumarill, F","|poke|p1|Jellicent, F","|poke|p2|Hoopa-Unbound","|poke|p2|Jirachi","|poke|p2|Metagross","|poke|p2|Deoxys-Speed","|poke|p2|Victini","|poke|p2|Medicham, F","|rule|Sleep Clause Mod: Limit one foe put to sleep","|rule|Species Clause: Limit one of each Pokémon","|rule|OHKO Clause: OHKO moves are banned","|rule|Moody Clause: Moody is banned","|rule|Evasion Moves Clause: Evasion moves are banned","|rule|Endless Battle Clause: Forcing endless battles is banned","|rule|HP Percentage Mod: HP is shown in percentages","|teampreview","|","|start","|switch|p1a: W1 Milotic|Milotic, F|394/394","|switch|p2a: Hoopa-Unbound|Hoopa-Unbound|363/363","|turn|1","|","|move|p1a: W1 Milotic|Hypnosis|p2a: Hoopa-Unbound","|-status|p2a: Hoopa-Unbound|slp","|cant|p2a: Hoopa-Unbound|slp","|","|turn|2","|","|switch|p1a: W5 Azumarill|Azumarill, F|404/404","|-curestatus|p2a: Hoopa-Unbound|slp","|move|p2a: Hoopa-Unbound|Hyperspace Fury|p1a: W5 Azumarill","|-resisted|p1a: W5 Azumarill","|-damage|p1a: W5 Azumarill|261/404","|-item|p2a: Hoopa-Unbound|Leftovers|[from] ability: Magician|[of] p1a: W5 Azumarill","|-unboost|p2a: Hoopa-Unbound|def|1","|","|turn|3","|","|switch|p2a: Metagross|Metagross|363/363","|move|p1a: W5 Azumarill|Play Rough|p2a: Metagross","|-crit|p2a: Metagross","|-resisted|p2a: Metagross","|-damage|p2a: Metagross|303/363","|","|turn|4","|","|switch|p1a: W1 Milotic|Milotic, F|394/394","|move|p2a: Metagross|Thunder Punch|p1a: W1 Milotic","|-supereffective|p1a: W1 Milotic","|-enditem|p1a: W1 Milotic|Wacan Berry|[eat]","|-damage|p1a: W1 Milotic|295/394","|","|turn|5","|","|move|p1a: W1 Milotic|Hypnosis|p2a: Metagross","|-status|p2a: Metagross|slp","|cant|p2a: Metagross|slp","|","|turn|6","|","|switch|p2a: Hoopa-Unbound|Hoopa-Unbound|363/363","|move|p1a: W1 Milotic|Surf|p2a: Hoopa-Unbound","|-damage|p2a: Hoopa-Unbound|281/363","|","|-heal|p2a: Hoopa-Unbound|303/363|[from] item: Leftovers","|turn|7","|","|switch|p1a: Jellicent|Jellicent, F|342/342","|-item|p1a: Jellicent|Air Balloon","|move|p2a: Hoopa-Unbound|Hyperspace Fury|p1a: Jellicent","|-supereffective|p1a: Jellicent","|-damage|p1a: Jellicent|0 fnt","|-enditem|p1a: Jellicent|Air Balloon","|-unboost|p2a: Hoopa-Unbound|def|1","|faint|p1a: Jellicent","|","|-heal|p2a: Hoopa-Unbound|325/363|[from] item: Leftovers","|","|switch|p1a: W5 Swampert|Swampert, M|341/341","|turn|8","|","|move|p1a: W5 Swampert|Protect|p1a: W5 Swampert","|-singleturn|p1a: W5 Swampert|Protect","|move|p2a: Hoopa-Unbound|Hyperspace Fury|p1a: W5 Swampert","|-damage|p1a: W5 Swampert|74/341","|-unboost|p2a: Hoopa-Unbound|def|1","|","|-heal|p2a: Hoopa-Unbound|347/363|[from] item: Leftovers","|turn|9","|","|move|p1a: W5 Swampert|Waterfall|p2a: Hoopa-Unbound","|-crit|p2a: Hoopa-Unbound","|-damage|p2a: Hoopa-Unbound|0 fnt","|faint|p2a: Hoopa-Unbound","|","|","|switch|p2a: Deoxys-Speed|Deoxys-Speed|241/241","|-ability|p2a: Deoxys-Speed|Pressure","|turn|10","|","|move|p2a: Deoxys-Speed|Knock Off|p1a: W5 Swampert","|-damage|p1a: W5 Swampert|0 fnt","|-enditem|p1a: W5 Swampert|Focus Sash|[from] move: Knock Off|[of] p2a: Deoxys-Speed","|faint|p1a: W5 Swampert","|","|","|switch|p1a: W1 Milotic|Milotic, F|295/394","|turn|11","|","|move|p2a: Deoxys-Speed|Knock Off|p1a: W1 Milotic","|-damage|p1a: W1 Milotic|238/394","|move|p1a: W1 Milotic|Surf|p2a: Deoxys-Speed","|-damage|p2a: Deoxys-Speed|120/241","|","|turn|12","|","|move|p2a: Deoxys-Speed|Night Shade|p1a: W1 Milotic","|-damage|p1a: W1 Milotic|138/394","|move|p1a: W1 Milotic|Surf|p2a: Deoxys-Speed","|-damage|p2a: Deoxys-Speed|11/241","|","|turn|13","|","|move|p2a: Deoxys-Speed|Drain Punch|p1a: W1 Milotic","|-crit|p1a: W1 Milotic","|-damage|p1a: W1 Milotic|41/394","|-heal|p2a: Deoxys-Speed|60/241|[from] drain|[of] p1a: W1 Milotic","|move|p1a: W1 Milotic|Recover|p1a: W1 Milotic","|-heal|p1a: W1 Milotic|238/394","|","|turn|14","|","|move|p2a: Deoxys-Speed|Night Shade|p1a: W1 Milotic","|-damage|p1a: W1 Milotic|138/394","|move|p1a: W1 Milotic|Recover|p1a: W1 Milotic","|-heal|p1a: W1 Milotic|335/394","|","|turn|15","|","|move|p2a: Deoxys-Speed|Drain Punch|p1a: W1 Milotic","|-damage|p1a: W1 Milotic|266/394","|-heal|p2a: Deoxys-Speed|95/241|[from] drain|[of] p1a: W1 Milotic","|move|p1a: W1 Milotic|Surf|p2a: Deoxys-Speed","|-damage|p2a: Deoxys-Speed|0 fnt","|faint|p2a: Deoxys-Speed","|","|","|switch|p2a: Victini|Victini|341/341","|turn|16","|","|switch|p1a: W2 Lanturn|Lanturn, F|454/454","|move|p2a: Victini|Bolt Strike|p1a: W2 Lanturn","|-immune|p1a: W2 Lanturn|[msg]","|","|turn|17","|","|switch|p2a: Jirachi|Jirachi|341/341","|move|p1a: W2 Lanturn|Scald|p2a: Jirachi","|-damage|p2a: Jirachi|245/341","|","|turn|18","|","|move|p2a: Jirachi|Iron Head|p1a: W2 Lanturn","|-resisted|p1a: W2 Lanturn","|-damage|p1a: W2 Lanturn|409/454","|move|p1a: W2 Lanturn|Scald|p2a: Jirachi","|-damage|p2a: Jirachi|145/341","|-status|p2a: Jirachi|brn","|","|-heal|p1a: W2 Lanturn|437/454|[from] item: Leftovers","|-damage|p2a: Jirachi|103/341 brn|[from] brn","|turn|19","|","|move|p2a: Jirachi|Iron Head|p1a: W2 Lanturn","|-resisted|p1a: W2 Lanturn","|-damage|p1a: W2 Lanturn|414/454","|cant|p1a: W2 Lanturn|flinch","|","|-heal|p1a: W2 Lanturn|442/454|[from] item: Leftovers","|-damage|p2a: Jirachi|61/341 brn|[from] brn","|turn|20","|","|move|p2a: Jirachi|Iron Head|p1a: W2 Lanturn","|-resisted|p1a: W2 Lanturn","|-damage|p1a: W2 Lanturn|421/454","|cant|p1a: W2 Lanturn|flinch","|","|-heal|p1a: W2 Lanturn|449/454|[from] item: Leftovers","|-damage|p2a: Jirachi|19/341 brn|[from] brn","|turn|21","|","|move|p2a: Jirachi|Iron Head|p1a: W2 Lanturn","|-resisted|p1a: W2 Lanturn","|-damage|p1a: W2 Lanturn|425/454","|cant|p1a: W2 Lanturn|flinch","|","|-heal|p1a: W2 Lanturn|453/454|[from] item: Leftovers","|-damage|p2a: Jirachi|0 fnt|[from] brn","|faint|p2a: Jirachi","|","|switch|p2a: Medicham|Medicham, F|323/323","|turn|22","|","|detailschange|p2a: Medicham|Medicham-Mega, F","|-mega|p2a: Medicham|Medicham|Medichamite","|move|p2a: Medicham|Fake Out|p1a: W2 Lanturn","|-damage|p1a: W2 Lanturn|326/454","|cant|p1a: W2 Lanturn|flinch","|","|-heal|p1a: W2 Lanturn|354/454|[from] item: Leftovers","|turn|23","|","|move|p2a: Medicham|Low Kick|p1a: W2 Lanturn","|-damage|p1a: W2 Lanturn|134/454","|move|p1a: W2 Lanturn|Thunderbolt|p2a: Medicham","|-damage|p2a: Medicham|185/323","|","|-heal|p1a: W2 Lanturn|162/454|[from] item: Leftovers","|turn|24","|","|move|p2a: Medicham|Low Kick|p1a: W2 Lanturn","|-damage|p1a: W2 Lanturn|0 fnt","|faint|p1a: W2 Lanturn","|","|","|switch|p1a: W3 Cloyster|Cloyster, F|241/241","|turn|25","|","|move|p1a: W3 Cloyster|Icicle Spear|p2a: Medicham","|-damage|p2a: Medicham|140/323","|-damage|p2a: Medicham|95/323","|-damage|p2a: Medicham|52/323","|-damage|p2a: Medicham|9/323","|-damage|p2a: Medicham|0 fnt","|-hitcount|p2a: Medicham|5","|faint|p2a: Medicham","|","|","|switch|p2a: Victini|Victini|341/341","|turn|26","|","|move|p2a: Victini|Bolt Strike|p1a: W3 Cloyster","|-supereffective|p1a: W3 Cloyster","|-damage|p1a: W3 Cloyster|87/241","|move|p1a: W3 Cloyster|Rock Blast|p2a: Victini","|-supereffective|p2a: Victini","|-damage|p2a: Victini|295/341","|-supereffective|p2a: Victini","|-damage|p2a: Victini|243/341","|-supereffective|p2a: Victini","|-damage|p2a: Victini|191/341","|-supereffective|p2a: Victini","|-damage|p2a: Victini|147/341","|-supereffective|p2a: Victini","|-damage|p2a: Victini|101/341","|-hitcount|p2a: Victini|5","|","|turn|27","|","|move|p2a: Victini|Bolt Strike|p1a: W3 Cloyster","|-supereffective|p1a: W3 Cloyster","|-damage|p1a: W3 Cloyster|0 fnt","|faint|p1a: W3 Cloyster","|","|","|switch|p1a: W5 Azumarill|Azumarill, F|261/404","|turn|28","|","|move|p1a: W5 Azumarill|Aqua Jet|p2a: Victini","|-supereffective|p2a: Victini","|-damage|p2a: Victini|15/341","|move|p2a: Victini|Bolt Strike|p1a: W5 Azumarill","|-supereffective|p1a: W5 Azumarill","|-damage|p1a: W5 Azumarill|0 fnt","|faint|p1a: W5 Azumarill","|","|","|switch|p1a: W1 Milotic|Milotic, F|266/394","|turn|29","|","|move|p2a: Victini|Bolt Strike|p1a: W1 Milotic","|-supereffective|p1a: W1 Milotic","|-damage|p1a: W1 Milotic|34/394","|-status|p1a: W1 Milotic|par","|move|p1a: W1 Milotic|Surf|p2a: Victini","|-supereffective|p2a: Victini","|-damage|p2a: Victini|0 fnt","|faint|p2a: Victini","|","|","|switch|p2a: Metagross|Metagross|303/363 slp","|turn|30","|","|cant|p2a: Metagross|slp","|move|p1a: W1 Milotic|Recover|p1a: W1 Milotic","|-heal|p1a: W1 Milotic|231/394 par","|","|turn|31","|","|-curestatus|p2a: Metagross|slp","|move|p2a: Metagross|Bullet Punch|p1a: W1 Milotic","|-resisted|p1a: W1 Milotic","|-damage|p1a: W1 Milotic|206/394 par","|move|p1a: W1 Milotic|Recover|p1a: W1 Milotic","|-heal|p1a: W1 Milotic|394/394 par","|","|turn|32","|","|move|p2a: Metagross|Meteor Mash|p1a: W1 Milotic","|-resisted|p1a: W1 Milotic","|-damage|p1a: W1 Milotic|338/394 par","|-boost|p2a: Metagross|atk|1","|move|p1a: W1 Milotic|Hypnosis|p2a: Metagross","|-status|p2a: Metagross|slp","|","|turn|33","|","|cant|p2a: Metagross|slp","|cant|p1a: W1 Milotic|par","|","|turn|34","|","|-curestatus|p2a: Metagross|slp","|move|p2a: Metagross|Thunder Punch|p1a: W1 Milotic","|-supereffective|p1a: W1 Milotic","|-damage|p1a: W1 Milotic|126/394 par","|move|p1a: W1 Milotic|Surf|p2a: Metagross","|-damage|p2a: Metagross|164/363","|","|turn|35","|","|move|p2a: Metagross|Thunder Punch|p1a: W1 Milotic","|-supereffective|p1a: W1 Milotic","|-damage|p1a: W1 Milotic|0 fnt","|faint|p1a: W1 Milotic","|","|win|Etherel"],"p1rating":{"entryid":"7503497","serverid":"eos","formatid":"monotype","userid":"gtxlynxice","username":"GTX Lynxice","w":"2","l":3,"t":"0","gxe":45.2,"r":"1500","rd":"130","sigma":"0","rptime":"1439024400","rpr":1461.8201647077,"rprd":103.02848670669,"rpsigma":"0","acre":1035.3423805011,"lacre":1035.3423805011,"oldacre":"1054.4919027187"},"p2rating":{"entryid":"7503976","serverid":"eos","formatid":"monotype","userid":"etherel","username":"Etherel","w":2,"l":"2","t":"0","gxe":51.1,"r":"1500","rd":"130","sigma":"0","rptime":"1439024400","rpr":1508.7505021154,"rprd":106.5067316357,"rpsigma":"0","acre":1072.3064294965,"lacre":1072.3064294965,"oldacre":"1035.820394353"},"endType":"normal"}