{"seed":[7475,31432,1516,54440],"turns":22,"p1":"Apex Salamence","p2":"Silver Zeyus","p1team":[{"name":"BIRD JESUS","species":"pidgeot","item":"pidgeotite","ability":"Big Pecks","moves":["heatwave","hurricane","uturn","protect"],"nature":"Timid","evs":{"hp":0,"atk":0,"def":0,"spa":252,"spd":4,"spe":252},"gender":"M","shiny":true,"ivs":{"hp":31,"atk":31,"def":31,"spa":31,"spd":31,"spe":31}},{"name":"Gaea","species":"landorus","item":"lifeorb","ability":"Sheer Force","moves":["earthpower","stealthrock","psychic","rockpolish"],"nature":"Modest","evs":{"hp":0,"atk":0,"def":0,"spa":252,"spd":4,"spe":252},"shiny":true,"ivs":{"hp":31,"atk":31,"def":31,"spa":31,"spd":31,"spe":31}},{"name":"Sushi","species":"gyarados","item":"lifeorb","ability":"Moxie","moves":["dragondance","earthquake","dragontail","waterfall"],"nature":"Adamant","evs":{"hp":0,"atk":252,"def":0,"spa":0,"spd":4,"spe":252},"gender":"F","shiny":true,"ivs":{"hp":31,"atk":31,"def":31,"spa":31,"spd":31,"spe":31}},{"name":"Porunga","species":"dragonite","item":"weaknesspolicy","ability":"Multiscale","moves":["dragondance","dragonclaw","extremespeed","firepunch"],"nature":"Adamant","evs":{"hp":0,"atk":252,"def":0,"spa":0,"spd":4,"spe":252},"gender":"M","shiny":true,"ivs":{"hp":31,"atk":31,"def":31,"spa":31,"spd":31,"spe":31}},{"name":"Jupiter","species":"thundurus","item":"sitrusberry","ability":"Prankster","moves":["taunt","thunderwave","thunderbolt","hiddenpowerice"],"nature":"Timid","evs":{"hp":0,"atk":0,"def":0,"spa":252,"spd":4,"spe":252},"ivs":{"hp":31,"atk":30,"def":30,"spa":31,"spd":31,"spe":31},"shiny":true},{"name":"Raptor","species":"staraptor","item":"choicescarf","ability":"Reckless","moves":["bravebird","doubleedge","uturn","closecombat"],"nature":"Jolly","evs":{"hp":0,"atk":252,"def":0,"spa":0,"spd":4,"spe":252},"gender":"M","shiny":true,"ivs":{"hp":31,"atk":31,"def":31,"spa":31,"spd":31,"spe":31}}],"p2team":[{"name":"Ludicolo","species":"Ludicolo","item":"lifeorb","ability":"Swift Swim","moves":["gigadrain","scald","focusblast","icebeam"],"nature":"Modest","evs":{"hp":0,"atk":0,"def":0,"spa":252,"spd":4,"spe":252},"ivs":{"hp":31,"atk":0,"def":31,"spa":31,"spd":31,"spe":31}},{"name":"Empoleon","species":"Empoleon","item":"leftovers","ability":"Torrent","moves":["stealthrock","defog","scald","roar"],"nature":"Calm","evs":{"hp":252,"atk":0,"def":0,"spa":4,"spd":252,"spe":0},"ivs":{"hp":31,"atk":0,"def":31,"spa":31,"spd":31,"spe":31}},{"name":"Swampert","species":"Swampert","item":"swampertite","ability":"Torrent","moves":["earthquake","waterfall","icepunch","raindance"],"nature":"Adamant","evs":{"hp":0,"atk":252,"def":0,"spa":0,"spd":4,"spe":252},"ivs":{"hp":31,"atk":31,"def":31,"spa":31,"spd":31,"spe":31}},{"name":"Rotom-Wash","species":"Rotom-Wash","item":"leftovers","ability":"Levitate","moves":["willowisp","painsplit","voltswitch","hydropump"],"nature":"Bold","evs":{"hp":252,"atk":0,"def":252,"spa":4,"spd":0,"spe":0},"ivs":{"hp":31,"atk":0,"def":31,"spa":31,"spd":31,"spe":31}},{"name":"Manaphy","species":"Manaphy","item":"leftovers","ability":"Hydration","moves":["tailglow","psychic","scald","icebeam"],"nature":"Timid","evs":{"hp":0,"atk":0,"def":0,"spa":252,"spd":4,"spe":252},"ivs":{"hp":31,"atk":0,"def":31,"spa":31,"spd":31,"spe":31}},{"name":"Politoed","species":"Politoed","item":"ejectbutton","ability":"Drizzle","moves":["scald","toxic","perishsong","encore"],"nature":"Calm","evs":{"hp":252,"atk":0,"def":4,"spa":0,"spd":252,"spe":0},"ivs":{"hp":31,"atk":0,"def":31,"spa":31,"spd":31,"spe":31}}],"log":["|player|p1|Apex Salamence|102","|player|p2|Silver Zeyus|264","|gametype|singles","|gen|6","|tier|Monotype","|rated","|rule|Baton Pass Clause: Limit one Baton Passer, can't pass Spe and other stats simultaneously","|rule|Swagger Clause: Swagger is banned","|rule|Same Type Clause: Pokémon in a team must share a type","|clearpoke","|poke|p1|Pidgeot, M, shiny","|poke|p1|Landorus, M, shiny","|poke|p1|Gyarados, F, shiny","|poke|p1|Dragonite, M, shiny","|poke|p1|Thundurus, M, shiny","|poke|p1|Staraptor, M, shiny","|poke|p2|Ludicolo, M","|poke|p2|Empoleon, M","|poke|p2|Swampert, M","|poke|p2|Rotom-Wash","|poke|p2|Manaphy","|poke|p2|Politoed, F","|rule|Sleep Clause Mod: Limit one foe put to sleep","|rule|Species Clause: Limit one of each Pokémon","|rule|OHKO Clause: OHKO moves are banned","|rule|Moody Clause: Moody is banned","|rule|Evasion Moves Clause: Evasion moves are banned","|rule|Endless Battle Clause: Forcing endless battles is banned","|rule|HP Percentage Mod: HP is shown in percentages","|teampreview","|","|start","|switch|p1a: Gaea|Landorus, M, shiny|319/319","|switch|p2a: Empoleon|Empoleon, M|372/372","|turn|1","|","|switch|p2a: Manaphy|Manaphy|341/341","|move|p1a: Gaea|Stealth Rock|p2a: Manaphy","|-sidestart|p2: Silver Zeyus|move: Stealth Rock","|","|turn|2","|","|move|p2a: Manaphy|Tail Glow|p2a: Manaphy","|-boost|p2a: Manaphy|spa|3","|move|p1a: Gaea|Psychic|p2a: Manaphy","|-crit|p2a: Manaphy","|-damage|p2a: Manaphy|47/341","|","|-heal|p2a: Manaphy|68/341|[from] item: Leftovers","|turn|3","|","|move|p2a: Manaphy|Scald|p1a: Gaea","|-supereffective|p1a: Gaea","|-damage|p1a: Gaea|0 fnt","|faint|p1a: Gaea","|","|-heal|p2a: Manaphy|89/341|[from] item: Leftovers","|","|switch|p1a: Jupiter|Thundurus, M, shiny|299/299","|turn|4","|","|move|p1a: Jupiter|Thunderbolt|p2a: Manaphy","|-supereffective|p2a: Manaphy","|-damage|p2a: Manaphy|0 fnt","|faint|p2a: Manaphy","|","|","|switch|p2a: Swampert|Swampert, M|341/341","|-damage|p2a: Swampert|320/341|[from] Stealth Rock","|turn|5","|","|detailschange|p2a: Swampert|Swampert-Mega, M","|-mega|p2a: Swampert|Swampert|Swampertite","|move|p1a: Jupiter|Hidden Power|p2a: Swampert","|-damage|p2a: Swampert|258/341","|move|p2a: Swampert|Ice Punch|p1a: Jupiter","|-supereffective|p1a: Jupiter","|-damage|p1a: Jupiter|5/299","|-enditem|p1a: Jupiter|Sitrus Berry|[eat]","|-heal|p1a: Jupiter|79/299|[from] item: Sitrus Berry","|","|turn|6","|","|move|p1a: Jupiter|Hidden Power|p2a: Swampert","|-damage|p2a: Swampert|193/341","|move|p2a: Swampert|Rain Dance|p2a: Swampert","|-weather|RainDance","|","|-weather|RainDance|[upkeep]","|turn|7","|","|move|p2a: Swampert|Ice Punch|p1a: Jupiter","|-supereffective|p1a: Jupiter","|-damage|p1a: Jupiter|0 fnt","|faint|p1a: Jupiter","|","|-weather|RainDance|[upkeep]","|","|switch|p1a: Porunga|Dragonite, M, shiny|323/323","|turn|8","|","|move|p2a: Swampert|Waterfall|p1a: Porunga","|-resisted|p1a: Porunga","|-damage|p1a: Porunga|258/323","|move|p1a: Porunga|Dragon Dance|p1a: Porunga","|-boost|p1a: Porunga|atk|1","|-boost|p1a: Porunga|spe|1","|","|-weather|RainDance|[upkeep]","|turn|9","|","|move|p1a: Porunga|Extreme Speed|p2a: Swampert","|-damage|p2a: Swampert|37/341","|move|p2a: Swampert|Ice Punch|p1a: Porunga","|-supereffective|p1a: Porunga","|-damage|p1a: Porunga|0 fnt","|faint|p1a: Porunga","|","|-weather|RainDance|[upkeep]","|","|switch|p1a: Sushi|Gyarados, F, shiny|331/331","|turn|10","|","|move|p2a: Swampert|Earthquake|p1a: Sushi","|-immune|p1a: Sushi|[msg]","|move|p1a: Sushi|Earthquake|p2a: Swampert","|-damage|p2a: Swampert|0 fnt","|-damage|p1a: Sushi|298/331|[from] item: Life Orb","|faint|p2a: Swampert","|-boost|p1a: Sushi|atk|1|[from] ability: Moxie","|","|-weather|none","|","|switch|p2a: Rotom-Wash|Rotom-Wash|304/304","|-damage|p2a: Rotom-Wash|266/304|[from] Stealth Rock","|turn|11","|","|move|p1a: Sushi|Waterfall|p2a: Rotom-Wash","|-resisted|p2a: Rotom-Wash","|-damage|p2a: Rotom-Wash|159/304","|-damage|p1a: Sushi|265/331|[from] item: Life Orb","|move|p2a: Rotom-Wash|Volt Switch|p1a: Sushi","|-supereffective|p1a: Sushi","|-damage|p1a: Sushi|0 fnt","|faint|p1a: Sushi","|","|switch|p2a: Empoleon|Empoleon, M|372/372","|-damage|p2a: Empoleon|349/372|[from] Stealth Rock","|","|-heal|p2a: Empoleon|372/372|[from] item: Leftovers","|","|switch|p1a: BIRD JESUS|Pidgeot, M, shiny|307/307","|turn|12","|","|detailschange|p1a: BIRD JESUS|Pidgeot-Mega, M, shiny","|-mega|p1a: BIRD JESUS|Pidgeot|Pidgeotite","|move|p1a: BIRD JESUS|Protect|p1a: BIRD JESUS","|-singleturn|p1a: BIRD JESUS|Protect","|move|p2a: Empoleon|Defog|p1a: BIRD JESUS","|-activate|p1a: BIRD JESUS|Protect","|","|turn|13","|","|move|p1a: BIRD JESUS|Heat Wave|p2a: Empoleon","|-damage|p2a: Empoleon|292/372","|move|p2a: Empoleon|Defog|p1a: BIRD JESUS","|-unboost|p1a: BIRD JESUS|evasion|1","|-sideend|p2: Silver Zeyus|Stealth Rock|[from] move: Defog|[of] p2a: Empoleon","|","|-heal|p2a: Empoleon|315/372|[from] item: Leftovers","|turn|14","|","|move|p1a: BIRD JESUS|Hurricane|p2a: Empoleon","|-resisted|p2a: Empoleon","|-damage|p2a: Empoleon|248/372","|-start|p2a: Empoleon|confusion","|-activate|p2a: Empoleon|confusion","|move|p2a: Empoleon|Stealth Rock|p1a: BIRD JESUS","|-sidestart|p1: Apex Salamence|move: Stealth Rock","|","|-heal|p2a: Empoleon|271/372|[from] item: Leftovers","|turn|15","|","|move|p1a: BIRD JESUS|Protect|p1a: BIRD JESUS","|-singleturn|p1a: BIRD JESUS|Protect","|-end|p2a: Empoleon|confusion","|move|p2a: Empoleon|Scald|p1a: BIRD JESUS","|-activate|p1a: BIRD JESUS|Protect","|","|-heal|p2a: Empoleon|294/372|[from] item: Leftovers","|turn|16","|","|move|p1a: BIRD JESUS|Hurricane|p2a: Empoleon","|-resisted|p2a: Empoleon","|-damage|p2a: Empoleon|222/372","|move|p2a: Empoleon|Scald|p1a: BIRD JESUS","|-damage|p1a: BIRD JESUS|189/307","|-status|p1a: BIRD JESUS|brn","|","|-heal|p2a: Empoleon|245/372|[from] item: Leftovers","|-damage|p1a: BIRD JESUS|151/307 brn|[from] brn","|turn|17","|","|move|p1a: BIRD JESUS|Heat Wave|p2a: Empoleon","|-damage|p2a: Empoleon|156/372","|move|p2a: Empoleon|Roar|p1a: BIRD JESUS","|drag|p1a: Raptor|Staraptor, M, shiny|311/311","|-damage|p1a: Raptor|234/311|[from] Stealth Rock","|","|-heal|p2a: Empoleon|179/372|[from] item: Leftovers","|turn|18","|","|switch|p2a: Rotom-Wash|Rotom-Wash|159/304","|move|p1a: Raptor|Close Combat|p2a: Rotom-Wash","|-damage|p2a: Rotom-Wash|69/304","|-unboost|p1a: Raptor|def|1","|-unboost|p1a: Raptor|spd|1","|","|-heal|p2a: Rotom-Wash|88/304|[from] item: Leftovers","|turn|19","|","|move|p1a: Raptor|Close Combat|p2a: Rotom-Wash","|-damage|p2a: Rotom-Wash|0 fnt","|-unboost|p1a: Raptor|def|1","|-unboost|p1a: Raptor|spd|1","|faint|p2a: Rotom-Wash","|","|","|switch|p2a: Politoed|Politoed, F|384/384","|-weather|RainDance","|turn|20","|","|move|p1a: Raptor|Close Combat|p2a: Politoed","|-damage|p2a: Politoed|217/384","|-unboost|p1a: Raptor|def|1","|-unboost|p1a: Raptor|spd|1","|-enditem|p2a: Politoed|Eject Button","|","|switch|p2a: Ludicolo|Ludicolo, M|301/301","|","|-weather|RainDance|[upkeep]","|turn|21","|","|move|p1a: Raptor|Close Combat|p2a: Ludicolo","|-damage|p2a: Ludicolo|109/301","|-unboost|p1a: Raptor|def|1","|-unboost|p1a: Raptor|spd|1","|move|p2a: Ludicolo|Ice Beam|p1a: Raptor","|-supereffective|p1a: Raptor","|-damage|p1a: Raptor|0 fnt","|-damage|p2a: Ludicolo|79/301|[from] item: Life Orb","|faint|p1a: Raptor","|","|-weather|RainDance|[upkeep]","|","|switch|p1a: BIRD JESUS|Pidgeot-Mega, M, shiny|151/307 brn","|-damage|p1a: BIRD JESUS|75/307 brn|[from] Stealth Rock","|turn|22","|","|move|p2a: Ludicolo|Ice Beam|p1a: BIRD JESUS","|-supereffective|p1a: BIRD JESUS","|-damage|p1a: BIRD JESUS|0 fnt","|-damage|p2a: Ludicolo|49/301|[from] item: Life Orb","|faint|p1a: BIRD JESUS","|","|win|Silver Zeyus"],"p1rating":{"entryid":"7518658","serverid":"eos","formatid":"monotype","userid":"apexsalamence","username":"Apex Salamence","w":"7","l":3,"t":"0","gxe":58.5,"r":"1500","rd":"130","sigma":"0","rptime":"1439110800","rpr":1566.6960841094,"rprd":87.2055164605,"rpsigma":"0","acre":1112.9875044643,"lacre":1112.9875044643,"oldacre":"1143.6338541197"},"p2rating":{"entryid":"7506885","serverid":"eos","formatid":"monotype","userid":"silverzeyus","username":"Silver - Zeyus","w":4,"l":"5","t":"0","gxe":49.7,"r":"1500","rd":"130","sigma":"0","rptime":"1439110800","rpr":1498.049915316,"rprd":89.533331279944,"rpsigma":"0","acre":1101.0925429625,"lacre":1101.0925429625,"oldacre":"1063.7875094174"},"endType":"normal"}