{"seed":[49258,31066,9920,4246],"turns":26,"p1":"LTIL-Tahit","p2":"SL DrTroller","p1team":[{"name":"Aegi","species":"aegislash","item":"weaknesspolicy","ability":"Stance Change","moves":["kingsshield","shadowball","sacredsword","shadowsneak"],"nature":"Quiet","evs":{"hp":252,"atk":0,"def":0,"spa":252,"spd":4,"spe":0},"ivs":{"hp":31,"atk":31,"def":31,"spa":31,"spd":31,"spe":0}},{"name":"Hoopa","species":"Hoopa","item":"lifeorb","ability":"Magician","moves":["trickroom","psychic","shadowball","focusblast"],"nature":"Quiet","evs":{"hp":252,"atk":0,"def":4,"spa":252,"spd":0,"spe":0},"ivs":{"hp":31,"atk":31,"def":31,"spa":31,"spd":31,"spe":31}},{"name":"Treve","species":"trevenant","item":"sitrusberry","ability":"Harvest","moves":["substitute","leechseed","willowisp","rockslide"],"nature":"Impish","evs":{"hp":252,"atk":0,"def":148,"spa":0,"spd":108,"spe":0},"ivs":{"hp":31,"atk":31,"def":31,"spa":31,"spd":31,"spe":31}},{"name":"Sableye","species":"Sableye","item":"sablenite","ability":"Prankster","moves":["calmmind","willowisp","recover","dazzlinggleam"],"nature":"Calm","evs":{"hp":0,"atk":0,"def":248,"spa":0,"spd":252,"spe":8},"ivs":{"hp":31,"atk":31,"def":31,"spa":31,"spd":31,"spe":31}},{"name":"G-S","species":"gourgeistsuper","item":"leftovers","ability":"Frisk","moves":["flamecharge","willowisp","leechseed","painsplit"],"nature":"Careful","evs":{"hp":252,"atk":0,"def":252,"spa":0,"spd":4,"spe":0},"ivs":{"hp":31,"atk":31,"def":31,"spa":31,"spd":31,"spe":31}},{"name":"Cofagrigus","species":"Cofagrigus","item":"custapberry","ability":"Mummy","moves":["destinybond","disable","endure","infestation"],"nature":"Bold","evs":{"hp":252,"atk":0,"def":4,"spa":0,"spd":252,"spe":0},"ivs":{"hp":31,"atk":31,"def":31,"spa":31,"spd":31,"spe":31}}],"p2team":[{"name":"Spooner","species":"alakazam","item":"twistedspoon","ability":"Magic Guard","moves":["psyshock","focusblast","shadowball","psychup"],"nature":"Timid","evs":{"hp":0,"atk":0,"def":0,"spa":252,"spd":4,"spe":252},"ivs":{"hp":31,"atk":31,"def":31,"spa":31,"spd":31,"spe":31}},{"name":"African VooDoo Dol","species":"claydol","item":"leftovers","ability":"Levitate","moves":["rapidspin","earthquake","icebeam","psyshock"],"nature":"Modest","evs":{"hp":4,"atk":0,"def":0,"spa":252,"spd":0,"spe":252},"ivs":{"hp":31,"atk":31,"def":31,"spa":31,"spd":31,"spe":31}},{"name":"EggHead","species":"exeggutor","item":"sitrusberry","ability":"Harvest","moves":["substitute","sunnyday","protect","leechseed"],"nature":"Bold","evs":{"hp":252,"atk":0,"def":252,"spa":0,"spd":4,"spe":0},"ivs":{"hp":31,"atk":30,"def":31,"spa":30,"spd":31,"spe":30}},{"name":"Mistress","species":"gardevoir","item":"gardevoirite","ability":"Synchronize","moves":["hypervoice","focusblast","psychic","shadowball"],"nature":"Modest","evs":{"hp":212,"atk":0,"def":0,"spa":232,"spd":8,"spe":56},"gender":"F","shiny":true,"ivs":{"hp":31,"atk":31,"def":31,"spa":31,"spd":31,"spe":31}},{"name":"Victini","species":"Victini","item":"whiteherb","ability":"Victory Star","moves":["vcreate","brickbreak","boltstrike","uturn"],"nature":"Adamant","evs":{"hp":0,"atk":252,"def":4,"spa":0,"spd":0,"spe":252},"ivs":{"hp":31,"atk":31,"def":31,"spa":31,"spd":31,"spe":31}},{"name":"Wobbuffet","species":"Wobbuffet","item":"leftovers","ability":"Shadow Tag","moves":["counter","mirrorcoat","encore","safeguard"],"nature":"Brave","evs":{"hp":168,"atk":156,"def":4,"spa":0,"spd":180,"spe":0},"ivs":{"hp":31,"atk":31,"def":31,"spa":31,"spd":31,"spe":31}}],"log":["|player|p1|LTIL-Tahit|169","|player|p2|SL DrTroller|52","|gametype|singles","|gen|6","|tier|Monotype","|rated","|rule|Baton Pass Clause: Limit one Baton Passer, can't pass Spe and other stats simultaneously","|rule|Swagger Clause: Swagger is banned","|rule|Same Type Clause: Pokémon in a team must share a type","|clearpoke","|poke|p1|Aegislash, F","|poke|p1|Hoopa","|poke|p1|Trevenant, F","|poke|p1|Sableye, M","|poke|p1|Gourgeist-*, M","|poke|p1|Cofagrigus, M","|poke|p2|Alakazam, F","|poke|p2|Claydol","|poke|p2|Exeggutor, M","|poke|p2|Gardevoir, F, shiny","|poke|p2|Victini","|poke|p2|Wobbuffet, M","|rule|Sleep Clause Mod: Limit one foe put to sleep","|rule|Species Clause: Limit one of each Pokémon","|rule|OHKO Clause: OHKO moves are banned","|rule|Moody Clause: Moody is banned","|rule|Evasion Moves Clause: Evasion moves are banned","|rule|Endless Battle Clause: Forcing endless battles is banned","|rule|HP Percentage Mod: HP is shown in percentages","|teampreview","|","|start","|switch|p1a: G-S|Gourgeist-Super, M|374/374","|switch|p2a: Wobbuffet|Wobbuffet, M|563/563","|-item|p2a: Wobbuffet|Leftovers|[from] ability: Frisk|[of] p1a: G-S|[identify]","|turn|1","|","|move|p1a: G-S|Will-O-Wisp|p2a: Wobbuffet","|-status|p2a: Wobbuffet|brn","|move|p2a: Wobbuffet|Mirror Coat|p1a: G-S","|-fail|p1a: G-S","|","|-damage|p2a: Wobbuffet|493/563 brn|[from] brn","|turn|2","|","|move|p1a: G-S|Leech Seed|p2a: Wobbuffet","|-start|p2a: Wobbuffet|move: Leech Seed","|move|p2a: Wobbuffet|Encore|p1a: G-S","|-start|p1a: G-S|Encore","|","|-heal|p2a: Wobbuffet|528/563 brn|[from] item: Leftovers","|-damage|p2a: Wobbuffet|458/563 brn|[from] Leech Seed|[of] p1a: G-S","|-damage|p2a: Wobbuffet|388/563 brn|[from] brn","|turn|3","|","|switch|p2a: EggHead|Exeggutor, M|394/394","|move|p1a: G-S|Leech Seed|p2a: EggHead","|-immune|p2a: EggHead|[msg]","|","|turn|4","|","|move|p2a: EggHead|Substitute|p2a: EggHead","|-start|p2a: EggHead|Substitute","|-damage|p2a: EggHead|296/394","|move|p1a: G-S|Leech Seed|p2a: EggHead","|-immune|p2a: EggHead|[msg]","|","|turn|5","|","|move|p2a: EggHead|Sunny Day|p2a: EggHead","|-weather|SunnyDay","|move|p1a: G-S|Leech Seed|p2a: EggHead","|-immune|p2a: EggHead|[msg]","|","|-weather|SunnyDay|[upkeep]","|-end|p1a: G-S|Encore","|turn|6","|","|move|p2a: EggHead|Protect|p2a: EggHead","|-singleturn|p2a: EggHead|Protect","|move|p1a: G-S|Flame Charge|p2a: EggHead","|-activate|p2a: EggHead|Protect","|","|-weather|SunnyDay|[upkeep]","|turn|7","|","|move|p2a: EggHead|Protect|p2a: EggHead","|-singleturn|p2a: EggHead|Protect","|move|p1a: G-S|Flame Charge|p2a: EggHead","|-activate|p2a: EggHead|Protect","|","|-weather|SunnyDay|[upkeep]","|turn|8","|","|move|p2a: EggHead|Substitute|p2a: EggHead","|-fail|p2a: EggHead|move: Substitute","|move|p1a: G-S|Flame Charge|p2a: EggHead","|-supereffective|p2a: EggHead","|-end|p2a: EggHead|Substitute","|-boost|p1a: G-S|spe|1","|","|-weather|SunnyDay|[upkeep]","|turn|9","|","|move|p1a: G-S|Will-O-Wisp|p2a: EggHead","|-status|p2a: EggHead|brn","|move|p2a: EggHead|Substitute|p2a: EggHead","|-start|p2a: EggHead|Substitute","|-damage|p2a: EggHead|198/394 brn","|","|-weather|none","|-damage|p2a: EggHead|149/394 brn|[from] brn","|-enditem|p2a: EggHead|Sitrus Berry|[eat]","|-heal|p2a: EggHead|247/394 brn|[from] item: Sitrus Berry","|turn|10","|","|move|p2a: EggHead|Protect|p2a: EggHead","|-singleturn|p2a: EggHead|Protect","|move|p1a: G-S|Flame Charge|p2a: EggHead","|-activate|p2a: EggHead|Protect","|","|-damage|p2a: EggHead|198/394 brn|[from] brn","|turn|11","|","|move|p2a: EggHead|Protect|p2a: EggHead","|-fail|p2a: EggHead","|move|p1a: G-S|Flame Charge|p2a: EggHead","|-crit|p2a: EggHead","|-supereffective|p2a: EggHead","|-end|p2a: EggHead|Substitute","|-boost|p1a: G-S|spe|1","|","|-damage|p2a: EggHead|149/394 brn|[from] brn","|turn|12","|","|move|p2a: EggHead|Protect|p2a: EggHead","|-singleturn|p2a: EggHead|Protect","|move|p1a: G-S|Flame Charge|p2a: EggHead","|-activate|p2a: EggHead|Protect","|","|-damage|p2a: EggHead|100/394 brn|[from] brn","|-item|p2a: EggHead|Sitrus Berry|[from] ability: Harvest","|-enditem|p2a: EggHead|Sitrus Berry|[eat]","|-heal|p2a: EggHead|198/394 brn|[from] item: Sitrus Berry","|turn|13","|","|move|p1a: G-S|Flame Charge|p2a: EggHead","|-supereffective|p2a: EggHead","|-damage|p2a: EggHead|132/394 brn","|-boost|p1a: G-S|spe|1","|move|p2a: EggHead|Substitute|p2a: EggHead","|-start|p2a: EggHead|Substitute","|-damage|p2a: EggHead|34/394 brn","|","|-damage|p2a: EggHead|0 fnt|[from] brn","|faint|p2a: EggHead","|","|switch|p2a: Victini|Victini|341/341","|turn|14","|","|move|p1a: G-S|Leech Seed|p2a: Victini","|-start|p2a: Victini|move: Leech Seed","|move|p2a: Victini|U-turn|p1a: G-S","|-damage|p1a: G-S|325/374","|","|switch|p2a: Spooner|Alakazam, F|251/251","|","|-heal|p1a: G-S|348/374|[from] item: Leftovers","|turn|15","|","|move|p2a: Spooner|Shadow Ball|p1a: G-S","|-supereffective|p1a: G-S","|-damage|p1a: G-S|122/374","|move|p1a: G-S|Flame Charge|p2a: Spooner","|-damage|p2a: Spooner|174/251","|-boost|p1a: G-S|spe|1","|","|-heal|p1a: G-S|145/374|[from] item: Leftovers","|turn|16","|","|move|p1a: G-S|Leech Seed|p2a: Spooner","|-start|p2a: Spooner|move: Leech Seed","|move|p2a: Spooner|Shadow Ball|p1a: G-S","|-supereffective|p1a: G-S","|-damage|p1a: G-S|0 fnt","|faint|p1a: G-S","|","|","|switch|p1a: Aegi|Aegislash, F|324/324","|turn|17","|","|switch|p2a: Victini|Victini|341/341","|-formechange|p1a: Aegi|Aegislash-Blade","|move|p1a: Aegi|Shadow Ball|p2a: Victini","|-supereffective|p2a: Victini","|-damage|p2a: Victini|15/341","|","|turn|18","|","|-formechange|p1a: Aegi|Aegislash","|move|p1a: Aegi|King's Shield|p1a: Aegi","|-singleturn|p1a: Aegi|Protect","|move|p2a: Victini|V-create|p1a: Aegi","|-activate|p1a: Aegi|Protect","|-unboost|p2a: Victini|atk|2","|-enditem|p2a: Victini|White Herb","|-restoreboost|p2a: Victini|[silent]","|","|turn|19","|","|-formechange|p1a: Aegi|Aegislash-Blade","|move|p1a: Aegi|Shadow Sneak|p2a: Victini","|-supereffective|p2a: Victini","|-damage|p2a: Victini|0 fnt","|faint|p2a: Victini","|","|","|switch|p2a: Spooner|Alakazam, F|174/251","|turn|20","|","|-formechange|p1a: Aegi|Aegislash","|move|p1a: Aegi|King's Shield|p1a: Aegi","|-singleturn|p1a: Aegi|Protect","|move|p2a: Spooner|Shadow Ball|p1a: Aegi","|-activate|p1a: Aegi|Protect","|","|turn|21","|","|move|p2a: Spooner|Shadow Ball|p1a: Aegi","|-supereffective|p1a: Aegi","|-damage|p1a: Aegi|192/324","|-enditem|p1a: Aegi|Weakness Policy","|-boost|p1a: Aegi|atk|2|[from] item: Weakness Policy","|-boost|p1a: Aegi|spa|2|[from] item: Weakness Policy","|-formechange|p1a: Aegi|Aegislash-Blade","|move|p1a: Aegi|Shadow Ball|p2a: Spooner","|-supereffective|p2a: Spooner","|-damage|p2a: Spooner|0 fnt","|faint|p2a: Spooner","|","|","|switch|p2a: Wobbuffet|Wobbuffet, M|388/563 brn","|turn|22","|","|-formechange|p1a: Aegi|Aegislash","|move|p1a: Aegi|King's Shield|p1a: Aegi","|-singleturn|p1a: Aegi|Protect","|move|p2a: Wobbuffet|Mirror Coat|p1a: Aegi","|-activate|p1a: Aegi|Protect","|","|-heal|p2a: Wobbuffet|423/563 brn|[from] item: Leftovers","|-damage|p2a: Wobbuffet|353/563 brn|[from] brn","|turn|23","|","|-formechange|p1a: Aegi|Aegislash-Blade","|move|p1a: Aegi|Shadow Sneak|p2a: Wobbuffet","|-supereffective|p2a: Wobbuffet","|-damage|p2a: Wobbuffet|0 fnt","|faint|p2a: Wobbuffet","|","|","|switch|p2a: Mistress|Gardevoir, F, shiny|330/330","|turn|24","|","|detailschange|p2a: Mistress|Gardevoir-Mega, F, shiny","|-mega|p2a: Mistress|Gardevoir|Gardevoirite","|-formechange|p1a: Aegi|Aegislash","|move|p1a: Aegi|King's Shield|p1a: Aegi","|-singleturn|p1a: Aegi|Protect","|move|p2a: Mistress|Shadow Ball|p1a: Aegi","|-activate|p1a: Aegi|Protect","|","|turn|25","|","|move|p2a: Mistress|Hyper Voice|p1a: Aegi","|-resisted|p1a: Aegi","|-damage|p1a: Aegi|91/324","|-formechange|p1a: Aegi|Aegislash-Blade","|move|p1a: Aegi|Shadow Ball|p2a: Mistress","|-supereffective|p2a: Mistress","|-damage|p2a: Mistress|0 fnt","|faint|p2a: Mistress","|","|","|switch|p2a: African VooDoo Dol|Claydol|262/262","|turn|26","|","|move|p1a: Aegi|Shadow Sneak|p2a: African VooDoo Dol","|-supereffective|p2a: African VooDoo Dol","|-damage|p2a: African VooDoo Dol|0 fnt","|faint|p2a: African VooDoo Dol","|","|win|LTIL-Tahit"],"p1rating":{"entryid":"6925118","serverid":"eos","formatid":"monotype","userid":"ltiltahit","username":"LTIL-Tahit","w":61,"l":"62","t":"0","gxe":52.4,"r":"1517.0288469677","rd":"35.37117757752","sigma":"0","rptime":"1439110800","rpr":1517.8718326705,"rprd":35.071568758265,"rpsigma":"0","acre":1138.2496409396,"lacre":1138.2496409396,"oldacre":"1119.9652473133"},"p2rating":{"entryid":"7479374","serverid":"eos","formatid":"monotype","userid":"sldrtroller","username":"SL DrTroller","w":"1","l":5,"t":"0","gxe":40.4,"r":"1460.7991649884","rd":"107.58647512107","sigma":"0","rptime":"1439110800","rpr":1423.8674501457,"rprd":100.03895407014,"rpsigma":"0","acre":1014.3099299562,"lacre":1014.3099299562,"oldacre":"1024.2882645431"},"endType":"normal"}