{"seed":[39574,14412,37862,58328],"turns":29,"p1":"tboltrider","p2":"KTN Photon","p1team":[{"name":"Altaria","species":"Altaria","item":"altarianite","ability":"Natural Cure","moves":["hypervoice","roost","flamethrower","healbell"],"nature":"Modest","evs":{"hp":0,"atk":0,"def":104,"spa":252,"spd":0,"spe":152},"gender":"F","ivs":{"hp":31,"atk":31,"def":31,"spa":31,"spd":31,"spe":31}},{"name":"Landorus-Therian","species":"Landorus-Therian","item":"assaultvest","ability":"Intimidate","moves":["earthquake","knockoff","uturn","stoneedge"],"nature":"Jolly","evs":{"hp":0,"atk":56,"def":0,"spa":0,"spd":200,"spe":252},"ivs":{"hp":31,"atk":31,"def":31,"spa":31,"spd":31,"spe":31}},{"name":"Skarmory","species":"Skarmory","item":"rockyhelmet","ability":"Sturdy","moves":["roost","swordsdance","stealthrock","ironhead"],"nature":"Jolly","evs":{"hp":0,"atk":128,"def":0,"spa":0,"spd":248,"spe":132},"gender":"M","ivs":{"hp":31,"atk":31,"def":31,"spa":31,"spd":31,"spe":31}},{"name":"Togekiss","species":"Togekiss","item":"leftovers","ability":"Serene Grace","moves":["aurasphere","airslash","softboiled","thunderwave"],"nature":"Modest","evs":{"hp":0,"atk":0,"def":148,"spa":108,"spd":0,"spe":252},"gender":"F","ivs":{"hp":31,"atk":31,"def":31,"spa":31,"spd":31,"spe":31}},{"name":"Mandibuzz","species":"Mandibuzz","item":"weaknesspolicy","ability":"Big Pecks","moves":["bravebird","defog","foulplay","taunt"],"nature":"Adamant","evs":{"hp":0,"atk":232,"def":0,"spa":0,"spd":156,"spe":120},"ivs":{"hp":31,"atk":31,"def":31,"spa":31,"spd":31,"spe":31}},{"name":"Hawlucha","species":"Hawlucha","item":"sitrusberry","ability":"Unburden","moves":["swordsdance","acrobatics","highjumpkick","substitute"],"nature":"","evs":{"hp":12,"atk":252,"def":0,"spa":0,"spd":0,"spe":244},"ivs":{"hp":31,"atk":31,"def":31,"spa":31,"spd":31,"spe":31}}],"p2team":[{"name":"Venusaur","species":"Venusaur","item":"venusaurite","ability":"Overgrow","moves":["earthquake","powerwhip","curse","synthesis"],"nature":"Adamant","evs":{"hp":216,"atk":252,"def":40,"spa":0,"spd":0,"spe":0},"ivs":{"hp":31,"atk":30,"def":30,"spa":31,"spd":31,"spe":31}},{"name":"Celebi","species":"Celebi","item":"lifeorb","ability":"Natural Cure","moves":["thunderwave","calmmind","recover","gigadrain"],"nature":"Bold","evs":{"hp":252,"atk":0,"def":220,"spa":0,"spd":0,"spe":36},"ivs":{"hp":31,"atk":31,"def":31,"spa":31,"spd":31,"spe":31}},{"name":"Ludicolo","species":"Ludicolo","item":"choicespecs","ability":"Swift Swim","moves":["gigadrain","focusblast","hydropump","icebeam"],"nature":"Modest","evs":{"hp":0,"atk":0,"def":0,"spa":252,"spd":4,"spe":252},"ivs":{"hp":31,"atk":31,"def":31,"spa":31,"spd":31,"spe":31}},{"name":"Ferrothorn","species":"Ferrothorn","item":"rockyhelmet","ability":"Iron Barbs","moves":["leechseed","stealthrock","thunderwave","gyroball"],"nature":"Relaxed","evs":{"hp":248,"atk":8,"def":252,"spa":0,"spd":0,"spe":0},"ivs":{"hp":31,"atk":31,"def":31,"spa":31,"spd":31,"spe":0}},{"name":"Cradily","species":"Cradily","item":"leftovers","ability":"Suction Cups","moves":["stoneedge","recover","toxic","seedbomb"],"nature":"Careful","evs":{"hp":0,"atk":0,"def":0,"spa":252,"spd":0,"spe":252},"ivs":{"hp":31,"atk":31,"def":31,"spa":31,"spd":31,"spe":31}},{"name":"Roserade","species":"Roserade","item":"choicescarf","ability":"Technician","moves":["sludgebomb","energyball","hiddenpowerfire","shadowball"],"nature":"Modest","evs":{"hp":0,"atk":0,"def":0,"spa":252,"spd":0,"spe":252},"ivs":{"hp":31,"atk":30,"def":31,"spa":30,"spd":31,"spe":30}}],"log":["|player|p1|tboltrider|93","|player|p2|KTN Photon|66","|gametype|singles","|gen|6","|tier|Monotype","|rated","|rule|Baton Pass Clause: Limit one Baton Passer, can't pass Spe and other stats simultaneously","|rule|Swagger Clause: Swagger is banned","|rule|Same Type Clause: Pokémon in a team must share a type","|clearpoke","|poke|p1|Altaria, F","|poke|p1|Landorus-Therian, M","|poke|p1|Skarmory, M","|poke|p1|Togekiss, F","|poke|p1|Mandibuzz, F","|poke|p1|Hawlucha, M","|poke|p2|Venusaur, M","|poke|p2|Celebi","|poke|p2|Ludicolo, M","|poke|p2|Ferrothorn, M","|poke|p2|Cradily, F","|poke|p2|Roserade, M","|rule|Sleep Clause Mod: Limit one foe put to sleep","|rule|Species Clause: Limit one of each Pokémon","|rule|OHKO Clause: OHKO moves are banned","|rule|Moody Clause: Moody is banned","|rule|Evasion Moves Clause: Evasion moves are banned","|rule|Endless Battle Clause: Forcing endless battles is banned","|rule|HP Percentage Mod: HP is shown in percentages","|teampreview","|","|start","|switch|p1a: Altaria|Altaria, F|291/291","|switch|p2a: Ludicolo|Ludicolo, M|301/301","|turn|1","|","|switch|p1a: Mandibuzz|Mandibuzz, F|361/361","|move|p2a: Ludicolo|Ice Beam|p1a: Mandibuzz","|-supereffective|p1a: Mandibuzz","|-damage|p1a: Mandibuzz|133/361","|-enditem|p1a: Mandibuzz|Weakness Policy","|-boost|p1a: Mandibuzz|atk|2|[from] item: Weakness Policy","|-boost|p1a: Mandibuzz|spa|2|[from] item: Weakness Policy","|","|turn|2","|","|switch|p2a: Ferrothorn|Ferrothorn, M|351/351","|move|p1a: Mandibuzz|Foul Play|p2a: Ferrothorn","|-damage|p2a: Ferrothorn|282/351","|-damage|p1a: Mandibuzz|88/361|[from] ability: Iron Barbs|[of] p2a: Ferrothorn","|-damage|p1a: Mandibuzz|28/361|[from] item: Rocky Helmet|[of] p2a: Ferrothorn","|","|turn|3","|","|move|p1a: Mandibuzz|Taunt|p2a: Ferrothorn","|-start|p2a: Ferrothorn|move: Taunt","|cant|p2a: Ferrothorn|move: Taunt|Thunder Wave","|","|turn|4","|","|move|p1a: Mandibuzz|Brave Bird|p2a: Ferrothorn","|-damage|p2a: Ferrothorn|96/351","|-damage|p1a: Mandibuzz|0 fnt|[from] ability: Iron Barbs|[of] p2a: Ferrothorn","|faint|p1a: Mandibuzz","|move|p2a: Ferrothorn|Gyro Ball|p1: Mandibuzz|[notarget]","|-notarget","|","|","|switch|p1a: Togekiss|Togekiss, F|311/311","|turn|5","|","|switch|p2a: Cradily|Cradily, F|313/313","|move|p1a: Togekiss|Aura Sphere|p2a: Cradily","|-supereffective|p2a: Cradily","|-damage|p2a: Cradily|147/313","|","|-heal|p2a: Cradily|166/313|[from] item: Leftovers","|turn|6","|","|move|p1a: Togekiss|Aura Sphere|p2a: Cradily","|-supereffective|p2a: Cradily","|-damage|p2a: Cradily|18/313","|move|p2a: Cradily|Stone Edge|p1a: Togekiss","|-supereffective|p1a: Togekiss","|-damage|p1a: Togekiss|143/311","|","|-heal|p1a: Togekiss|162/311|[from] item: Leftovers","|-heal|p2a: Cradily|37/313|[from] item: Leftovers","|turn|7","|","|switch|p2a: Roserade|Roserade, M|261/261","|move|p1a: Togekiss|Air Slash|p2a: Roserade","|-supereffective|p2a: Roserade","|-damage|p2a: Roserade|7/261","|","|-heal|p1a: Togekiss|181/311|[from] item: Leftovers","|turn|8","|","|move|p2a: Roserade|Sludge Bomb|p1a: Togekiss","|-supereffective|p1a: Togekiss","|-damage|p1a: Togekiss|0 fnt","|faint|p1a: Togekiss","|","|","|switch|p1a: Landorus-Therian|Landorus-Therian, M|319/319","|-ability|p1a: Landorus-Therian|Intimidate","|-unboost|p2a: Roserade|atk|1","|turn|9","|","|switch|p2a: Cradily|Cradily, F|37/313","|move|p1a: Landorus-Therian|Earthquake|p2a: Cradily","|-damage|p2a: Cradily|0 fnt","|faint|p2a: Cradily","|","|","|switch|p2a: Ludicolo|Ludicolo, M|301/301","|turn|10","|","|move|p1a: Landorus-Therian|U-turn|p2a: Ludicolo","|-supereffective|p2a: Ludicolo","|-damage|p2a: Ludicolo|75/301","|","|switch|p1a: Skarmory|Skarmory, M|271/271","|move|p2a: Ludicolo|Ice Beam|p1a: Skarmory","|-damage|p1a: Skarmory|145/271","|","|turn|11","|","|switch|p2a: Celebi|Celebi|404/404","|move|p1a: Skarmory|Iron Head|p2a: Celebi","|-damage|p2a: Celebi|332/404","|","|turn|12","|","|move|p2a: Celebi|Thunder Wave|p1a: Skarmory","|-status|p1a: Skarmory|par","|move|p1a: Skarmory|Swords Dance|p1a: Skarmory","|-boost|p1a: Skarmory|atk|2","|","|turn|13","|","|switch|p2a: Ferrothorn|Ferrothorn, M|96/351","|move|p1a: Skarmory|Roost|p1a: Skarmory","|-heal|p1a: Skarmory|271/271 par","|","|turn|14","|","|move|p1a: Skarmory|Stealth Rock|p2a: Ferrothorn","|-sidestart|p2: KTN Photon|move: Stealth Rock","|move|p2a: Ferrothorn|Leech Seed|p1a: Skarmory","|-start|p1a: Skarmory|move: Leech Seed","|","|-damage|p1a: Skarmory|238/271 par|[from] Leech Seed|[of] p2a: Ferrothorn","|-heal|p2a: Ferrothorn|129/351|[silent]","|turn|15","|","|move|p1a: Skarmory|Iron Head|p2a: Ferrothorn","|-resisted|p2a: Ferrothorn","|-damage|p2a: Ferrothorn|77/351","|-damage|p1a: Skarmory|205/271 par|[from] ability: Iron Barbs|[of] p2a: Ferrothorn","|-damage|p1a: Skarmory|160/271 par|[from] item: Rocky Helmet|[of] p2a: Ferrothorn","|cant|p2a: Ferrothorn|flinch","|","|-damage|p1a: Skarmory|127/271 par|[from] Leech Seed|[of] p2a: Ferrothorn","|-heal|p2a: Ferrothorn|110/351|[silent]","|turn|16","|","|switch|p1a: Landorus-Therian|Landorus-Therian, M|319/319","|-ability|p1a: Landorus-Therian|Intimidate","|-unboost|p2a: Ferrothorn|atk|1","|move|p2a: Ferrothorn|Stealth Rock|p1a: Landorus-Therian","|-sidestart|p1: tboltrider|move: Stealth Rock","|","|turn|17","|","|move|p1a: Landorus-Therian|Earthquake|p2a: Ferrothorn","|-damage|p2a: Ferrothorn|14/351","|move|p2a: Ferrothorn|Leech Seed|p1a: Landorus-Therian","|-start|p1a: Landorus-Therian|move: Leech Seed","|","|-damage|p1a: Landorus-Therian|280/319|[from] Leech Seed|[of] p2a: Ferrothorn","|-heal|p2a: Ferrothorn|53/351|[silent]","|turn|18","|","|switch|p2a: Roserade|Roserade, M|7/261","|-damage|p2a: Roserade|0 fnt|[from] Stealth Rock","|faint|p2a: Roserade","|move|p1a: Landorus-Therian|Earthquake|p2: Roserade|[notarget]","|-notarget","|","|","|switch|p2a: Venusaur|Venusaur, M|355/355","|-damage|p2a: Venusaur|311/355|[from] Stealth Rock","|turn|19","|","|detailschange|p2a: Venusaur|Venusaur-Mega, M","|-mega|p2a: Venusaur|Venusaur|Venusaurite","|move|p1a: Landorus-Therian|U-turn|p2a: Venusaur","|-damage|p2a: Venusaur|250/355","|","|switch|p1a: Hawlucha|Hawlucha, M|300/300","|-damage|p1a: Hawlucha|263/300|[from] Stealth Rock","|move|p2a: Venusaur|Curse|p2a: Venusaur","|-unboost|p2a: Venusaur|spe|1","|-boost|p2a: Venusaur|atk|1","|-boost|p2a: Venusaur|def|1","|","|turn|20","|","|move|p1a: Hawlucha|Substitute|p1a: Hawlucha","|-start|p1a: Hawlucha|Substitute","|-damage|p1a: Hawlucha|188/300","|move|p2a: Venusaur|Synthesis|p2a: Venusaur","|-heal|p2a: Venusaur|355/355","|","|turn|21","|","|move|p1a: Hawlucha|Swords Dance|p1a: Hawlucha","|-boost|p1a: Hawlucha|atk|2","|move|p2a: Venusaur|Curse|p2a: Venusaur","|-unboost|p2a: Venusaur|spe|1","|-boost|p2a: Venusaur|atk|1","|-boost|p2a: Venusaur|def|1","|","|turn|22","|","|move|p1a: Hawlucha|Swords Dance|p1a: Hawlucha","|-boost|p1a: Hawlucha|atk|2","|move|p2a: Venusaur|Curse|p2a: Venusaur","|-unboost|p2a: Venusaur|spe|1","|-boost|p2a: Venusaur|atk|1","|-boost|p2a: Venusaur|def|1","|","|turn|23","|","|move|p1a: Hawlucha|Acrobatics|p2a: Venusaur","|-supereffective|p2a: Venusaur","|-damage|p2a: Venusaur|197/355","|move|p2a: Venusaur|Power Whip|p1a: Hawlucha","|-resisted|p1a: Hawlucha","|-end|p1a: Hawlucha|Substitute","|","|turn|24","|","|move|p1a: Hawlucha|Substitute|p1a: Hawlucha","|-start|p1a: Hawlucha|Substitute","|-damage|p1a: Hawlucha|113/300","|-enditem|p1a: Hawlucha|Sitrus Berry|[eat]","|-heal|p1a: Hawlucha|188/300|[from] item: Sitrus Berry","|move|p2a: Venusaur|Power Whip|p1a: Hawlucha","|-resisted|p1a: Hawlucha","|-end|p1a: Hawlucha|Substitute","|","|turn|25","|","|move|p1a: Hawlucha|Acrobatics|p2a: Venusaur","|-supereffective|p2a: Venusaur","|-damage|p2a: Venusaur|0 fnt","|faint|p2a: Venusaur","|","|","|switch|p2a: Ferrothorn|Ferrothorn, M|53/351","|-damage|p2a: Ferrothorn|32/351|[from] Stealth Rock","|turn|26","|","|move|p1a: Hawlucha|Substitute|p1a: Hawlucha","|-start|p1a: Hawlucha|Substitute","|-damage|p1a: Hawlucha|113/300","|move|p2a: Ferrothorn|Gyro Ball|p1a: Hawlucha","|-end|p1a: Hawlucha|Substitute","|","|turn|27","|","|move|p1a: Hawlucha|High Jump Kick|p2a: Ferrothorn","|-supereffective|p2a: Ferrothorn","|-damage|p2a: Ferrothorn|0 fnt","|-damage|p1a: Hawlucha|76/300|[from] ability: Iron Barbs|[of] p2a: Ferrothorn","|-damage|p1a: Hawlucha|26/300|[from] item: Rocky Helmet|[of] p2a: Ferrothorn","|faint|p2a: Ferrothorn","|","|","|switch|p2a: Celebi|Celebi|332/404","|-damage|p2a: Celebi|282/404|[from] Stealth Rock","|turn|28","|","|move|p1a: Hawlucha|Acrobatics|p2a: Celebi","|-supereffective|p2a: Celebi","|-damage|p2a: Celebi|0 fnt","|faint|p2a: Celebi","|","|","|switch|p2a: Ludicolo|Ludicolo, M|75/301","|-damage|p2a: Ludicolo|38/301|[from] Stealth Rock","|turn|29","|","|move|p1a: Hawlucha|Acrobatics|p2a: Ludicolo","|-supereffective|p2a: Ludicolo","|-damage|p2a: Ludicolo|0 fnt","|faint|p2a: Ludicolo","|","|win|tboltrider"],"p1rating":{"entryid":"6783929","serverid":"eos","formatid":"monotype","userid":"tboltrider","username":"tboltrider","w":22,"l":"29","t":"0","gxe":45.2,"r":"1425.2116979133","rd":"53.980057879337","sigma":"0","rptime":"1439110800","rpr":1463.6382067476,"rprd":51.261890455868,"rpsigma":"0","acre":1227.2432178374,"lacre":1227.2432178374,"oldacre":"1213.8262961937"},"p2rating":{"entryid":"6136999","serverid":"eos","formatid":"monotype","userid":"ktnphoton","username":"KTN Photon","w":"1","l":2,"t":"0","gxe":43.6,"r":"1542.73286248","rd":"132.15643978711","sigma":"0","rptime":"1439110800","rpr":1448.820209317,"rprd":118.29512300585,"rpsigma":"0","acre":1031.0227057419,"lacre":1031.0227057419,"oldacre":"1039.5753506734"},"endType":"normal"}