{"seed":[12224,22845,51309,17710],"turns":31,"p1":"Jake1079","p2":"Guard Naruto","p1team":[{"name":"Aggron","species":"Aggron","item":"aggronite","ability":"Sturdy","moves":["thunderwave","earthquake","ironhead","endeavor"],"nature":"Adamant","evs":{"hp":252,"atk":68,"def":12,"spa":0,"spd":176,"spe":0},"ivs":{"hp":31,"atk":31,"def":31,"spa":31,"spd":31,"spe":31}},{"name":"Empoleon","species":"Empoleon","item":"choicespecs","ability":"Torrent","moves":["icebeam","scald","flashcannon","hiddenpowerfire"],"nature":"Modest","evs":{"hp":252,"atk":0,"def":0,"spa":252,"spd":4,"spe":0},"ivs":{"hp":31,"atk":30,"def":31,"spa":30,"spd":31,"spe":30}},{"name":"Heatran","species":"Heatran","item":"airballoon","ability":"Flash Fire","moves":["darkpulse","earthpower","flamethrower","flashcannon"],"nature":"Modest","evs":{"hp":252,"atk":0,"def":0,"spa":252,"spd":4,"spe":0},"ivs":{"hp":31,"atk":31,"def":31,"spa":31,"spd":31,"spe":31}},{"name":"Excadrill","species":"Excadrill","item":"choicescarf","ability":"Mold Breaker","moves":["earthquake","rockslide","xscissor","ironhead"],"nature":"Jolly","evs":{"hp":0,"atk":252,"def":0,"spa":0,"spd":4,"spe":252},"ivs":{"hp":31,"atk":31,"def":31,"spa":31,"spd":31,"spe":31}},{"name":"Doublade","species":"Doublade","item":"eviolite","ability":"No Guard","moves":["swordsdance","shadowsneak","sacredsword","shadowclaw"],"nature":"Adamant","evs":{"hp":248,"atk":252,"def":0,"spa":0,"spd":8,"spe":0},"ivs":{"hp":31,"atk":31,"def":31,"spa":31,"spd":31,"spe":31}},{"name":"Ferrothorn","species":"Ferrothorn","item":"rockyhelmet","ability":"Iron Barbs","moves":["gyroball","leechseed","thunderwave","protect"],"nature":"Relaxed","evs":{"hp":248,"atk":8,"def":252,"spa":0,"spd":0,"spe":0},"ivs":{"hp":31,"atk":31,"def":31,"spa":31,"spd":31,"spe":0}}],"p2team":[{"name":"Ditto","species":"Ditto","item":"choicescarf","ability":"Imposter","moves":["transform"],"nature":"Bold","evs":{"hp":252,"atk":0,"def":252,"spa":0,"spd":6,"spe":0},"ivs":{"hp":31,"atk":31,"def":31,"spa":31,"spd":31,"spe":31}},{"name":"Heliolisk","species":"Heliolisk","item":"assaultvest","ability":"Dry Skin","moves":["thunderbolt","surf","focusblast","paraboliccharge"],"nature":"Bold","evs":{"hp":248,"atk":0,"def":252,"spa":8,"spd":0,"spe":0},"ivs":{"hp":31,"atk":31,"def":31,"spa":31,"spd":31,"spe":31}},{"name":"Kecleon","species":"Kecleon","item":"lifeorb","ability":"Protean","moves":["drainpunch","recover","shadowsneak","firepunch"],"nature":"Adamant","evs":{"hp":248,"atk":252,"def":0,"spa":0,"spd":8,"spe":0},"ivs":{"hp":31,"atk":31,"def":31,"spa":31,"spd":31,"spe":31}},{"name":"Audino","species":"Audino","item":"audinite","ability":"Regenerator","moves":["calmmind","flamethrower","healbell","drainingkiss"],"nature":"Bold","evs":{"hp":164,"atk":0,"def":252,"spa":40,"spd":52,"spe":0},"ivs":{"hp":31,"atk":31,"def":31,"spa":31,"spd":31,"spe":31}},{"name":"Pyroar","species":"Pyroar","item":"choicespecs","ability":"Unnerve","moves":["flamethrower","darkpulse","hypervoice","overheat"],"nature":"Timid","evs":{"hp":0,"atk":0,"def":0,"spa":252,"spd":4,"spe":252},"ivs":{"hp":31,"atk":31,"def":31,"spa":31,"spd":31,"spe":31}},{"name":"Miltank","species":"Miltank","item":"leftovers","ability":"Thick Fat","moves":["toxic","milkdrink","bodyslam","earthquake"],"nature":"Careful","evs":{"hp":248,"atk":0,"def":60,"spa":0,"spd":200,"spe":0},"ivs":{"hp":31,"atk":31,"def":31,"spa":31,"spd":31,"spe":31}}],"log":["|player|p1|Jake1079|150","|player|p2|Guard Naruto|284","|gametype|singles","|gen|6","|tier|Monotype","|rated","|rule|Baton Pass Clause: Limit one Baton Passer, can't pass Spe and other stats simultaneously","|rule|Swagger Clause: Swagger is banned","|rule|Same Type Clause: Pokémon in a team must share a type","|clearpoke","|poke|p1|Aggron, M","|poke|p1|Empoleon, F","|poke|p1|Heatran, F","|poke|p1|Excadrill, F","|poke|p1|Doublade, M","|poke|p1|Ferrothorn, F","|poke|p2|Ditto","|poke|p2|Heliolisk, F","|poke|p2|Kecleon, M","|poke|p2|Audino, M","|poke|p2|Pyroar, F","|poke|p2|Miltank, F","|rule|Sleep Clause Mod: Limit one foe put to sleep","|rule|Species Clause: Limit one of each Pokémon","|rule|OHKO Clause: OHKO moves are banned","|rule|Moody Clause: Moody is banned","|rule|Evasion Moves Clause: Evasion moves are banned","|rule|Endless Battle Clause: Forcing endless battles is banned","|rule|HP Percentage Mod: HP is shown in percentages","|teampreview","|","|start","|switch|p1a: Aggron|Aggron, M|344/344","|switch|p2a: Kecleon|Kecleon, M|323/323","|turn|1","|","|detailschange|p1a: Aggron|Aggron-Mega, M","|-mega|p1a: Aggron|Aggron|Aggronite","|move|p1a: Aggron|Thunder Wave|p2a: Kecleon","|-status|p2a: Kecleon|par","|move|p2a: Kecleon|Drain Punch|p1a: Aggron","|-start|p2a: Kecleon|typechange|Fighting|[from] Protean","|-supereffective|p1a: Aggron","|-damage|p1a: Aggron|237/344","|-damage|p2a: Kecleon|291/323 par|[from] item: Life Orb","|","|turn|2","|","|switch|p2a: Pyroar|Pyroar, F|313/313","|-ability|p2a: Pyroar|Unnerve|p1: Jake1079","|move|p1a: Aggron|Iron Head|p2a: Pyroar","|-resisted|p2a: Pyroar","|-damage|p2a: Pyroar|215/313","|","|turn|3","|","|move|p2a: Pyroar|Dark Pulse|p1a: Aggron","|-damage|p1a: Aggron|115/344","|cant|p1a: Aggron|flinch","|","|turn|4","|","|switch|p1a: Excadrill|Excadrill, F|361/361","|-ability|p1a: Excadrill|Mold Breaker","|move|p2a: Pyroar|Dark Pulse|p1a: Excadrill","|-damage|p1a: Excadrill|196/361","|","|turn|5","|","|switch|p2a: Miltank|Miltank, F|393/393","|move|p1a: Excadrill|Earthquake|p2a: Miltank","|-damage|p2a: Miltank|228/393","|","|-heal|p2a: Miltank|252/393|[from] item: Leftovers","|turn|6","|","|switch|p1a: Ferrothorn|Ferrothorn, F|351/351","|move|p2a: Miltank|Earthquake|p1a: Ferrothorn","|-damage|p1a: Ferrothorn|312/351","|","|-heal|p2a: Miltank|276/393|[from] item: Leftovers","|turn|7","|","|switch|p2a: Kecleon|Kecleon, M|291/323 par","|move|p1a: Ferrothorn|Leech Seed|p2a: Kecleon","|-start|p2a: Kecleon|move: Leech Seed","|","|-damage|p2a: Kecleon|251/323 par|[from] Leech Seed|[of] p1a: Ferrothorn","|-heal|p1a: Ferrothorn|351/351|[silent]","|turn|8","|","|move|p1a: Ferrothorn|Gyro Ball|p2a: Kecleon","|-damage|p2a: Kecleon|224/323 par","|cant|p2a: Kecleon|par","|","|-damage|p2a: Kecleon|184/323 par|[from] Leech Seed|[of] p1a: Ferrothorn","|turn|9","|","|move|p1a: Ferrothorn|Gyro Ball|p2a: Kecleon","|-damage|p2a: Kecleon|156/323 par","|cant|p2a: Kecleon|par","|","|-damage|p2a: Kecleon|116/323 par|[from] Leech Seed|[of] p1a: Ferrothorn","|turn|10","|","|move|p1a: Ferrothorn|Gyro Ball|p2a: Kecleon","|-damage|p2a: Kecleon|86/323 par","|move|p2a: Kecleon|Recover|p2a: Kecleon","|-heal|p2a: Kecleon|248/323 par","|","|-damage|p2a: Kecleon|208/323 par|[from] Leech Seed|[of] p1a: Ferrothorn","|turn|11","|","|move|p1a: Ferrothorn|Gyro Ball|p2a: Kecleon","|-damage|p2a: Kecleon|180/323 par","|move|p2a: Kecleon|Recover|p2a: Kecleon","|-heal|p2a: Kecleon|323/323 par","|","|-damage|p2a: Kecleon|283/323 par|[from] Leech Seed|[of] p1a: Ferrothorn","|turn|12","|","|switch|p1a: Doublade|Doublade, M|321/321","|move|p2a: Kecleon|Fire Punch|p1a: Doublade","|-start|p2a: Kecleon|typechange|Fire|[from] Protean","|-supereffective|p1a: Doublade","|-damage|p1a: Doublade|188/321","|-damage|p2a: Kecleon|251/323 par|[from] item: Life Orb","|","|-damage|p2a: Kecleon|211/323 par|[from] Leech Seed|[of] p1a: Doublade","|-heal|p1a: Doublade|228/321|[silent]","|turn|13","|","|switch|p2a: Ditto|Ditto|300/300","|-transform|p2a: Ditto|p1a: Doublade","|move|p1a: Doublade|Swords Dance|p1a: Doublade","|-boost|p1a: Doublade|atk|2","|","|turn|14","|","|switch|p2a: Heliolisk|Heliolisk, F|327/327","|move|p1a: Doublade|Shadow Claw|p2a: Heliolisk","|-immune|p2a: Heliolisk|[msg]","|","|turn|15","|","|move|p2a: Heliolisk|Thunderbolt|p1a: Doublade","|-damage|p1a: Doublade|92/321","|move|p1a: Doublade|Sacred Sword|p2a: Heliolisk","|-supereffective|p2a: Heliolisk","|-damage|p2a: Heliolisk|0 fnt","|faint|p2a: Heliolisk","|","|","|switch|p2a: Ditto|Ditto|300/300","|-transform|p2a: Ditto|p1a: Doublade","|turn|16","|","|move|p2a: Ditto|Shadow Claw|p1a: Doublade","|-supereffective|p1a: Doublade","|-damage|p1a: Doublade|0 fnt","|faint|p1a: Doublade","|","|","|switch|p1a: Ferrothorn|Ferrothorn, F|351/351","|turn|17","|","|switch|p2a: Kecleon|Kecleon, M|211/323 par","|move|p1a: Ferrothorn|Leech Seed|p2a: Kecleon","|-start|p2a: Kecleon|move: Leech Seed","|","|-damage|p2a: Kecleon|171/323 par|[from] Leech Seed|[of] p1a: Ferrothorn","|turn|18","|","|switch|p1a: Aggron|Aggron-Mega, M|115/344","|cant|p2a: Kecleon|par","|","|-damage|p2a: Kecleon|131/323 par|[from] Leech Seed|[of] p1a: Aggron","|-heal|p1a: Aggron|155/344|[silent]","|turn|19","|","|switch|p2a: Pyroar|Pyroar, F|215/313","|-ability|p2a: Pyroar|Unnerve|p1: Jake1079","|move|p1a: Aggron|Iron Head|p2a: Pyroar","|-resisted|p2a: Pyroar","|-damage|p2a: Pyroar|127/313","|","|turn|20","|","|move|p2a: Pyroar|Dark Pulse|p1a: Aggron","|-damage|p1a: Aggron|31/344","|move|p1a: Aggron|Earthquake|p2a: Pyroar","|-supereffective|p2a: Pyroar","|-damage|p2a: Pyroar|0 fnt","|faint|p2a: Pyroar","|","|","|switch|p2a: Ditto|Ditto|300/300","|-transform|p2a: Ditto|p1a: Aggron","|turn|21","|","|move|p2a: Ditto|Earthquake|p1a: Aggron","|-supereffective|p1a: Aggron","|-damage|p1a: Aggron|0 fnt","|faint|p1a: Aggron","|","|","|switch|p1a: Ferrothorn|Ferrothorn, F|351/351","|turn|22","|","|switch|p2a: Kecleon|Kecleon, M|131/323 par","|move|p1a: Ferrothorn|Leech Seed|p2a: Kecleon","|-start|p2a: Kecleon|move: Leech Seed","|","|-damage|p2a: Kecleon|91/323 par|[from] Leech Seed|[of] p1a: Ferrothorn","|turn|23","|","|switch|p1a: Empoleon|Empoleon, F|372/372","|move|p2a: Kecleon|Recover|p2a: Kecleon","|-heal|p2a: Kecleon|253/323 par","|","|-damage|p2a: Kecleon|213/323 par|[from] Leech Seed|[of] p1a: Empoleon","|turn|24","|","|switch|p2a: Miltank|Miltank, F|276/393","|move|p1a: Empoleon|Scald|p2a: Miltank","|-damage|p2a: Miltank|83/393","|","|-heal|p2a: Miltank|107/393|[from] item: Leftovers","|turn|25","|","|move|p2a: Miltank|Earthquake|p1a: Empoleon","|-supereffective|p1a: Empoleon","|-damage|p1a: Empoleon|232/372","|move|p1a: Empoleon|Scald|p2a: Miltank","|-damage|p2a: Miltank|0 fnt","|faint|p2a: Miltank","|","|","|switch|p2a: Ditto|Ditto|300/300","|-transform|p2a: Ditto|p1a: Empoleon","|turn|26","|","|move|p2a: Ditto|Scald|p1a: Empoleon","|-resisted|p1a: Empoleon","|-damage|p1a: Empoleon|162/372","|-status|p1a: Empoleon|brn","|move|p1a: Empoleon|Scald|p2a: Ditto","|-resisted|p2a: Ditto","|-damage|p2a: Ditto|203/300","|","|-damage|p1a: Empoleon|116/372 brn|[from] brn","|turn|27","|","|switch|p2a: Audino|Audino, M|388/388","|move|p1a: Empoleon|Scald|p2a: Audino","|-damage|p2a: Audino|37/388","|","|-damage|p1a: Empoleon|70/372 brn|[from] brn","|turn|28","|","|detailschange|p2a: Audino|Audino-Mega, M","|-mega|p2a: Audino|Audino|Audinite","|move|p1a: Empoleon|Scald|p2a: Audino","|-crit|p2a: Audino","|-damage|p2a: Audino|0 fnt","|faint|p2a: Audino","|","|-damage|p1a: Empoleon|24/372 brn|[from] brn","|","|switch|p2a: Ditto|Ditto|203/300","|-transform|p2a: Ditto|p1a: Empoleon","|turn|29","|","|move|p2a: Ditto|Scald|p1a: Empoleon","|-resisted|p1a: Empoleon","|-damage|p1a: Empoleon|0 fnt","|faint|p1a: Empoleon","|","|","|switch|p1a: Excadrill|Excadrill, F|196/361","|-ability|p1a: Excadrill|Mold Breaker","|turn|30","|","|move|p1a: Excadrill|Earthquake|p2a: Ditto","|-supereffective|p2a: Ditto","|-damage|p2a: Ditto|0 fnt","|faint|p2a: Ditto","|","|","|switch|p2a: Kecleon|Kecleon, M|213/323 par","|turn|31","|","|move|p1a: Excadrill|Earthquake|p2a: Kecleon","|-damage|p2a: Kecleon|0 fnt","|faint|p2a: Kecleon","|","|win|Jake1079"],"p1rating":{"entryid":"7429437","serverid":"eos","formatid":"monotype","userid":"jake1079","username":"Jake1079","w":28,"l":"40","t":"0","gxe":44.4,"r":"1431.2030779181","rd":"44.325998755676","sigma":"0","rptime":"1439110800","rpr":1457.2741682039,"rprd":43.171004358958,"rpsigma":"0","acre":1176.743886559,"lacre":1176.743886559,"oldacre":"1155.2007776927"},"p2rating":{"entryid":"7460015","serverid":"eos","formatid":"monotype","userid":"guardnaruto","username":"Guard Naruto","w":"12","l":16,"t":"0","gxe":47.7,"r":"1464.4069117317","rd":"76.2818127204","sigma":"0","rptime":"1439110800","rpr":1482.6229556257,"rprd":62.450573826333,"rpsigma":"0","acre":1085.3060383095,"lacre":1085.3060383095,"oldacre":"1106.8491471758"},"endType":"normal"}