{"seed":[54588,39241,36637,28602],"turns":24,"p1":"Kinn Kyougoku","p2":"Erebus JZB","p1team":[{"name":"Nike","species":"victini","item":"choicespecs","ability":"Victory Star","moves":["searingshot","dazzlinggleam","thunderbolt","uturn"],"nature":"Timid","evs":{"hp":252,"atk":0,"def":0,"spa":252,"spd":0,"spe":4},"ivs":{"hp":31,"atk":31,"def":31,"spa":31,"spd":31,"spe":31}},{"name":"Latios","species":"Latios","item":"choicescarf","ability":"Levitate","moves":["dragonpulse","psychic","shadowball","icebeam"],"nature":"Timid","evs":{"hp":4,"atk":0,"def":252,"spa":0,"spd":0,"spe":252},"ivs":{"hp":31,"atk":31,"def":31,"spa":31,"spd":31,"spe":31}},{"name":"Slowbro","species":"Slowbro","item":"leftovers","ability":"Regenerator","moves":["scald","calmmind","slackoff","flamethrower"],"nature":"Sassy","evs":{"hp":0,"atk":0,"def":252,"spa":4,"spd":252,"spe":0},"gender":"M","ivs":{"hp":31,"atk":31,"def":31,"spa":31,"spd":31,"spe":31}},{"name":"Hoopa-Unbound","species":"Hoopa-Unbound","item":"assaultvest","ability":"Magician","moves":["hyperspacefury","firepunch","drainpunch","zenheadbutt"],"nature":"Impish","evs":{"hp":4,"atk":0,"def":252,"spa":0,"spd":0,"spe":252},"ivs":{"hp":31,"atk":31,"def":31,"spa":31,"spd":31,"spe":31}},{"name":"Meloetta","species":"Meloetta","item":"assaultvest","ability":"Serene Grace","moves":["shadowball","dazzlinggleam","focusblast","psyshock"],"nature":"Modest","evs":{"hp":248,"atk":0,"def":0,"spa":252,"spd":8,"spe":0},"ivs":{"hp":31,"atk":31,"def":31,"spa":31,"spd":31,"spe":31}},{"name":"Screaming Widow","species":"gardevoir","item":"gardevoirite","ability":"Synchronize","moves":["hypervoice","energyball","psyshock","shadowball"],"nature":"Modest","evs":{"hp":0,"atk":0,"def":0,"spa":252,"spd":4,"spe":252},"gender":"F","shiny":true,"ivs":{"hp":31,"atk":31,"def":31,"spa":31,"spd":31,"spe":31}}],"p2team":[{"name":"Abomasnow","species":"Abomasnow","item":"abomasite","ability":"Snow Warning","moves":["iceshard","blizzard","focusblast","energyball"],"nature":"Calm","evs":{"hp":100,"atk":0,"def":0,"spa":156,"spd":252,"spe":0},"shiny":true,"ivs":{"hp":31,"atk":31,"def":31,"spa":31,"spd":31,"spe":31}},{"name":"Cloyster","species":"Cloyster","item":"focussash","ability":"Skill Link","moves":["iceshard","iciclespear","rockblast","shellsmash"],"nature":"Jolly","evs":{"hp":4,"atk":252,"def":0,"spa":0,"spd":0,"spe":252},"ivs":{"hp":31,"atk":31,"def":31,"spa":31,"spd":31,"spe":31}},{"name":"Kyurem","species":"Kyurem","item":"choicescarf","ability":"Pressure","moves":["icebeam","dracometeor","earthpower","psychic"],"nature":"Timid","evs":{"hp":0,"atk":0,"def":0,"spa":252,"spd":4,"spe":252},"ivs":{"hp":31,"atk":31,"def":31,"spa":31,"spd":31,"spe":31}},{"name":"Avalugg","species":"Avalugg","item":"leftovers","ability":"Ice Body","moves":["rapidspin","mirrorcoat","avalanche","gyroball"],"nature":"Sassy","evs":{"hp":252,"atk":4,"def":0,"spa":0,"spd":252,"spe":0},"ivs":{"hp":31,"atk":31,"def":31,"spa":31,"spd":31,"spe":0}},{"name":"Froslass","species":"Froslass","item":"focussash","ability":"Cursed Body","moves":["thunderbolt","destinybond","thunderwave","icebeam"],"nature":"Timid","evs":{"hp":0,"atk":0,"def":0,"spa":252,"spd":4,"spe":252},"shiny":true,"ivs":{"hp":31,"atk":31,"def":31,"spa":31,"spd":31,"spe":31}},{"name":"Rotom-Frost","species":"Rotom-Frost","item":"choicescarf","ability":"Levitate","moves":["blizzard","willowisp","voltswitch","trick"],"nature":"Timid","evs":{"hp":0,"atk":0,"def":0,"spa":252,"spd":4,"spe":252},"ivs":{"hp":31,"atk":31,"def":31,"spa":31,"spd":31,"spe":31}}],"log":["|player|p1|Kinn Kyougoku|266","|player|p2|Erebus JZB|154","|gametype|singles","|gen|6","|tier|Monotype","|rated","|rule|Baton Pass Clause: Limit one Baton Passer, can't pass Spe and other stats simultaneously","|rule|Swagger Clause: Swagger is banned","|rule|Same Type Clause: Pokémon in a team must share a type","|clearpoke","|poke|p1|Victini","|poke|p1|Latios, M","|poke|p1|Slowbro, M","|poke|p1|Hoopa-Unbound","|poke|p1|Meloetta","|poke|p1|Gardevoir, F, shiny","|poke|p2|Abomasnow, M, shiny","|poke|p2|Cloyster, M","|poke|p2|Kyurem","|poke|p2|Avalugg, F","|poke|p2|Froslass, F, shiny","|poke|p2|Rotom-Frost","|rule|Sleep Clause Mod: Limit one foe put to sleep","|rule|Species Clause: Limit one of each Pokémon","|rule|OHKO Clause: OHKO moves are banned","|rule|Moody Clause: Moody is banned","|rule|Evasion Moves Clause: Evasion moves are banned","|rule|Endless Battle Clause: Forcing endless battles is banned","|rule|HP Percentage Mod: HP is shown in percentages","|teampreview","|","|start","|switch|p1a: Nike|Victini|404/404","|switch|p2a: Abomasnow|Abomasnow, M, shiny|346/346","|-weather|Hail","|turn|1","|","|switch|p2a: Rotom-Frost|Rotom-Frost|241/241","|move|p1a: Nike|Searing Shot|p2a: Rotom-Frost","|-supereffective|p2a: Rotom-Frost","|-damage|p2a: Rotom-Frost|0 fnt","|faint|p2a: Rotom-Frost","|","|-weather|Hail|[upkeep]","|-damage|p1a: Nike|379/404|[from] hail","|","|switch|p2a: Cloyster|Cloyster, M|242/242","|turn|2","|","|move|p2a: Cloyster|Rock Blast|p1a: Nike","|-supereffective|p1a: Nike","|-damage|p1a: Nike|329/404","|-crit|p1a: Nike","|-supereffective|p1a: Nike","|-damage|p1a: Nike|249/404","|-supereffective|p1a: Nike","|-damage|p1a: Nike|199/404","|-supereffective|p1a: Nike","|-damage|p1a: Nike|151/404","|-crit|p1a: Nike","|-supereffective|p1a: Nike","|-damage|p1a: Nike|79/404","|-hitcount|p1a: Nike|5","|move|p1a: Nike|Searing Shot|p2a: Cloyster","|-crit|p2a: Cloyster","|-enditem|p2a: Cloyster|Focus Sash","|-damage|p2a: Cloyster|1/242","|-status|p2a: Cloyster|brn","|","|-weather|Hail|[upkeep]","|-damage|p1a: Nike|54/404|[from] hail","|-damage|p2a: Cloyster|0 fnt|[from] brn","|faint|p2a: Cloyster","|","|switch|p2a: Kyurem|Kyurem|391/391","|-ability|p2a: Kyurem|Pressure","|turn|3","|","|move|p2a: Kyurem|Earth Power|p1a: Nike","|-supereffective|p1a: Nike","|-damage|p1a: Nike|0 fnt","|faint|p1a: Nike","|","|-weather|Hail|[upkeep]","|","|switch|p1a: Hoopa-Unbound|Hoopa-Unbound|302/302","|turn|4","|","|switch|p2a: Avalugg|Avalugg, F|394/394","|move|p1a: Hoopa-Unbound|Drain Punch|p2a: Avalugg","|-supereffective|p2a: Avalugg","|-damage|p2a: Avalugg|288/394","|","|-weather|Hail|[upkeep]","|-damage|p1a: Hoopa-Unbound|284/302|[from] hail","|-heal|p2a: Avalugg|312/394|[from] ability: Ice Body","|-heal|p2a: Avalugg|336/394|[from] item: Leftovers","|turn|5","|","|move|p1a: Hoopa-Unbound|Drain Punch|p2a: Avalugg","|-supereffective|p2a: Avalugg","|-damage|p2a: Avalugg|236/394","|-heal|p1a: Hoopa-Unbound|302/302|[from] drain|[of] p2a: Avalugg","|move|p2a: Avalugg|Avalanche|p1a: Hoopa-Unbound","|-damage|p1a: Hoopa-Unbound|130/302","|","|-weather|none","|-heal|p2a: Avalugg|260/394|[from] item: Leftovers","|turn|6","|","|move|p1a: Hoopa-Unbound|Drain Punch|p2a: Avalugg","|-supereffective|p2a: Avalugg","|-damage|p2a: Avalugg|146/394","|-heal|p1a: Hoopa-Unbound|187/302|[from] drain|[of] p2a: Avalugg","|move|p2a: Avalugg|Avalanche|p1a: Hoopa-Unbound","|-damage|p1a: Hoopa-Unbound|28/302","|","|-heal|p2a: Avalugg|170/394|[from] item: Leftovers","|turn|7","|","|move|p1a: Hoopa-Unbound|Drain Punch|p2a: Avalugg","|-supereffective|p2a: Avalugg","|-damage|p2a: Avalugg|72/394","|-heal|p1a: Hoopa-Unbound|77/302|[from] drain|[of] p2a: Avalugg","|move|p2a: Avalugg|Avalanche|p1a: Hoopa-Unbound","|-damage|p1a: Hoopa-Unbound|0 fnt","|faint|p1a: Hoopa-Unbound","|","|-heal|p2a: Avalugg|96/394|[from] item: Leftovers","|","|switch|p1a: Slowbro|Slowbro, M|331/331","|turn|8","|","|switch|p2a: Kyurem|Kyurem|391/391","|-ability|p2a: Kyurem|Pressure","|move|p1a: Slowbro|Flamethrower|p2a: Kyurem","|-damage|p2a: Kyurem|312/391","|","|turn|9","|","|move|p2a: Kyurem|Draco Meteor|p1a: Slowbro","|-damage|p1a: Slowbro|142/331","|-unboost|p2a: Kyurem|spa|2","|move|p1a: Slowbro|Calm Mind|p1a: Slowbro","|-boost|p1a: Slowbro|spa|1","|-boost|p1a: Slowbro|spd|1","|","|-heal|p1a: Slowbro|162/331|[from] item: Leftovers","|turn|10","|","|switch|p2a: Avalugg|Avalugg, F|96/394","|move|p1a: Slowbro|Slack Off|p1a: Slowbro","|-heal|p1a: Slowbro|328/331","|","|-heal|p1a: Slowbro|331/331|[from] item: Leftovers","|-heal|p2a: Avalugg|120/394|[from] item: Leftovers","|turn|11","|","|move|p1a: Slowbro|Calm Mind|p1a: Slowbro","|-boost|p1a: Slowbro|spa|1","|-boost|p1a: Slowbro|spd|1","|move|p2a: Avalugg|Avalanche|p1a: Slowbro","|-resisted|p1a: Slowbro","|-damage|p1a: Slowbro|301/331","|","|-heal|p1a: Slowbro|321/331|[from] item: Leftovers","|-heal|p2a: Avalugg|144/394|[from] item: Leftovers","|turn|12","|","|switch|p2a: Froslass|Froslass, F, shiny|281/281","|move|p1a: Slowbro|Calm Mind|p1a: Slowbro","|-boost|p1a: Slowbro|spa|1","|-boost|p1a: Slowbro|spd|1","|","|-heal|p1a: Slowbro|331/331|[from] item: Leftovers","|turn|13","|","|move|p2a: Froslass|Thunder Wave|p1a: Slowbro","|-status|p1a: Slowbro|par","|cant|p1a: Slowbro|par","|","|turn|14","|","|move|p2a: Froslass|Thunderbolt|p1a: Slowbro","|-supereffective|p1a: Slowbro","|-damage|p1a: Slowbro|279/331 par","|move|p1a: Slowbro|Flamethrower|p2a: Froslass","|-supereffective|p2a: Froslass","|-enditem|p2a: Froslass|Focus Sash","|-damage|p2a: Froslass|1/281","|","|-heal|p1a: Slowbro|299/331 par|[from] item: Leftovers","|turn|15","|","|move|p2a: Froslass|Destiny Bond|p2a: Froslass","|-singlemove|p2a: Froslass|Destiny Bond","|cant|p1a: Slowbro|par","|","|-heal|p1a: Slowbro|319/331 par|[from] item: Leftovers","|turn|16","|","|move|p2a: Froslass|Thunderbolt|p1a: Slowbro","|-supereffective|p1a: Slowbro","|-damage|p1a: Slowbro|267/331 par","|move|p1a: Slowbro|Calm Mind|p1a: Slowbro","|-boost|p1a: Slowbro|spa|1","|-boost|p1a: Slowbro|spd|1","|","|-heal|p1a: Slowbro|287/331 par|[from] item: Leftovers","|turn|17","|","|move|p2a: Froslass|Destiny Bond|p2a: Froslass","|-singlemove|p2a: Froslass|Destiny Bond","|move|p1a: Slowbro|Calm Mind|p1a: Slowbro","|-boost|p1a: Slowbro|spa|1","|-boost|p1a: Slowbro|spd|1","|","|-heal|p1a: Slowbro|307/331 par|[from] item: Leftovers","|turn|18","|","|switch|p2a: Avalugg|Avalugg, F|144/394","|move|p1a: Slowbro|Calm Mind|p1a: Slowbro","|-boost|p1a: Slowbro|spa|1","|-boost|p1a: Slowbro|spd|1","|","|-heal|p2a: Avalugg|168/394|[from] item: Leftovers","|-heal|p1a: Slowbro|327/331 par|[from] item: Leftovers","|turn|19","|","|move|p2a: Avalugg|Gyro Ball|p1a: Slowbro","|-resisted|p1a: Slowbro","|-damage|p1a: Slowbro|324/331 par","|cant|p1a: Slowbro|par","|","|-heal|p2a: Avalugg|192/394|[from] item: Leftovers","|-heal|p1a: Slowbro|331/331 par|[from] item: Leftovers","|turn|20","|","|move|p1a: Slowbro|Flamethrower|p2a: Avalugg","|-supereffective|p2a: Avalugg","|-damage|p2a: Avalugg|0 fnt","|faint|p2a: Avalugg","|","|","|switch|p2a: Abomasnow|Abomasnow, M, shiny|346/346","|-weather|Hail","|turn|21","|","|detailschange|p2a: Abomasnow|Abomasnow-Mega, M, shiny","|-mega|p2a: Abomasnow|Abomasnow|Abomasite","|move|p2a: Abomasnow|Energy Ball|p1a: Slowbro","|-supereffective|p1a: Slowbro","|-damage|p1a: Slowbro|269/331 par","|move|p1a: Slowbro|Flamethrower|p2a: Abomasnow","|-supereffective|p2a: Abomasnow","|-damage|p2a: Abomasnow|0 fnt","|faint|p2a: Abomasnow","|","|-weather|Hail|[upkeep]","|-damage|p1a: Slowbro|249/331 par|[from] hail","|-heal|p1a: Slowbro|269/331 par|[from] item: Leftovers","|","|switch|p2a: Kyurem|Kyurem|312/391","|-ability|p2a: Kyurem|Pressure","|turn|22","|","|move|p2a: Kyurem|Ice Beam|p1a: Slowbro","|-resisted|p1a: Slowbro","|-damage|p1a: Slowbro|252/331 par","|move|p1a: Slowbro|Flamethrower|p2a: Kyurem","|-damage|p2a: Kyurem|0 fnt","|faint|p2a: Kyurem","|","|-weather|Hail|[upkeep]","|-damage|p1a: Slowbro|232/331 par|[from] hail","|-heal|p1a: Slowbro|252/331 par|[from] item: Leftovers","|","|switch|p2a: Froslass|Froslass, F, shiny|1/281","|turn|23","|","|move|p2a: Froslass|Destiny Bond|p2a: Froslass","|-singlemove|p2a: Froslass|Destiny Bond","|cant|p1a: Slowbro|par","|","|-weather|Hail|[upkeep]","|-damage|p1a: Slowbro|232/331 par|[from] hail","|-heal|p1a: Slowbro|252/331 par|[from] item: Leftovers","|turn|24","|","|move|p2a: Froslass|Destiny Bond|p2a: Froslass","|-singlemove|p2a: Froslass|Destiny Bond","|move|p1a: Slowbro|Flamethrower|p2a: Froslass","|-supereffective|p2a: Froslass","|-damage|p2a: Froslass|0 fnt","|faint|p2a: Froslass","|-activate|p2a: Froslass|Destiny Bond","|faint|p1a: Slowbro","|","|win|Kinn Kyougoku"],"p1rating":{"entryid":"7493085","serverid":"eos","formatid":"monotype","userid":"kinnkyougoku","username":"Kinn Kyougoku","w":8,"l":"9","t":"0","gxe":48.3,"r":"1448.8541614202","rd":"87.085011792968","sigma":"0","rptime":"1439110800","rpr":1487.0208089436,"rprd":74.690567514032,"rpsigma":"0","acre":1137.0983862791,"lacre":1137.0983862791,"oldacre":"1104.9483762837"},"p2rating":{"entryid":"7514877","serverid":"eos","formatid":"monotype","userid":"erebusjzb","username":"Erebus JZB","w":"8","l":2,"t":"0","gxe":64.1,"r":"1500","rd":"130","sigma":"0","rptime":"1439110800","rpr":1612.0108121617,"rprd":86.513214930979,"rpsigma":"0","acre":1175.0156202981,"lacre":1175.0156202981,"oldacre":"1207.1656302935"},"endType":"normal"}