{"seed":[20152,5356,30559,39380],"turns":20,"p1":"Grass Photon","p2":"Silver Zeyus","p1team":[{"name":"Sceptile","species":"Sceptile","item":"choiceband","ability":"Unburden","moves":["leafblade","earthquake","outrage","rockslide"],"nature":"Jolly","evs":{"hp":0,"atk":252,"def":0,"spa":0,"spd":4,"spe":252},"ivs":{"hp":31,"atk":31,"def":31,"spa":31,"spd":31,"spe":31}},{"name":"Venusaur","species":"Venusaur","item":"venusaurite","ability":"Overgrow","moves":["curse","synthesis","earthquake","petalblizzard"],"nature":"Adamant","evs":{"hp":248,"atk":252,"def":0,"spa":0,"spd":8,"spe":0},"ivs":{"hp":31,"atk":31,"def":31,"spa":31,"spd":31,"spe":31}},{"name":"Ludicolo","species":"Ludicolo","item":"choicespecs","ability":"Swift Swim","moves":["energyball","hiddenpowerfire","surf","icebeam"],"nature":"Modest","evs":{"hp":0,"atk":0,"def":0,"spa":252,"spd":4,"spe":252},"ivs":{"hp":31,"atk":30,"def":31,"spa":30,"spd":31,"spe":30}},{"name":"Ferrothorn","species":"Ferrothorn","item":"rockyhelmet","ability":"Iron Barbs","moves":["leechseed","stealthrock","thunderwave","gyroball"],"nature":"Relaxed","evs":{"hp":252,"atk":0,"def":252,"spa":0,"spd":0,"spe":0},"ivs":{"hp":31,"atk":31,"def":31,"spa":31,"spd":31,"spe":0}},{"name":"Cradily","species":"Cradily","item":"leftovers","ability":"Suction Cups","moves":["stoneedge","recover","toxic","stealthrock"],"nature":"Careful","evs":{"hp":0,"atk":0,"def":0,"spa":252,"spd":0,"spe":252},"ivs":{"hp":31,"atk":31,"def":31,"spa":31,"spd":31,"spe":31}},{"name":"Roserade","species":"Roserade","item":"choicescarf","ability":"Technician","moves":["sludgebomb","energyball","hiddenpowerice","shadowball"],"nature":"Modest","evs":{"hp":0,"atk":0,"def":0,"spa":252,"spd":0,"spe":252},"ivs":{"hp":31,"atk":30,"def":30,"spa":31,"spd":31,"spe":31}}],"p2team":[{"name":"Ludicolo","species":"Ludicolo","item":"lifeorb","ability":"Swift Swim","moves":["gigadrain","scald","focusblast","icebeam"],"nature":"Modest","evs":{"hp":0,"atk":0,"def":0,"spa":252,"spd":4,"spe":252},"ivs":{"hp":31,"atk":0,"def":31,"spa":31,"spd":31,"spe":31}},{"name":"Empoleon","species":"Empoleon","item":"leftovers","ability":"Torrent","moves":["stealthrock","defog","scald","roar"],"nature":"Calm","evs":{"hp":252,"atk":0,"def":0,"spa":4,"spd":252,"spe":0},"ivs":{"hp":31,"atk":0,"def":31,"spa":31,"spd":31,"spe":31}},{"name":"Swampert","species":"Swampert","item":"swampertite","ability":"Torrent","moves":["earthquake","waterfall","icepunch","raindance"],"nature":"Adamant","evs":{"hp":0,"atk":252,"def":0,"spa":0,"spd":4,"spe":252},"ivs":{"hp":31,"atk":31,"def":31,"spa":31,"spd":31,"spe":31}},{"name":"Rotom-Wash","species":"Rotom-Wash","item":"leftovers","ability":"Levitate","moves":["willowisp","painsplit","voltswitch","hydropump"],"nature":"Bold","evs":{"hp":252,"atk":0,"def":252,"spa":4,"spd":0,"spe":0},"ivs":{"hp":31,"atk":0,"def":31,"spa":31,"spd":31,"spe":31}},{"name":"Manaphy","species":"Manaphy","item":"leftovers","ability":"Hydration","moves":["tailglow","psychic","scald","icebeam"],"nature":"Timid","evs":{"hp":0,"atk":0,"def":0,"spa":252,"spd":4,"spe":252},"ivs":{"hp":31,"atk":0,"def":31,"spa":31,"spd":31,"spe":31}},{"name":"Politoed","species":"Politoed","item":"ejectbutton","ability":"Drizzle","moves":["scald","toxic","perishsong","encore"],"nature":"Calm","evs":{"hp":252,"atk":0,"def":4,"spa":0,"spd":252,"spe":0},"ivs":{"hp":31,"atk":0,"def":31,"spa":31,"spd":31,"spe":31}}],"log":["|player|p1|Grass Photon|66","|player|p2|Silver Zeyus|264","|gametype|singles","|gen|6","|tier|Monotype","|rated","|rule|Baton Pass Clause: Limit one Baton Passer, can't pass Spe and other stats simultaneously","|rule|Swagger Clause: Swagger is banned","|rule|Same Type Clause: Pokémon in a team must share a type","|clearpoke","|poke|p1|Sceptile, M","|poke|p1|Venusaur, M","|poke|p1|Ludicolo, M","|poke|p1|Ferrothorn, M","|poke|p1|Cradily, M","|poke|p1|Roserade, M","|poke|p2|Ludicolo, M","|poke|p2|Empoleon, F","|poke|p2|Swampert, F","|poke|p2|Rotom-Wash","|poke|p2|Manaphy","|poke|p2|Politoed, F","|rule|Sleep Clause Mod: Limit one foe put to sleep","|rule|Species Clause: Limit one of each Pokémon","|rule|OHKO Clause: OHKO moves are banned","|rule|Moody Clause: Moody is banned","|rule|Evasion Moves Clause: Evasion moves are banned","|rule|Endless Battle Clause: Forcing endless battles is banned","|rule|HP Percentage Mod: HP is shown in percentages","|teampreview","|","|start","|switch|p1a: Roserade|Roserade, M|261/261","|switch|p2a: Empoleon|Empoleon, F|372/372","|turn|1","|","|move|p1a: Roserade|Energy Ball|p2a: Empoleon","|-damage|p2a: Empoleon|251/372","|move|p2a: Empoleon|Stealth Rock|p1a: Roserade","|-sidestart|p1: Grass Photon|move: Stealth Rock","|","|-heal|p2a: Empoleon|274/372|[from] item: Leftovers","|turn|2","|","|switch|p1a: Ferrothorn|Ferrothorn, M|352/352","|-damage|p1a: Ferrothorn|330/352|[from] Stealth Rock","|move|p2a: Empoleon|Roar|p1a: Ferrothorn","|drag|p1a: Cradily|Cradily, M|313/313","|-damage|p1a: Cradily|274/313|[from] Stealth Rock","|","|-heal|p1a: Cradily|293/313|[from] item: Leftovers","|-heal|p2a: Empoleon|297/372|[from] item: Leftovers","|turn|3","|","|switch|p2a: Rotom-Wash|Rotom-Wash|304/304","|move|p1a: Cradily|Stealth Rock|p2a: Rotom-Wash","|-sidestart|p2: Silver Zeyus|move: Stealth Rock","|","|-heal|p1a: Cradily|312/313|[from] item: Leftovers","|turn|4","|","|move|p2a: Rotom-Wash|Will-O-Wisp|p1a: Cradily","|-status|p1a: Cradily|brn","|move|p1a: Cradily|Toxic|p2a: Rotom-Wash","|-status|p2a: Rotom-Wash|tox","|","|-heal|p1a: Cradily|313/313 brn|[from] item: Leftovers","|-damage|p2a: Rotom-Wash|285/304 tox|[from] psn","|-damage|p1a: Cradily|274/313 brn|[from] brn","|turn|5","|","|switch|p1a: Ludicolo|Ludicolo, M|301/301","|-damage|p1a: Ludicolo|264/301|[from] Stealth Rock","|move|p2a: Rotom-Wash|Volt Switch|p1a: Ludicolo","|-damage|p1a: Ludicolo|182/301","|","|switch|p2a: Empoleon|Empoleon, F|297/372","|-damage|p2a: Empoleon|274/372|[from] Stealth Rock","|","|-heal|p2a: Empoleon|297/372|[from] item: Leftovers","|turn|6","|","|move|p1a: Ludicolo|Energy Ball|p2a: Empoleon","|-damage|p2a: Empoleon|143/372","|move|p2a: Empoleon|Roar|p1a: Ludicolo","|drag|p1a: Roserade|Roserade, M|261/261","|-damage|p1a: Roserade|229/261|[from] Stealth Rock","|","|-heal|p2a: Empoleon|166/372|[from] item: Leftovers","|turn|7","|","|move|p1a: Roserade|Energy Ball|p2a: Empoleon","|-damage|p2a: Empoleon|51/372","|move|p2a: Empoleon|Defog|p1a: Roserade","|-unboost|p1a: Roserade|evasion|1","|-sideend|p1: Grass Photon|Stealth Rock|[from] move: Defog|[of] p1a: Roserade","|-sideend|p2: Silver Zeyus|Stealth Rock|[from] move: Defog|[of] p2a: Empoleon","|","|-heal|p2a: Empoleon|74/372|[from] item: Leftovers","|turn|8","|","|move|p1a: Roserade|Energy Ball|p2a: Empoleon","|-damage|p2a: Empoleon|0 fnt","|faint|p2a: Empoleon","|","|","|switch|p2a: Manaphy|Manaphy|341/341","|turn|9","|","|switch|p1a: Ferrothorn|Ferrothorn, M|330/352","|move|p2a: Manaphy|Tail Glow|p2a: Manaphy","|-boost|p2a: Manaphy|spa|3","|","|turn|10","|","|switch|p2a: Rotom-Wash|Rotom-Wash|285/304 tox","|move|p1a: Ferrothorn|Thunder Wave|p2a: Rotom-Wash","|-fail|p2a: Rotom-Wash","|","|-heal|p2a: Rotom-Wash|304/304 tox|[from] item: Leftovers","|-damage|p2a: Rotom-Wash|285/304 tox|[from] psn","|turn|11","|","|move|p2a: Rotom-Wash|Will-O-Wisp|p1a: Ferrothorn","|-status|p1a: Ferrothorn|brn","|move|p1a: Ferrothorn|Leech Seed|p2a: Rotom-Wash","|-start|p2a: Rotom-Wash|move: Leech Seed","|","|-heal|p2a: Rotom-Wash|304/304 tox|[from] item: Leftovers","|-damage|p2a: Rotom-Wash|266/304 tox|[from] Leech Seed|[of] p1a: Ferrothorn","|-heal|p1a: Ferrothorn|352/352 brn|[silent]","|-damage|p2a: Rotom-Wash|228/304 tox|[from] psn","|-damage|p1a: Ferrothorn|308/352 brn|[from] brn","|turn|12","|","|move|p2a: Rotom-Wash|Volt Switch|p1a: Ferrothorn","|-crit|p1a: Ferrothorn","|-resisted|p1a: Ferrothorn","|-damage|p1a: Ferrothorn|254/352 brn","|","|switch|p2a: Ludicolo|Ludicolo, M|301/301","|move|p1a: Ferrothorn|Stealth Rock|p2a: Ludicolo","|-sidestart|p2: Silver Zeyus|move: Stealth Rock","|","|-damage|p1a: Ferrothorn|210/352 brn|[from] brn","|turn|13","|","|move|p2a: Ludicolo|Ice Beam|p1a: Ferrothorn","|-damage|p1a: Ferrothorn|101/352 brn","|-damage|p2a: Ludicolo|271/301|[from] item: Life Orb","|move|p1a: Ferrothorn|Thunder Wave|p2a: Ludicolo","|-status|p2a: Ludicolo|par","|","|-damage|p1a: Ferrothorn|57/352 brn|[from] brn","|turn|14","|","|cant|p2a: Ludicolo|par","|move|p1a: Ferrothorn|Gyro Ball|p2a: Ludicolo","|-resisted|p2a: Ludicolo","|-damage|p2a: Ludicolo|258/301 par","|","|-damage|p1a: Ferrothorn|13/352 brn|[from] brn","|turn|15","|","|move|p2a: Ludicolo|Ice Beam|p1a: Ferrothorn","|-damage|p1a: Ferrothorn|0 fnt","|-damage|p2a: Ludicolo|228/301 par|[from] item: Life Orb","|faint|p1a: Ferrothorn","|","|","|switch|p1a: Sceptile|Sceptile, M|281/281","|turn|16","|","|move|p1a: Sceptile|Leaf Blade|p2a: Ludicolo","|-damage|p2a: Ludicolo|6/301 par","|move|p2a: Ludicolo|Ice Beam|p1a: Sceptile","|-supereffective|p1a: Sceptile","|-damage|p1a: Sceptile|16/281","|-damage|p2a: Ludicolo|0 fnt|[from] item: Life Orb","|faint|p2a: Ludicolo","|","|","|switch|p2a: Rotom-Wash|Rotom-Wash|228/304 tox","|-damage|p2a: Rotom-Wash|190/304 tox|[from] Stealth Rock","|turn|17","|","|move|p1a: Sceptile|Leaf Blade|p2a: Rotom-Wash","|-supereffective|p2a: Rotom-Wash","|-damage|p2a: Rotom-Wash|0 fnt","|faint|p2a: Rotom-Wash","|","|","|switch|p2a: Manaphy|Manaphy|341/341","|-damage|p2a: Manaphy|299/341|[from] Stealth Rock","|turn|18","|","|move|p1a: Sceptile|Leaf Blade|p2a: Manaphy","|-supereffective|p2a: Manaphy","|-damage|p2a: Manaphy|0 fnt","|faint|p2a: Manaphy","|","|","|switch|p2a: Swampert|Swampert, F|341/341","|-damage|p2a: Swampert|320/341|[from] Stealth Rock","|turn|19","|","|switch|p2a: Politoed|Politoed, F|384/384","|-damage|p2a: Politoed|336/384|[from] Stealth Rock","|-weather|RainDance","|move|p1a: Sceptile|Leaf Blade|p2a: Politoed","|-supereffective|p2a: Politoed","|-damage|p2a: Politoed|0 fnt","|faint|p2a: Politoed","|","|-weather|RainDance|[upkeep]","|","|switch|p2a: Swampert|Swampert, F|320/341","|-damage|p2a: Swampert|299/341|[from] Stealth Rock","|turn|20","|","|detailschange|p2a: Swampert|Swampert-Mega, F","|-mega|p2a: Swampert|Swampert|Swampertite","|move|p1a: Sceptile|Leaf Blade|p2a: Swampert","|-supereffective|p2a: Swampert","|-damage|p2a: Swampert|0 fnt","|faint|p2a: Swampert","|","|win|Grass Photon"],"p1rating":{"entryid":"7519849","serverid":"eos","formatid":"monotype","userid":"grassphoton","username":"Grass Photon","w":9,"l":"8","t":"0","gxe":50.2,"r":"1500","rd":"130","sigma":"0","rptime":"1439110800","rpr":1501.2025188696,"rprd":74.54353049732,"rpsigma":"0","acre":1117.2919432025,"lacre":1117.2919432025,"oldacre":"1089.9299957008"},"p2rating":{"entryid":"7506885","serverid":"eos","formatid":"monotype","userid":"silverzeyus","username":"Silver - Zeyus","w":"4","l":6,"t":"0","gxe":47.2,"r":"1500","rd":"130","sigma":"0","rptime":"1439110800","rpr":1477.9714718998,"rprd":87.096155652499,"rpsigma":"0","acre":1075.2896093738,"lacre":1075.2896093738,"oldacre":"1101.0925429625"},"endType":"normal"}