{"seed":[3752,18386,30888,25518],"turns":34,"p1":"Emg_DemZii","p2":"Inferno Sapphire","p1team":[{"name":"Hoopa-Death","species":"hoopaunbound","item":"choicescarf","ability":"Magician","moves":["psychic","darkpulse","hiddenpowerfire","gunkshot"],"nature":"Hasty","evs":{"hp":0,"atk":4,"def":0,"spa":252,"spd":0,"spe":252},"ivs":{"hp":31,"atk":30,"def":31,"spa":30,"spd":31,"spe":30}},{"name":"Drip Drop","species":"sableye","item":"sablenite","ability":"Prankster","moves":["calmmind","snarl","willowisp","recover"],"nature":"Calm","evs":{"hp":4,"atk":0,"def":252,"spa":8,"spd":244,"spe":0},"shiny":true,"ivs":{"hp":31,"atk":31,"def":31,"spa":31,"spd":31,"spe":31}},{"name":"Not a power ranger","species":"bisharp","item":"choicescarf","ability":"Defiant","moves":["ironhead","stoneedge","brickbreak","suckerpunch"],"nature":"Jolly","evs":{"hp":0,"atk":252,"def":0,"spa":0,"spd":4,"spe":252},"shiny":true,"ivs":{"hp":31,"atk":31,"def":31,"spa":31,"spd":31,"spe":31}},{"name":"Mark","species":"umbreon","item":"leftovers","ability":"Synchronize","moves":["snatch","batonpass","protect","foulplay"],"nature":"Impish","evs":{"hp":0,"atk":4,"def":252,"spa":0,"spd":252,"spe":0},"shiny":true,"ivs":{"hp":31,"atk":31,"def":31,"spa":31,"spd":31,"spe":31}},{"name":"Rape","species":"drapion","item":"choiceband","ability":"Sniper","moves":["crosspoison","nightslash","firefang","substitute"],"nature":"Adamant","evs":{"hp":248,"atk":252,"def":0,"spa":0,"spd":8,"spe":0},"shiny":true,"ivs":{"hp":31,"atk":31,"def":31,"spa":31,"spd":31,"spe":31}},{"name":"No ideas 4 names","species":"mandibuzz","item":"rockyhelmet","ability":"Big Pecks","moves":["roost","tailwind","heatwave","taunt"],"nature":"Bold","evs":{"hp":248,"atk":0,"def":252,"spa":0,"spd":0,"spe":0},"shiny":true,"ivs":{"hp":31,"atk":31,"def":31,"spa":31,"spd":31,"spe":31}}],"p2team":[{"name":"Breloom","species":"Breloom","item":"focussash","ability":"Technician","moves":["spore","bulletseed","machpunch","swordsdance"],"nature":"Jolly","evs":{"hp":0,"atk":252,"def":0,"spa":0,"spd":4,"spe":252},"ivs":{"hp":31,"atk":31,"def":31,"spa":31,"spd":31,"spe":31}},{"name":"Ferrothorn","species":"Ferrothorn","item":"leftovers","ability":"Iron Barbs","moves":["stealthrock","leechseed","gyroball","powerwhip"],"nature":"Relaxed","evs":{"hp":252,"atk":4,"def":84,"spa":0,"spd":168,"spe":0},"ivs":{"hp":31,"atk":31,"def":31,"spa":31,"spd":31,"spe":0}},{"name":"Roserade","species":"Roserade","item":"blacksludge","ability":"Natural Cure","moves":["synthesis","toxicspikes","gigadrain","sludgebomb"],"nature":"Calm","evs":{"hp":240,"atk":0,"def":0,"spa":4,"spd":252,"spe":12},"ivs":{"hp":31,"atk":31,"def":31,"spa":31,"spd":31,"spe":31}},{"name":"Venusaur","species":"Venusaur","item":"venusaurite","ability":"Chlorophyll","moves":["gigadrain","sludgebomb","hiddenpowerfire","synthesis"],"nature":"Modest","evs":{"hp":232,"atk":0,"def":0,"spa":252,"spd":4,"spe":20},"ivs":{"hp":31,"atk":30,"def":31,"spa":30,"spd":31,"spe":30}},{"name":"Celebi","species":"Celebi","item":"leftovers","ability":"Natural Cure","moves":["nastyplot","gigadrain","psychic","earthpower"],"nature":"Bold","evs":{"hp":252,"atk":0,"def":148,"spa":0,"spd":0,"spe":108},"ivs":{"hp":31,"atk":31,"def":31,"spa":31,"spd":31,"spe":31}},{"name":"Gourgeist-Super","species":"Gourgeist-Super","item":"leftovers","ability":"Frisk","moves":["phantomforce","willowisp","leechseed","protect"],"nature":"Careful","evs":{"hp":252,"atk":4,"def":0,"spa":0,"spd":252,"spe":0},"ivs":{"hp":31,"atk":31,"def":31,"spa":31,"spd":31,"spe":31}}],"log":["|player|p1|Emg_DemZii|274","|player|p2|Inferno Sapphire|266","|gametype|singles","|gen|6","|tier|Monotype","|rated","|rule|Baton Pass Clause: Limit one Baton Passer, can't pass Spe and other stats simultaneously","|rule|Swagger Clause: Swagger is banned","|rule|Same Type Clause: Pokémon in a team must share a type","|clearpoke","|poke|p1|Hoopa-Unbound","|poke|p1|Sableye, M, shiny","|poke|p1|Bisharp, F, shiny","|poke|p1|Umbreon, M, shiny","|poke|p1|Drapion, F, shiny","|poke|p1|Mandibuzz, F, shiny","|poke|p2|Breloom, F","|poke|p2|Ferrothorn, M","|poke|p2|Roserade, F","|poke|p2|Venusaur, F","|poke|p2|Celebi","|poke|p2|Gourgeist-*, F","|rule|Sleep Clause Mod: Limit one foe put to sleep","|rule|Species Clause: Limit one of each Pokémon","|rule|OHKO Clause: OHKO moves are banned","|rule|Moody Clause: Moody is banned","|rule|Evasion Moves Clause: Evasion moves are banned","|rule|Endless Battle Clause: Forcing endless battles is banned","|rule|HP Percentage Mod: HP is shown in percentages","|teampreview","|","|start","|switch|p1a: Mark|Umbreon, M, shiny|331/331","|switch|p2a: Roserade|Roserade, F|321/321","|turn|1","|","|move|p1a: Mark|Protect|p1a: Mark","|-singleturn|p1a: Mark|Protect","|move|p2a: Roserade|Toxic Spikes|p1a: Mark","|-sidestart|p1: Emg_DemZii|move: Toxic Spikes","|","|turn|2","|","|move|p2a: Roserade|Sludge Bomb|p1a: Mark","|-damage|p1a: Mark|244/331","|move|p1a: Mark|Baton Pass|p1a: Mark","|","|switch|p1a: No ideas 4 names|Mandibuzz, F, shiny|423/423","|","|turn|3","|","|switch|p2a: Ferrothorn|Ferrothorn, M|352/352","|move|p1a: No ideas 4 names|Taunt|p2a: Ferrothorn","|-start|p2a: Ferrothorn|move: Taunt","|","|turn|4","|","|move|p1a: No ideas 4 names|Tailwind|p1a: No ideas 4 names","|-sidestart|p1: Emg_DemZii|move: Tailwind","|move|p2a: Ferrothorn|Gyro Ball|p1a: No ideas 4 names","|-damage|p1a: No ideas 4 names|315/423","|-damage|p2a: Ferrothorn|294/352|[from] item: Rocky Helmet|[of] p1a: No ideas 4 names","|","|-heal|p2a: Ferrothorn|316/352|[from] item: Leftovers","|turn|5","|","|switch|p2a: Roserade|Roserade, F|321/321","|move|p1a: No ideas 4 names|Heat Wave|p2a: Roserade","|-supereffective|p2a: Roserade","|-damage|p2a: Roserade|255/321","|","|-heal|p2a: Roserade|275/321|[from] item: Black Sludge","|turn|6","|","|switch|p1a: Rape|Drapion, F, shiny|343/343","|-sideend|p1: Emg_DemZii|move: Toxic Spikes|[of] p1a: Rape","|move|p2a: Roserade|Sludge Bomb|p1a: Rape","|-resisted|p1a: Rape","|-damage|p1a: Rape|258/343","|","|-heal|p2a: Roserade|295/321|[from] item: Black Sludge","|turn|7","|","|switch|p2a: Ferrothorn|Ferrothorn, M|316/352","|move|p1a: Rape|Substitute|p1a: Rape","|-start|p1a: Rape|Substitute","|-damage|p1a: Rape|173/343","|","|-heal|p2a: Ferrothorn|338/352|[from] item: Leftovers","|-sideend|p1: Emg_DemZii|move: Tailwind","|turn|8","|","|switch|p1a: No ideas 4 names|Mandibuzz, F, shiny|315/423","|move|p2a: Ferrothorn|Gyro Ball|p1a: No ideas 4 names","|-damage|p1a: No ideas 4 names|225/423","|-damage|p2a: Ferrothorn|280/352|[from] item: Rocky Helmet|[of] p1a: No ideas 4 names","|","|-heal|p2a: Ferrothorn|302/352|[from] item: Leftovers","|turn|9","|","|switch|p2a: Roserade|Roserade, F|295/321","|move|p1a: No ideas 4 names|Taunt|p2a: Roserade","|-start|p2a: Roserade|move: Taunt","|","|-heal|p2a: Roserade|315/321|[from] item: Black Sludge","|turn|10","|","|move|p2a: Roserade|Sludge Bomb|p1a: No ideas 4 names","|-damage|p1a: No ideas 4 names|87/423","|move|p1a: No ideas 4 names|Roost|p1a: No ideas 4 names","|-heal|p1a: No ideas 4 names|299/423","|","|-heal|p2a: Roserade|321/321|[from] item: Black Sludge","|turn|11","|","|move|p2a: Roserade|Sludge Bomb|p1a: No ideas 4 names","|-damage|p1a: No ideas 4 names|175/423","|move|p1a: No ideas 4 names|Tailwind|p1a: No ideas 4 names","|-sidestart|p1: Emg_DemZii|move: Tailwind","|","|-end|p2a: Roserade|move: Taunt","|turn|12","|","|move|p1a: No ideas 4 names|Taunt|p2a: Roserade","|-start|p2a: Roserade|move: Taunt","|move|p2a: Roserade|Sludge Bomb|p1a: No ideas 4 names","|-damage|p1a: No ideas 4 names|48/423","|","|turn|13","|","|move|p1a: No ideas 4 names|Roost|p1a: No ideas 4 names","|-heal|p1a: No ideas 4 names|260/423","|move|p2a: Roserade|Sludge Bomb|p1a: No ideas 4 names","|-damage|p1a: No ideas 4 names|136/423","|-status|p1a: No ideas 4 names|psn","|","|-damage|p1a: No ideas 4 names|84/423 psn|[from] psn","|turn|14","|","|switch|p1a: Rape|Drapion, F, shiny|173/343","|move|p2a: Roserade|Sludge Bomb|p1a: Rape","|-resisted|p1a: Rape","|-damage|p1a: Rape|90/343","|","|-end|p2a: Roserade|move: Taunt","|-sideend|p1: Emg_DemZii|move: Tailwind","|turn|15","|","|move|p1a: Rape|Fire Fang|p2a: Roserade","|-supereffective|p2a: Roserade","|-damage|p2a: Roserade|39/321","|move|p2a: Roserade|Sludge Bomb|p1a: Rape","|-resisted|p1a: Rape","|-damage|p1a: Rape|14/343","|","|-heal|p2a: Roserade|59/321|[from] item: Black Sludge","|turn|16","|","|switch|p2a: Ferrothorn|Ferrothorn, M|302/352","|move|p1a: Rape|Fire Fang|p2a: Ferrothorn","|-supereffective|p2a: Ferrothorn","|-damage|p2a: Ferrothorn|22/352","|-damage|p1a: Rape|0 fnt|[from] ability: Iron Barbs|[of] p2a: Ferrothorn","|faint|p1a: Rape","|","|-heal|p2a: Ferrothorn|44/352|[from] item: Leftovers","|","|switch|p1a: Not a power ranger|Bisharp, F, shiny|271/271","|turn|17","|","|move|p1a: Not a power ranger|Iron Head|p2a: Ferrothorn","|-resisted|p2a: Ferrothorn","|-damage|p2a: Ferrothorn|0 fnt","|-damage|p1a: Not a power ranger|238/271|[from] ability: Iron Barbs|[of] p2a: Ferrothorn","|faint|p2a: Ferrothorn","|","|","|switch|p2a: Gourgeist-Super|Gourgeist-Super, F|374/374","|-item|p1a: Not a power ranger|Choice Scarf|[from] ability: Frisk|[of] p2a: Gourgeist-Super|[identify]","|turn|18","|","|switch|p1a: Mark|Umbreon, M, shiny|244/331","|move|p2a: Gourgeist-Super|Will-O-Wisp|p1a: Mark","|-status|p1a: Mark|brn","|-status|p2a: Gourgeist-Super|brn","|","|-heal|p1a: Mark|264/331 brn|[from] item: Leftovers","|-damage|p1a: Mark|223/331 brn|[from] brn","|-damage|p2a: Gourgeist-Super|328/374 brn|[from] brn","|turn|19","|","|move|p1a: Mark|Foul Play|p2a: Gourgeist-Super","|-crit|p2a: Gourgeist-Super","|-supereffective|p2a: Gourgeist-Super","|-damage|p2a: Gourgeist-Super|192/374 brn","|move|p2a: Gourgeist-Super|Leech Seed|p1a: Mark","|-start|p1a: Mark|move: Leech Seed","|","|-heal|p1a: Mark|243/331 brn|[from] item: Leftovers","|-heal|p2a: Gourgeist-Super|215/374 brn|[from] item: Leftovers","|-damage|p1a: Mark|202/331 brn|[from] Leech Seed|[of] p2a: Gourgeist-Super","|-heal|p2a: Gourgeist-Super|256/374 brn|[silent]","|-damage|p1a: Mark|161/331 brn|[from] brn","|-damage|p2a: Gourgeist-Super|210/374 brn|[from] brn","|turn|20","|","|switch|p2a: Roserade|Roserade, F|59/321","|move|p1a: Mark|Snatch|p1a: Mark","|-singleturn|p1a: Mark|Snatch","|","|-heal|p2a: Roserade|79/321|[from] item: Black Sludge","|-heal|p1a: Mark|181/331 brn|[from] item: Leftovers","|-damage|p1a: Mark|140/331 brn|[from] Leech Seed|[of] p2a: Roserade","|-heal|p2a: Roserade|120/321|[silent]","|-damage|p1a: Mark|99/331 brn|[from] brn","|turn|21","|","|switch|p1a: Not a power ranger|Bisharp, F, shiny|238/271","|move|p2a: Roserade|Toxic Spikes|p1a: Not a power ranger","|-sidestart|p1: Emg_DemZii|move: Toxic Spikes","|","|-heal|p2a: Roserade|140/321|[from] item: Black Sludge","|turn|22","|","|move|p1a: Not a power ranger|Iron Head|p2a: Roserade","|-damage|p2a: Roserade|0 fnt","|faint|p2a: Roserade","|","|","|switch|p2a: Venusaur|Venusaur, F|359/359","|turn|23","|","|detailschange|p2a: Venusaur|Venusaur-Mega, F","|-mega|p2a: Venusaur|Venusaur|Venusaurite","|move|p1a: Not a power ranger|Iron Head|p2a: Venusaur","|-damage|p2a: Venusaur|235/359","|move|p2a: Venusaur|Hidden Power|p1a: Not a power ranger","|-supereffective|p1a: Not a power ranger","|-damage|p1a: Not a power ranger|50/271","|","|turn|24","|","|switch|p1a: No ideas 4 names|Mandibuzz, F, shiny|84/423 psn","|move|p2a: Venusaur|Synthesis|p2a: Venusaur","|-heal|p2a: Venusaur|359/359","|","|-damage|p1a: No ideas 4 names|32/423 psn|[from] psn","|turn|25","|","|move|p2a: Venusaur|Sludge Bomb|p1a: No ideas 4 names","|-damage|p1a: No ideas 4 names|0 fnt","|faint|p1a: No ideas 4 names","|","|","|switch|p1a: Hoopa-Death|Hoopa-Unbound|301/301","|-status|p1a: Hoopa-Death|psn","|turn|26","|","|switch|p2a: Gourgeist-Super|Gourgeist-Super, F|210/374 brn","|-item|p1a: Hoopa-Death|Choice Scarf|[from] ability: Frisk|[of] p2a: Gourgeist-Super|[identify]","|move|p1a: Hoopa-Death|Psychic|p2a: Gourgeist-Super","|-damage|p2a: Gourgeist-Super|30/374 brn","|","|-heal|p2a: Gourgeist-Super|53/374 brn|[from] item: Leftovers","|-damage|p1a: Hoopa-Death|264/301 psn|[from] psn","|-damage|p2a: Gourgeist-Super|7/374 brn|[from] brn","|turn|27","|","|switch|p1a: Not a power ranger|Bisharp, F, shiny|50/271","|move|p2a: Gourgeist-Super|Protect|p2a: Gourgeist-Super","|-fail|p2a: Gourgeist-Super","|","|-heal|p2a: Gourgeist-Super|30/374 brn|[from] item: Leftovers","|-damage|p2a: Gourgeist-Super|0 fnt|[from] brn","|faint|p2a: Gourgeist-Super","|","|switch|p2a: Breloom|Breloom, F|261/261","|turn|28","|","|move|p1a: Not a power ranger|Stone Edge|p2a: Breloom","|-resisted|p2a: Breloom","|-damage|p2a: Breloom|188/261","|move|p2a: Breloom|Spore|p1a: Not a power ranger","|-status|p1a: Not a power ranger|slp","|","|turn|29","|","|cant|p1a: Not a power ranger|slp","|move|p2a: Breloom|Swords Dance|p2a: Breloom","|-boost|p2a: Breloom|atk|2","|","|turn|30","|","|cant|p1a: Not a power ranger|slp","|move|p2a: Breloom|Swords Dance|p2a: Breloom","|-boost|p2a: Breloom|atk|2","|","|turn|31","|","|move|p2a: Breloom|Mach Punch|p1a: Not a power ranger","|-supereffective|p1a: Not a power ranger","|-damage|p1a: Not a power ranger|0 fnt","|faint|p1a: Not a power ranger","|","|","|switch|p1a: Drip Drop|Sableye, M, shiny|242/242","|-status|p1a: Drip Drop|psn","|turn|32","|","|detailschange|p1a: Drip Drop|Sableye-Mega, M, shiny","|-mega|p1a: Drip Drop|Sableye|Sablenite","|move|p1a: Drip Drop|Will-O-Wisp|p2a: Breloom|[miss]","|-miss|p1a: Drip Drop|p2a: Breloom","|move|p2a: Breloom|Bullet Seed|p1a: Drip Drop","|-damage|p1a: Drip Drop|101/242 psn","|-damage|p1a: Drip Drop|0 fnt","|-hitcount|p1a: Drip Drop|2","|faint|p1a: Drip Drop","|","|","|switch|p1a: Hoopa-Death|Hoopa-Unbound|264/301 psn","|turn|33","|","|move|p2a: Breloom|Mach Punch|p1a: Hoopa-Death","|-damage|p1a: Hoopa-Death|0 fnt","|faint|p1a: Hoopa-Death","|","|","|switch|p1a: Mark|Umbreon, M, shiny|99/331 brn","|turn|34","|","|move|p1a: Mark|Snatch|p1a: Mark","|-singleturn|p1a: Mark|Snatch","|move|p2a: Breloom|Bullet Seed|p1a: Mark","|-damage|p1a: Mark|0 fnt","|-hitcount|p1a: Mark|1","|faint|p1a: Mark","|","|win|Inferno Sapphire"],"p1rating":{"entryid":"7361210","serverid":"eos","formatid":"monotype","userid":"emgdemzii","username":"Emg_DemZii","w":"6","l":17,"t":"0","gxe":30,"r":"1354.9897068034","rd":"69.648218576485","sigma":"0","rptime":"1439024400","rpr":1337.2520399158,"rprd":67.410572739476,"rpsigma":"0","acre":1009.2769211921,"lacre":1009.2769211921,"oldacre":"1023.7688352183"},"p2rating":{"entryid":"7502993","serverid":"eos","formatid":"monotype","userid":"infernosapphire","username":"Inferno Sapphire","w":1,"l":"1","t":"0","gxe":48.4,"r":"1500","rd":"130","sigma":"0","rptime":"1439024400","rpr":1487.1706898412,"rprd":117.06524233577,"rpsigma":"0","acre":1042.7322271281,"lacre":1042.7322271281,"oldacre":"1000"},"endType":"normal"}