{"seed":[28243,65382,11880,46238],"turns":29,"p1":"BagelBeagle","p2":"Seven Swell","p1team":[{"name":"Eat.Chew.Drink","species":"aerodactyl","item":"lifeorb","ability":"Rock Head","moves":["aerialace","earthquake","taunt","stoneedge"],"nature":"Jolly","evs":{"hp":0,"atk":252,"def":0,"spa":0,"spd":4,"spe":252},"gender":"M","shiny":true,"ivs":{"hp":31,"atk":31,"def":31,"spa":31,"spd":31,"spe":31}},{"name":"Dry Skin Dan","species":"rhyperior","item":"weaknesspolicy","ability":"Solid Rock","moves":["earthquake","megahorn","rockslide","outrage"],"nature":"Adamant","evs":{"hp":248,"atk":252,"def":0,"spa":0,"spd":8,"spe":0},"gender":"M","shiny":true,"ivs":{"hp":31,"atk":31,"def":31,"spa":31,"spd":31,"spe":31}},{"name":"Huckle Booberry","species":"shuckle","item":"leftovers","ability":"Sturdy","moves":["encore","stickyweb","toxic","knockoff"],"nature":"Careful","evs":{"hp":252,"atk":4,"def":0,"spa":0,"spd":252,"spe":0},"gender":"M","shiny":true,"ivs":{"hp":31,"atk":31,"def":31,"spa":31,"spd":31,"spe":31}},{"name":"Callous Cidney","species":"rampardos","item":"lifeorb","ability":"Sheer Force","moves":["rockpolish","earthquake","headsmash","ironhead"],"nature":"Adamant","evs":{"hp":0,"atk":252,"def":0,"spa":0,"spd":4,"spe":252},"gender":"F","shiny":true,"ivs":{"hp":31,"atk":31,"def":31,"spa":31,"spd":31,"spe":31}},{"name":"Toasty","species":"tyranitar","item":"leftovers","ability":"Sand Stream","moves":["crunch","rockslide","thunderwave","stealthrock"],"nature":"Adamant","evs":{"hp":252,"atk":252,"def":0,"spa":0,"spd":4,"spe":0},"gender":"M","shiny":true,"ivs":{"hp":31,"atk":31,"def":31,"spa":31,"spd":31,"spe":31}},{"name":"MySpace","species":"cradily","item":"leftovers","ability":"Storm Drain","moves":["energyball","earthpower","recover","toxic"],"nature":"Calm","evs":{"hp":252,"atk":0,"def":0,"spa":4,"spd":252,"spe":0},"gender":"M","shiny":true,"ivs":{"hp":31,"atk":31,"def":31,"spa":31,"spd":31,"spe":31}}],"p2team":[{"name":"Mew","species":"Mew","item":"leftovers","ability":"Synchronize","moves":["roost","toxic","healbell","aurasphere"],"nature":"Calm","evs":{"hp":252,"atk":0,"def":0,"spa":4,"spd":252,"spe":0},"ivs":{"hp":31,"atk":31,"def":31,"spa":31,"spd":31,"spe":31}},{"name":"Slowbro","species":"Slowbro","item":"rockyhelmet","ability":"Regenerator","moves":["scald","yawn","flamethrower","slackoff"],"nature":"Bold","evs":{"hp":252,"atk":0,"def":252,"spa":4,"spd":0,"spe":0},"ivs":{"hp":31,"atk":31,"def":31,"spa":31,"spd":31,"spe":31}},{"name":"Deoxys-Speed","species":"Deoxys-Speed","item":"focussash","ability":"Pressure","moves":["stealthrock","thunderbolt","thunderwave","icebeam"],"nature":"Timid","evs":{"hp":252,"atk":0,"def":44,"spa":0,"spd":0,"spe":212},"ivs":{"hp":31,"atk":31,"def":31,"spa":31,"spd":31,"spe":31}},{"name":"Gardevoir","species":"Gardevoir","item":"gardevoirite","ability":"Trace","moves":["hypervoice","psyshock","destinybond","thunderbolt"],"nature":"Timid","evs":{"hp":0,"atk":0,"def":4,"spa":252,"spd":0,"spe":252},"ivs":{"hp":31,"atk":0,"def":31,"spa":31,"spd":31,"spe":31}},{"name":"Latias","species":"Latias","item":"leftovers","ability":"Levitate","moves":["dracometeor","psyshock","roost","defog"],"nature":"Timid","evs":{"hp":252,"atk":0,"def":0,"spa":4,"spd":0,"spe":252},"ivs":{"hp":31,"atk":31,"def":31,"spa":31,"spd":31,"spe":31}},{"name":"Hoopa-Unbound","species":"Hoopa-Unbound","item":"focussash","ability":"Magician","moves":["hyperspacefury","drainpunch","firepunch","gunkshot"],"nature":"Adamant","evs":{"hp":0,"atk":252,"def":0,"spa":0,"spd":4,"spe":252},"ivs":{"hp":31,"atk":31,"def":31,"spa":31,"spd":31,"spe":31}}],"log":["|player|p1|BagelBeagle|107","|player|p2|Seven Swell|sevenswell.png","|gametype|singles","|gen|6","|tier|Monotype","|rated","|rule|Baton Pass Clause: Limit one Baton Passer, can't pass Spe and other stats simultaneously","|rule|Swagger Clause: Swagger is banned","|rule|Same Type Clause: Pokémon in a team must share a type","|clearpoke","|poke|p1|Aerodactyl, M, shiny","|poke|p1|Rhyperior, M, shiny","|poke|p1|Shuckle, M, shiny","|poke|p1|Rampardos, F, shiny","|poke|p1|Tyranitar, M, shiny","|poke|p1|Cradily, M, shiny","|poke|p2|Mew","|poke|p2|Slowbro, M","|poke|p2|Deoxys-Speed","|poke|p2|Gardevoir, M","|poke|p2|Latias, F","|poke|p2|Hoopa-Unbound","|rule|Sleep Clause Mod: Limit one foe put to sleep","|rule|Species Clause: Limit one of each Pokémon","|rule|OHKO Clause: OHKO moves are banned","|rule|Moody Clause: Moody is banned","|rule|Evasion Moves Clause: Evasion moves are banned","|rule|Endless Battle Clause: Forcing endless battles is banned","|rule|HP Percentage Mod: HP is shown in percentages","|teampreview","|","|start","|switch|p1a: Huckle Booberry|Shuckle, M, shiny|244/244","|switch|p2a: Slowbro|Slowbro, M|394/394","|turn|1","|","|move|p2a: Slowbro|Scald|p1a: Huckle Booberry","|-supereffective|p1a: Huckle Booberry","|-damage|p1a: Huckle Booberry|166/244","|move|p1a: Huckle Booberry|Encore|p2a: Slowbro","|-start|p2a: Slowbro|Encore","|","|-heal|p1a: Huckle Booberry|181/244|[from] item: Leftovers","|turn|2","|","|switch|p1a: MySpace|Cradily, M, shiny|376/376","|move|p2a: Slowbro|Scald|p1a: MySpace","|-boost|p1a: MySpace|spa|1|[from] ability: Storm Drain","|","|turn|3","|","|switch|p2a: Mew|Mew|404/404","|move|p1a: MySpace|Toxic|p2a: Mew","|-status|p2a: Mew|tox","|-status|p1a: MySpace|tox","|","|-damage|p2a: Mew|379/404 tox|[from] psn","|-damage|p1a: MySpace|353/376 tox|[from] psn","|turn|4","|","|switch|p1a: Callous Cidney|Rampardos, F, shiny|335/335","|move|p2a: Mew|Heal Bell|p2a: Mew","|-cureteam|p2a: Mew|[from] move: HealBell","|","|-heal|p2a: Mew|404/404|[from] item: Leftovers","|turn|5","|","|switch|p2a: Deoxys-Speed|Deoxys-Speed|304/304","|-ability|p2a: Deoxys-Speed|Pressure","|move|p1a: Callous Cidney|Rock Polish|p1a: Callous Cidney","|-boost|p1a: Callous Cidney|spe|2","|","|turn|6","|","|move|p2a: Deoxys-Speed|Thunder Wave|p1a: Callous Cidney","|-status|p1a: Callous Cidney|par","|move|p1a: Callous Cidney|Head Smash|p2a: Deoxys-Speed","|-enditem|p2a: Deoxys-Speed|Focus Sash","|-damage|p2a: Deoxys-Speed|1/304","|-damage|p1a: Callous Cidney|183/335 par|[from] recoil|[of] p2a: Deoxys-Speed","|-damage|p1a: Callous Cidney|150/335 par|[from] item: Life Orb","|","|turn|7","|","|move|p2a: Deoxys-Speed|Stealth Rock|p1a: Callous Cidney","|-sidestart|p1: BagelBeagle|move: Stealth Rock","|cant|p1a: Callous Cidney|par","|","|turn|8","|","|move|p2a: Deoxys-Speed|Thunderbolt|p1a: Callous Cidney","|-damage|p1a: Callous Cidney|24/335 par","|move|p1a: Callous Cidney|Earthquake|p2a: Deoxys-Speed","|-damage|p2a: Deoxys-Speed|0 fnt","|-damage|p1a: Callous Cidney|0 fnt|[from] item: Life Orb","|faint|p2a: Deoxys-Speed","|faint|p1a: Callous Cidney","|","|","|switch|p1a: Toasty|Tyranitar, M, shiny|404/404","|switch|p2a: Slowbro|Slowbro, M|394/394","|-damage|p1a: Toasty|354/404|[from] Stealth Rock","|-weather|Sandstorm","|turn|9","|","|move|p1a: Toasty|Thunder Wave|p2a: Slowbro","|-status|p2a: Slowbro|par","|move|p2a: Slowbro|Yawn|p1a: Toasty","|-start|p1a: Toasty|move: Yawn|[of] p2a: Slowbro","|","|-weather|Sandstorm|[upkeep]","|-damage|p2a: Slowbro|370/394 par|[from] sandstorm","|-heal|p1a: Toasty|379/404|[from] item: Leftovers","|turn|10","|","|switch|p1a: Huckle Booberry|Shuckle, M, shiny|181/244","|-damage|p1a: Huckle Booberry|120/244|[from] Stealth Rock","|switch|p2a: Gardevoir|Gardevoir, M|277/277","|-ability|p2a: Gardevoir|Sturdy|[from] ability: Trace|[of] p1a: Huckle Booberry","|","|-weather|Sandstorm|[upkeep]","|-damage|p2a: Gardevoir|260/277|[from] sandstorm","|-heal|p1a: Huckle Booberry|135/244|[from] item: Leftovers","|turn|11","|","|detailschange|p2a: Gardevoir|Gardevoir-Mega, M","|-mega|p2a: Gardevoir|Gardevoir|Gardevoirite","|move|p2a: Gardevoir|Hyper Voice|p1a: Huckle Booberry","|-damage|p1a: Huckle Booberry|65/244","|move|p1a: Huckle Booberry|Toxic|p2a: Gardevoir","|-status|p2a: Gardevoir|tox","|","|-weather|Sandstorm|[upkeep]","|-damage|p2a: Gardevoir|243/277 tox|[from] sandstorm","|-heal|p1a: Huckle Booberry|80/244|[from] item: Leftovers","|-damage|p2a: Gardevoir|226/277 tox|[from] psn","|turn|12","|","|move|p2a: Gardevoir|Psyshock|p1a: Huckle Booberry","|-damage|p1a: Huckle Booberry|0 fnt","|faint|p1a: Huckle Booberry","|","|-weather|Sandstorm|[upkeep]","|-damage|p2a: Gardevoir|209/277 tox|[from] sandstorm","|-damage|p2a: Gardevoir|175/277 tox|[from] psn","|","|switch|p1a: Dry Skin Dan|Rhyperior, M, shiny|433/433","|-damage|p1a: Dry Skin Dan|406/433|[from] Stealth Rock","|turn|13","|","|move|p2a: Gardevoir|Hyper Voice|p1a: Dry Skin Dan","|-damage|p1a: Dry Skin Dan|150/433","|move|p1a: Dry Skin Dan|Earthquake|p2a: Gardevoir","|-damage|p2a: Gardevoir|0 fnt","|faint|p2a: Gardevoir","|","|-weather|none","|","|switch|p2a: Slowbro|Slowbro, M|394/394 par","|turn|14","|","|move|p1a: Dry Skin Dan|Megahorn|p2a: Slowbro","|-supereffective|p2a: Slowbro","|-damage|p2a: Slowbro|160/394 par","|-damage|p1a: Dry Skin Dan|78/433|[from] item: Rocky Helmet|[of] p2a: Slowbro","|move|p2a: Slowbro|Yawn|p1a: Dry Skin Dan","|-start|p1a: Dry Skin Dan|move: Yawn|[of] p2a: Slowbro","|","|turn|15","|","|switch|p1a: Toasty|Tyranitar, M, shiny|379/404","|-damage|p1a: Toasty|329/404|[from] Stealth Rock","|-weather|Sandstorm","|switch|p2a: Latias|Latias, F|364/364","|","|-weather|Sandstorm|[upkeep]","|-damage|p2a: Latias|342/364|[from] sandstorm","|-heal|p2a: Latias|364/364|[from] item: Leftovers","|-heal|p1a: Toasty|354/404|[from] item: Leftovers","|turn|16","|","|move|p2a: Latias|Draco Meteor|p1a: Toasty","|-damage|p1a: Toasty|239/404","|-unboost|p2a: Latias|spa|2","|move|p1a: Toasty|Crunch|p2a: Latias","|-supereffective|p2a: Latias","|-damage|p2a: Latias|0 fnt","|faint|p2a: Latias","|","|-weather|Sandstorm|[upkeep]","|-heal|p1a: Toasty|264/404|[from] item: Leftovers","|","|switch|p2a: Hoopa-Unbound|Hoopa-Unbound|301/301","|turn|17","|","|move|p2a: Hoopa-Unbound|Drain Punch|p1a: Toasty","|-supereffective|p1a: Toasty","|-damage|p1a: Toasty|0 fnt","|faint|p1a: Toasty","|","|-weather|Sandstorm|[upkeep]","|-damage|p2a: Hoopa-Unbound|283/301|[from] sandstorm","|","|switch|p1a: Eat.Chew.Drink|Aerodactyl, M, shiny|301/301","|-damage|p1a: Eat.Chew.Drink|226/301|[from] Stealth Rock","|turn|18","|","|switch|p2a: Slowbro|Slowbro, M|291/394 par","|move|p1a: Eat.Chew.Drink|Earthquake|p2a: Slowbro","|-damage|p2a: Slowbro|194/394 par","|-damage|p1a: Eat.Chew.Drink|196/301|[from] item: Life Orb","|","|-weather|Sandstorm|[upkeep]","|-damage|p2a: Slowbro|170/394 par|[from] sandstorm","|turn|19","|","|switch|p2a: Mew|Mew|404/404","|move|p1a: Eat.Chew.Drink|Taunt|p2a: Mew","|-start|p2a: Mew|move: Taunt","|","|-weather|none","|turn|20","|","|switch|p1a: MySpace|Cradily, M, shiny|353/376 tox","|-damage|p1a: MySpace|306/376 tox|[from] Stealth Rock","|switch|p2a: Slowbro|Slowbro, M|301/394 par","|","|-heal|p1a: MySpace|329/376 tox|[from] item: Leftovers","|-damage|p1a: MySpace|306/376 tox|[from] psn","|turn|21","|","|switch|p2a: Mew|Mew|404/404","|move|p1a: MySpace|Energy Ball|p2a: Mew","|-crit|p2a: Mew","|-damage|p2a: Mew|314/404","|","|-heal|p2a: Mew|339/404|[from] item: Leftovers","|-heal|p1a: MySpace|329/376 tox|[from] item: Leftovers","|-damage|p1a: MySpace|283/376 tox|[from] psn","|turn|22","|","|move|p2a: Mew|Aura Sphere|p1a: MySpace","|-supereffective|p1a: MySpace","|-damage|p1a: MySpace|189/376 tox","|move|p1a: MySpace|Toxic|p2a: Mew","|-status|p2a: Mew|tox","|","|-heal|p2a: Mew|364/404 tox|[from] item: Leftovers","|-heal|p1a: MySpace|212/376 tox|[from] item: Leftovers","|-damage|p2a: Mew|339/404 tox|[from] psn","|-damage|p1a: MySpace|143/376 tox|[from] psn","|turn|23","|","|switch|p1a: Dry Skin Dan|Rhyperior, M, shiny|78/433","|-damage|p1a: Dry Skin Dan|51/433|[from] Stealth Rock","|move|p2a: Mew|Heal Bell|p2a: Mew","|-cureteam|p2a: Mew|[from] move: HealBell","|","|-heal|p2a: Mew|364/404|[from] item: Leftovers","|turn|24","|","|move|p2a: Mew|Aura Sphere|p1a: Dry Skin Dan","|-supereffective|p1a: Dry Skin Dan","|-damage|p1a: Dry Skin Dan|0 fnt","|faint|p1a: Dry Skin Dan","|","|-heal|p2a: Mew|389/404|[from] item: Leftovers","|","|switch|p1a: Eat.Chew.Drink|Aerodactyl, M, shiny|196/301","|-damage|p1a: Eat.Chew.Drink|121/301|[from] Stealth Rock","|turn|25","|","|switch|p2a: Slowbro|Slowbro, M|394/394","|move|p1a: Eat.Chew.Drink|Stone Edge|p2a: Slowbro","|-crit|p2a: Slowbro","|-damage|p2a: Slowbro|178/394","|-damage|p1a: Eat.Chew.Drink|91/301|[from] item: Life Orb","|","|turn|26","|","|move|p1a: Eat.Chew.Drink|Taunt|p2a: Slowbro","|-start|p2a: Slowbro|move: Taunt","|cant|p2a: Slowbro|move: Taunt|Slack Off","|","|turn|27","|","|move|p1a: Eat.Chew.Drink|Stone Edge|p2a: Slowbro","|-damage|p2a: Slowbro|44/394","|-damage|p1a: Eat.Chew.Drink|61/301|[from] item: Life Orb","|move|p2a: Slowbro|Flamethrower|p1a: Eat.Chew.Drink","|-resisted|p1a: Eat.Chew.Drink","|-damage|p1a: Eat.Chew.Drink|15/301","|","|turn|28","|","|move|p1a: Eat.Chew.Drink|Stone Edge|p2a: Slowbro","|-damage|p2a: Slowbro|0 fnt","|-damage|p1a: Eat.Chew.Drink|0 fnt|[from] item: Life Orb","|faint|p2a: Slowbro","|faint|p1a: Eat.Chew.Drink","|","|","|switch|p2a: Hoopa-Unbound|Hoopa-Unbound|283/301","|switch|p1a: MySpace|Cradily, M, shiny|143/376 tox","|-damage|p1a: MySpace|96/376 tox|[from] Stealth Rock","|turn|29","|","|move|p2a: Hoopa-Unbound|Drain Punch|p1a: MySpace","|-supereffective|p1a: MySpace","|-damage|p1a: MySpace|0 fnt","|-heal|p2a: Hoopa-Unbound|301/301|[from] drain|[of] p1a: MySpace","|faint|p1a: MySpace","|","|win|Seven Swell"],"p1rating":{"entryid":"7518165","serverid":"eos","formatid":"monotype","userid":"bagelbeagle","username":"BagelBeagle","w":"6","l":9,"t":"0","gxe":44.6,"r":"1500","rd":"130","sigma":"0","rptime":"1439110800","rpr":1457.8242174337,"rprd":77.969649034684,"rpsigma":"0","acre":1084.5289862113,"lacre":1084.5289862113,"oldacre":"1097.019969703"},"p2rating":{"entryid":"7267988","serverid":"eos","formatid":"monotype","userid":"sevenswell","username":"Seven Swell","w":39,"l":"23","t":"0","gxe":64.8,"r":"1609.0070414774","rd":"47.069548194523","sigma":"0","rptime":"1439110800","rpr":1615.9468236284,"rprd":45.994888409418,"rpsigma":"0","acre":1296.5633571652,"lacre":1296.5633571652,"oldacre":"1283.8449665371"},"endType":"normal"}