{"seed":[41639,64220,16053,15239],"turns":18,"p1":"sovereign♕zoroark","p2":"BagelBeagle","p1team":[{"name":"Mamoswine","species":"Mamoswine","item":"icicleplate","ability":"Thick Fat","moves":["hail","earthquake","icefang","ironhead"],"nature":"Adamant","evs":{"hp":0,"atk":252,"def":128,"spa":0,"spd":128,"spe":0},"shiny":true,"ivs":{"hp":31,"atk":31,"def":31,"spa":31,"spd":31,"spe":31}},{"name":"Weavile","species":"Weavile","item":"focussash","ability":"Pressure","moves":["fakeout","icepunch","swordsdance","brickbreak"],"nature":"Adamant","evs":{"hp":4,"atk":252,"def":0,"spa":0,"spd":0,"spe":252},"shiny":true,"ivs":{"hp":31,"atk":31,"def":31,"spa":31,"spd":31,"spe":31}},{"name":"Abomasnow","species":"Abomasnow","item":"abomasite","ability":"Snow Warning","moves":["protect","leechseed","earthquake","icepunch"],"nature":"","evs":{"hp":220,"atk":0,"def":144,"spa":0,"spd":144,"spe":0},"shiny":true,"ivs":{"hp":31,"atk":31,"def":31,"spa":31,"spd":31,"spe":31}},{"name":"Froslass","species":"Froslass","item":"petayaberry","ability":"Snow Cloak","moves":["hail","painsplit","spikes","shadowball"],"nature":"Timid","evs":{"hp":252,"atk":0,"def":4,"spa":0,"spd":0,"spe":252},"shiny":true,"ivs":{"hp":31,"atk":31,"def":31,"spa":31,"spd":31,"spe":31}},{"name":"Jynx","species":"Jynx","item":"leftovers","ability":"Dry Skin","moves":["icebeam","calmmind","lovelykiss","psyshock"],"nature":"Bold","evs":{"hp":196,"atk":0,"def":252,"spa":30,"spd":30,"spe":0},"shiny":true,"ivs":{"hp":31,"atk":31,"def":31,"spa":31,"spd":31,"spe":31}},{"name":"Rotom-Frost","species":"Rotom-Frost","item":"toxicorb","ability":"Levitate","moves":["blizzard","voltswitch","trick","shadowball"],"nature":"","evs":{"hp":4,"atk":0,"def":0,"spa":252,"spd":0,"spe":252},"shiny":true,"ivs":{"hp":31,"atk":31,"def":31,"spa":31,"spd":31,"spe":31}}],"p2team":[{"name":"Eat.Chew.Drink","species":"aerodactyl","item":"lifeorb","ability":"Rock Head","moves":["aerialace","earthquake","taunt","stoneedge"],"nature":"Jolly","evs":{"hp":0,"atk":252,"def":0,"spa":0,"spd":4,"spe":252},"gender":"M","shiny":true,"ivs":{"hp":31,"atk":31,"def":31,"spa":31,"spd":31,"spe":31}},{"name":"Dry Skin Dan","species":"rhyperior","item":"weaknesspolicy","ability":"Solid Rock","moves":["earthquake","megahorn","rockslide","outrage"],"nature":"Adamant","evs":{"hp":248,"atk":252,"def":0,"spa":0,"spd":8,"spe":0},"gender":"M","shiny":true,"ivs":{"hp":31,"atk":31,"def":31,"spa":31,"spd":31,"spe":31}},{"name":"Huckle Booberry","species":"shuckle","item":"leftovers","ability":"Sturdy","moves":["encore","stickyweb","toxic","knockoff"],"nature":"Careful","evs":{"hp":252,"atk":4,"def":0,"spa":0,"spd":252,"spe":0},"gender":"M","shiny":true,"ivs":{"hp":31,"atk":31,"def":31,"spa":31,"spd":31,"spe":31}},{"name":"Callous Cidney","species":"rampardos","item":"lifeorb","ability":"Sheer Force","moves":["rockpolish","earthquake","headsmash","ironhead"],"nature":"Adamant","evs":{"hp":0,"atk":252,"def":0,"spa":0,"spd":4,"spe":252},"gender":"F","shiny":true,"ivs":{"hp":31,"atk":31,"def":31,"spa":31,"spd":31,"spe":31}},{"name":"Toasty","species":"tyranitar","item":"leftovers","ability":"Sand Stream","moves":["crunch","rockslide","thunderwave","stealthrock"],"nature":"Adamant","evs":{"hp":252,"atk":252,"def":0,"spa":0,"spd":4,"spe":0},"gender":"M","shiny":true,"ivs":{"hp":31,"atk":31,"def":31,"spa":31,"spd":31,"spe":31}},{"name":"MySpace","species":"cradily","item":"leftovers","ability":"Storm Drain","moves":["energyball","earthpower","recover","toxic"],"nature":"Calm","evs":{"hp":252,"atk":0,"def":0,"spa":4,"spd":252,"spe":0},"shiny":true,"ivs":{"hp":31,"atk":31,"def":31,"spa":31,"spd":31,"spe":31}}],"log":["|player|p1|sovereign♕zoroark|1","|player|p2|BagelBeagle|107","|gametype|singles","|gen|6","|tier|Monotype","|rated","|rule|Baton Pass Clause: Limit one Baton Passer, can't pass Spe and other stats simultaneously","|rule|Swagger Clause: Swagger is banned","|rule|Same Type Clause: Pokémon in a team must share a type","|clearpoke","|poke|p1|Mamoswine, M, shiny","|poke|p1|Weavile, F, shiny","|poke|p1|Abomasnow, M, shiny","|poke|p1|Froslass, F, shiny","|poke|p1|Jynx, F, shiny","|poke|p1|Rotom-Frost, shiny","|poke|p2|Aerodactyl, M, shiny","|poke|p2|Rhyperior, M, shiny","|poke|p2|Shuckle, M, shiny","|poke|p2|Rampardos, F, shiny","|poke|p2|Tyranitar, M, shiny","|poke|p2|Cradily, M, shiny","|rule|Sleep Clause Mod: Limit one foe put to sleep","|rule|Species Clause: Limit one of each Pokémon","|rule|OHKO Clause: OHKO moves are banned","|rule|Moody Clause: Moody is banned","|rule|Evasion Moves Clause: Evasion moves are banned","|rule|Endless Battle Clause: Forcing endless battles is banned","|rule|HP Percentage Mod: HP is shown in percentages","|teampreview","|","|start","|switch|p1a: Abomasnow|Abomasnow, M, shiny|376/376","|switch|p2a: Huckle Booberry|Shuckle, M, shiny|244/244","|-weather|Hail","|turn|1","|","|move|p1a: Abomasnow|Earthquake|p2a: Huckle Booberry","|-damage|p2a: Huckle Booberry|209/244","|move|p2a: Huckle Booberry|Encore|p1a: Abomasnow","|-start|p1a: Abomasnow|Encore","|","|-weather|Hail|[upkeep]","|-damage|p2a: Huckle Booberry|194/244|[from] hail","|-heal|p2a: Huckle Booberry|209/244|[from] item: Leftovers","|turn|2","|","|move|p1a: Abomasnow|Earthquake|p2a: Huckle Booberry","|-damage|p2a: Huckle Booberry|172/244","|move|p2a: Huckle Booberry|Sticky Web|p1a: Abomasnow","|-sidestart|p1: sovereign♕zoroark|move: Sticky Web","|","|-weather|Hail|[upkeep]","|-damage|p2a: Huckle Booberry|157/244|[from] hail","|-heal|p2a: Huckle Booberry|172/244|[from] item: Leftovers","|turn|3","|","|move|p1a: Abomasnow|Earthquake|p2a: Huckle Booberry","|-damage|p2a: Huckle Booberry|139/244","|move|p2a: Huckle Booberry|Toxic|p1a: Abomasnow","|-status|p1a: Abomasnow|tox","|","|-weather|Hail|[upkeep]","|-damage|p2a: Huckle Booberry|124/244|[from] hail","|-heal|p2a: Huckle Booberry|139/244|[from] item: Leftovers","|-damage|p1a: Abomasnow|353/376 tox|[from] psn","|turn|4","|","|move|p1a: Abomasnow|Earthquake|p2a: Huckle Booberry","|-damage|p2a: Huckle Booberry|105/244","|move|p2a: Huckle Booberry|Knock Off|p1a: Abomasnow","|-damage|p1a: Abomasnow|338/376 tox","|","|-weather|Hail|[upkeep]","|-damage|p2a: Huckle Booberry|90/244|[from] hail","|-heal|p2a: Huckle Booberry|105/244|[from] item: Leftovers","|-damage|p1a: Abomasnow|292/376 tox|[from] psn","|-end|p1a: Abomasnow|Encore","|turn|5","|","|switch|p2a: Callous Cidney|Rampardos, F, shiny|335/335","|detailschange|p1a: Abomasnow|Abomasnow-Mega, M, shiny","|-mega|p1a: Abomasnow|Abomasnow|Abomasite","|move|p1a: Abomasnow|Earthquake|p2a: Callous Cidney","|-supereffective|p2a: Callous Cidney","|-damage|p2a: Callous Cidney|43/335","|","|-weather|none","|-damage|p1a: Abomasnow|223/376 tox|[from] psn","|turn|6","|","|move|p2a: Callous Cidney|Iron Head|p1a: Abomasnow","|-supereffective|p1a: Abomasnow","|-damage|p1a: Abomasnow|0 fnt","|faint|p1a: Abomasnow","|","|","|switch|p1a: Weavile|Weavile, F, shiny|282/282","|-activate|p1a: Weavile|move: Sticky Web","|-unboost|p1a: Weavile|spe|1","|-ability|p1a: Weavile|Pressure","|turn|7","|","|move|p1a: Weavile|Fake Out|p2a: Callous Cidney","|-resisted|p2a: Callous Cidney","|-damage|p2a: Callous Cidney|6/335","|cant|p2a: Callous Cidney|flinch","|","|turn|8","|","|move|p1a: Weavile|Brick Break|p2a: Callous Cidney","|-supereffective|p2a: Callous Cidney","|-damage|p2a: Callous Cidney|0 fnt","|faint|p2a: Callous Cidney","|","|","|switch|p2a: Dry Skin Dan|Rhyperior, M, shiny|433/433","|turn|9","|","|move|p1a: Weavile|Swords Dance|p1a: Weavile","|-boost|p1a: Weavile|atk|2","|move|p2a: Dry Skin Dan|Outrage|p1a: Weavile","|-damage|p1a: Weavile|59/282","|","|turn|10","|","|move|p1a: Weavile|Brick Break|p2a: Dry Skin Dan","|-supereffective|p2a: Dry Skin Dan","|-damage|p2a: Dry Skin Dan|228/433","|-enditem|p2a: Dry Skin Dan|Weakness Policy","|-boost|p2a: Dry Skin Dan|atk|2|[from] item: Weakness Policy","|-boost|p2a: Dry Skin Dan|spa|2|[from] item: Weakness Policy","|move|p2a: Dry Skin Dan|Outrage|p1a: Weavile|[from]lockedmove","|-damage|p1a: Weavile|0 fnt","|-start|p2a: Dry Skin Dan|confusion|[fatigue]","|faint|p1a: Weavile","|","|","|switch|p1a: Mamoswine|Mamoswine, M, shiny|361/361","|-activate|p1a: Mamoswine|move: Sticky Web","|-unboost|p1a: Mamoswine|spe|1","|turn|11","|","|move|p1a: Mamoswine|Ice Fang|p2a: Dry Skin Dan","|-supereffective|p2a: Dry Skin Dan","|-damage|p2a: Dry Skin Dan|60/433","|-activate|p2a: Dry Skin Dan|confusion","|-damage|p2a: Dry Skin Dan|0 fnt|[from] confusion","|faint|p2a: Dry Skin Dan","|","|","|switch|p2a: Eat.Chew.Drink|Aerodactyl, M, shiny|301/301","|turn|12","|","|move|p2a: Eat.Chew.Drink|Stone Edge|p1a: Mamoswine","|-damage|p1a: Mamoswine|147/361","|-damage|p2a: Eat.Chew.Drink|271/301|[from] item: Life Orb","|move|p1a: Mamoswine|Ice Fang|p2a: Eat.Chew.Drink","|-supereffective|p2a: Eat.Chew.Drink","|-damage|p2a: Eat.Chew.Drink|0 fnt","|faint|p2a: Eat.Chew.Drink","|","|","|switch|p2a: Toasty|Tyranitar, M, shiny|404/404","|-weather|Sandstorm","|turn|13","|","|move|p2a: Toasty|Rock Slide|p1a: Mamoswine","|-damage|p1a: Mamoswine|0 fnt","|faint|p1a: Mamoswine","|","|-weather|Sandstorm|[upkeep]","|","|switch|p1a: Froslass|Froslass, F, shiny|344/344","|-activate|p1a: Froslass|move: Sticky Web","|-unboost|p1a: Froslass|spe|1","|turn|14","|","|move|p1a: Froslass|Hail|p1a: Froslass","|-weather|Hail","|move|p2a: Toasty|Thunder Wave|p1a: Froslass","|-status|p1a: Froslass|par","|","|-weather|Hail|[upkeep]","|-damage|p2a: Toasty|379/404|[from] hail","|-heal|p2a: Toasty|404/404|[from] item: Leftovers","|turn|15","|","|move|p2a: Toasty|Crunch|p1a: Froslass|[miss]","|-miss|p2a: Toasty|p1a: Froslass","|move|p1a: Froslass|Pain Split|p2a: Toasty","|-sethp|p2a: Toasty|374/404|p1a: Froslass|344/344 par|[from] move: Pain Split","|","|-weather|Hail|[upkeep]","|-damage|p2a: Toasty|349/404|[from] hail","|-heal|p2a: Toasty|374/404|[from] item: Leftovers","|turn|16","|","|move|p2a: Toasty|Crunch|p1a: Froslass","|-supereffective|p1a: Froslass","|-damage|p1a: Froslass|0 fnt","|faint|p1a: Froslass","|","|-weather|Hail|[upkeep]","|-damage|p2a: Toasty|349/404|[from] hail","|-heal|p2a: Toasty|374/404|[from] item: Leftovers","|","|switch|p1a: Jynx|Jynx, F, shiny|320/320","|-activate|p1a: Jynx|move: Sticky Web","|-unboost|p1a: Jynx|spe|1","|turn|17","|","|move|p2a: Toasty|Crunch|p1a: Jynx","|-supereffective|p1a: Jynx","|-damage|p1a: Jynx|0 fnt","|faint|p1a: Jynx","|","|-weather|Hail|[upkeep]","|-damage|p2a: Toasty|349/404|[from] hail","|-heal|p2a: Toasty|374/404|[from] item: Leftovers","|","|switch|p1a: Rotom-Frost|Rotom-Frost, shiny|242/242","|turn|18","|","|move|p1a: Rotom-Frost|Trick|p2a: Toasty","|-activate|p1a: Rotom-Frost|move: Trick|[of] p2a: Toasty","|-item|p2a: Toasty|Toxic Orb|[from] move: Trick","|-item|p1a: Rotom-Frost|Leftovers|[from] move: Trick","|move|p2a: Toasty|Rock Slide|p1a: Rotom-Frost","|-supereffective|p1a: Rotom-Frost","|-damage|p1a: Rotom-Frost|0 fnt","|faint|p1a: Rotom-Frost","|","|win|BagelBeagle"],"p1rating":{"entryid":"7523691","serverid":"eos","formatid":"monotype","userid":"sovereignzoroark","username":"sovereign♕zoroark","w":"0","l":4,"t":"0","gxe":32.9,"r":"1500","rd":"130","sigma":"0","rptime":"1439110800","rpr":1359.3017386128,"rprd":106.1038881839,"rpsigma":"0","acre":1000,"lacre":1000,"oldacre":"1000"},"p2rating":{"entryid":"7518165","serverid":"eos","formatid":"monotype","userid":"bagelbeagle","username":"BagelBeagle","w":5,"l":"7","t":"0","gxe":44.8,"r":"1500","rd":"130","sigma":"0","rptime":"1439110800","rpr":1459.8001205752,"rprd":83.622319599034,"rpsigma":"0","acre":1088.1509290851,"lacre":1088.1509290851,"oldacre":"1063.1017756194"},"endType":"normal"}