{"seed":[6686,14312,36400,16326],"turns":29,"p1":"Guard Wanderer","p2":"GymLeaderAoi","p1team":[{"name":"Weezing","species":"Weezing","item":"sitrusberry","ability":"Levitate","moves":["toxicspikes","willowisp","memento","thief"],"nature":"Careful","evs":{"hp":248,"atk":8,"def":0,"spa":0,"spd":252,"spe":0},"ivs":{"hp":31,"atk":31,"def":31,"spa":31,"spd":31,"spe":31}},{"name":"Tentacruel","species":"Tentacruel","item":"assaultvest","ability":"Liquid Ooze","moves":["scald","acidspray","gigadrain","hex"],"nature":"Timid","evs":{"hp":0,"atk":0,"def":4,"spa":252,"spd":0,"spe":252},"ivs":{"hp":31,"atk":31,"def":31,"spa":31,"spd":31,"spe":31}},{"name":"Skuntank","species":"Skuntank","item":"","ability":"Stench","moves":["snatch","thief","suckerpunch","poisonjab"],"nature":"Adamant","evs":{"hp":248,"atk":252,"def":0,"spa":0,"spd":8,"spe":0},"ivs":{"hp":31,"atk":31,"def":31,"spa":31,"spd":31,"spe":31}},{"name":"Crobat","species":"Crobat","item":"whiteherb","ability":"Infiltrator","moves":["curse","acrobatics","roost","hypnosis"],"nature":"Jolly","evs":{"hp":248,"atk":8,"def":0,"spa":0,"spd":0,"spe":252},"ivs":{"hp":31,"atk":31,"def":31,"spa":31,"spd":31,"spe":31}},{"name":"Gengar","species":"Gengar","item":"choicescarf","ability":"Levitate","moves":["trick","destinybond","venoshock","hex"],"nature":"Timid","evs":{"hp":0,"atk":0,"def":0,"spa":252,"spd":4,"spe":252},"ivs":{"hp":31,"atk":31,"def":31,"spa":31,"spd":31,"spe":31}},{"name":"Amoonguss","species":"Amoonguss","item":"blacksludge","ability":"Regenerator","moves":["spore","gigadrain","gastroacid","stunspore"],"nature":"Calm","evs":{"hp":248,"atk":0,"def":0,"spa":8,"spd":252,"spe":0},"shiny":true,"ivs":{"hp":31,"atk":31,"def":31,"spa":31,"spd":31,"spe":31}}],"p2team":[{"name":"Aerodactyl","species":"Aerodactyl","item":"focussash","ability":"Unnerve","moves":["stealthrock","taunt","earthquake","stoneedge"],"nature":"Jolly","evs":{"hp":4,"atk":252,"def":0,"spa":0,"spd":0,"spe":252},"ivs":{"hp":31,"atk":31,"def":31,"spa":31,"spd":31,"spe":31}},{"name":"Omastar","species":"Omastar","item":"focussash","ability":"Weak Armor","moves":["shellsmash","surf","icebeam","hiddenpowergrass"],"nature":"Timid","evs":{"hp":0,"atk":0,"def":0,"spa":252,"spd":4,"spe":252},"ivs":{"hp":31,"atk":30,"def":31,"spa":30,"spd":31,"spe":31}},{"name":"Aggron","species":"Aggron","item":"aggronite","ability":"Sturdy","moves":["ironhead","earthquake","firepunch","dragonclaw"],"nature":"Adamant","evs":{"hp":252,"atk":252,"def":0,"spa":0,"spd":4,"spe":0},"ivs":{"hp":31,"atk":31,"def":31,"spa":31,"spd":31,"spe":31}},{"name":"Tyrantrum","species":"Tyrantrum","item":"lifeorb","ability":"Rock Head","moves":["dragondance","headsmash","firefang","earthquake"],"nature":"Jolly","evs":{"hp":0,"atk":252,"def":4,"spa":0,"spd":0,"spe":252},"ivs":{"hp":31,"atk":31,"def":31,"spa":31,"spd":31,"spe":31}},{"name":"Tyranitar","species":"Tyranitar","item":"choicescarf","ability":"Sand Stream","moves":["icepunch","pursuit","superpower","stoneedge"],"nature":"Jolly","evs":{"hp":0,"atk":252,"def":4,"spa":0,"spd":0,"spe":252},"ivs":{"hp":31,"atk":31,"def":31,"spa":31,"spd":31,"spe":31}},{"name":"Kabutops","species":"Kabutops","item":"lifeorb","ability":"Battle Armor","moves":["swordsdance","aquajet","stoneedge","waterfall"],"nature":"Jolly","evs":{"hp":0,"atk":252,"def":0,"spa":0,"spd":4,"spe":252},"ivs":{"hp":31,"atk":31,"def":31,"spa":31,"spd":31,"spe":31}}],"log":["|player|p1|Guard Wanderer|235","|player|p2|GymLeaderAoi|96","|gametype|singles","|gen|6","|tier|Monotype","|rated","|rule|Baton Pass Clause: Limit one Baton Passer, can't pass Spe and other stats simultaneously","|rule|Swagger Clause: Swagger is banned","|rule|Same Type Clause: Pokémon in a team must share a type","|clearpoke","|poke|p1|Weezing, M","|poke|p1|Tentacruel, M","|poke|p1|Skuntank, F","|poke|p1|Crobat, F","|poke|p1|Gengar, F","|poke|p1|Amoonguss, M, shiny","|poke|p2|Aerodactyl, F","|poke|p2|Omastar, M","|poke|p2|Aggron, M","|poke|p2|Tyrantrum, F","|poke|p2|Tyranitar, F","|poke|p2|Kabutops, M","|rule|Sleep Clause Mod: Limit one foe put to sleep","|rule|Species Clause: Limit one of each Pokémon","|rule|OHKO Clause: OHKO moves are banned","|rule|Moody Clause: Moody is banned","|rule|Evasion Moves Clause: Evasion moves are banned","|rule|Endless Battle Clause: Forcing endless battles is banned","|rule|HP Percentage Mod: HP is shown in percentages","|teampreview","|","|start","|switch|p1a: Weezing|Weezing, M|333/333","|switch|p2a: Aerodactyl|Aerodactyl, F|302/302","|-ability|p2a: Aerodactyl|Unnerve|p1: Guard Wanderer","|turn|1","|","|move|p2a: Aerodactyl|Taunt|p1a: Weezing","|-start|p1a: Weezing|move: Taunt","|cant|p1a: Weezing|move: Taunt|Will-O-Wisp","|","|turn|2","|","|switch|p1a: Tentacruel|Tentacruel, M|301/301","|move|p2a: Aerodactyl|Stealth Rock|p1a: Tentacruel","|-sidestart|p1: Guard Wanderer|move: Stealth Rock","|","|turn|3","|","|switch|p1a: Crobat|Crobat, F|373/373","|-damage|p1a: Crobat|280/373|[from] Stealth Rock","|move|p2a: Aerodactyl|Taunt|p1a: Crobat","|-start|p1a: Crobat|move: Taunt","|","|turn|4","|","|switch|p1a: Tentacruel|Tentacruel, M|301/301","|-damage|p1a: Tentacruel|264/301|[from] Stealth Rock","|move|p2a: Aerodactyl|Stone Edge|p1a: Tentacruel","|-crit|p1a: Tentacruel","|-damage|p1a: Tentacruel|0 fnt","|faint|p1a: Tentacruel","|","|","|switch|p1a: Crobat|Crobat, F|280/373","|-damage|p1a: Crobat|187/373|[from] Stealth Rock","|turn|5","|","|move|p1a: Crobat|Hypnosis|p2a: Aerodactyl|[miss]","|-miss|p1a: Crobat|p2a: Aerodactyl","|move|p2a: Aerodactyl|Stone Edge|p1a: Crobat|[miss]","|-miss|p2a: Aerodactyl|p1a: Crobat","|","|turn|6","|","|move|p2a: Aerodactyl|Taunt|p1a: Crobat","|-start|p1a: Crobat|move: Taunt","|cant|p1a: Crobat|move: Taunt|Hypnosis","|","|turn|7","|","|switch|p1a: Weezing|Weezing, M|333/333","|-damage|p1a: Weezing|292/333|[from] Stealth Rock","|move|p2a: Aerodactyl|Stone Edge|p1a: Weezing","|-damage|p1a: Weezing|165/333","|","|turn|8","|","|move|p2a: Aerodactyl|Taunt|p1a: Weezing","|-start|p1a: Weezing|move: Taunt","|move|p1a: Weezing|Thief|p2a: Aerodactyl","|-damage|p2a: Aerodactyl|235/302","|","|turn|9","|","|switch|p1a: Amoonguss|Amoonguss, M, shiny|431/431","|-damage|p1a: Amoonguss|378/431|[from] Stealth Rock","|move|p2a: Aerodactyl|Stone Edge|p1a: Amoonguss","|-damage|p1a: Amoonguss|168/431","|","|-heal|p1a: Amoonguss|194/431|[from] item: Black Sludge","|turn|10","|","|move|p2a: Aerodactyl|Stone Edge|p1a: Amoonguss","|-damage|p1a: Amoonguss|0 fnt","|faint|p1a: Amoonguss","|","|","|switch|p1a: Skuntank|Skuntank, F|409/409","|-damage|p1a: Skuntank|358/409|[from] Stealth Rock","|turn|11","|","|move|p1a: Skuntank|Sucker Punch|p2a: Aerodactyl","|-fail|p1a: Skuntank","|move|p2a: Aerodactyl|Taunt|p1a: Skuntank","|-start|p1a: Skuntank|move: Taunt","|","|turn|12","|","|switch|p2a: Aggron|Aggron, M|344/344","|move|p1a: Skuntank|Sucker Punch|p2a: Aggron","|-fail|p1a: Skuntank","|","|turn|13","|","|switch|p1a: Weezing|Weezing, M|165/333","|-damage|p1a: Weezing|124/333|[from] Stealth Rock","|-enditem|p1a: Weezing|Sitrus Berry|[eat]","|-heal|p1a: Weezing|207/333|[from] item: Sitrus Berry","|detailschange|p2a: Aggron|Aggron-Mega, M","|-mega|p2a: Aggron|Aggron|Aggronite","|move|p2a: Aggron|Earthquake|p1a: Weezing","|-immune|p1a: Weezing|[msg]","|","|turn|14","|","|move|p1a: Weezing|Will-O-Wisp|p2a: Aggron","|-status|p2a: Aggron|brn","|move|p2a: Aggron|Iron Head|p1a: Weezing","|-damage|p1a: Weezing|132/333","|","|-damage|p2a: Aggron|301/344 brn|[from] brn","|turn|15","|","|move|p1a: Weezing|Toxic Spikes|p2a: Aggron","|-sidestart|p2: GymLeaderAoi|move: Toxic Spikes","|move|p2a: Aggron|Iron Head|p1a: Weezing","|-damage|p1a: Weezing|61/333","|","|-damage|p2a: Aggron|258/344 brn|[from] brn","|turn|16","|","|move|p1a: Weezing|Memento|p2a: Aggron","|-unboost|p2a: Aggron|atk|2","|-unboost|p2a: Aggron|spa|2","|faint|p1a: Weezing","|move|p2a: Aggron|Iron Head|p1: Weezing|[notarget]","|-notarget","|","|-damage|p2a: Aggron|215/344 brn|[from] brn","|","|switch|p1a: Crobat|Crobat, F|187/373","|-damage|p1a: Crobat|94/373|[from] Stealth Rock","|turn|17","|","|move|p1a: Crobat|Roost|p1a: Crobat","|-heal|p1a: Crobat|281/373","|move|p2a: Aggron|Dragon Claw|p1a: Crobat","|-damage|p1a: Crobat|249/373","|","|-damage|p2a: Aggron|172/344 brn|[from] brn","|turn|18","|","|switch|p2a: Aerodactyl|Aerodactyl, F|235/302","|-ability|p2a: Aerodactyl|Unnerve|p1: Guard Wanderer","|move|p1a: Crobat|Curse|p1a: Crobat","|-unboost|p1a: Crobat|spe|1","|-boost|p1a: Crobat|atk|1","|-boost|p1a: Crobat|def|1","|-enditem|p1a: Crobat|White Herb","|-restoreboost|p1a: Crobat|[silent]","|","|turn|19","|","|move|p1a: Crobat|Hypnosis|p2a: Aerodactyl|[miss]","|-miss|p1a: Crobat|p2a: Aerodactyl","|move|p2a: Aerodactyl|Stone Edge|p1a: Crobat|[miss]","|-miss|p2a: Aerodactyl|p1a: Crobat","|","|turn|20","|","|move|p2a: Aerodactyl|Taunt|p1a: Crobat","|-start|p1a: Crobat|move: Taunt","|cant|p1a: Crobat|move: Taunt|Hypnosis","|","|turn|21","|","|move|p1a: Crobat|Acrobatics|p2a: Aerodactyl","|-resisted|p2a: Aerodactyl","|-damage|p2a: Aerodactyl|97/302","|move|p2a: Aerodactyl|Stone Edge|p1a: Crobat","|-crit|p1a: Crobat","|-supereffective|p1a: Crobat","|-damage|p1a: Crobat|0 fnt","|faint|p1a: Crobat","|","|","|switch|p1a: Gengar|Gengar, F|261/261","|-damage|p1a: Gengar|229/261|[from] Stealth Rock","|turn|22","|","|move|p1a: Gengar|Hex|p2a: Aerodactyl","|-damage|p2a: Aerodactyl|0 fnt","|faint|p2a: Aerodactyl","|","|","|switch|p2a: Kabutops|Kabutops, M|261/261","|-status|p2a: Kabutops|psn","|turn|23","|","|move|p1a: Gengar|Hex|p2a: Kabutops","|-damage|p2a: Kabutops|0 fnt","|faint|p2a: Kabutops","|","|","|switch|p2a: Tyranitar|Tyranitar, F|341/341","|-status|p2a: Tyranitar|psn","|-weather|Sandstorm","|turn|24","|","|move|p2a: Tyranitar|Pursuit|p1a: Gengar|[from]Pursuit","|-supereffective|p1a: Gengar","|-damage|p1a: Gengar|0 fnt","|faint|p1a: Gengar","|","|-weather|Sandstorm|[upkeep]","|-damage|p2a: Tyranitar|299/341 psn|[from] psn","|","|switch|p1a: Skuntank|Skuntank, F|358/409","|-damage|p1a: Skuntank|307/409|[from] Stealth Rock","|turn|25","|","|switch|p2a: Tyrantrum|Tyrantrum, F|305/305","|-status|p2a: Tyrantrum|psn","|move|p1a: Skuntank|Snatch|p1a: Skuntank","|-singleturn|p1a: Skuntank|Snatch","|","|-weather|Sandstorm|[upkeep]","|-damage|p1a: Skuntank|282/409|[from] sandstorm","|-damage|p2a: Tyrantrum|267/305 psn|[from] psn","|turn|26","|","|move|p1a: Skuntank|Sucker Punch|p2a: Tyrantrum","|-fail|p1a: Skuntank","|move|p2a: Tyrantrum|Dragon Dance|p2a: Tyrantrum","|-boost|p2a: Tyrantrum|atk|1","|-boost|p2a: Tyrantrum|spe|1","|","|-weather|Sandstorm|[upkeep]","|-damage|p1a: Skuntank|257/409|[from] sandstorm","|-damage|p2a: Tyrantrum|229/305 psn|[from] psn","|turn|27","|","|move|p1a: Skuntank|Sucker Punch|p2a: Tyrantrum","|-damage|p2a: Tyrantrum|117/305 psn","|cant|p2a: Tyrantrum|flinch","|","|-weather|Sandstorm|[upkeep]","|-damage|p1a: Skuntank|232/409|[from] sandstorm","|-damage|p2a: Tyrantrum|79/305 psn|[from] psn","|turn|28","|","|move|p1a: Skuntank|Sucker Punch|p2a: Tyrantrum","|-damage|p2a: Tyrantrum|0 fnt","|faint|p2a: Tyrantrum","|","|-weather|none","|","|switch|p2a: Tyranitar|Tyranitar, F|299/341 psn","|-weather|Sandstorm","|turn|29","|","|move|p2a: Tyranitar|Superpower|p1a: Skuntank","|-damage|p1a: Skuntank|24/409","|-unboost|p2a: Tyranitar|atk|1","|-unboost|p2a: Tyranitar|def|1","|move|p1a: Skuntank|Thief|p2a: Tyranitar","|-resisted|p2a: Tyranitar","|-damage|p2a: Tyranitar|237/341 psn","|-item|p1a: Skuntank|Choice Scarf|[from] move: Thief|[of] p2a: Tyranitar","|","|-weather|Sandstorm|[upkeep]","|-damage|p1a: Skuntank|0 fnt|[from] sandstorm","|-damage|p2a: Tyranitar|195/341 psn|[from] psn","|faint|p1a: Skuntank","|","|win|GymLeaderAoi"],"p1rating":{"entryid":"6731189","serverid":"eos","formatid":"monotype","userid":"guardwanderer","username":"Guard Wanderer","w":"105","l":133,"t":"0","gxe":43.9,"r":"1450.5279060951","rd":"26.439895949104","sigma":"0","rptime":"1439110800","rpr":1453.816465785,"rprd":26.10975600504,"rpsigma":"0","acre":1130.6951205428,"lacre":1130.6951205428,"oldacre":"1161.4665726052"},"p2rating":{"entryid":"7405052","serverid":"eos","formatid":"monotype","userid":"gymleaderaoi","username":"GymLeaderAoi","w":3,"l":"2","t":"0","gxe":52.8,"r":1495.7772825827,"rd":106.68061316847,"sigma":"0","rptime":1439110800,"rpr":1521.8097212078,"rprd":102.0849799735,"rpsigma":"0","acre":1114.2895141328,"lacre":1114.2895141328,"oldacre":"1079.7859721335"},"endType":"normal"}