{"seed":[30073,6891,32972,26829],"turns":21,"p1":"Guard Choppah","p2":"KTN Photon","p1team":[{"name":"Keldeo","species":"Keldeo","item":"choicespecs","ability":"Justified","moves":["hydropump","scald","secretsword","hiddenpowergrass"],"nature":"Timid","evs":{"hp":0,"atk":0,"def":0,"spa":252,"spd":4,"spe":252},"ivs":{"hp":31,"atk":30,"def":31,"spa":30,"spd":31,"spe":31}},{"name":"Rotom-Wash","species":"Rotom-Wash","item":"choicescarf","ability":"Levitate","moves":["voltswitch","trick","willowisp","hydropump"],"nature":"Modest","evs":{"hp":0,"atk":0,"def":0,"spa":252,"spd":4,"spe":252},"ivs":{"hp":31,"atk":31,"def":31,"spa":31,"spd":31,"spe":31}},{"name":"Slowbro","species":"Slowbro","item":"rockyhelmet","ability":"Regenerator","moves":["slackoff","fireblast","scald","thunderwave"],"nature":"Bold","evs":{"hp":248,"atk":0,"def":252,"spa":8,"spd":0,"spe":0},"ivs":{"hp":31,"atk":31,"def":31,"spa":31,"spd":31,"spe":31}},{"name":"Lanturn","species":"Lanturn","item":"leftovers","ability":"Volt Absorb","moves":["healbell","scald","voltswitch","toxic"],"nature":"Calm","evs":{"hp":252,"atk":0,"def":0,"spa":4,"spd":252,"spe":0},"ivs":{"hp":31,"atk":31,"def":31,"spa":31,"spd":31,"spe":31}},{"name":"Cloyster","species":"Cloyster","item":"focussash","ability":"Skill Link","moves":["iciclespear","rockblast","toxicspikes","shellsmash"],"nature":"Jolly","evs":{"hp":0,"atk":252,"def":0,"spa":0,"spd":0,"spe":252},"ivs":{"hp":31,"atk":31,"def":31,"spa":31,"spd":31,"spe":31}},{"name":"Feraligatr","species":"Feraligatr","item":"lifeorb","ability":"Sheer Force","moves":["dragondance","waterfall","earthquake","icepunch"],"nature":"Jolly","evs":{"hp":0,"atk":252,"def":0,"spa":0,"spd":4,"spe":252},"ivs":{"hp":31,"atk":31,"def":31,"spa":31,"spd":31,"spe":31}}],"p2team":[{"name":"Sceptile","species":"Sceptile","item":"choiceband","ability":"Unburden","moves":["leafblade","earthquake","outrage","rockslide"],"nature":"Jolly","evs":{"hp":0,"atk":252,"def":0,"spa":0,"spd":4,"spe":252},"ivs":{"hp":31,"atk":31,"def":31,"spa":31,"spd":31,"spe":31}},{"name":"Venusaur","species":"Venusaur","item":"venusaurite","ability":"Overgrow","moves":["curse","synthesis","earthquake","petalblizzard"],"nature":"Adamant","evs":{"hp":248,"atk":252,"def":0,"spa":0,"spd":8,"spe":0},"ivs":{"hp":31,"atk":31,"def":31,"spa":31,"spd":31,"spe":31}},{"name":"Ludicolo","species":"Ludicolo","item":"choicespecs","ability":"Swift Swim","moves":["energyball","hiddenpowerfire","surf","icebeam"],"nature":"Modest","evs":{"hp":0,"atk":0,"def":0,"spa":252,"spd":4,"spe":252},"ivs":{"hp":31,"atk":30,"def":31,"spa":30,"spd":31,"spe":30}},{"name":"Ferrothorn","species":"Ferrothorn","item":"rockyhelmet","ability":"Iron Barbs","moves":["leechseed","stealthrock","thunderwave","gyroball"],"nature":"Relaxed","evs":{"hp":252,"atk":0,"def":252,"spa":0,"spd":0,"spe":0},"ivs":{"hp":31,"atk":31,"def":31,"spa":31,"spd":31,"spe":0}},{"name":"Cradily","species":"Cradily","item":"leftovers","ability":"Suction Cups","moves":["stoneedge","recover","toxic","stealthrock"],"nature":"Careful","evs":{"hp":0,"atk":0,"def":0,"spa":252,"spd":0,"spe":252},"ivs":{"hp":31,"atk":31,"def":31,"spa":31,"spd":31,"spe":31}},{"name":"Roserade","species":"Roserade","item":"choicescarf","ability":"Technician","moves":["sludgebomb","energyball","hiddenpowerfire","shadowball"],"nature":"Modest","evs":{"hp":0,"atk":0,"def":0,"spa":252,"spd":0,"spe":252},"ivs":{"hp":31,"atk":30,"def":31,"spa":30,"spd":31,"spe":30}}],"log":["|player|p1|Guard Choppah|146","|player|p2|KTN Photon|66","|gametype|singles","|gen|6","|tier|Monotype","|rated","|rule|Baton Pass Clause: Limit one Baton Passer, can't pass Spe and other stats simultaneously","|rule|Swagger Clause: Swagger is banned","|rule|Same Type Clause: Pokémon in a team must share a type","|clearpoke","|poke|p1|Keldeo","|poke|p1|Rotom-Wash","|poke|p1|Slowbro, F","|poke|p1|Lanturn, M","|poke|p1|Cloyster, F","|poke|p1|Feraligatr, M","|poke|p2|Sceptile, M","|poke|p2|Venusaur, M","|poke|p2|Ludicolo, F","|poke|p2|Ferrothorn, F","|poke|p2|Cradily, M","|poke|p2|Roserade, F","|rule|Sleep Clause Mod: Limit one foe put to sleep","|rule|Species Clause: Limit one of each Pokémon","|rule|OHKO Clause: OHKO moves are banned","|rule|Moody Clause: Moody is banned","|rule|Evasion Moves Clause: Evasion moves are banned","|rule|Endless Battle Clause: Forcing endless battles is banned","|rule|HP Percentage Mod: HP is shown in percentages","|teampreview","|","|start","|switch|p1a: Rotom-Wash|Rotom-Wash|241/241","|switch|p2a: Cradily|Cradily, M|313/313","|turn|1","|","|move|p1a: Rotom-Wash|Trick|p2a: Cradily","|-activate|p1a: Rotom-Wash|move: Trick|[of] p2a: Cradily","|-item|p2a: Cradily|Choice Scarf|[from] move: Trick","|-item|p1a: Rotom-Wash|Leftovers|[from] move: Trick","|move|p2a: Cradily|Stealth Rock|p1a: Rotom-Wash","|-sidestart|p1: Guard Choppah|move: Stealth Rock","|","|turn|2","|","|switch|p2a: Venusaur|Venusaur, M|363/363","|move|p1a: Rotom-Wash|Will-O-Wisp|p2a: Venusaur","|-status|p2a: Venusaur|brn","|","|-damage|p2a: Venusaur|318/363 brn|[from] brn","|turn|3","|","|detailschange|p2a: Venusaur|Venusaur-Mega, M","|-mega|p2a: Venusaur|Venusaur|Venusaurite","|move|p1a: Rotom-Wash|Volt Switch|p2a: Venusaur","|-resisted|p2a: Venusaur","|-damage|p2a: Venusaur|272/363 brn","|","|switch|p1a: Lanturn|Lanturn, M|454/454","|-damage|p1a: Lanturn|398/454|[from] Stealth Rock","|move|p2a: Venusaur|Curse|p2a: Venusaur","|-unboost|p2a: Venusaur|spe|1","|-boost|p2a: Venusaur|atk|1","|-boost|p2a: Venusaur|def|1","|","|-heal|p1a: Lanturn|426/454|[from] item: Leftovers","|-damage|p2a: Venusaur|227/363 brn|[from] brn","|turn|4","|","|move|p1a: Lanturn|Volt Switch|p2a: Venusaur","|-resisted|p2a: Venusaur","|-damage|p2a: Venusaur|201/363 brn","|","|switch|p1a: Slowbro|Slowbro, F|393/393","|-damage|p1a: Slowbro|344/393|[from] Stealth Rock","|move|p2a: Venusaur|Curse|p2a: Venusaur","|-unboost|p2a: Venusaur|spe|1","|-boost|p2a: Venusaur|atk|1","|-boost|p2a: Venusaur|def|1","|","|-damage|p2a: Venusaur|156/363 brn|[from] brn","|turn|5","|","|move|p2a: Venusaur|Synthesis|p2a: Venusaur","|-heal|p2a: Venusaur|337/363 brn","|move|p1a: Slowbro|Fire Blast|p2a: Venusaur","|-supereffective|p2a: Venusaur","|-damage|p2a: Venusaur|257/363 brn","|","|-damage|p2a: Venusaur|212/363 brn|[from] brn","|turn|6","|","|move|p2a: Venusaur|Synthesis|p2a: Venusaur","|-heal|p2a: Venusaur|363/363 brn","|move|p1a: Slowbro|Fire Blast|p2a: Venusaur","|-supereffective|p2a: Venusaur","|-damage|p2a: Venusaur|293/363 brn","|","|-damage|p2a: Venusaur|248/363 brn|[from] brn","|turn|7","|","|move|p2a: Venusaur|Curse|p2a: Venusaur","|-unboost|p2a: Venusaur|spe|1","|-boost|p2a: Venusaur|atk|1","|-boost|p2a: Venusaur|def|1","|move|p1a: Slowbro|Fire Blast|p2a: Venusaur|[miss]","|-miss|p1a: Slowbro|p2a: Venusaur","|","|-damage|p2a: Venusaur|203/363 brn|[from] brn","|turn|8","|","|move|p1a: Slowbro|Fire Blast|p2a: Venusaur","|-supereffective|p2a: Venusaur","|-damage|p2a: Venusaur|135/363 brn","|move|p2a: Venusaur|Synthesis|p2a: Venusaur","|-heal|p2a: Venusaur|316/363 brn","|","|-damage|p2a: Venusaur|271/363 brn|[from] brn","|turn|9","|","|move|p1a: Slowbro|Fire Blast|p2a: Venusaur","|-supereffective|p2a: Venusaur","|-damage|p2a: Venusaur|191/363 brn","|move|p2a: Venusaur|Petal Blizzard|p1a: Slowbro","|-supereffective|p1a: Slowbro","|-damage|p1a: Slowbro|95/393","|","|-damage|p2a: Venusaur|146/363 brn|[from] brn","|turn|10","|","|move|p1a: Slowbro|Fire Blast|p2a: Venusaur","|-supereffective|p2a: Venusaur","|-damage|p2a: Venusaur|66/363 brn","|move|p2a: Venusaur|Synthesis|p2a: Venusaur","|-heal|p2a: Venusaur|247/363 brn","|","|-damage|p2a: Venusaur|202/363 brn|[from] brn","|turn|11","|","|move|p1a: Slowbro|Fire Blast|p2a: Venusaur","|-supereffective|p2a: Venusaur","|-damage|p2a: Venusaur|126/363 brn","|move|p2a: Venusaur|Synthesis|p2a: Venusaur","|-heal|p2a: Venusaur|307/363 brn","|","|-damage|p2a: Venusaur|262/363 brn|[from] brn","|turn|12","|","|move|p1a: Slowbro|Slack Off|p1a: Slowbro","|-heal|p1a: Slowbro|292/393","|move|p2a: Venusaur|Synthesis|p2a: Venusaur","|-heal|p2a: Venusaur|363/363 brn","|","|-damage|p2a: Venusaur|318/363 brn|[from] brn","|turn|13","|","|move|p1a: Slowbro|Scald|p2a: Venusaur","|-resisted|p2a: Venusaur","|-damage|p2a: Venusaur|276/363 brn","|move|p2a: Venusaur|Petal Blizzard|p1a: Slowbro","|-supereffective|p1a: Slowbro","|-damage|p1a: Slowbro|49/393","|","|-damage|p2a: Venusaur|231/363 brn|[from] brn","|turn|14","|","|move|p1a: Slowbro|Slack Off|p1a: Slowbro","|-heal|p1a: Slowbro|246/393","|move|p2a: Venusaur|Curse|p2a: Venusaur","|-unboost|p2a: Venusaur|spe|1","|-boost|p2a: Venusaur|atk|1","|-boost|p2a: Venusaur|def|1","|","|-damage|p2a: Venusaur|186/363 brn|[from] brn","|turn|15","|","|move|p1a: Slowbro|Slack Off|p1a: Slowbro","|-heal|p1a: Slowbro|393/393","|move|p2a: Venusaur|Synthesis|p2a: Venusaur","|-heal|p2a: Venusaur|363/363 brn","|","|-damage|p2a: Venusaur|318/363 brn|[from] brn","|turn|16","|","|move|p1a: Slowbro|Fire Blast|p2a: Venusaur","|-supereffective|p2a: Venusaur","|-damage|p2a: Venusaur|248/363 brn","|move|p2a: Venusaur|Curse|p2a: Venusaur","|-unboost|p2a: Venusaur|spe|1","|-boost|p2a: Venusaur|atk|1","|-boost|p2a: Venusaur|def|1","|","|-damage|p2a: Venusaur|203/363 brn|[from] brn","|turn|17","|","|move|p1a: Slowbro|Scald|p2a: Venusaur","|-resisted|p2a: Venusaur","|-damage|p2a: Venusaur|164/363 brn","|move|p2a: Venusaur|Petal Blizzard|p1a: Slowbro","|-supereffective|p1a: Slowbro","|-damage|p1a: Slowbro|32/393","|","|-damage|p2a: Venusaur|119/363 brn|[from] brn","|turn|18","|","|move|p1a: Slowbro|Slack Off|p1a: Slowbro","|-heal|p1a: Slowbro|229/393","|move|p2a: Venusaur|Petal Blizzard|p1a: Slowbro","|-supereffective|p1a: Slowbro","|-damage|p1a: Slowbro|0 fnt","|faint|p1a: Slowbro","|","|-damage|p2a: Venusaur|74/363 brn|[from] brn","|","|switch|p1a: Cloyster|Cloyster, F|241/241","|-damage|p1a: Cloyster|181/241|[from] Stealth Rock","|turn|19","|","|move|p1a: Cloyster|Icicle Spear|p2a: Venusaur","|-supereffective|p2a: Venusaur","|-damage|p2a: Venusaur|62/363 brn","|-supereffective|p2a: Venusaur","|-damage|p2a: Venusaur|50/363 brn","|-supereffective|p2a: Venusaur","|-damage|p2a: Venusaur|38/363 brn","|-supereffective|p2a: Venusaur","|-damage|p2a: Venusaur|24/363 brn","|-supereffective|p2a: Venusaur","|-damage|p2a: Venusaur|12/363 brn","|-hitcount|p2a: Venusaur|5","|move|p2a: Venusaur|Petal Blizzard|p1a: Cloyster","|-supereffective|p1a: Cloyster","|-damage|p1a: Cloyster|0 fnt","|faint|p1a: Cloyster","|","|-damage|p2a: Venusaur|0 fnt|[from] brn","|faint|p2a: Venusaur","|","|switch|p2a: Sceptile|Sceptile, M|281/281","|switch|p1a: Rotom-Wash|Rotom-Wash|241/241","|-damage|p1a: Rotom-Wash|211/241|[from] Stealth Rock","|turn|20","|","|move|p2a: Sceptile|Leaf Blade|p1a: Rotom-Wash","|-supereffective|p1a: Rotom-Wash","|-damage|p1a: Rotom-Wash|0 fnt","|faint|p1a: Rotom-Wash","|","|","|switch|p1a: Keldeo|Keldeo|323/323","|-damage|p1a: Keldeo|303/323|[from] Stealth Rock","|turn|21","|","|win|KTN Photon"],"p1rating":{"entryid":"7425426","serverid":"eos","formatid":"monotype","userid":"guardchoppah","username":"Guard Choppah","w":"33","l":11,"t":"0","gxe":74.4,"r":"1717.0492759724","rd":"59.865209015899","sigma":"0","rptime":"1439110800","rpr":1702.7390621197,"rprd":53.734486035988,"rpsigma":"0","acre":1294.3220817311,"lacre":1294.3220817311,"oldacre":"1326.4664153546"},"p2rating":{"entryid":"6136999","serverid":"eos","formatid":"monotype","userid":"ktnphoton","username":"KTN Photon","w":5,"l":"4","t":"0","gxe":53,"r":"1542.73286248","rd":"132.15643978711","sigma":"0","rptime":"1439110800","rpr":1523.0768601324,"rprd":94.058573779062,"rpsigma":"0","acre":1126.29060046,"lacre":1126.29060046,"oldacre":"1081.6978570013"},"endType":"forfeit"}