{"seed":[22336,56250,61389,62704],"turns":21,"p1":"nick151","p2":"Champion Darkrai","p1team":[{"name":"Amoonguss","species":"Amoonguss","item":"chestoberry","ability":"Effect Spore","moves":["gigadrain","rest","sleeptalk","spore"],"nature":"","evs":{"hp":252,"atk":0,"def":4,"spa":0,"spd":252,"spe":0},"ivs":{"hp":31,"atk":31,"def":31,"spa":31,"spd":31,"spe":31}},{"name":"Venusaur","species":"Venusaur","item":"leftovers","ability":"Overgrow","moves":["leechseed","gigadrain","protect","earthquake"],"nature":"Gentle","evs":{"hp":248,"atk":8,"def":0,"spa":0,"spd":252,"spe":0},"ivs":{"hp":31,"atk":31,"def":31,"spa":31,"spd":31,"spe":31}},{"name":"Beedrill","species":"Beedrill","item":"beedrillite","ability":"Swarm","moves":["uturn","drillrun","knockoff","poisonjab"],"nature":"Jolly","evs":{"hp":0,"atk":252,"def":0,"spa":0,"spd":4,"spe":252},"ivs":{"hp":31,"atk":31,"def":31,"spa":31,"spd":31,"spe":31}},{"name":"Scolipede","species":"Scolipede","item":"focussash","ability":"Speed Boost","moves":["protect","swordsdance","poisonjab","megahorn"],"nature":"Adamant","evs":{"hp":0,"atk":252,"def":0,"spa":0,"spd":4,"spe":252},"ivs":{"hp":31,"atk":31,"def":31,"spa":31,"spd":31,"spe":31}},{"name":"Drapion","species":"Drapion","item":"","ability":"Battle Armor","moves":["crunch","toxicspikes","earthquake","honeclaws"],"nature":"Adamant","evs":{"hp":248,"atk":252,"def":0,"spa":0,"spd":8,"spe":0},"ivs":{"hp":31,"atk":31,"def":31,"spa":31,"spd":31,"spe":31}},{"name":"Crobat","species":"Crobat","item":"expertbelt","ability":"Infiltrator","moves":["bravebird","darkpulse","nastyplot","heatwave"],"nature":"Hasty","evs":{"hp":0,"atk":156,"def":0,"spa":100,"spd":0,"spe":252},"ivs":{"hp":31,"atk":31,"def":31,"spa":31,"spd":31,"spe":31}}],"p2team":[{"name":"Hot Nigqah","species":"scizor","item":"scizorite","ability":"Technician","moves":["bulletpunch","pursuit","superpower","uturn"],"nature":"Adamant","evs":{"hp":252,"atk":252,"def":0,"spa":0,"spd":0,"spe":4},"gender":"M","ivs":{"hp":31,"atk":31,"def":31,"spa":31,"spd":31,"spe":31}},{"name":"HeatTrain","species":"heatran","item":"choicescarf","ability":"Flash Fire","moves":["earthpower","dragonpulse","lavaplume","fireblast"],"nature":"Timid","evs":{"hp":0,"atk":0,"def":0,"spa":252,"spd":4,"spe":252},"ivs":{"hp":31,"atk":31,"def":31,"spa":31,"spd":31,"spe":31}},{"name":"Aura2Gud","species":"lucario","item":"lifeorb","ability":"Steadfast","moves":["aurasphere","bulletpunch","closecombat","earthquake"],"nature":"Hasty","evs":{"hp":0,"atk":252,"def":0,"spa":4,"spd":0,"spe":252},"ivs":{"hp":31,"atk":31,"def":31,"spa":31,"spd":31,"spe":31}},{"name":"AlphaGross","species":"metagross","item":"oddincense","ability":"Clear Body","moves":["bulletpunch","psychic","earthquake","ironhead"],"nature":"Adamant","evs":{"hp":248,"atk":252,"def":0,"spa":0,"spd":8,"spe":0},"ivs":{"hp":31,"atk":31,"def":31,"spa":31,"spd":31,"spe":31}},{"name":"Brave af","species":"skarmory","item":"","ability":"Sturdy","moves":["bravebird","stealthrock","swordsdance","drillpeck"],"nature":"Adamant","evs":{"hp":232,"atk":252,"def":0,"spa":0,"spd":0,"spe":24},"ivs":{"hp":31,"atk":31,"def":31,"spa":31,"spd":31,"spe":31}},{"name":"Napoleon","species":"empoleon","item":"focussash","ability":"Torrent","moves":["aquajet","earthquake","hydropump","icebeam"],"nature":"Mild","evs":{"hp":248,"atk":8,"def":0,"spa":252,"spd":0,"spe":0},"ivs":{"hp":31,"atk":31,"def":31,"spa":31,"spd":31,"spe":31}}],"log":["|player|p1|nick151|nick151.gif","|player|p2|Champion Darkrai|championdarkrai.png","|gametype|singles","|gen|6","|tier|Monotype","|rated","|rule|Baton Pass Clause: Limit one Baton Passer, can't pass Spe and other stats simultaneously","|rule|Swagger Clause: Swagger is banned","|rule|Same Type Clause: Pokémon in a team must share a type","|clearpoke","|poke|p1|Amoonguss, F","|poke|p1|Venusaur, M","|poke|p1|Beedrill, F","|poke|p1|Scolipede, M","|poke|p1|Drapion, M","|poke|p1|Crobat, M","|poke|p2|Scizor, M","|poke|p2|Heatran, F","|poke|p2|Lucario, F","|poke|p2|Metagross","|poke|p2|Skarmory, M","|poke|p2|Empoleon, M","|rule|Sleep Clause Mod: Limit one foe put to sleep","|rule|Species Clause: Limit one of each Pokémon","|rule|OHKO Clause: OHKO moves are banned","|rule|Moody Clause: Moody is banned","|rule|Evasion Moves Clause: Evasion moves are banned","|rule|Endless Battle Clause: Forcing endless battles is banned","|rule|HP Percentage Mod: HP is shown in percentages","|teampreview","|","|start","|switch|p1a: Beedrill|Beedrill, F|271/271","|switch|p2a: Brave af|Skarmory, M|329/329","|turn|1","|","|detailschange|p1a: Beedrill|Beedrill-Mega, F","|-mega|p1a: Beedrill|Beedrill|Beedrillite","|move|p1a: Beedrill|U-turn|p2a: Brave af","|-resisted|p2a: Brave af","|-damage|p2a: Brave af|292/329","|","|switch|p1a: Crobat|Crobat, M|311/311","|move|p2a: Brave af|Stealth Rock|p1a: Crobat","|-sidestart|p1: nick151|move: Stealth Rock","|","|turn|2","|","|move|p1a: Crobat|Heat Wave|p2a: Brave af","|-miss|p1a: Crobat|p2a: Brave af","|move|p2a: Brave af|Swords Dance|p2a: Brave af","|-boost|p2a: Brave af|atk|2","|","|turn|3","|","|move|p1a: Crobat|Heat Wave|p2a: Brave af","|-supereffective|p2a: Brave af","|-damage|p2a: Brave af|90/329","|move|p2a: Brave af|Brave Bird|p1a: Crobat","|-damage|p1a: Crobat|0 fnt","|-damage|p2a: Brave af|0 fnt|[from] recoil|[of] p1a: Crobat","|faint|p1a: Crobat","|faint|p2a: Brave af","|","|","|switch|p1a: Scolipede|Scolipede, M|261/261","|switch|p2a: Hot Nigqah|Scizor, M|344/344","|-damage|p1a: Scolipede|196/261|[from] Stealth Rock","|turn|4","|","|detailschange|p2a: Hot Nigqah|Scizor-Mega, M","|-mega|p2a: Hot Nigqah|Scizor|Scizorite","|move|p1a: Scolipede|Swords Dance|p1a: Scolipede","|-boost|p1a: Scolipede|atk|2","|move|p2a: Hot Nigqah|U-turn|p1a: Scolipede","|-resisted|p1a: Scolipede","|-damage|p1a: Scolipede|111/261","|","|switch|p2a: HeatTrain|Heatran, F|323/323","|","|-boost|p1a: Scolipede|spe|1|[from] ability: Speed Boost","|turn|5","|","|move|p1a: Scolipede|Protect|p1a: Scolipede","|-singleturn|p1a: Scolipede|Protect","|move|p2a: HeatTrain|Fire Blast|p1a: Scolipede","|-activate|p1a: Scolipede|Protect","|","|-boost|p1a: Scolipede|spe|1|[from] ability: Speed Boost","|turn|6","|","|move|p1a: Scolipede|Megahorn|p2a: HeatTrain","|-resisted|p2a: HeatTrain","|-damage|p2a: HeatTrain|233/323","|move|p2a: HeatTrain|Fire Blast|p1a: Scolipede","|-supereffective|p1a: Scolipede","|-damage|p1a: Scolipede|0 fnt","|faint|p1a: Scolipede","|","|","|switch|p1a: Beedrill|Beedrill-Mega, F|271/271","|-damage|p1a: Beedrill|204/271|[from] Stealth Rock","|turn|7","|","|move|p1a: Beedrill|Drill Run|p2a: HeatTrain","|-supereffective|p2a: HeatTrain","|-damage|p2a: HeatTrain|0 fnt","|faint|p2a: HeatTrain","|","|","|switch|p2a: Napoleon|Empoleon, M|371/371","|turn|8","|","|move|p1a: Beedrill|Drill Run|p2a: Napoleon","|-supereffective|p2a: Napoleon","|-damage|p2a: Napoleon|95/371","|move|p2a: Napoleon|Earthquake|p1a: Beedrill","|-damage|p1a: Beedrill|72/271","|","|turn|9","|","|move|p2a: Napoleon|Aqua Jet|p1a: Beedrill","|-damage|p1a: Beedrill|0 fnt","|faint|p1a: Beedrill","|","|","|switch|p1a: Amoonguss|Amoonguss, F|432/432","|-damage|p1a: Amoonguss|378/432|[from] Stealth Rock","|turn|10","|","|move|p2a: Napoleon|Ice Beam|p1a: Amoonguss","|-supereffective|p1a: Amoonguss","|-damage|p1a: Amoonguss|180/432","|move|p1a: Amoonguss|Spore|p2a: Napoleon","|-status|p2a: Napoleon|slp","|","|turn|11","|","|cant|p2a: Napoleon|slp","|move|p1a: Amoonguss|Rest|p1a: Amoonguss","|-status|p1a: Amoonguss|slp","|-heal|p1a: Amoonguss|432/432 slp|[silent]","|-status|p1a: Amoonguss|slp|[from] move: Rest","|-enditem|p1a: Amoonguss|Chesto Berry|[eat]","|-curestatus|p1a: Amoonguss|slp","|","|turn|12","|","|switch|p2a: Hot Nigqah|Scizor-Mega, M|344/344","|move|p1a: Amoonguss|Giga Drain|p2a: Hot Nigqah","|-resisted|p2a: Hot Nigqah","|-damage|p2a: Hot Nigqah|326/344","|","|turn|13","|","|switch|p1a: Drapion|Drapion, M|343/343","|-damage|p1a: Drapion|301/343|[from] Stealth Rock","|move|p2a: Hot Nigqah|U-turn|p1a: Drapion","|-damage|p1a: Drapion|169/343","|","|switch|p2a: Aura2Gud|Lucario, F|281/281","|","|turn|14","|","|move|p2a: Aura2Gud|Close Combat|p1a: Drapion","|-damage|p1a: Drapion|0 fnt","|-unboost|p2a: Aura2Gud|def|1","|-unboost|p2a: Aura2Gud|spd|1","|-damage|p2a: Aura2Gud|253/281|[from] item: Life Orb","|faint|p1a: Drapion","|","|","|switch|p1a: Venusaur|Venusaur, M|363/363","|-damage|p1a: Venusaur|318/363|[from] Stealth Rock","|turn|15","|","|move|p2a: Aura2Gud|Close Combat|p1a: Venusaur","|-resisted|p1a: Venusaur","|-damage|p1a: Venusaur|150/363","|-unboost|p2a: Aura2Gud|def|1","|-unboost|p2a: Aura2Gud|spd|1","|-damage|p2a: Aura2Gud|225/281|[from] item: Life Orb","|move|p1a: Venusaur|Leech Seed|p2a: Aura2Gud","|-start|p2a: Aura2Gud|move: Leech Seed","|","|-heal|p1a: Venusaur|172/363|[from] item: Leftovers","|-damage|p2a: Aura2Gud|190/281|[from] Leech Seed|[of] p1a: Venusaur","|-heal|p1a: Venusaur|207/363|[silent]","|turn|16","|","|move|p2a: Aura2Gud|Close Combat|p1a: Venusaur","|-resisted|p1a: Venusaur","|-damage|p1a: Venusaur|59/363","|-unboost|p2a: Aura2Gud|def|1","|-unboost|p2a: Aura2Gud|spd|1","|-damage|p2a: Aura2Gud|162/281|[from] item: Life Orb","|move|p1a: Venusaur|Earthquake|p2a: Aura2Gud","|-supereffective|p2a: Aura2Gud","|-damage|p2a: Aura2Gud|0 fnt","|faint|p2a: Aura2Gud","|","|-heal|p1a: Venusaur|81/363|[from] item: Leftovers","|","|switch|p2a: Hot Nigqah|Scizor-Mega, M|326/344","|turn|17","|","|move|p1a: Venusaur|Protect|p1a: Venusaur","|-singleturn|p1a: Venusaur|Protect","|move|p2a: Hot Nigqah|Superpower|p1a: Venusaur","|-activate|p1a: Venusaur|Protect","|","|-heal|p1a: Venusaur|103/363|[from] item: Leftovers","|turn|18","|","|move|p1a: Venusaur|Protect|p1a: Venusaur","|-fail|p1a: Venusaur","|move|p2a: Hot Nigqah|Superpower|p1a: Venusaur","|-resisted|p1a: Venusaur","|-damage|p1a: Venusaur|0 fnt","|-unboost|p2a: Hot Nigqah|atk|1","|-unboost|p2a: Hot Nigqah|def|1","|faint|p1a: Venusaur","|","|","|switch|p1a: Amoonguss|Amoonguss, F|432/432","|-damage|p1a: Amoonguss|378/432|[from] Stealth Rock","|turn|19","|","|move|p2a: Hot Nigqah|U-turn|p1a: Amoonguss","|-damage|p1a: Amoonguss|234/432","|-status|p2a: Hot Nigqah|par","|","|switch|p2a: AlphaGross|Metagross|363/363","|move|p1a: Amoonguss|Giga Drain|p2a: AlphaGross","|-resisted|p2a: AlphaGross","|-damage|p2a: AlphaGross|318/363","|-heal|p1a: Amoonguss|257/432|[from] drain|[of] p2a: AlphaGross","|","|turn|20","|","|move|p2a: AlphaGross|Psychic|p1a: Amoonguss","|-supereffective|p1a: Amoonguss","|-damage|p1a: Amoonguss|51/432","|move|p1a: Amoonguss|Giga Drain|p2a: AlphaGross","|-resisted|p2a: AlphaGross","|-damage|p2a: AlphaGross|278/363","|-heal|p1a: Amoonguss|71/432|[from] drain|[of] p2a: AlphaGross","|","|turn|21","|","|move|p2a: AlphaGross|Bullet Punch|p1a: Amoonguss","|-damage|p1a: Amoonguss|0 fnt","|faint|p1a: Amoonguss","|","|win|Champion Darkrai"],"p1rating":{"entryid":"7293154","serverid":"eos","formatid":"monotype","userid":"nick151","username":"nick151","w":"0","l":5,"t":"0","gxe":31.5,"r":"1391.2875181433","rd":"112.17182896597","sigma":"0","rptime":"1439110800","rpr":1347.1466638635,"rprd":103.72340895061,"rpsigma":"0","acre":1000,"lacre":1000,"oldacre":"1000"},"p2rating":{"entryid":"7433260","serverid":"eos","formatid":"monotype","userid":"championdarkrai","username":"ChampionDarkrai","w":3,"l":"1","t":"0","gxe":54.7,"r":"1460.3965643598","rd":"122.43699349881","sigma":"0","rptime":"1439110800","rpr":1536.9153847279,"rprd":107.11212088859,"rpsigma":"0","acre":1103.6087236468,"lacre":1103.6087236468,"oldacre":"1082.4046885646"},"endType":"normal"}