{"seed":[26682,38587,5866,48817],"turns":20,"p1":"Etherel","p2":"Inferno Sapphire","p1team":[{"name":"Empoleon","species":"Empoleon","item":"focussash","ability":"Defiant","moves":["knockoff","rockslide","scald","aquajet"],"nature":"Adamant","evs":{"hp":248,"atk":252,"def":0,"spa":0,"spd":8,"spe":0},"ivs":{"hp":31,"atk":31,"def":31,"spa":31,"spd":31,"spe":31}},{"name":"Lucario","species":"Lucario","item":"expertbelt","ability":"Inner Focus","moves":["extremespeed","crosschop","drainpunch","stoneedge"],"nature":"Adamant","evs":{"hp":248,"atk":252,"def":0,"spa":0,"spd":8,"spe":0},"ivs":{"hp":31,"atk":31,"def":31,"spa":31,"spd":31,"spe":31}},{"name":"Metagross","species":"Metagross","item":"airballoon","ability":"Clear Body","moves":["bulletpunch","earthquake","meteormash","frustration"],"nature":"Adamant","evs":{"hp":248,"atk":252,"def":0,"spa":0,"spd":8,"spe":0},"happiness":0,"ivs":{"hp":31,"atk":31,"def":31,"spa":31,"spd":31,"spe":31}},{"name":"Ferrothorn","species":"Ferrothorn","item":"rockyhelmet","ability":"Iron Barbs","moves":["bulletseed","knockoff","thunderwave","facade"],"nature":"Adamant","evs":{"hp":248,"atk":252,"def":0,"spa":0,"spd":8,"spe":0},"ivs":{"hp":31,"atk":31,"def":31,"spa":31,"spd":31,"spe":31}},{"name":"Jirachi","species":"Jirachi","item":"choicescarf","ability":"Serene Grace","moves":["drainpunch","ironhead","psyshock","uturn"],"nature":"Hasty","evs":{"hp":0,"atk":252,"def":0,"spa":4,"spd":0,"spe":252},"ivs":{"hp":31,"atk":31,"def":31,"spa":31,"spd":31,"spe":31}},{"name":"Scizor","species":"Scizor","item":"scizorite","ability":"Technician","moves":["bulletpunch","bugbuzz","silverwind","wingattack"],"nature":"Naughty","evs":{"hp":248,"atk":252,"def":0,"spa":8,"spd":0,"spe":0},"ivs":{"hp":31,"atk":31,"def":31,"spa":31,"spd":31,"spe":31}}],"p2team":[{"name":"Breloom","species":"Breloom","item":"focussash","ability":"Technician","moves":["spore","bulletseed","machpunch","swordsdance"],"nature":"Jolly","evs":{"hp":0,"atk":252,"def":0,"spa":0,"spd":4,"spe":252},"ivs":{"hp":31,"atk":31,"def":31,"spa":31,"spd":31,"spe":31}},{"name":"Ferrothorn","species":"Ferrothorn","item":"leftovers","ability":"Iron Barbs","moves":["stealthrock","leechseed","gyroball","powerwhip"],"nature":"Relaxed","evs":{"hp":252,"atk":4,"def":84,"spa":0,"spd":168,"spe":0},"ivs":{"hp":31,"atk":31,"def":31,"spa":31,"spd":31,"spe":0}},{"name":"Roserade","species":"Roserade","item":"blacksludge","ability":"Natural Cure","moves":["synthesis","toxicspikes","gigadrain","sludgebomb"],"nature":"Calm","evs":{"hp":240,"atk":0,"def":0,"spa":4,"spd":252,"spe":12},"ivs":{"hp":31,"atk":31,"def":31,"spa":31,"spd":31,"spe":31}},{"name":"Venusaur","species":"Venusaur","item":"venusaurite","ability":"Chlorophyll","moves":["gigadrain","sludgebomb","hiddenpowerfire","synthesis"],"nature":"Modest","evs":{"hp":232,"atk":0,"def":0,"spa":252,"spd":4,"spe":20},"ivs":{"hp":31,"atk":30,"def":31,"spa":30,"spd":31,"spe":30}},{"name":"Celebi","species":"Celebi","item":"leftovers","ability":"Natural Cure","moves":["nastyplot","gigadrain","psychic","earthpower"],"nature":"Bold","evs":{"hp":252,"atk":0,"def":148,"spa":0,"spd":0,"spe":108},"ivs":{"hp":31,"atk":31,"def":31,"spa":31,"spd":31,"spe":31}},{"name":"Gourgeist-Super","species":"Gourgeist-Super","item":"leftovers","ability":"Frisk","moves":["phantomforce","willowisp","leechseed","protect"],"nature":"Careful","evs":{"hp":252,"atk":4,"def":0,"spa":0,"spd":252,"spe":0},"ivs":{"hp":31,"atk":31,"def":31,"spa":31,"spd":31,"spe":31}}],"log":["|player|p1|Etherel|265","|player|p2|Inferno Sapphire|194","|gametype|singles","|gen|6","|tier|Monotype","|rated","|rule|Baton Pass Clause: Limit one Baton Passer, can't pass Spe and other stats simultaneously","|rule|Swagger Clause: Swagger is banned","|rule|Same Type Clause: Pokémon in a team must share a type","|clearpoke","|poke|p1|Empoleon, M","|poke|p1|Lucario, M","|poke|p1|Metagross","|poke|p1|Ferrothorn, M","|poke|p1|Jirachi","|poke|p1|Scizor, F","|poke|p2|Breloom, F","|poke|p2|Ferrothorn, M","|poke|p2|Roserade, M","|poke|p2|Venusaur, F","|poke|p2|Celebi","|poke|p2|Gourgeist-*, M","|rule|Sleep Clause Mod: Limit one foe put to sleep","|rule|Species Clause: Limit one of each Pokémon","|rule|OHKO Clause: OHKO moves are banned","|rule|Moody Clause: Moody is banned","|rule|Evasion Moves Clause: Evasion moves are banned","|rule|Endless Battle Clause: Forcing endless battles is banned","|rule|HP Percentage Mod: HP is shown in percentages","|teampreview","|","|start","|switch|p1a: Scizor|Scizor, F|343/343","|switch|p2a: Gourgeist-Super|Gourgeist-Super, M|374/374","|-item|p1a: Scizor|Scizorite|[from] ability: Frisk|[of] p2a: Gourgeist-Super|[identify]","|turn|1","|","|detailschange|p1a: Scizor|Scizor-Mega, F","|-mega|p1a: Scizor|Scizor|Scizorite","|move|p1a: Scizor|Wing Attack|p2a: Gourgeist-Super","|-supereffective|p2a: Gourgeist-Super","|-damage|p2a: Gourgeist-Super|152/374","|move|p2a: Gourgeist-Super|Will-O-Wisp|p1a: Scizor","|-status|p1a: Scizor|brn","|","|-heal|p2a: Gourgeist-Super|175/374|[from] item: Leftovers","|-damage|p1a: Scizor|301/343 brn|[from] brn","|turn|2","|","|move|p2a: Gourgeist-Super|Protect|p2a: Gourgeist-Super","|-singleturn|p2a: Gourgeist-Super|Protect","|move|p1a: Scizor|Bug Buzz|p2a: Gourgeist-Super","|-activate|p2a: Gourgeist-Super|Protect","|","|-heal|p2a: Gourgeist-Super|198/374|[from] item: Leftovers","|-damage|p1a: Scizor|259/343 brn|[from] brn","|turn|3","|","|move|p1a: Scizor|Bug Buzz|p2a: Gourgeist-Super","|-damage|p2a: Gourgeist-Super|131/374","|move|p2a: Gourgeist-Super|Leech Seed|p1a: Scizor","|-start|p1a: Scizor|move: Leech Seed","|","|-heal|p2a: Gourgeist-Super|154/374|[from] item: Leftovers","|-damage|p1a: Scizor|217/343 brn|[from] Leech Seed|[of] p2a: Gourgeist-Super","|-heal|p2a: Gourgeist-Super|196/374|[silent]","|-damage|p1a: Scizor|175/343 brn|[from] brn","|turn|4","|","|move|p1a: Scizor|Wing Attack|p2a: Gourgeist-Super","|-supereffective|p2a: Gourgeist-Super","|-damage|p2a: Gourgeist-Super|88/374","|move|p2a: Gourgeist-Super|Phantom Force|p1a: Scizor|[still]","|-prepare|p2a: Gourgeist-Super|Phantom Force|p1a: Scizor","|","|-heal|p2a: Gourgeist-Super|111/374|[from] item: Leftovers","|-damage|p1a: Scizor|133/343 brn|[from] Leech Seed|[of] p2a: Gourgeist-Super","|-heal|p2a: Gourgeist-Super|153/374|[silent]","|-damage|p1a: Scizor|91/343 brn|[from] brn","|turn|5","|","|switch|p1a: Jirachi|Jirachi|341/341","|move|p2a: Gourgeist-Super|Phantom Force|p1a: Jirachi|[from]lockedmove","|-supereffective|p1a: Jirachi","|-damage|p1a: Jirachi|89/341","|","|-heal|p2a: Gourgeist-Super|176/374|[from] item: Leftovers","|turn|6","|","|switch|p2a: Ferrothorn|Ferrothorn, M|352/352","|move|p1a: Jirachi|Iron Head|p2a: Ferrothorn","|-resisted|p2a: Ferrothorn","|-damage|p2a: Ferrothorn|309/352","|-damage|p1a: Jirachi|47/341|[from] ability: Iron Barbs|[of] p2a: Ferrothorn","|","|-heal|p2a: Ferrothorn|331/352|[from] item: Leftovers","|turn|7","|","|switch|p1a: Empoleon|Empoleon, M|371/371","|move|p2a: Ferrothorn|Stealth Rock|p1a: Empoleon","|-sidestart|p1: Etherel|move: Stealth Rock","|","|-heal|p2a: Ferrothorn|352/352|[from] item: Leftovers","|turn|8","|","|move|p1a: Empoleon|Knock Off|p2a: Ferrothorn","|-damage|p2a: Ferrothorn|283/352","|-damage|p1a: Empoleon|325/371|[from] ability: Iron Barbs|[of] p2a: Ferrothorn","|-enditem|p2a: Ferrothorn|Leftovers|[from] move: Knock Off|[of] p1a: Empoleon","|move|p2a: Ferrothorn|Leech Seed|p1a: Empoleon","|-start|p1a: Empoleon|move: Leech Seed","|","|-damage|p1a: Empoleon|279/371|[from] Leech Seed|[of] p2a: Ferrothorn","|-heal|p2a: Ferrothorn|329/352|[silent]","|turn|9","|","|move|p1a: Empoleon|Scald|p2a: Ferrothorn","|-resisted|p2a: Ferrothorn","|-damage|p2a: Ferrothorn|291/352","|move|p2a: Ferrothorn|Gyro Ball|p1a: Empoleon","|-resisted|p1a: Empoleon","|-damage|p1a: Empoleon|248/371","|","|-damage|p1a: Empoleon|202/371|[from] Leech Seed|[of] p2a: Ferrothorn","|-heal|p2a: Ferrothorn|337/352|[silent]","|turn|10","|","|move|p1a: Empoleon|Scald|p2a: Ferrothorn","|-resisted|p2a: Ferrothorn","|-damage|p2a: Ferrothorn|300/352","|move|p2a: Ferrothorn|Power Whip|p1a: Empoleon","|-crit|p1a: Empoleon","|-damage|p1a: Empoleon|0 fnt","|faint|p1a: Empoleon","|","|","|switch|p1a: Lucario|Lucario, M|343/343","|-damage|p1a: Lucario|333/343|[from] Stealth Rock","|turn|11","|","|switch|p2a: Roserade|Roserade, M|321/321","|move|p1a: Lucario|Cross Chop|p2a: Roserade","|-resisted|p2a: Roserade","|-damage|p2a: Roserade|207/321","|","|-heal|p2a: Roserade|227/321|[from] item: Black Sludge","|turn|12","|","|switch|p2a: Celebi|Celebi|404/404","|move|p1a: Lucario|Stone Edge|p2a: Celebi","|-damage|p2a: Celebi|316/404","|","|-heal|p2a: Celebi|341/404|[from] item: Leftovers","|turn|13","|","|move|p2a: Celebi|Nasty Plot|p2a: Celebi","|-boost|p2a: Celebi|spa|2","|move|p1a: Lucario|Stone Edge|p2a: Celebi","|-damage|p2a: Celebi|246/404","|","|-heal|p2a: Celebi|271/404|[from] item: Leftovers","|turn|14","|","|move|p2a: Celebi|Giga Drain|p1a: Lucario","|-resisted|p1a: Lucario","|-damage|p1a: Lucario|216/343","|-heal|p2a: Celebi|330/404|[from] drain|[of] p1a: Lucario","|move|p1a: Lucario|Drain Punch|p2a: Celebi","|-resisted|p2a: Celebi","|-damage|p2a: Celebi|276/404","|-heal|p1a: Lucario|243/343|[from] drain|[of] p2a: Celebi","|","|-heal|p2a: Celebi|301/404|[from] item: Leftovers","|turn|15","|","|move|p1a: Lucario|Extreme Speed|p2a: Celebi","|-damage|p2a: Celebi|223/404","|move|p2a: Celebi|Nasty Plot|p2a: Celebi","|-boost|p2a: Celebi|spa|2","|","|-heal|p2a: Celebi|248/404|[from] item: Leftovers","|turn|16","|","|switch|p1a: Metagross|Metagross|363/363","|-damage|p1a: Metagross|341/363|[from] Stealth Rock","|-item|p1a: Metagross|Air Balloon","|move|p2a: Celebi|Giga Drain|p1a: Metagross","|-resisted|p1a: Metagross","|-damage|p1a: Metagross|203/363","|-heal|p2a: Celebi|317/404|[from] drain|[of] p1a: Metagross","|-enditem|p1a: Metagross|Air Balloon","|","|-heal|p2a: Celebi|342/404|[from] item: Leftovers","|turn|17","|","|move|p2a: Celebi|Earth Power|p1a: Metagross","|-supereffective|p1a: Metagross","|-damage|p1a: Metagross|0 fnt","|faint|p1a: Metagross","|","|-heal|p2a: Celebi|367/404|[from] item: Leftovers","|","|switch|p1a: Jirachi|Jirachi|47/341","|-damage|p1a: Jirachi|26/341|[from] Stealth Rock","|turn|18","|","|move|p1a: Jirachi|Iron Head|p2a: Celebi","|-damage|p2a: Celebi|277/404","|move|p2a: Celebi|Giga Drain|p1a: Jirachi","|-resisted|p1a: Jirachi","|-damage|p1a: Jirachi|0 fnt","|-heal|p2a: Celebi|290/404|[from] drain|[of] p1a: Jirachi","|faint|p1a: Jirachi","|","|-heal|p2a: Celebi|315/404|[from] item: Leftovers","|","|switch|p1a: Scizor|Scizor-Mega, F|91/343 brn","|-damage|p1a: Scizor|49/343 brn|[from] Stealth Rock","|turn|19","|","|move|p2a: Celebi|Giga Drain|p1a: Scizor","|-resisted|p1a: Scizor","|-damage|p1a: Scizor|0 fnt","|-heal|p2a: Celebi|340/404|[from] drain|[of] p1a: Scizor","|faint|p1a: Scizor","|","|-heal|p2a: Celebi|365/404|[from] item: Leftovers","|","|switch|p1a: Lucario|Lucario, M|243/343","|-damage|p1a: Lucario|233/343|[from] Stealth Rock","|turn|20","|","|win|Inferno Sapphire"],"p1rating":{"entryid":7503976,"formatid":"monotype","userid":"etherel","username":"Etherel","r":1500,"rd":130,"sigma":0,"rpr":1459.8393856612,"rprd":122.8583080769,"rpsigma":0,"rptime":1439024400,"w":0,"l":1,"t":0,"gxe":45,"acre":1000,"lacre":1000,"oldacre":1000},"p2rating":{"entryid":"7502993","serverid":"eos","formatid":"monotype","userid":"infernosapphire","username":"Inferno Sapphire","w":2,"l":"1","t":"0","gxe":52.7,"r":"1500","rd":"130","sigma":"0","rptime":"1439024400","rpr":1521.5432398946,"rprd":111.76908669823,"rpsigma":"0","acre":1072.211736724,"lacre":1072.211736724,"oldacre":"1042.7322271281"},"endType":"forfeit"}