{"seed":[58721,3209,65246,10140],"turns":29,"p1":"Alliance - Warner","p2":"Guard Naruto","p1team":[{"name":"Scizor","species":"Scizor","item":"choiceband","ability":"Technician","moves":["bulletpunch","uturn","knockoff","pursuit"],"nature":"Adamant","evs":{"hp":248,"atk":252,"def":0,"spa":0,"spd":4,"spe":4},"ivs":{"hp":31,"atk":31,"def":31,"spa":31,"spd":31,"spe":31}},{"name":"Forretress","species":"Forretress","item":"leftovers","ability":"Overcoat","moves":["stealthrock","toxic","rapidspin","voltswitch"],"nature":"Bold","evs":{"hp":252,"atk":0,"def":252,"spa":4,"spd":0,"spe":0},"ivs":{"hp":31,"atk":31,"def":31,"spa":31,"spd":31,"spe":31}},{"name":"Pinsir","species":"Pinsir","item":"pinsirite","ability":"Hyper Cutter","moves":["quickattack","return","swordsdance","earthquake"],"nature":"Jolly","evs":{"hp":0,"atk":252,"def":0,"spa":0,"spd":4,"spe":252},"ivs":{"hp":31,"atk":31,"def":31,"spa":31,"spd":31,"spe":31}},{"name":"Volcarona","species":"Volcarona","item":"sitrusberry","ability":"Flame Body","moves":["fierydance","roost","gigadrain","quiverdance"],"nature":"Timid","evs":{"hp":0,"atk":0,"def":0,"spa":128,"spd":128,"spe":252},"ivs":{"hp":31,"atk":0,"def":31,"spa":31,"spd":31,"spe":31}},{"name":"Heracross","species":"Heracross","item":"choicescarf","ability":"Moxie","moves":["earthquake","megahorn","knockoff","closecombat"],"nature":"Jolly","evs":{"hp":0,"atk":252,"def":0,"spa":0,"spd":4,"spe":252},"ivs":{"hp":31,"atk":31,"def":31,"spa":31,"spd":31,"spe":31}},{"name":"Genesect","species":"Genesect","item":"choicescarf","ability":"Download","moves":["uturn","thunderbolt","icebeam","energyball"],"nature":"Hasty","evs":{"hp":0,"atk":4,"def":0,"spa":252,"spd":0,"spe":252},"ivs":{"hp":31,"atk":31,"def":31,"spa":31,"spd":31,"spe":31}}],"p2team":[{"name":"Ditto","species":"Ditto","item":"choicescarf","ability":"Imposter","moves":["transform"],"nature":"Bold","evs":{"hp":252,"atk":0,"def":252,"spa":0,"spd":6,"spe":0},"ivs":{"hp":31,"atk":31,"def":31,"spa":31,"spd":31,"spe":31}},{"name":"Heliolisk","species":"Heliolisk","item":"assaultvest","ability":"Dry Skin","moves":["thunderbolt","surf","focusblast","paraboliccharge"],"nature":"Bold","evs":{"hp":248,"atk":0,"def":252,"spa":8,"spd":0,"spe":0},"ivs":{"hp":31,"atk":31,"def":31,"spa":31,"spd":31,"spe":31}},{"name":"Kecleon","species":"Kecleon","item":"lifeorb","ability":"Protean","moves":["drainpunch","suckerpunch","shadowsneak","firepunch"],"nature":"Adamant","evs":{"hp":248,"atk":252,"def":0,"spa":0,"spd":8,"spe":0},"ivs":{"hp":31,"atk":31,"def":31,"spa":31,"spd":31,"spe":31}},{"name":"Audino","species":"Audino","item":"audinite","ability":"Regenerator","moves":["calmmind","flamethrower","healbell","drainingkiss"],"nature":"Bold","evs":{"hp":164,"atk":0,"def":252,"spa":40,"spd":52,"spe":0},"ivs":{"hp":31,"atk":31,"def":31,"spa":31,"spd":31,"spe":31}},{"name":"Pyroar","species":"Pyroar","item":"choicespecs","ability":"Unnerve","moves":["flamethrower","darkpulse","hypervoice","overheat"],"nature":"Timid","evs":{"hp":0,"atk":0,"def":0,"spa":252,"spd":4,"spe":252},"ivs":{"hp":31,"atk":31,"def":31,"spa":31,"spd":31,"spe":31}},{"name":"Miltank","species":"Miltank","item":"leftovers","ability":"Thick Fat","moves":["poweruppunch","bodyslam","milkdrink","firepunch"],"nature":"Careful","evs":{"hp":248,"atk":0,"def":60,"spa":0,"spd":200,"spe":0},"ivs":{"hp":31,"atk":31,"def":31,"spa":31,"spd":31,"spe":31}}],"log":["|player|p1|Alliance - Warner|126","|player|p2|Guard Naruto|284","|gametype|singles","|gen|6","|tier|Monotype","|rated","|rule|Baton Pass Clause: Limit one Baton Passer, can't pass Spe and other stats simultaneously","|rule|Swagger Clause: Swagger is banned","|rule|Same Type Clause: Pokémon in a team must share a type","|clearpoke","|poke|p1|Scizor, F","|poke|p1|Forretress, F","|poke|p1|Pinsir, M","|poke|p1|Volcarona, F","|poke|p1|Heracross, F","|poke|p1|Genesect-*","|poke|p2|Ditto","|poke|p2|Heliolisk, M","|poke|p2|Kecleon, M","|poke|p2|Audino, F","|poke|p2|Pyroar, F","|poke|p2|Miltank, F","|rule|Sleep Clause Mod: Limit one foe put to sleep","|rule|Species Clause: Limit one of each Pokémon","|rule|OHKO Clause: OHKO moves are banned","|rule|Moody Clause: Moody is banned","|rule|Evasion Moves Clause: Evasion moves are banned","|rule|Endless Battle Clause: Forcing endless battles is banned","|rule|HP Percentage Mod: HP is shown in percentages","|teampreview","|","|start","|switch|p1a: Genesect|Genesect|283/283","|switch|p2a: Pyroar|Pyroar, F|313/313","|-boost|p1a: Genesect|spa|1|[from] ability: Download","|-ability|p2a: Pyroar|Unnerve|p1: Alliance - Warner","|turn|1","|","|switch|p2a: Heliolisk|Heliolisk, M|327/327","|move|p1a: Genesect|U-turn|p2a: Heliolisk","|-damage|p2a: Heliolisk|218/327","|","|switch|p1a: Volcarona|Volcarona, F|311/311","|","|turn|2","|","|move|p1a: Volcarona|Quiver Dance|p1a: Volcarona","|-boost|p1a: Volcarona|spa|1","|-boost|p1a: Volcarona|spd|1","|-boost|p1a: Volcarona|spe|1","|move|p2a: Heliolisk|Surf|p1a: Volcarona","|-crit|p1a: Volcarona","|-supereffective|p1a: Volcarona","|-damage|p1a: Volcarona|115/311","|-enditem|p1a: Volcarona|Sitrus Berry|[eat]","|-heal|p1a: Volcarona|192/311|[from] item: Sitrus Berry","|","|turn|3","|","|move|p1a: Volcarona|Fiery Dance|p2a: Heliolisk","|-damage|p2a: Heliolisk|31/327","|-boost|p1a: Volcarona|spa|1","|move|p2a: Heliolisk|Surf|p1a: Volcarona","|-supereffective|p1a: Volcarona","|-damage|p1a: Volcarona|100/311","|","|turn|4","|","|move|p1a: Volcarona|Roost|p1a: Volcarona","|-heal|p1a: Volcarona|256/311","|move|p2a: Heliolisk|Surf|p1a: Volcarona","|-supereffective|p1a: Volcarona","|-damage|p1a: Volcarona|162/311","|","|turn|5","|","|move|p1a: Volcarona|Roost|p1a: Volcarona","|-heal|p1a: Volcarona|311/311","|move|p2a: Heliolisk|Surf|p1a: Volcarona","|-crit|p1a: Volcarona","|-supereffective|p1a: Volcarona","|-damage|p1a: Volcarona|117/311","|","|turn|6","|","|move|p1a: Volcarona|Roost|p1a: Volcarona","|-heal|p1a: Volcarona|273/311","|move|p2a: Heliolisk|Surf|p1a: Volcarona","|-supereffective|p1a: Volcarona","|-damage|p1a: Volcarona|179/311","|","|turn|7","|","|move|p1a: Volcarona|Quiver Dance|p1a: Volcarona","|-boost|p1a: Volcarona|spa|1","|-boost|p1a: Volcarona|spd|1","|-boost|p1a: Volcarona|spe|1","|move|p2a: Heliolisk|Surf|p1a: Volcarona","|-supereffective|p1a: Volcarona","|-damage|p1a: Volcarona|109/311","|","|turn|8","|","|move|p1a: Volcarona|Roost|p1a: Volcarona","|-heal|p1a: Volcarona|265/311","|move|p2a: Heliolisk|Surf|p1a: Volcarona","|-crit|p1a: Volcarona","|-supereffective|p1a: Volcarona","|-damage|p1a: Volcarona|65/311","|","|turn|9","|","|move|p1a: Volcarona|Roost|p1a: Volcarona","|-heal|p1a: Volcarona|221/311","|move|p2a: Heliolisk|Surf|p1a: Volcarona","|-supereffective|p1a: Volcarona","|-damage|p1a: Volcarona|161/311","|","|turn|10","|","|move|p1a: Volcarona|Roost|p1a: Volcarona","|-heal|p1a: Volcarona|311/311","|move|p2a: Heliolisk|Surf|p1a: Volcarona","|-supereffective|p1a: Volcarona","|-damage|p1a: Volcarona|247/311","|","|turn|11","|","|move|p1a: Volcarona|Giga Drain|p2a: Heliolisk","|-damage|p2a: Heliolisk|0 fnt","|-heal|p1a: Volcarona|263/311|[from] drain|[of] p2a: Heliolisk","|faint|p2a: Heliolisk","|","|","|switch|p2a: Ditto|Ditto|300/300","|-transform|p2a: Ditto|p1a: Volcarona","|turn|12","|","|move|p2a: Ditto|Fiery Dance|p1a: Volcarona","|-damage|p1a: Volcarona|116/311","|move|p1a: Volcarona|Quiver Dance|p1a: Volcarona","|-boost|p1a: Volcarona|spa|1","|-boost|p1a: Volcarona|spd|1","|-boost|p1a: Volcarona|spe|1","|","|turn|13","|","|move|p2a: Ditto|Fiery Dance|p1a: Volcarona","|-damage|p1a: Volcarona|0 fnt","|faint|p1a: Volcarona","|","|","|switch|p1a: Pinsir|Pinsir, M|271/271","|turn|14","|","|detailschange|p1a: Pinsir|Pinsir-Mega, M","|-mega|p1a: Pinsir|Pinsir|Pinsirite","|move|p1a: Pinsir|Quick Attack|p2a: Ditto","|-supereffective|p2a: Ditto","|-damage|p2a: Ditto|6/300","|move|p2a: Ditto|Fiery Dance|p1a: Pinsir","|-crit|p1a: Pinsir","|-supereffective|p1a: Pinsir","|-damage|p1a: Pinsir|0 fnt","|-boost|p2a: Ditto|spa|1","|faint|p1a: Pinsir","|","|","|switch|p1a: Scizor|Scizor, F|343/343","|turn|15","|","|move|p1a: Scizor|Bullet Punch|p2a: Ditto","|-resisted|p2a: Ditto","|-damage|p2a: Ditto|0 fnt","|faint|p2a: Ditto","|","|","|switch|p2a: Pyroar|Pyroar, F|313/313","|-ability|p2a: Pyroar|Unnerve|p1: Alliance - Warner","|turn|16","|","|switch|p1a: Forretress|Forretress, F|354/354","|move|p2a: Pyroar|Overheat|p1a: Forretress|[miss]","|-miss|p2a: Pyroar|p1a: Forretress","|","|turn|17","|","|switch|p2a: Kecleon|Kecleon, M|323/323","|move|p1a: Forretress|Volt Switch|p2a: Kecleon","|-damage|p2a: Kecleon|289/323","|","|switch|p1a: Scizor|Scizor, F|343/343","|","|turn|18","|","|move|p1a: Scizor|U-turn|p2a: Kecleon","|-damage|p2a: Kecleon|6/323","|","|switch|p1a: Forretress|Forretress, F|354/354","|move|p2a: Kecleon|Fire Punch|p1a: Forretress","|-start|p2a: Kecleon|typechange|Fire|[from] Protean","|-supereffective|p1a: Forretress","|-damage|p1a: Forretress|6/354","|-damage|p2a: Kecleon|0 fnt|[from] item: Life Orb","|faint|p2a: Kecleon","|","|-heal|p1a: Forretress|28/354|[from] item: Leftovers","|","|switch|p2a: Audino|Audino, F|388/388","|turn|19","|","|detailschange|p2a: Audino|Audino-Mega, F","|-mega|p2a: Audino|Audino|Audinite","|move|p2a: Audino|Flamethrower|p1a: Forretress","|-supereffective|p1a: Forretress","|-damage|p1a: Forretress|0 fnt","|faint|p1a: Forretress","|","|","|switch|p1a: Scizor|Scizor, F|343/343","|turn|20","|","|switch|p2a: Miltank|Miltank, F|393/393","|move|p1a: Scizor|Bullet Punch|p2a: Miltank","|-damage|p2a: Miltank|227/393","|","|-heal|p2a: Miltank|251/393|[from] item: Leftovers","|turn|21","|","|switch|p1a: Genesect|Genesect|283/283","|-boost|p1a: Genesect|spa|1|[from] ability: Download","|move|p2a: Miltank|Fire Punch|p1a: Genesect","|-supereffective|p1a: Genesect","|-damage|p1a: Genesect|55/283","|","|-heal|p2a: Miltank|275/393|[from] item: Leftovers","|turn|22","|","|move|p1a: Genesect|Thunderbolt|p2a: Miltank","|-damage|p2a: Miltank|121/393","|move|p2a: Miltank|Fire Punch|p1a: Genesect","|-supereffective|p1a: Genesect","|-damage|p1a: Genesect|0 fnt","|faint|p1a: Genesect","|","|-heal|p2a: Miltank|145/393|[from] item: Leftovers","|","|switch|p1a: Heracross|Heracross, F|301/301","|turn|23","|","|switch|p2a: Audino|Audino-Mega, F|388/388","|move|p1a: Heracross|Close Combat|p2a: Audino","|-damage|p2a: Audino|270/388","|-unboost|p1a: Heracross|def|1","|-unboost|p1a: Heracross|spd|1","|","|turn|24","|","|switch|p1a: Scizor|Scizor, F|343/343","|move|p2a: Audino|Flamethrower|p1a: Scizor","|-supereffective|p1a: Scizor","|-damage|p1a: Scizor|19/343","|","|turn|25","|","|switch|p2a: Miltank|Miltank, F|145/393","|move|p1a: Scizor|Bullet Punch|p2a: Miltank","|-damage|p2a: Miltank|0 fnt","|faint|p2a: Miltank","|","|","|switch|p2a: Pyroar|Pyroar, F|313/313","|-ability|p2a: Pyroar|Unnerve|p1: Alliance - Warner","|turn|26","|","|move|p1a: Scizor|Bullet Punch|p2a: Pyroar","|-resisted|p2a: Pyroar","|-damage|p2a: Pyroar|208/313","|move|p2a: Pyroar|Flamethrower|p1a: Scizor","|-supereffective|p1a: Scizor","|-damage|p1a: Scizor|0 fnt","|faint|p1a: Scizor","|","|","|switch|p1a: Heracross|Heracross, F|301/301","|turn|27","|","|switch|p2a: Audino|Audino-Mega, F|270/388","|move|p1a: Heracross|Close Combat|p2a: Audino","|-damage|p2a: Audino|135/388","|-unboost|p1a: Heracross|def|1","|-unboost|p1a: Heracross|spd|1","|","|turn|28","|","|move|p1a: Heracross|Close Combat|p2a: Audino","|-damage|p2a: Audino|2/388","|-unboost|p1a: Heracross|def|1","|-unboost|p1a: Heracross|spd|1","|move|p2a: Audino|Draining Kiss|p1a: Heracross","|-supereffective|p1a: Heracross","|-damage|p1a: Heracross|83/301","|-heal|p2a: Audino|166/388|[from] drain|[of] p1a: Heracross","|","|turn|29","|","|move|p1a: Heracross|Close Combat|p2a: Audino","|-damage|p2a: Audino|48/388","|-unboost|p1a: Heracross|def|1","|-unboost|p1a: Heracross|spd|1","|move|p2a: Audino|Draining Kiss|p1a: Heracross","|-supereffective|p1a: Heracross","|-damage|p1a: Heracross|0 fnt","|-heal|p2a: Audino|111/388|[from] drain|[of] p1a: Heracross","|faint|p1a: Heracross","|","|win|Guard Naruto"],"p1rating":{"entryid":"7343610","serverid":"eos","formatid":"monotype","userid":"alliancewarner","username":"Alliance - Warner","w":"20","l":9,"t":"0","gxe":64.7,"r":"1631.1780270284","rd":"62.16761891798","sigma":"0","rptime":"1439110800","rpr":1616.0305791368,"rprd":61.419448041011,"rpsigma":"0","acre":1254.5544917249,"lacre":1254.5544917249,"oldacre":"1287.1874364765"},"p2rating":{"entryid":"7460015","serverid":"eos","formatid":"monotype","userid":"guardnaruto","username":"Guard Naruto","w":11,"l":"11","t":"0","gxe":53.3,"r":"1464.4069117317","rd":"76.2818127204","sigma":"0","rptime":"1439110800","rpr":1525.310807151,"rprd":68.368807690748,"rpsigma":"0","acre":1210.2483493027,"lacre":1210.2483493027,"oldacre":"1177.6154045511"},"endType":"normal"}