{"seed":[44152,42166,4876,47481],"turns":35,"p1":"Guard Naruto","p2":"Deciding Photon","p1team":[{"name":"Ditto","species":"Ditto","item":"choicescarf","ability":"Imposter","moves":["transform"],"nature":"Bold","evs":{"hp":252,"atk":0,"def":252,"spa":0,"spd":6,"spe":0},"ivs":{"hp":31,"atk":31,"def":31,"spa":31,"spd":31,"spe":31}},{"name":"Heliolisk","species":"Heliolisk","item":"assaultvest","ability":"Dry Skin","moves":["thunderbolt","surf","focusblast","paraboliccharge"],"nature":"Bold","evs":{"hp":248,"atk":0,"def":252,"spa":8,"spd":0,"spe":0},"ivs":{"hp":31,"atk":31,"def":31,"spa":31,"spd":31,"spe":31}},{"name":"Kecleon","species":"Kecleon","item":"lifeorb","ability":"Protean","moves":["drainpunch","suckerpunch","shadowsneak","firepunch"],"nature":"Adamant","evs":{"hp":248,"atk":252,"def":0,"spa":0,"spd":8,"spe":0},"ivs":{"hp":31,"atk":31,"def":31,"spa":31,"spd":31,"spe":31}},{"name":"Audino","species":"Audino","item":"audinite","ability":"Regenerator","moves":["calmmind","flamethrower","healbell","drainingkiss"],"nature":"Bold","evs":{"hp":164,"atk":0,"def":252,"spa":40,"spd":52,"spe":0},"ivs":{"hp":31,"atk":31,"def":31,"spa":31,"spd":31,"spe":31}},{"name":"Pyroar","species":"Pyroar","item":"choicespecs","ability":"Unnerve","moves":["flamethrower","darkpulse","hypervoice","overheat"],"nature":"Timid","evs":{"hp":0,"atk":0,"def":0,"spa":252,"spd":4,"spe":252},"ivs":{"hp":31,"atk":31,"def":31,"spa":31,"spd":31,"spe":31}},{"name":"Miltank","species":"Miltank","item":"leftovers","ability":"Thick Fat","moves":["poweruppunch","bodyslam","milkdrink","firepunch"],"nature":"Careful","evs":{"hp":248,"atk":0,"def":60,"spa":0,"spd":200,"spe":0},"ivs":{"hp":31,"atk":31,"def":31,"spa":31,"spd":31,"spe":31}}],"p2team":[{"name":"Venusaur","species":"Venusaur","item":"venusaurite","ability":"Overgrow","moves":["earthquake","powerwhip","curse","synthesis"],"nature":"Adamant","evs":{"hp":216,"atk":252,"def":0,"spa":0,"spd":40,"spe":0},"ivs":{"hp":31,"atk":30,"def":30,"spa":31,"spd":31,"spe":31}},{"name":"Rotom-Mow","species":"Rotom-Mow","item":"choicescarf","ability":"Levitate","moves":["darkpulse","voltswitch","leafstorm","trick"],"nature":"Timid","evs":{"hp":4,"atk":0,"def":0,"spa":252,"spd":0,"spe":252},"ivs":{"hp":31,"atk":31,"def":31,"spa":31,"spd":31,"spe":31}},{"name":"Ludicolo","species":"Ludicolo","item":"choicespecs","ability":"Swift Swim","moves":["gigadrain","focusblast","hydropump","icebeam"],"nature":"Modest","evs":{"hp":0,"atk":0,"def":0,"spa":252,"spd":4,"spe":252},"ivs":{"hp":31,"atk":31,"def":31,"spa":31,"spd":31,"spe":31}},{"name":"Ferrothorn","species":"Ferrothorn","item":"rockyhelmet","ability":"Iron Barbs","moves":["leechseed","stealthrock","thunderwave","gyroball"],"nature":"Relaxed","evs":{"hp":248,"atk":8,"def":252,"spa":0,"spd":0,"spe":0},"ivs":{"hp":31,"atk":31,"def":31,"spa":31,"spd":31,"spe":0}},{"name":"Cradily","species":"Cradily","item":"leftovers","ability":"Suction Cups","moves":["stoneedge","recover","toxic","seedbomb"],"nature":"Careful","evs":{"hp":0,"atk":0,"def":0,"spa":252,"spd":0,"spe":252},"ivs":{"hp":31,"atk":31,"def":31,"spa":31,"spd":31,"spe":31}},{"name":"Roserade","species":"Roserade","item":"choicescarf","ability":"Natural Cure","moves":["sludgebomb","energyball","hiddenpowerfire","shadowball"],"nature":"Modest","evs":{"hp":0,"atk":0,"def":0,"spa":252,"spd":0,"spe":252},"ivs":{"hp":31,"atk":30,"def":31,"spa":30,"spd":31,"spe":30}}],"log":["|player|p1|Guard Naruto|284","|player|p2|Deciding Photon|66","|gametype|singles","|gen|6","|tier|Monotype","|rated","|rule|Baton Pass Clause: Limit one Baton Passer, can't pass Spe and other stats simultaneously","|rule|Swagger Clause: Swagger is banned","|rule|Same Type Clause: Pokémon in a team must share a type","|clearpoke","|poke|p1|Ditto","|poke|p1|Heliolisk, F","|poke|p1|Kecleon, M","|poke|p1|Audino, M","|poke|p1|Pyroar, M","|poke|p1|Miltank, F","|poke|p2|Venusaur, M","|poke|p2|Rotom-Mow","|poke|p2|Ludicolo, M","|poke|p2|Ferrothorn, F","|poke|p2|Cradily, M","|poke|p2|Roserade, F","|rule|Sleep Clause Mod: Limit one foe put to sleep","|rule|Species Clause: Limit one of each Pokémon","|rule|OHKO Clause: OHKO moves are banned","|rule|Moody Clause: Moody is banned","|rule|Evasion Moves Clause: Evasion moves are banned","|rule|Endless Battle Clause: Forcing endless battles is banned","|rule|HP Percentage Mod: HP is shown in percentages","|teampreview","|","|start","|switch|p1a: Kecleon|Kecleon, M|323/323","|switch|p2a: Roserade|Roserade, F|261/261","|turn|1","|","|switch|p2a: Ludicolo|Ludicolo, M|301/301","|move|p1a: Kecleon|Fire Punch|p2a: Ludicolo","|-start|p1a: Kecleon|typechange|Fire|[from] Protean","|-damage|p2a: Ludicolo|93/301","|-damage|p1a: Kecleon|291/323|[from] item: Life Orb","|","|turn|2","|","|move|p1a: Kecleon|Shadow Sneak|p2a: Ludicolo","|-start|p1a: Kecleon|typechange|Ghost|[from] Protean","|-damage|p2a: Ludicolo|0 fnt","|-damage|p1a: Kecleon|259/323|[from] item: Life Orb","|faint|p2a: Ludicolo","|","|","|switch|p2a: Rotom-Mow|Rotom-Mow|242/242","|turn|3","|","|switch|p1a: Pyroar|Pyroar, M|313/313","|-ability|p1a: Pyroar|Unnerve|p2: Deciding Photon","|move|p2a: Rotom-Mow|Dark Pulse|p1a: Pyroar","|-damage|p1a: Pyroar|201/313","|","|turn|4","|","|switch|p2a: Cradily|Cradily, M|313/313","|move|p1a: Pyroar|Overheat|p2a: Cradily","|-damage|p2a: Cradily|43/313","|-unboost|p1a: Pyroar|spa|2","|","|-heal|p2a: Cradily|62/313|[from] item: Leftovers","|turn|5","|","|switch|p1a: Kecleon|Kecleon, M|259/323","|move|p2a: Cradily|Recover|p2a: Cradily","|-heal|p2a: Cradily|219/313","|","|-heal|p2a: Cradily|238/313|[from] item: Leftovers","|turn|6","|","|move|p2a: Cradily|Stone Edge|p1a: Kecleon|[miss]","|-miss|p2a: Cradily|p1a: Kecleon","|move|p1a: Kecleon|Drain Punch|p2a: Cradily","|-start|p1a: Kecleon|typechange|Fighting|[from] Protean","|-supereffective|p2a: Cradily","|-damage|p2a: Cradily|0 fnt","|-heal|p1a: Kecleon|323/323|[from] drain|[of] p2a: Cradily","|-damage|p1a: Kecleon|291/323|[from] item: Life Orb","|faint|p2a: Cradily","|","|","|switch|p2a: Roserade|Roserade, F|261/261","|turn|7","|","|move|p2a: Roserade|Sludge Bomb|p1a: Kecleon","|-damage|p1a: Kecleon|134/323","|move|p1a: Kecleon|Fire Punch|p2a: Roserade","|-start|p1a: Kecleon|typechange|Fire|[from] Protean","|-supereffective|p2a: Roserade","|-damage|p2a: Roserade|0 fnt","|-damage|p1a: Kecleon|102/323|[from] item: Life Orb","|faint|p2a: Roserade","|","|","|switch|p2a: Rotom-Mow|Rotom-Mow|242/242","|turn|8","|","|switch|p1a: Pyroar|Pyroar, M|201/313","|-ability|p1a: Pyroar|Unnerve|p2: Deciding Photon","|move|p2a: Rotom-Mow|Volt Switch|p1a: Pyroar","|-damage|p1a: Pyroar|41/313","|","|switch|p2a: Venusaur|Venusaur, M|355/355","|","|turn|9","|","|detailschange|p2a: Venusaur|Venusaur-Mega, M","|-mega|p2a: Venusaur|Venusaur|Venusaurite","|move|p1a: Pyroar|Overheat|p2a: Venusaur","|-supereffective|p2a: Venusaur","|-damage|p2a: Venusaur|121/355","|-unboost|p1a: Pyroar|spa|2","|move|p2a: Venusaur|Synthesis|p2a: Venusaur","|-heal|p2a: Venusaur|298/355","|","|turn|10","|","|move|p1a: Pyroar|Overheat|p2a: Venusaur","|-supereffective|p2a: Venusaur","|-damage|p2a: Venusaur|170/355","|-unboost|p1a: Pyroar|spa|2","|move|p2a: Venusaur|Curse|p2a: Venusaur","|-unboost|p2a: Venusaur|spe|1","|-boost|p2a: Venusaur|atk|1","|-boost|p2a: Venusaur|def|1","|","|turn|11","|","|switch|p1a: Miltank|Miltank, F|393/393","|move|p2a: Venusaur|Synthesis|p2a: Venusaur","|-heal|p2a: Venusaur|347/355","|","|turn|12","|","|move|p1a: Miltank|Fire Punch|p2a: Venusaur","|-supereffective|p2a: Venusaur","|-damage|p2a: Venusaur|315/355","|-status|p2a: Venusaur|brn","|move|p2a: Venusaur|Curse|p2a: Venusaur","|-unboost|p2a: Venusaur|spe|1","|-boost|p2a: Venusaur|atk|1","|-boost|p2a: Venusaur|def|1","|","|-damage|p2a: Venusaur|271/355 brn|[from] brn","|turn|13","|","|move|p1a: Miltank|Power-Up Punch|p2a: Venusaur","|-resisted|p2a: Venusaur","|-damage|p2a: Venusaur|266/355 brn","|-boost|p1a: Miltank|atk|1","|move|p2a: Venusaur|Curse|p2a: Venusaur","|-unboost|p2a: Venusaur|spe|1","|-boost|p2a: Venusaur|atk|1","|-boost|p2a: Venusaur|def|1","|","|-damage|p2a: Venusaur|222/355 brn|[from] brn","|turn|14","|","|move|p1a: Miltank|Power-Up Punch|p2a: Venusaur","|-resisted|p2a: Venusaur","|-damage|p2a: Venusaur|215/355 brn","|-boost|p1a: Miltank|atk|1","|move|p2a: Venusaur|Curse|p2a: Venusaur","|-unboost|p2a: Venusaur|spe|1","|-boost|p2a: Venusaur|atk|1","|-boost|p2a: Venusaur|def|1","|","|-damage|p2a: Venusaur|171/355 brn|[from] brn","|turn|15","|","|move|p1a: Miltank|Power-Up Punch|p2a: Venusaur","|-resisted|p2a: Venusaur","|-damage|p2a: Venusaur|163/355 brn","|-boost|p1a: Miltank|atk|1","|move|p2a: Venusaur|Power Whip|p1a: Miltank|[miss]","|-miss|p2a: Venusaur|p1a: Miltank","|","|-damage|p2a: Venusaur|119/355 brn|[from] brn","|turn|16","|","|move|p1a: Miltank|Power-Up Punch|p2a: Venusaur","|-resisted|p2a: Venusaur","|-damage|p2a: Venusaur|110/355 brn","|-boost|p1a: Miltank|atk|1","|move|p2a: Venusaur|Synthesis|p2a: Venusaur","|-heal|p2a: Venusaur|287/355 brn","|","|-damage|p2a: Venusaur|243/355 brn|[from] brn","|turn|17","|","|move|p1a: Miltank|Power-Up Punch|p2a: Venusaur","|-resisted|p2a: Venusaur","|-damage|p2a: Venusaur|232/355 brn","|-boost|p1a: Miltank|atk|1","|move|p2a: Venusaur|Power Whip|p1a: Miltank","|-damage|p1a: Miltank|108/393","|","|-heal|p1a: Miltank|132/393|[from] item: Leftovers","|-damage|p2a: Venusaur|188/355 brn|[from] brn","|turn|18","|","|move|p1a: Miltank|Power-Up Punch|p2a: Venusaur","|-resisted|p2a: Venusaur","|-damage|p2a: Venusaur|175/355 brn","|-boost|p1a: Miltank|atk|1","|move|p2a: Venusaur|Curse|p2a: Venusaur","|-unboost|p2a: Venusaur|spe|1","|-boost|p2a: Venusaur|atk|1","|-boost|p2a: Venusaur|def|1","|","|-heal|p1a: Miltank|156/393|[from] item: Leftovers","|-damage|p2a: Venusaur|131/355 brn|[from] brn","|turn|19","|","|move|p1a: Miltank|Body Slam|p2a: Venusaur","|-damage|p2a: Venusaur|56/355 brn","|move|p2a: Venusaur|Synthesis|p2a: Venusaur","|-heal|p2a: Venusaur|233/355 brn","|","|-heal|p1a: Miltank|180/393|[from] item: Leftovers","|-damage|p2a: Venusaur|189/355 brn|[from] brn","|turn|20","|","|move|p1a: Miltank|Body Slam|p2a: Venusaur","|-damage|p2a: Venusaur|105/355 brn","|move|p2a: Venusaur|Synthesis|p2a: Venusaur","|-heal|p2a: Venusaur|282/355 brn","|","|-heal|p1a: Miltank|204/393|[from] item: Leftovers","|-damage|p2a: Venusaur|238/355 brn|[from] brn","|turn|21","|","|move|p1a: Miltank|Body Slam|p2a: Venusaur","|-damage|p2a: Venusaur|159/355 brn","|move|p2a: Venusaur|Power Whip|p1a: Miltank","|-damage|p1a: Miltank|0 fnt","|faint|p1a: Miltank","|","|-damage|p2a: Venusaur|115/355 brn|[from] brn","|","|switch|p1a: Ditto|Ditto|300/300","|-transform|p1a: Ditto|p2a: Venusaur","|turn|22","|","|move|p1a: Ditto|Earthquake|p2a: Venusaur","|-damage|p2a: Venusaur|26/355 brn","|move|p2a: Venusaur|Synthesis|p2a: Venusaur","|-heal|p2a: Venusaur|203/355 brn","|","|-damage|p2a: Venusaur|159/355 brn|[from] brn","|turn|23","|","|move|p1a: Ditto|Earthquake|p2a: Venusaur","|-damage|p2a: Venusaur|71/355 brn","|move|p2a: Venusaur|Synthesis|p2a: Venusaur","|-heal|p2a: Venusaur|248/355 brn","|","|-damage|p2a: Venusaur|204/355 brn|[from] brn","|turn|24","|","|move|p1a: Ditto|Earthquake|p2a: Venusaur","|-damage|p2a: Venusaur|119/355 brn","|move|p2a: Venusaur|Synthesis|p2a: Venusaur","|-heal|p2a: Venusaur|296/355 brn","|","|-damage|p2a: Venusaur|252/355 brn|[from] brn","|turn|25","|","|switch|p2a: Rotom-Mow|Rotom-Mow|242/242","|move|p1a: Ditto|Earthquake|p2a: Rotom-Mow","|-immune|p2a: Rotom-Mow|[msg]","|","|turn|26","|","|switch|p1a: Kecleon|Kecleon, M|102/323","|move|p2a: Rotom-Mow|Dark Pulse|p1a: Kecleon","|-crit|p1a: Kecleon","|-damage|p1a: Kecleon|4/323","|","|turn|27","|","|move|p1a: Kecleon|Sucker Punch|p2a: Rotom-Mow","|-start|p1a: Kecleon|typechange|Dark|[from] Protean","|-damage|p2a: Rotom-Mow|100/242","|-damage|p1a: Kecleon|0 fnt|[from] item: Life Orb","|faint|p1a: Kecleon","|move|p2a: Rotom-Mow|Dark Pulse|p1: Kecleon|[notarget]","|-notarget","|","|","|switch|p1a: Pyroar|Pyroar, M|41/313","|-ability|p1a: Pyroar|Unnerve|p2: Deciding Photon","|turn|28","|","|move|p2a: Rotom-Mow|Dark Pulse|p1a: Pyroar","|-damage|p1a: Pyroar|0 fnt","|faint|p1a: Pyroar","|","|","|switch|p1a: Audino|Audino, M|388/388","|turn|29","|","|switch|p2a: Ferrothorn|Ferrothorn, F|351/351","|detailschange|p1a: Audino|Audino-Mega, M","|-mega|p1a: Audino|Audino|Audinite","|move|p1a: Audino|Flamethrower|p2a: Ferrothorn","|-supereffective|p2a: Ferrothorn","|-damage|p2a: Ferrothorn|123/351","|","|turn|30","|","|move|p1a: Audino|Flamethrower|p2a: Ferrothorn","|-supereffective|p2a: Ferrothorn","|-damage|p2a: Ferrothorn|0 fnt","|faint|p2a: Ferrothorn","|","|","|switch|p2a: Venusaur|Venusaur-Mega, M|252/355 brn","|turn|31","|","|move|p2a: Venusaur|Power Whip|p1a: Audino","|-damage|p1a: Audino|334/388","|move|p1a: Audino|Flamethrower|p2a: Venusaur","|-supereffective|p2a: Venusaur","|-damage|p2a: Venusaur|202/355 brn","|","|-damage|p2a: Venusaur|158/355 brn|[from] brn","|turn|32","|","|move|p2a: Venusaur|Curse|p2a: Venusaur","|-unboost|p2a: Venusaur|spe|1","|-boost|p2a: Venusaur|atk|1","|-boost|p2a: Venusaur|def|1","|move|p1a: Audino|Flamethrower|p2a: Venusaur","|-supereffective|p2a: Venusaur","|-damage|p2a: Venusaur|104/355 brn","|","|-damage|p2a: Venusaur|60/355 brn|[from] brn","|turn|33","|","|move|p1a: Audino|Calm Mind|p1a: Audino","|-boost|p1a: Audino|spa|1","|-boost|p1a: Audino|spd|1","|move|p2a: Venusaur|Power Whip|p1a: Audino","|-damage|p1a: Audino|239/388","|","|-damage|p2a: Venusaur|16/355 brn|[from] brn","|turn|34","|","|switch|p2a: Rotom-Mow|Rotom-Mow|100/242","|move|p1a: Audino|Flamethrower|p2a: Rotom-Mow","|-supereffective|p2a: Rotom-Mow","|-damage|p2a: Rotom-Mow|0 fnt","|faint|p2a: Rotom-Mow","|","|","|switch|p2a: Venusaur|Venusaur-Mega, M|16/355 brn","|turn|35","|","|move|p2a: Venusaur|Power Whip|p1a: Audino","|-damage|p1a: Audino|180/388","|move|p1a: Audino|Flamethrower|p2a: Venusaur","|-supereffective|p2a: Venusaur","|-damage|p2a: Venusaur|0 fnt","|faint|p2a: Venusaur","|","|win|Guard Naruto"],"p1rating":{"entryid":"7460015","serverid":"eos","formatid":"monotype","userid":"guardnaruto","username":"Guard Naruto","w":12,"l":"11","t":"0","gxe":54.8,"r":"1464.4069117317","rd":"76.2818127204","sigma":"0","rptime":"1439110800","rpr":1536.5557104597,"rprd":67.274567361141,"rpsigma":"0","acre":1221.7308648614,"lacre":1221.7308648614,"oldacre":"1210.2483493027"},"p2rating":{"entryid":"7507773","serverid":"eos","formatid":"monotype","userid":"decidingphoton","username":"Deciding Photon","w":"0","l":3,"t":"0","gxe":37.9,"r":"1500","rd":"130","sigma":"0","rptime":"1439110800","rpr":1402.3379859219,"rprd":110.67398864076,"rpsigma":"0","acre":1000,"lacre":1000,"oldacre":"1000"},"endType":"normal"}