{"seed":[7356,11394,62277,23693],"turns":19,"p1":"Imp LeAltaria","p2":"Inferno Sasuke","p1team":[{"name":"Altaria","species":"Altaria","item":"altarianite","ability":"Cloud Nine","moves":["healbell","hypervoice","roost","fireblast"],"nature":"Modest","evs":{"hp":100,"atk":0,"def":0,"spa":252,"spd":0,"spe":156},"ivs":{"hp":31,"atk":31,"def":31,"spa":31,"spd":31,"spe":31}},{"name":"Togekiss","species":"Togekiss","item":"leftovers","ability":"Serene Grace","moves":["thunderwave","nastyplot","airslash","dazzlinggleam"],"nature":"Modest","evs":{"hp":252,"atk":0,"def":0,"spa":252,"spd":4,"spe":0},"ivs":{"hp":31,"atk":31,"def":31,"spa":31,"spd":31,"spe":31}},{"name":"Gliscor","species":"Gliscor","item":"toxicorb","ability":"Poison Heal","moves":["fling","earthquake","acrobatics","protect"],"nature":"Adamant","evs":{"hp":108,"atk":252,"def":0,"spa":0,"spd":0,"spe":148},"ivs":{"hp":31,"atk":31,"def":31,"spa":31,"spd":31,"spe":31}},{"name":"Landorus","species":"Landorus","item":"lifeorb","ability":"Sheer Force","moves":["sludgewave","earthpower","calmmind","focusblast"],"nature":"Timid","evs":{"hp":0,"atk":0,"def":0,"spa":252,"spd":4,"spe":252},"ivs":{"hp":31,"atk":31,"def":31,"spa":31,"spd":31,"spe":31}},{"name":"Noivern","species":"Noivern","item":"choicespecs","ability":"Infiltrator","moves":["boomburst","flamethrower","hurricane","dracometeor"],"nature":"Timid","evs":{"hp":0,"atk":0,"def":0,"spa":252,"spd":4,"spe":252},"ivs":{"hp":31,"atk":31,"def":31,"spa":31,"spd":31,"spe":31}},{"name":"Delibird","species":"Delibird","item":"choicescarf","ability":"Hustle","moves":["rapidspin","icepunch","brickbreak","aerialace"],"nature":"Adamant","evs":{"hp":0,"atk":252,"def":0,"spa":0,"spd":4,"spe":252},"ivs":{"hp":31,"atk":31,"def":31,"spa":31,"spd":31,"spe":31}}],"p2team":[{"name":"Breloom","species":"Breloom","item":"focussash","ability":"Technician","moves":["bulletseed","machpunch","rocktomb","spore"],"nature":"Jolly","evs":{"hp":0,"atk":252,"def":4,"spa":0,"spd":0,"spe":252},"shiny":true,"ivs":{"hp":31,"atk":31,"def":31,"spa":31,"spd":31,"spe":31}},{"name":"Cradily","species":"Cradily","item":"leftovers","ability":"Suction Cups","moves":["stoneedge","earthquake","toxic","recover"],"nature":"Careful","evs":{"hp":252,"atk":4,"def":0,"spa":0,"spd":252,"spe":0},"shiny":true,"ivs":{"hp":31,"atk":31,"def":31,"spa":31,"spd":31,"spe":31}},{"name":"Ferrothorn","species":"Ferrothorn","item":"rockyhelmet","ability":"Iron Barbs","moves":["gyroball","spikes","leechseed","stealthrock"],"nature":"Relaxed","evs":{"hp":248,"atk":8,"def":252,"spa":0,"spd":0,"spe":0},"ivs":{"hp":31,"atk":31,"def":31,"spa":31,"spd":31,"spe":0},"shiny":true},{"name":"Rotom-Mow","species":"Rotom-Mow","item":"choicescarf","ability":"Levitate","moves":["leafstorm","thunderbolt","hiddenpowerice","voltswitch"],"nature":"Timid","evs":{"hp":0,"atk":0,"def":0,"spa":252,"spd":4,"spe":252},"ivs":{"hp":31,"atk":30,"def":30,"spa":31,"spd":31,"spe":31},"shiny":true},{"name":"Serperior","species":"Serperior","item":"leftovers","ability":"Contrary","moves":["leafstorm","dragonpulse","hiddenpowerfire","substitute"],"nature":"Timid","evs":{"hp":0,"atk":0,"def":0,"spa":252,"spd":4,"spe":252},"ivs":{"hp":31,"atk":30,"def":31,"spa":30,"spd":31,"spe":30},"shiny":true},{"name":"Venusaur","species":"Venusaur","item":"venusaurite","ability":"Chlorophyll","moves":["sludgebomb","gigadrain","earthquake","synthesis"],"nature":"Calm","evs":{"hp":252,"atk":0,"def":184,"spa":0,"spd":72,"spe":0},"shiny":true,"ivs":{"hp":31,"atk":31,"def":31,"spa":31,"spd":31,"spe":31}}],"log":["|player|p1|Imp LeAltaria|285","|player|p2|Inferno Sasuke|281","|gametype|singles","|gen|6","|tier|Monotype","|rated","|rule|Baton Pass Clause: Limit one Baton Passer, can't pass Spe and other stats simultaneously","|rule|Swagger Clause: Swagger is banned","|rule|Same Type Clause: Pokémon in a team must share a type","|clearpoke","|poke|p1|Altaria, M","|poke|p1|Togekiss, F","|poke|p1|Gliscor, M","|poke|p1|Landorus, M","|poke|p1|Noivern, F","|poke|p1|Delibird, F","|poke|p2|Breloom, M, shiny","|poke|p2|Cradily, F, shiny","|poke|p2|Ferrothorn, F, shiny","|poke|p2|Rotom-Mow, shiny","|poke|p2|Serperior, M, shiny","|poke|p2|Venusaur, M, shiny","|rule|Sleep Clause Mod: Limit one foe put to sleep","|rule|Species Clause: Limit one of each Pokémon","|rule|OHKO Clause: OHKO moves are banned","|rule|Moody Clause: Moody is banned","|rule|Evasion Moves Clause: Evasion moves are banned","|rule|Endless Battle Clause: Forcing endless battles is banned","|rule|HP Percentage Mod: HP is shown in percentages","|teampreview","|","|start","|switch|p1a: Delibird|Delibird, F|231/231","|switch|p2a: Rotom-Mow|Rotom-Mow, shiny|241/241","|turn|1","|","|move|p2a: Rotom-Mow|Thunderbolt|p1a: Delibird","|-supereffective|p1a: Delibird","|-damage|p1a: Delibird|0 fnt","|faint|p1a: Delibird","|","|","|switch|p1a: Noivern|Noivern, F|311/311","|turn|2","|","|move|p2a: Rotom-Mow|Thunderbolt|p1a: Noivern","|-damage|p1a: Noivern|131/311","|move|p1a: Noivern|Flamethrower|p2a: Rotom-Mow","|-supereffective|p2a: Rotom-Mow","|-damage|p2a: Rotom-Mow|0 fnt","|faint|p2a: Rotom-Mow","|","|","|switch|p2a: Cradily|Cradily, F, shiny|376/376","|turn|3","|","|move|p1a: Noivern|Flamethrower|p2a: Cradily","|-crit|p2a: Cradily","|-damage|p2a: Cradily|237/376","|move|p2a: Cradily|Stone Edge|p1a: Noivern","|-supereffective|p1a: Noivern","|-damage|p1a: Noivern|0 fnt","|faint|p1a: Noivern","|","|-heal|p2a: Cradily|260/376|[from] item: Leftovers","|","|switch|p1a: Gliscor|Gliscor, M|318/318","|turn|4","|","|move|p1a: Gliscor|Protect|p1a: Gliscor","|-singleturn|p1a: Gliscor|Protect","|move|p2a: Cradily|Stone Edge|p1a: Gliscor","|-activate|p1a: Gliscor|Protect","|","|-heal|p2a: Cradily|283/376|[from] item: Leftovers","|-status|p1a: Gliscor|tox|[from] item: Toxic Orb","|turn|5","|","|move|p1a: Gliscor|Fling|p2a: Cradily","|-enditem|p1a: Gliscor|Toxic Orb|[from] move: Fling","|-damage|p2a: Cradily|249/376","|-status|p2a: Cradily|tox","|move|p2a: Cradily|Stone Edge|p1a: Gliscor","|-crit|p1a: Gliscor","|-damage|p1a: Gliscor|183/318 tox","|","|-heal|p2a: Cradily|272/376 tox|[from] item: Leftovers","|-heal|p1a: Gliscor|222/318 tox|[from] ability: Poison Heal","|-damage|p2a: Cradily|249/376 tox|[from] psn","|turn|6","|","|move|p1a: Gliscor|Protect|p1a: Gliscor","|-singleturn|p1a: Gliscor|Protect","|move|p2a: Cradily|Stone Edge|p1a: Gliscor","|-activate|p1a: Gliscor|Protect","|","|-heal|p2a: Cradily|272/376 tox|[from] item: Leftovers","|-heal|p1a: Gliscor|261/318 tox|[from] ability: Poison Heal","|-damage|p2a: Cradily|226/376 tox|[from] psn","|turn|7","|","|move|p1a: Gliscor|Acrobatics|p2a: Cradily","|-damage|p2a: Cradily|57/376 tox","|move|p2a: Cradily|Stone Edge|p1a: Gliscor","|-crit|p1a: Gliscor","|-damage|p1a: Gliscor|138/318 tox","|","|-heal|p2a: Cradily|80/376 tox|[from] item: Leftovers","|-heal|p1a: Gliscor|177/318 tox|[from] ability: Poison Heal","|-damage|p2a: Cradily|11/376 tox|[from] psn","|turn|8","|","|move|p1a: Gliscor|Protect|p1a: Gliscor","|-singleturn|p1a: Gliscor|Protect","|move|p2a: Cradily|Stone Edge|p1a: Gliscor","|-activate|p1a: Gliscor|Protect","|","|-heal|p2a: Cradily|34/376 tox|[from] item: Leftovers","|-heal|p1a: Gliscor|216/318 tox|[from] ability: Poison Heal","|-damage|p2a: Cradily|0 fnt|[from] psn","|faint|p2a: Cradily","|","|switch|p2a: Ferrothorn|Ferrothorn, F, shiny|351/351","|turn|9","|","|move|p1a: Gliscor|Earthquake|p2a: Ferrothorn","|-damage|p2a: Ferrothorn|255/351","|move|p2a: Ferrothorn|Spikes|p1a: Gliscor","|-sidestart|p1: Imp LeAltaria|Spikes","|","|-heal|p1a: Gliscor|255/318 tox|[from] ability: Poison Heal","|turn|10","|","|move|p1a: Gliscor|Earthquake|p2a: Ferrothorn","|-damage|p2a: Ferrothorn|165/351","|move|p2a: Ferrothorn|Stealth Rock|p1a: Gliscor","|-sidestart|p1: Imp LeAltaria|move: Stealth Rock","|","|-heal|p1a: Gliscor|294/318 tox|[from] ability: Poison Heal","|turn|11","|","|move|p1a: Gliscor|Earthquake|p2a: Ferrothorn","|-damage|p2a: Ferrothorn|66/351","|move|p2a: Ferrothorn|Gyro Ball|p1a: Gliscor","|-damage|p1a: Gliscor|149/318 tox","|","|-heal|p1a: Gliscor|188/318 tox|[from] ability: Poison Heal","|turn|12","|","|move|p1a: Gliscor|Protect|p1a: Gliscor","|-singleturn|p1a: Gliscor|Protect","|move|p2a: Ferrothorn|Gyro Ball|p1a: Gliscor","|-activate|p1a: Gliscor|Protect","|","|-heal|p1a: Gliscor|227/318 tox|[from] ability: Poison Heal","|turn|13","|","|move|p1a: Gliscor|Earthquake|p2a: Ferrothorn","|-damage|p2a: Ferrothorn|0 fnt","|faint|p2a: Ferrothorn","|","|-heal|p1a: Gliscor|266/318 tox|[from] ability: Poison Heal","|","|switch|p2a: Breloom|Breloom, M, shiny|261/261","|turn|14","|","|move|p1a: Gliscor|Acrobatics|p2a: Breloom","|-supereffective|p2a: Breloom","|-enditem|p2a: Breloom|Focus Sash","|-damage|p2a: Breloom|1/261","|move|p2a: Breloom|Spore|p1a: Gliscor","|-fail|p1a: Gliscor","|","|-heal|p1a: Gliscor|305/318 tox|[from] ability: Poison Heal","|turn|15","|","|move|p2a: Breloom|Mach Punch|p1a: Gliscor","|-resisted|p1a: Gliscor","|-damage|p1a: Gliscor|260/318 tox","|move|p1a: Gliscor|Acrobatics|p2a: Breloom","|-supereffective|p2a: Breloom","|-damage|p2a: Breloom|0 fnt","|faint|p2a: Breloom","|","|-heal|p1a: Gliscor|299/318 tox|[from] ability: Poison Heal","|","|switch|p2a: Serperior|Serperior, M, shiny|291/291","|turn|16","|","|move|p2a: Serperior|Leaf Storm|p1a: Gliscor","|-damage|p1a: Gliscor|104/318 tox","|-boost|p2a: Serperior|spa|2","|move|p1a: Gliscor|Acrobatics|p2a: Serperior","|-supereffective|p2a: Serperior","|-damage|p2a: Serperior|0 fnt","|faint|p2a: Serperior","|","|-heal|p1a: Gliscor|143/318 tox|[from] ability: Poison Heal","|","|switch|p2a: Venusaur|Venusaur, M, shiny|364/364","|turn|17","|","|detailschange|p2a: Venusaur|Venusaur-Mega, M, shiny","|-mega|p2a: Venusaur|Venusaur|Venusaurite","|move|p1a: Gliscor|Protect|p1a: Gliscor","|-singleturn|p1a: Gliscor|Protect","|move|p2a: Venusaur|Giga Drain|p1a: Gliscor","|-activate|p1a: Gliscor|Protect","|","|-heal|p1a: Gliscor|182/318 tox|[from] ability: Poison Heal","|turn|18","|","|move|p1a: Gliscor|Acrobatics|p2a: Venusaur","|-supereffective|p2a: Venusaur","|-damage|p2a: Venusaur|98/364","|move|p2a: Venusaur|Giga Drain|p1a: Gliscor","|-damage|p1a: Gliscor|41/318 tox","|-heal|p2a: Venusaur|169/364|[from] drain|[of] p1a: Gliscor","|","|-heal|p1a: Gliscor|80/318 tox|[from] ability: Poison Heal","|turn|19","|","|move|p1a: Gliscor|Acrobatics|p2a: Venusaur","|-supereffective|p2a: Venusaur","|-damage|p2a: Venusaur|0 fnt","|faint|p2a: Venusaur","|","|win|Imp LeAltaria"],"p1rating":{"entryid":"7519882","serverid":"eos","formatid":"monotype","userid":"implealtaria","username":"Imp LeAltaria","w":3,"l":"0","t":"0","gxe":60.2,"r":"1500","rd":"130","sigma":"0","rptime":"1439110800","rpr":1582.1170012243,"rprd":111.97036698598,"rpsigma":"0","acre":1114.951673376,"lacre":1114.951673376,"oldacre":"1094.1374530951"},"p2rating":{"entryid":"7291991","serverid":"eos","formatid":"monotype","userid":"infernosasuke","username":"Inferno Sasuke","w":"16","l":63,"t":"0","gxe":23.5,"r":"1282.9651093941","rd":"44.926715965938","sigma":"0","rptime":"1439110800","rpr":1276.1131155566,"rprd":43.286163496463,"rpsigma":"0","acre":1014.1591496097,"lacre":1014.1591496097,"oldacre":"1025.2478779408"},"endType":"normal"}