{"seed":[18446,19711,63926,11629],"turns":34,"p1":"void blope","p2":"Alliance - Mxy","p1team":[{"name":"Rotom-Wash","species":"Rotom-Wash","item":"leftovers","ability":"Levitate","moves":["painsplit","hydropump","willowisp","voltswitch"],"nature":"Timid","evs":{"hp":252,"atk":0,"def":128,"spa":0,"spd":128,"spe":0},"shiny":true,"ivs":{"hp":31,"atk":31,"def":31,"spa":31,"spd":31,"spe":31}},{"name":"Eelektross","species":"Eelektross","item":"assaultvest","ability":"Levitate","moves":["knockoff","flamethrower","voltswitch","gigadrain"],"nature":"Quiet","evs":{"hp":236,"atk":0,"def":16,"spa":252,"spd":0,"spe":0},"shiny":true,"ivs":{"hp":31,"atk":31,"def":31,"spa":31,"spd":31,"spe":31}},{"name":"Magnezone","species":"Magnezone","item":"choicespecs","ability":"Sturdy","moves":["thunderbolt","flashcannon","voltswitch","hiddenpowerice"],"nature":"Modest","evs":{"hp":0,"atk":0,"def":4,"spa":252,"spd":0,"spe":252},"ivs":{"hp":31,"atk":0,"def":30,"spa":31,"spd":31,"spe":31},"shiny":true},{"name":"Zapdos","species":"Zapdos","item":"leftovers","ability":"Pressure","moves":["roost","heatwave","discharge","defog"],"nature":"Calm","evs":{"hp":252,"atk":0,"def":0,"spa":4,"spd":252,"spe":0},"ivs":{"hp":31,"atk":0,"def":30,"spa":31,"spd":31,"spe":31},"shiny":true},{"name":"Electivire","species":"Electivire","item":"choicescarf","ability":"Vital Spirit","moves":["crosschop","wildcharge","earthquake","icepunch"],"nature":"Jolly","evs":{"hp":0,"atk":252,"def":0,"spa":0,"spd":4,"spe":252},"gender":"M","shiny":true,"ivs":{"hp":31,"atk":31,"def":31,"spa":31,"spd":31,"spe":31}},{"name":"Thundurus","species":"Thundurus","item":"focussash","ability":"Prankster","moves":["nastyplot","hiddenpowerice","psychic","sludgebomb"],"nature":"Timid","evs":{"hp":4,"atk":0,"def":0,"spa":252,"spd":0,"spe":252},"ivs":{"hp":31,"atk":30,"def":30,"spa":31,"spd":31,"spe":31},"shiny":true}],"p2team":[{"name":"Beedrill","species":"Beedrill","item":"beedrillite","ability":"Swarm","moves":["uturn","poisonjab","drillrun","protect"],"nature":"Jolly","evs":{"hp":0,"atk":252,"def":0,"spa":0,"spd":4,"spe":252},"ivs":{"hp":31,"atk":31,"def":31,"spa":31,"spd":31,"spe":31}},{"name":"Weezing","species":"Weezing","item":"blacksludge","ability":"Levitate","moves":["fireblast","sludgewave","willowisp","painsplit"],"nature":"Bold","evs":{"hp":248,"atk":0,"def":252,"spa":8,"spd":0,"spe":0},"ivs":{"hp":31,"atk":31,"def":31,"spa":31,"spd":31,"spe":31}},{"name":"Venusaur","species":"Venusaur","item":"venusaurite","ability":"Overgrow","moves":["seedbomb","earthquake","curse","synthesis"],"nature":"Sassy","evs":{"hp":248,"atk":60,"def":80,"spa":0,"spd":120,"spe":0},"ivs":{"hp":31,"atk":31,"def":31,"spa":31,"spd":31,"spe":31}},{"name":"Gengar","species":"Gengar","item":"focussash","ability":"Levitate","moves":["shadowball","sludgewave","dazzlinggleam","destinybond"],"nature":"Timid","evs":{"hp":0,"atk":0,"def":0,"spa":252,"spd":4,"spe":252},"ivs":{"hp":31,"atk":31,"def":31,"spa":31,"spd":31,"spe":31}},{"name":"Drapion","species":"Drapion","item":"airballoon","ability":"Sniper","moves":["knockoff","nightslash","poisonjab","rockslide"],"nature":"Jolly","evs":{"hp":0,"atk":252,"def":0,"spa":0,"spd":4,"spe":252},"ivs":{"hp":31,"atk":31,"def":31,"spa":31,"spd":31,"spe":31}},{"name":"Tentacruel","species":"Tentacruel","item":"choicescarf","ability":"Liquid Ooze","moves":["surf","rapidspin","icebeam","sludgewave"],"nature":"Modest","evs":{"hp":0,"atk":0,"def":0,"spa":252,"spd":4,"spe":252},"ivs":{"hp":31,"atk":31,"def":31,"spa":31,"spd":31,"spe":31}}],"log":["|player|p1|void blope|154","|player|p2|Alliance - Mxy|270","|gametype|singles","|gen|6","|tier|Monotype","|rated","|rule|Baton Pass Clause: Limit one Baton Passer, can't pass Spe and other stats simultaneously","|rule|Swagger Clause: Swagger is banned","|rule|Same Type Clause: Pokémon in a team must share a type","|clearpoke","|poke|p1|Rotom-Wash, shiny","|poke|p1|Eelektross, F, shiny","|poke|p1|Magnezone, shiny","|poke|p1|Zapdos, shiny","|poke|p1|Electivire, M, shiny","|poke|p1|Thundurus, M, shiny","|poke|p2|Beedrill, M","|poke|p2|Weezing, M","|poke|p2|Venusaur, F","|poke|p2|Gengar, F","|poke|p2|Drapion, M","|poke|p2|Tentacruel, M","|rule|Sleep Clause Mod: Limit one foe put to sleep","|rule|Species Clause: Limit one of each Pokémon","|rule|OHKO Clause: OHKO moves are banned","|rule|Moody Clause: Moody is banned","|rule|Evasion Moves Clause: Evasion moves are banned","|rule|Endless Battle Clause: Forcing endless battles is banned","|rule|HP Percentage Mod: HP is shown in percentages","|teampreview","|","|start","|switch|p1a: Thundurus|Thundurus, M, shiny|300/300","|switch|p2a: Drapion|Drapion, M|281/281","|-item|p2a: Drapion|Air Balloon","|turn|1","|","|move|p1a: Thundurus|Nasty Plot|p1a: Thundurus","|-boost|p1a: Thundurus|spa|2","|move|p2a: Drapion|Knock Off|p1a: Thundurus","|-damage|p1a: Thundurus|128/300","|-enditem|p1a: Thundurus|Focus Sash|[from] move: Knock Off|[of] p2a: Drapion","|","|turn|2","|","|move|p1a: Thundurus|Hidden Power|p2a: Drapion","|-damage|p2a: Drapion|91/281","|-enditem|p2a: Drapion|Air Balloon","|move|p2a: Drapion|Night Slash|p1a: Thundurus","|-damage|p1a: Thundurus|0 fnt","|faint|p1a: Thundurus","|","|","|switch|p1a: Electivire|Electivire, M, shiny|291/291","|turn|3","|","|switch|p2a: Weezing|Weezing, M|333/333","|move|p1a: Electivire|Earthquake|p2a: Weezing","|-immune|p2a: Weezing|[msg]","|","|turn|4","|","|switch|p1a: Rotom-Wash|Rotom-Wash, shiny|304/304","|move|p2a: Weezing|Will-O-Wisp|p1a: Rotom-Wash","|-status|p1a: Rotom-Wash|brn","|","|-damage|p1a: Rotom-Wash|266/304 brn|[from] brn","|turn|5","|","|switch|p2a: Drapion|Drapion, M|91/281","|move|p1a: Rotom-Wash|Hydro Pump|p2a: Drapion","|-damage|p2a: Drapion|0 fnt","|faint|p2a: Drapion","|","|-heal|p1a: Rotom-Wash|285/304 brn|[from] item: Leftovers","|-damage|p1a: Rotom-Wash|247/304 brn|[from] brn","|","|switch|p2a: Venusaur|Venusaur, F|363/363","|turn|6","|","|move|p1a: Rotom-Wash|Volt Switch|p2a: Venusaur","|-resisted|p2a: Venusaur","|-damage|p2a: Venusaur|327/363","|","|switch|p1a: Magnezone|Magnezone, shiny|281/281","|move|p2a: Venusaur|Curse|p2a: Venusaur","|-unboost|p2a: Venusaur|spe|1","|-boost|p2a: Venusaur|atk|1","|-boost|p2a: Venusaur|def|1","|","|turn|7","|","|move|p1a: Magnezone|Hidden Power|p2a: Venusaur","|-supereffective|p2a: Venusaur","|-damage|p2a: Venusaur|129/363","|move|p2a: Venusaur|Earthquake|p1a: Magnezone","|-supereffective|p1a: Magnezone","|-ability|p1a: Magnezone|Sturdy","|-damage|p1a: Magnezone|1/281","|","|turn|8","|","|switch|p2a: Tentacruel|Tentacruel, M|301/301","|move|p1a: Magnezone|Hidden Power|p2a: Tentacruel","|-resisted|p2a: Tentacruel","|-damage|p2a: Tentacruel|251/301","|","|turn|9","|","|switch|p1a: Rotom-Wash|Rotom-Wash, shiny|247/304 brn","|move|p2a: Tentacruel|Surf|p1a: Rotom-Wash","|-resisted|p1a: Rotom-Wash","|-damage|p1a: Rotom-Wash|198/304 brn","|","|-heal|p1a: Rotom-Wash|217/304 brn|[from] item: Leftovers","|-damage|p1a: Rotom-Wash|179/304 brn|[from] brn","|turn|10","|","|move|p2a: Tentacruel|Surf|p1a: Rotom-Wash","|-resisted|p1a: Rotom-Wash","|-damage|p1a: Rotom-Wash|126/304 brn","|move|p1a: Rotom-Wash|Volt Switch|p2a: Tentacruel","|-supereffective|p2a: Tentacruel","|-damage|p2a: Tentacruel|95/301","|","|switch|p1a: Zapdos|Zapdos, shiny|384/384","|-ability|p1a: Zapdos|Pressure","|","|turn|11","|","|move|p2a: Tentacruel|Surf|p1a: Zapdos","|-damage|p1a: Zapdos|293/384","|move|p1a: Zapdos|Discharge|p2a: Tentacruel","|-supereffective|p2a: Tentacruel","|-damage|p2a: Tentacruel|0 fnt","|faint|p2a: Tentacruel","|","|-heal|p1a: Zapdos|317/384|[from] item: Leftovers","|","|switch|p2a: Gengar|Gengar, F|261/261","|turn|12","|","|move|p2a: Gengar|Sludge Wave|p1a: Zapdos","|-damage|p1a: Zapdos|178/384","|move|p1a: Zapdos|Discharge|p2a: Gengar","|-damage|p2a: Gengar|125/261","|","|-heal|p1a: Zapdos|202/384|[from] item: Leftovers","|turn|13","|","|switch|p1a: Magnezone|Magnezone, shiny|1/281","|move|p2a: Gengar|Destiny Bond|p2a: Gengar","|-singlemove|p2a: Gengar|Destiny Bond","|","|turn|14","|","|switch|p2a: Venusaur|Venusaur, F|129/363","|move|p1a: Magnezone|Volt Switch|p2a: Venusaur","|-resisted|p2a: Venusaur","|-damage|p2a: Venusaur|40/363","|","|switch|p1a: Zapdos|Zapdos, shiny|202/384","|-ability|p1a: Zapdos|Pressure","|","|-heal|p1a: Zapdos|226/384|[from] item: Leftovers","|turn|15","|","|move|p1a: Zapdos|Heat Wave|p2a: Venusaur","|-supereffective|p2a: Venusaur","|-damage|p2a: Venusaur|0 fnt","|faint|p2a: Venusaur","|","|-heal|p1a: Zapdos|250/384|[from] item: Leftovers","|","|switch|p2a: Beedrill|Beedrill, M|271/271","|turn|16","|","|detailschange|p2a: Beedrill|Beedrill-Mega, M","|-mega|p2a: Beedrill|Beedrill|Beedrillite","|move|p2a: Beedrill|Poison Jab|p1a: Zapdos","|-damage|p1a: Zapdos|22/384","|move|p1a: Zapdos|Heat Wave|p2a: Beedrill","|-supereffective|p2a: Beedrill","|-damage|p2a: Beedrill|65/271","|","|-heal|p1a: Zapdos|46/384|[from] item: Leftovers","|turn|17","|","|switch|p1a: Magnezone|Magnezone, shiny|1/281","|move|p2a: Beedrill|Poison Jab|p1a: Magnezone","|-immune|p1a: Magnezone|[msg]","|","|turn|18","|","|move|p2a: Beedrill|Drill Run|p1a: Magnezone","|-supereffective|p1a: Magnezone","|-damage|p1a: Magnezone|0 fnt","|faint|p1a: Magnezone","|","|","|switch|p1a: Electivire|Electivire, M, shiny|291/291","|turn|19","|","|move|p2a: Beedrill|Protect|p2a: Beedrill","|-singleturn|p2a: Beedrill|Protect","|move|p1a: Electivire|Ice Punch|p2a: Beedrill","|-activate|p2a: Beedrill|Protect","|","|turn|20","|","|switch|p2a: Weezing|Weezing, M|333/333","|move|p1a: Electivire|Ice Punch|p2a: Weezing","|-damage|p2a: Weezing|282/333","|","|-heal|p2a: Weezing|302/333|[from] item: Black Sludge","|turn|21","|","|switch|p1a: Rotom-Wash|Rotom-Wash, shiny|126/304 brn","|move|p2a: Weezing|Sludge Wave|p1a: Rotom-Wash","|-crit|p1a: Rotom-Wash","|-damage|p1a: Rotom-Wash|0 fnt","|faint|p1a: Rotom-Wash","|","|-heal|p2a: Weezing|322/333|[from] item: Black Sludge","|","|switch|p1a: Zapdos|Zapdos, shiny|46/384","|-ability|p1a: Zapdos|Pressure","|turn|22","|","|move|p1a: Zapdos|Roost|p1a: Zapdos","|-heal|p1a: Zapdos|238/384","|move|p2a: Weezing|Will-O-Wisp|p1a: Zapdos","|-status|p1a: Zapdos|brn","|","|-heal|p1a: Zapdos|262/384 brn|[from] item: Leftovers","|-heal|p2a: Weezing|333/333|[from] item: Black Sludge","|-damage|p1a: Zapdos|214/384 brn|[from] brn","|turn|23","|","|move|p1a: Zapdos|Discharge|p2a: Weezing","|-damage|p2a: Weezing|188/333","|move|p2a: Weezing|Sludge Wave|p1a: Zapdos","|-damage|p1a: Zapdos|138/384 brn","|","|-heal|p1a: Zapdos|162/384 brn|[from] item: Leftovers","|-heal|p2a: Weezing|208/333|[from] item: Black Sludge","|-damage|p1a: Zapdos|114/384 brn|[from] brn","|turn|24","|","|move|p1a: Zapdos|Roost|p1a: Zapdos","|-heal|p1a: Zapdos|306/384 brn","|move|p2a: Weezing|Sludge Wave|p1a: Zapdos","|-damage|p1a: Zapdos|224/384 brn","|","|-heal|p1a: Zapdos|248/384 brn|[from] item: Leftovers","|-heal|p2a: Weezing|228/333|[from] item: Black Sludge","|-damage|p1a: Zapdos|200/384 brn|[from] brn","|turn|25","|","|move|p1a: Zapdos|Roost|p1a: Zapdos","|-heal|p1a: Zapdos|384/384 brn","|move|p2a: Weezing|Sludge Wave|p1a: Zapdos","|-damage|p1a: Zapdos|311/384 brn","|","|-heal|p1a: Zapdos|335/384 brn|[from] item: Leftovers","|-heal|p2a: Weezing|248/333|[from] item: Black Sludge","|-damage|p1a: Zapdos|287/384 brn|[from] brn","|turn|26","|","|move|p1a: Zapdos|Discharge|p2a: Weezing","|-damage|p2a: Weezing|104/333","|move|p2a: Weezing|Pain Split|p1a: Zapdos","|-sethp|p1a: Zapdos|195/384 brn|p2a: Weezing|195/333|[from] move: Pain Split","|","|-heal|p1a: Zapdos|219/384 brn|[from] item: Leftovers","|-heal|p2a: Weezing|215/333|[from] item: Black Sludge","|-damage|p1a: Zapdos|171/384 brn|[from] brn","|turn|27","|","|move|p1a: Zapdos|Discharge|p2a: Weezing","|-damage|p2a: Weezing|71/333","|move|p2a: Weezing|Sludge Wave|p1a: Zapdos","|-damage|p1a: Zapdos|99/384 brn","|","|-heal|p1a: Zapdos|123/384 brn|[from] item: Leftovers","|-heal|p2a: Weezing|91/333|[from] item: Black Sludge","|-damage|p1a: Zapdos|75/384 brn|[from] brn","|turn|28","|","|switch|p2a: Beedrill|Beedrill-Mega, M|65/271","|move|p1a: Zapdos|Discharge|p2a: Beedrill","|-damage|p2a: Beedrill|0 fnt","|faint|p2a: Beedrill","|","|-heal|p1a: Zapdos|99/384 brn|[from] item: Leftovers","|-damage|p1a: Zapdos|51/384 brn|[from] brn","|","|switch|p2a: Gengar|Gengar, F|125/261","|turn|29","|","|move|p2a: Gengar|Shadow Ball|p1a: Zapdos","|-damage|p1a: Zapdos|0 fnt","|faint|p1a: Zapdos","|","|","|switch|p1a: Eelektross|Eelektross, F, shiny|370/370","|turn|30","|","|switch|p1a: Electivire|Electivire, M, shiny|291/291","|move|p2a: Gengar|Destiny Bond|p2a: Gengar","|-singlemove|p2a: Gengar|Destiny Bond","|","|turn|31","|","|move|p1a: Electivire|Wild Charge|p2a: Gengar","|-damage|p2a: Gengar|0 fnt","|-damage|p1a: Electivire|260/291|[from] recoil|[of] p2a: Gengar","|faint|p2a: Gengar","|-activate|p2a: Gengar|Destiny Bond","|faint|p1a: Electivire","|","|","|switch|p2a: Weezing|Weezing, M|91/333","|switch|p1a: Eelektross|Eelektross, F, shiny|370/370","|turn|32","|","|move|p2a: Weezing|Pain Split|p1a: Eelektross","|-sethp|p1a: Eelektross|230/370|p2a: Weezing|230/333|[from] move: Pain Split","|move|p1a: Eelektross|Flamethrower|p2a: Weezing","|-damage|p2a: Weezing|100/333","|","|-heal|p2a: Weezing|120/333|[from] item: Black Sludge","|turn|33","|","|move|p2a: Weezing|Pain Split|p1a: Eelektross","|-sethp|p1a: Eelektross|175/370|p2a: Weezing|175/333|[from] move: Pain Split","|move|p1a: Eelektross|Flamethrower|p2a: Weezing","|-damage|p2a: Weezing|36/333","|","|-heal|p2a: Weezing|56/333|[from] item: Black Sludge","|turn|34","|","|move|p2a: Weezing|Pain Split|p1a: Eelektross","|-sethp|p1a: Eelektross|115/370|p2a: Weezing|115/333|[from] move: Pain Split","|move|p1a: Eelektross|Flamethrower|p2a: Weezing","|-damage|p2a: Weezing|0 fnt","|faint|p2a: Weezing","|","|win|void blope"],"p1rating":{"entryid":7508271,"formatid":"monotype","userid":"voidblope","username":"void blope","r":1500,"rd":130,"sigma":0,"rpr":1555.6859271433,"rprd":122.53026009391,"rpsigma":0,"rptime":1439110800,"w":1,"l":0,"t":0,"gxe":56.9,"acre":1058.9871817949,"lacre":1058.9871817949,"oldacre":1000},"p2rating":{"entryid":"6690851","serverid":"eos","formatid":"monotype","userid":"alliancemxy","username":"Alliance - Mxy","w":"68","l":38,"t":"0","gxe":63,"r":"1607.7140738408","rd":"38.746294404599","sigma":"0","rptime":"1439110800","rpr":1600.3165766463,"rprd":38.184409670624,"rpsigma":"0","acre":1142.4423491306,"lacre":1142.4423491306,"oldacre":"1179.3093377524"},"endType":"normal"}