{"seed":[2566,36131,12814,168],"turns":18,"p1":"Emg E4 Zap","p2":"Crystal Methology","p1team":[{"name":"Cloyster","species":"Cloyster","item":"focussash","ability":"Skill Link","moves":["shellsmash","iciclespear","rockblast","hydropump"],"nature":"Jolly","evs":{"hp":0,"atk":252,"def":0,"spa":0,"spd":4,"spe":252},"ivs":{"hp":31,"atk":31,"def":31,"spa":31,"spd":31,"spe":31}},{"name":"Kyurem-Black","species":"Kyurem-Black","item":"choicescarf","ability":"Teravolt","moves":["earthpower","outrage","stoneedge","fusionbolt"],"nature":"Naive","evs":{"hp":0,"atk":252,"def":0,"spa":4,"spd":0,"spe":252},"ivs":{"hp":31,"atk":31,"def":31,"spa":31,"spd":31,"spe":31}},{"name":"Weavile","species":"Weavile","item":"focussash","ability":"Pickpocket","moves":["knockoff","iciclecrash","fakeout","swordsdance"],"nature":"Jolly","evs":{"hp":0,"atk":252,"def":0,"spa":0,"spd":4,"spe":252},"ivs":{"hp":31,"atk":31,"def":31,"spa":31,"spd":31,"spe":31}},{"name":"Froslass","species":"Froslass","item":"focussash","ability":"Cursed Body","moves":["taunt","icebeam","thunderwave","destinybond"],"nature":"Timid","evs":{"hp":0,"atk":0,"def":0,"spa":252,"spd":4,"spe":252},"ivs":{"hp":31,"atk":31,"def":31,"spa":31,"spd":31,"spe":31}},{"name":"Avalugg","species":"Avalugg","item":"leftovers","ability":"Sturdy","moves":["rapidspin","toxic","avalanche","recover"],"nature":"Relaxed","evs":{"hp":252,"atk":4,"def":252,"spa":0,"spd":0,"spe":0},"ivs":{"hp":31,"atk":31,"def":31,"spa":31,"spd":31,"spe":0}},{"name":"Mamoswine","species":"Mamoswine","item":"choiceband","ability":"Thick Fat","moves":["earthquake","iceshard","iciclecrash","rockslide"],"nature":"Adamant","evs":{"hp":248,"atk":252,"def":0,"spa":0,"spd":8,"spe":0},"ivs":{"hp":31,"atk":31,"def":31,"spa":31,"spd":31,"spe":31}}],"p2team":[{"name":"Aerosmith","species":"aerodactyl","item":"aerodactylite","ability":"Pressure","moves":["aerialace","stoneedge","icefang","taunt"],"nature":"Adamant","evs":{"hp":0,"atk":252,"def":0,"spa":0,"spd":4,"spe":252},"ivs":{"hp":31,"atk":31,"def":31,"spa":31,"spd":31,"spe":31}},{"name":"ShuckleVoodoos","species":"shuckle","item":"mentalherb","ability":"Sturdy","moves":["stealthrock","stickyweb","encore","knockoff"],"nature":"Bold","evs":{"hp":248,"atk":0,"def":252,"spa":0,"spd":8,"spe":0},"ivs":{"hp":31,"atk":31,"def":31,"spa":31,"spd":31,"spe":31}},{"name":"Kraid-ily","species":"cradily","item":"leftovers","ability":"Storm Drain","moves":["stealthrock","gigadrain","mirrorcoat","recover"],"nature":"Calm","evs":{"hp":252,"atk":0,"def":0,"spa":4,"spd":252,"spe":0},"ivs":{"hp":31,"atk":31,"def":31,"spa":31,"spd":31,"spe":31}},{"name":"Tyranitard","species":"tyranitar","item":"assaultvest","ability":"Sand Stream","moves":["stoneedge","crunch","fireblast","icepunch"],"nature":"Sassy","evs":{"hp":248,"atk":0,"def":0,"spa":8,"spd":252,"spe":0},"ivs":{"hp":31,"atk":31,"def":31,"spa":31,"spd":31,"spe":31}},{"name":"Terry","species":"terrakion","item":"choicescarf","ability":"Justified","moves":["closecombat","stoneedge","earthquake","ironhead"],"nature":"Jolly","evs":{"hp":0,"atk":252,"def":0,"spa":0,"spd":4,"spe":252},"ivs":{"hp":31,"atk":31,"def":31,"spa":31,"spd":31,"spe":31}},{"name":"Omastar","species":"Omastar","item":"focussash","ability":"Weak Armor","moves":["scald","shellsmash","icebeam","hiddenpowergrass"],"nature":"Modest","evs":{"hp":0,"atk":0,"def":0,"spa":252,"spd":4,"spe":252},"ivs":{"hp":31,"atk":30,"def":31,"spa":30,"spd":31,"spe":31}}],"log":["|player|p1|Emg E4 Zap|224","|player|p2|Crystal Methology|265","|gametype|singles","|gen|6","|tier|Monotype","|rated","|rule|Baton Pass Clause: Limit one Baton Passer, can't pass Spe and other stats simultaneously","|rule|Swagger Clause: Swagger is banned","|rule|Same Type Clause: Pokémon in a team must share a type","|clearpoke","|poke|p1|Cloyster, F","|poke|p1|Kyurem-Black","|poke|p1|Weavile, F","|poke|p1|Froslass, F","|poke|p1|Avalugg, F","|poke|p1|Mamoswine, F","|poke|p2|Aerodactyl, F","|poke|p2|Shuckle, F","|poke|p2|Cradily, F","|poke|p2|Tyranitar, M","|poke|p2|Terrakion","|poke|p2|Omastar, M","|rule|Sleep Clause Mod: Limit one foe put to sleep","|rule|Species Clause: Limit one of each Pokémon","|rule|OHKO Clause: OHKO moves are banned","|rule|Moody Clause: Moody is banned","|rule|Evasion Moves Clause: Evasion moves are banned","|rule|Endless Battle Clause: Forcing endless battles is banned","|rule|HP Percentage Mod: HP is shown in percentages","|teampreview","|","|start","|switch|p1a: Mamoswine|Mamoswine, F|423/423","|switch|p2a: ShuckleVoodoos|Shuckle, F|243/243","|turn|1","|","|move|p1a: Mamoswine|Icicle Crash|p2a: ShuckleVoodoos","|-damage|p2a: ShuckleVoodoos|153/243","|move|p2a: ShuckleVoodoos|Sticky Web|p1a: Mamoswine","|-sidestart|p1: Emg E4 Zap|move: Sticky Web","|","|turn|2","|","|move|p1a: Mamoswine|Icicle Crash|p2a: ShuckleVoodoos","|-damage|p2a: ShuckleVoodoos|59/243","|move|p2a: ShuckleVoodoos|Stealth Rock|p1a: Mamoswine","|-sidestart|p1: Emg E4 Zap|move: Stealth Rock","|","|turn|3","|","|move|p1a: Mamoswine|Icicle Crash|p2a: ShuckleVoodoos","|-damage|p2a: ShuckleVoodoos|0 fnt","|faint|p2a: ShuckleVoodoos","|","|","|switch|p2a: Omastar|Omastar, M|281/281","|turn|4","|","|move|p2a: Omastar|Scald|p1a: Mamoswine","|-supereffective|p1a: Mamoswine","|-damage|p1a: Mamoswine|0 fnt","|faint|p1a: Mamoswine","|","|","|switch|p1a: Kyurem-Black|Kyurem-Black|391/391","|-damage|p1a: Kyurem-Black|294/391|[from] Stealth Rock","|-activate|p1a: Kyurem-Black|move: Sticky Web","|-unboost|p1a: Kyurem-Black|spe|1","|-ability|p1a: Kyurem-Black|Teravolt","|turn|5","|","|move|p1a: Kyurem-Black|Fusion Bolt|p2a: Omastar","|-supereffective|p2a: Omastar","|-damage|p2a: Omastar|51/281","|-unboost|p2a: Omastar|def|1|[from] ability: Weak Armor","|-boost|p2a: Omastar|spe|1|[from] ability: Weak Armor","|move|p2a: Omastar|Shell Smash|p2a: Omastar","|-unboost|p2a: Omastar|def|1","|-unboost|p2a: Omastar|spd|1","|-boost|p2a: Omastar|atk|2","|-boost|p2a: Omastar|spa|2","|-boost|p2a: Omastar|spe|2","|","|turn|6","|","|move|p2a: Omastar|Ice Beam|p1a: Kyurem-Black","|-crit|p1a: Kyurem-Black","|-damage|p1a: Kyurem-Black|0 fnt","|faint|p1a: Kyurem-Black","|","|","|switch|p1a: Weavile|Weavile, F|281/281","|-damage|p1a: Weavile|211/281|[from] Stealth Rock","|-activate|p1a: Weavile|move: Sticky Web","|-unboost|p1a: Weavile|spe|1","|turn|7","|","|move|p1a: Weavile|Fake Out|p2a: Omastar","|-resisted|p2a: Omastar","|-damage|p2a: Omastar|14/281","|-unboost|p2a: Omastar|def|1|[from] ability: Weak Armor","|-boost|p2a: Omastar|spe|1|[from] ability: Weak Armor","|cant|p2a: Omastar|flinch","|","|turn|8","|","|switch|p1a: Froslass|Froslass, F|281/281","|-activate|p1a: Froslass|move: Sticky Web","|-unboost|p1a: Froslass|spe|1","|-damage|p1a: Froslass|211/281|[from] Stealth Rock","|move|p2a: Omastar|Scald|p1a: Froslass","|-damage|p1a: Froslass|0 fnt","|-start|p2a: Omastar|Disable|Scald","|faint|p1a: Froslass","|","|","|switch|p1a: Weavile|Weavile, F|211/281","|-activate|p1a: Weavile|move: Sticky Web","|-unboost|p1a: Weavile|spe|1","|-damage|p1a: Weavile|141/281|[from] Stealth Rock","|turn|9","|","|move|p1a: Weavile|Fake Out|p2a: Omastar","|-resisted|p2a: Omastar","|-damage|p2a: Omastar|0 fnt","|faint|p2a: Omastar","|","|","|switch|p2a: Aerosmith|Aerodactyl, F|301/301","|-ability|p2a: Aerosmith|Pressure","|turn|10","|","|switch|p1a: Avalugg|Avalugg, F|394/394","|-damage|p1a: Avalugg|296/394|[from] Stealth Rock","|-activate|p1a: Avalugg|move: Sticky Web","|-unboost|p1a: Avalugg|spe|1","|detailschange|p2a: Aerosmith|Aerodactyl-Mega, F","|-mega|p2a: Aerosmith|Aerodactyl|Aerodactylite","|move|p2a: Aerosmith|Aerial Ace|p1a: Avalugg","|-damage|p1a: Avalugg|227/394","|","|-heal|p1a: Avalugg|251/394|[from] item: Leftovers","|turn|11","|","|move|p2a: Aerosmith|Stone Edge|p1a: Avalugg","|-supereffective|p1a: Avalugg","|-damage|p1a: Avalugg|51/394","|move|p1a: Avalugg|Rapid Spin|p2a: Aerosmith","|-resisted|p2a: Aerosmith","|-damage|p2a: Aerosmith|291/301","|-sideend|p1: Emg E4 Zap|Stealth Rock|[from] move: Rapid Spin|[of] p1a: Avalugg","|-sideend|p1: Emg E4 Zap|Sticky Web|[from] move: Rapid Spin|[of] p1a: Avalugg","|","|-heal|p1a: Avalugg|75/394|[from] item: Leftovers","|turn|12","|","|move|p2a: Aerosmith|Stone Edge|p1a: Avalugg","|-supereffective|p1a: Avalugg","|-damage|p1a: Avalugg|0 fnt","|faint|p1a: Avalugg","|","|","|switch|p1a: Cloyster|Cloyster, F|241/241","|turn|13","|","|move|p2a: Aerosmith|Stone Edge|p1a: Cloyster","|-supereffective|p1a: Cloyster","|-damage|p1a: Cloyster|23/241","|move|p1a: Cloyster|Shell Smash|p1a: Cloyster","|-unboost|p1a: Cloyster|def|1","|-unboost|p1a: Cloyster|spd|1","|-boost|p1a: Cloyster|atk|2","|-boost|p1a: Cloyster|spa|2","|-boost|p1a: Cloyster|spe|2","|","|turn|14","|","|move|p1a: Cloyster|Icicle Spear|p2a: Aerosmith","|-crit|p2a: Aerosmith","|-supereffective|p2a: Aerosmith","|-damage|p2a: Aerosmith|49/301","|-supereffective|p2a: Aerosmith","|-damage|p2a: Aerosmith|0 fnt","|-hitcount|p2a: Aerosmith|2","|faint|p2a: Aerosmith","|","|","|switch|p2a: Tyranitard|Tyranitar, M|403/403","|-weather|Sandstorm","|turn|15","|","|switch|p2a: Kraid-ily|Cradily, F|376/376","|move|p1a: Cloyster|Hydro Pump|p2a: Kraid-ily","|-boost|p2a: Kraid-ily|spa|1|[from] ability: Storm Drain","|","|-weather|Sandstorm|[upkeep]","|-damage|p1a: Cloyster|8/241|[from] sandstorm","|turn|16","|","|move|p1a: Cloyster|Icicle Spear|p2a: Kraid-ily","|-supereffective|p2a: Kraid-ily","|-damage|p2a: Kraid-ily|214/376","|-supereffective|p2a: Kraid-ily","|-damage|p2a: Kraid-ily|62/376","|-supereffective|p2a: Kraid-ily","|-damage|p2a: Kraid-ily|0 fnt","|-hitcount|p2a: Kraid-ily|3","|faint|p2a: Kraid-ily","|","|-weather|Sandstorm|[upkeep]","|-damage|p1a: Cloyster|0 fnt|[from] sandstorm","|faint|p1a: Cloyster","|","|switch|p1a: Weavile|Weavile, F|141/281","|switch|p2a: Terry|Terrakion|323/323","|turn|17","|","|move|p1a: Weavile|Fake Out|p2a: Terry","|-resisted|p2a: Terry","|-damage|p2a: Terry|300/323","|cant|p2a: Terry|flinch","|","|-weather|Sandstorm|[upkeep]","|-damage|p1a: Weavile|124/281|[from] sandstorm","|turn|18","|","|move|p2a: Terry|Close Combat|p1a: Weavile","|-supereffective|p1a: Weavile","|-damage|p1a: Weavile|0 fnt","|-unboost|p2a: Terry|def|1","|-unboost|p2a: Terry|spd|1","|faint|p1a: Weavile","|","|win|Crystal Methology"],"p1rating":{"entryid":"7302306","serverid":"eos","formatid":"monotype","userid":"emge4zap","username":"Emg E4 Zap - ⓤⓣⓤⓑⓔ","w":"1","l":3,"t":"0","gxe":41.9,"r":1463.212289752,"rd":112.67477372029,"sigma":"0","rptime":1439024400,"rpr":1435.2209636548,"rprd":107.97146697007,"rpsigma":"0","acre":1009.6362877426,"lacre":1009.6362877426,"oldacre":"1024.2176491383"},"p2rating":{"entryid":7503252,"formatid":"monotype","userid":"crystalmethology","username":"Crystal Methology","r":1500,"rd":130,"sigma":0,"rpr":1540.1606143388,"rprd":122.8583080769,"rpsigma":0,"rptime":1439024400,"w":1,"l":0,"t":0,"gxe":55,"acre":1042.7836530914,"lacre":1042.7836530914,"oldacre":1000},"endType":"normal"}