{"seed":[21948,45703,11790,34581],"turns":40,"p1":"Union✘Entropy","p2":"Sage.13","p1team":[{"name":"Rook","species":"golurk","item":"choiceband","ability":"No Guard","moves":["dynamicpunch","earthquake","shadowpunch","icepunch"],"nature":"Brave","evs":{"hp":248,"atk":252,"def":0,"spa":0,"spd":8,"spe":0},"ivs":{"hp":31,"atk":31,"def":30,"spa":31,"spd":30,"spe":31}},{"name":"Bishop","species":"trevenant","item":"sitrusberry","ability":"Harvest","moves":["hornleech","willowisp","substitute","leechseed"],"nature":"Careful","evs":{"hp":252,"atk":4,"def":0,"spa":0,"spd":252,"spe":0},"shiny":true,"ivs":{"hp":31,"atk":31,"def":31,"spa":31,"spd":31,"spe":31}},{"name":"Knight","species":"aegislash","item":"weaknesspolicy","ability":"Stance Change","moves":["shadowball","shadowsneak","kingsshield","sacredsword"],"nature":"Quiet","evs":{"hp":4,"atk":252,"def":0,"spa":252,"spd":0,"spe":0},"ivs":{"hp":31,"atk":31,"def":31,"spa":31,"spd":31,"spe":31}},{"name":"King","species":"jellicent","item":"leftovers","ability":"Cursed Body","moves":["scald","toxic","trickroom","recover"],"nature":"Calm","evs":{"hp":252,"atk":0,"def":4,"spa":0,"spd":252,"spe":0},"gender":"M","ivs":{"hp":31,"atk":31,"def":31,"spa":31,"spd":31,"spe":0}},{"name":"Queen","species":"sableye","item":"sablenite","ability":"Prankster","moves":["recover","willowisp","darkpulse","calmmind"],"nature":"Bold","evs":{"hp":248,"atk":0,"def":252,"spa":8,"spd":0,"spe":0},"gender":"F","ivs":{"hp":31,"atk":31,"def":31,"spa":31,"spd":31,"spe":31}},{"name":"Pawn","species":"cofagrigus","item":"leftovers","ability":"Mummy","moves":["shadowball","willowisp","trickroom","destinybond"],"nature":"Sassy","evs":{"hp":252,"atk":0,"def":0,"spa":4,"spd":252,"spe":0},"ivs":{"hp":31,"atk":31,"def":31,"spa":31,"spd":31,"spe":0}}],"p2team":[{"name":"King Ludi","species":"ludicolo","item":"leftovers","ability":"Swift Swim","moves":["teeterdance","scald","icebeam","gigadrain"],"nature":"Modest","evs":{"hp":0,"atk":0,"def":0,"spa":252,"spd":4,"spe":252},"shiny":true,"ivs":{"hp":31,"atk":31,"def":31,"spa":31,"spd":31,"spe":31}},{"name":"SS2 Azu","species":"azumarill","item":"sitrusberry","ability":"Huge Power","moves":["aquajet","playrough","bellydrum","knockoff"],"nature":"Adamant","evs":{"hp":252,"atk":252,"def":0,"spa":0,"spd":4,"spe":0},"shiny":true,"ivs":{"hp":31,"atk":31,"def":31,"spa":31,"spd":31,"spe":31}},{"name":"Swampert","species":"Swampert","item":"swampertite","ability":"Damp","moves":["superpower","waterfall","earthquake","icepunch"],"nature":"Adamant","evs":{"hp":248,"atk":252,"def":0,"spa":0,"spd":8,"spe":0},"ivs":{"hp":31,"atk":31,"def":31,"spa":31,"spd":31,"spe":31}},{"name":"Milo","species":"milotic","item":"leftovers","ability":"Competitive","moves":["scald","icebeam","raindance","toxic"],"nature":"Bold","evs":{"hp":252,"atk":0,"def":252,"spa":4,"spd":0,"spe":0},"shiny":true,"ivs":{"hp":31,"atk":31,"def":31,"spa":31,"spd":31,"spe":31}},{"name":"Politoed","species":"Politoed","item":"widelens","ability":"Drizzle","moves":["icebeam","surf","hypnosis","perishsong"],"nature":"Modest","evs":{"hp":248,"atk":0,"def":0,"spa":252,"spd":8,"spe":0},"shiny":true,"ivs":{"hp":31,"atk":31,"def":31,"spa":31,"spd":31,"spe":31}},{"name":"Floatzel","species":"Floatzel","item":"lifeorb","ability":"Swift Swim","moves":["waterfall","aquajet","brickbreak","icepunch"],"nature":"Adamant","evs":{"hp":0,"atk":252,"def":0,"spa":0,"spd":4,"spe":252},"ivs":{"hp":31,"atk":31,"def":31,"spa":31,"spd":31,"spe":31}}],"log":["|player|p1|Union✘Entropy|290","|player|p2|Sage.13|154","|gametype|singles","|gen|6","|tier|Monotype","|rated","|rule|Baton Pass Clause: Limit one Baton Passer, can't pass Spe and other stats simultaneously","|rule|Swagger Clause: Swagger is banned","|rule|Same Type Clause: Pokémon in a team must share a type","|clearpoke","|poke|p1|Golurk","|poke|p1|Trevenant, M, shiny","|poke|p1|Aegislash, M","|poke|p1|Jellicent, M","|poke|p1|Sableye, F","|poke|p1|Cofagrigus, M","|poke|p2|Ludicolo, M, shiny","|poke|p2|Azumarill, M, shiny","|poke|p2|Swampert, M","|poke|p2|Milotic, F, shiny","|poke|p2|Politoed, M, shiny","|poke|p2|Floatzel, F","|rule|Sleep Clause Mod: Limit one foe put to sleep","|rule|Species Clause: Limit one of each Pokémon","|rule|OHKO Clause: OHKO moves are banned","|rule|Moody Clause: Moody is banned","|rule|Evasion Moves Clause: Evasion moves are banned","|rule|Endless Battle Clause: Forcing endless battles is banned","|rule|HP Percentage Mod: HP is shown in percentages","|teampreview","|","|start","|switch|p1a: Pawn|Cofagrigus, M|320/320","|switch|p2a: Milo|Milotic, F, shiny|394/394","|turn|1","|","|move|p2a: Milo|Toxic|p1a: Pawn","|-status|p1a: Pawn|tox","|move|p1a: Pawn|Trick Room|p1a: Pawn","|-fieldstart|move: Trick Room|[of] p1a: Pawn","|","|-damage|p1a: Pawn|300/320 tox|[from] psn","|turn|2","|","|switch|p1a: Bishop|Trevenant, M, shiny|374/374","|switch|p2a: SS2 Azu|Azumarill, M, shiny|404/404","|","|turn|3","|","|switch|p2a: Politoed|Politoed, M, shiny|383/383","|-weather|RainDance","|move|p1a: Bishop|Will-O-Wisp|p2a: Politoed","|-status|p2a: Politoed|brn","|","|-weather|RainDance|[upkeep]","|-damage|p2a: Politoed|336/383 brn|[from] brn","|turn|4","|","|move|p1a: Bishop|Substitute|p1a: Bishop","|-start|p1a: Bishop|Substitute","|-damage|p1a: Bishop|281/374","|move|p2a: Politoed|Hypnosis|p1a: Bishop","|-fail|p1a: Bishop","|","|-weather|RainDance|[upkeep]","|-damage|p2a: Politoed|289/383 brn|[from] brn","|turn|5","|","|move|p1a: Bishop|Horn Leech|p2a: Politoed","|-supereffective|p2a: Politoed","|-damage|p2a: Politoed|47/383 brn","|-heal|p1a: Bishop|374/374|[from] drain|[of] p2a: Politoed","|move|p2a: Politoed|Ice Beam|p1a: Bishop","|-supereffective|p1a: Bishop","|-end|p1a: Bishop|Substitute","|","|-weather|RainDance|[upkeep]","|-damage|p2a: Politoed|0 fnt|[from] brn","|-fieldend|move: Trick Room","|faint|p2a: Politoed","|","|switch|p2a: King Ludi|Ludicolo, M, shiny|301/301","|turn|6","|","|switch|p1a: King|Jellicent, M|404/404","|move|p2a: King Ludi|Teeter Dance|p1a: King","|-start|p1a: King|confusion","|","|-weather|RainDance|[upkeep]","|turn|7","|","|move|p2a: King Ludi|Giga Drain|p1a: King","|-supereffective|p1a: King","|-damage|p1a: King|254/404","|-activate|p1a: King|confusion","|move|p1a: King|Toxic|p2a: King Ludi","|-status|p2a: King Ludi|tox","|","|-weather|none","|-heal|p1a: King|279/404|[from] item: Leftovers","|-damage|p2a: King Ludi|283/301 tox|[from] psn","|turn|8","|","|switch|p2a: Milo|Milotic, F, shiny|394/394","|-activate|p1a: King|confusion","|move|p1a: King|Trick Room|p1a: King","|-fieldstart|move: Trick Room|[of] p1a: King","|","|-heal|p1a: King|304/404|[from] item: Leftovers","|turn|9","|","|move|p2a: Milo|Toxic|p1a: King","|-status|p1a: King|tox","|-activate|p1a: King|confusion","|move|p1a: King|Trick Room|p1a: King","|-fieldend|move: Trick Room","|","|-heal|p1a: King|329/404 tox|[from] item: Leftovers","|-damage|p1a: King|304/404 tox|[from] psn","|turn|10","|","|move|p2a: Milo|Rain Dance|p2a: Milo","|-weather|RainDance","|-activate|p1a: King|confusion","|-damage|p1a: King|280/404 tox|[from] confusion","|","|-weather|RainDance|[upkeep]","|-heal|p1a: King|305/404 tox|[from] item: Leftovers","|-damage|p1a: King|255/404 tox|[from] psn","|turn|11","|","|switch|p2a: SS2 Azu|Azumarill, M, shiny|404/404","|-end|p1a: King|confusion","|move|p1a: King|Trick Room|p1a: King","|-fieldstart|move: Trick Room|[of] p1a: King","|","|-weather|RainDance|[upkeep]","|-heal|p1a: King|280/404 tox|[from] item: Leftovers","|-damage|p1a: King|205/404 tox|[from] psn","|turn|12","|","|move|p1a: King|Toxic|p2a: SS2 Azu","|-status|p2a: SS2 Azu|tox","|move|p2a: SS2 Azu|Knock Off|p1a: King","|-supereffective|p1a: King","|-damage|p1a: King|0 fnt","|-enditem|p1a: King|Leftovers|[from] move: Knock Off|[of] p2a: SS2 Azu","|faint|p1a: King","|","|-weather|RainDance|[upkeep]","|-damage|p2a: SS2 Azu|379/404 tox|[from] psn","|","|switch|p1a: Bishop|Trevenant, M, shiny|374/374","|turn|13","|","|move|p2a: SS2 Azu|Knock Off|p1a: Bishop","|-supereffective|p1a: Bishop","|-damage|p1a: Bishop|52/374","|-enditem|p1a: Bishop|Sitrus Berry|[from] move: Knock Off|[of] p2a: SS2 Azu","|move|p1a: Bishop|Leech Seed|p2a: SS2 Azu","|-start|p2a: SS2 Azu|move: Leech Seed","|","|-weather|RainDance|[upkeep]","|-damage|p2a: SS2 Azu|329/404 tox|[from] Leech Seed|[of] p1a: Bishop","|-heal|p1a: Bishop|102/374|[silent]","|-damage|p2a: SS2 Azu|279/404 tox|[from] psn","|turn|14","|","|move|p2a: SS2 Azu|Knock Off|p1a: Bishop","|-supereffective|p1a: Bishop","|-damage|p1a: Bishop|0 fnt","|faint|p1a: Bishop","|","|-weather|none","|-damage|p2a: SS2 Azu|204/404 tox|[from] psn","|","|switch|p1a: Queen|Sableye, F|303/303","|turn|15","|","|switch|p1a: Knight|Aegislash, M|262/262","|move|p2a: SS2 Azu|Play Rough|p1a: Knight","|-crit|p1a: Knight","|-resisted|p1a: Knight","|-damage|p1a: Knight|160/262","|","|-damage|p2a: SS2 Azu|154/404 tox|[from] Leech Seed|[of] p1a: Knight","|-heal|p1a: Knight|210/262|[silent]","|-damage|p2a: SS2 Azu|54/404 tox|[from] psn","|-fieldend|move: Trick Room","|-enditem|p2a: SS2 Azu|Sitrus Berry|[eat]","|-heal|p2a: SS2 Azu|155/404 tox|[from] item: Sitrus Berry","|turn|16","|","|switch|p2a: Milo|Milotic, F, shiny|394/394","|-formechange|p1a: Knight|Aegislash-Blade","|move|p1a: Knight|Shadow Ball|p2a: Milo","|-damage|p2a: Milo|238/394","|","|-heal|p2a: Milo|262/394|[from] item: Leftovers","|turn|17","|","|-formechange|p1a: Knight|Aegislash","|move|p1a: Knight|King's Shield|p1a: Knight","|-singleturn|p1a: Knight|Protect","|move|p2a: Milo|Scald|p1a: Knight","|-activate|p1a: Knight|Protect","|","|-heal|p2a: Milo|286/394|[from] item: Leftovers","|turn|18","|","|switch|p1a: Pawn|Cofagrigus, M|300/320 tox","|move|p2a: Milo|Scald|p1a: Pawn","|-damage|p1a: Pawn|231/320 tox","|","|-heal|p2a: Milo|310/394|[from] item: Leftovers","|-heal|p1a: Pawn|251/320 tox|[from] item: Leftovers","|-damage|p1a: Pawn|231/320 tox|[from] psn","|turn|19","|","|move|p2a: Milo|Rain Dance|p2a: Milo","|-weather|RainDance","|move|p1a: Pawn|Trick Room|p1a: Pawn","|-fieldstart|move: Trick Room|[of] p1a: Pawn","|","|-weather|RainDance|[upkeep]","|-heal|p1a: Pawn|251/320 tox|[from] item: Leftovers","|-heal|p2a: Milo|334/394|[from] item: Leftovers","|-damage|p1a: Pawn|211/320 tox|[from] psn","|turn|20","|","|switch|p1a: Rook|Golurk|381/381","|switch|p2a: SS2 Azu|Azumarill, M, shiny|155/404 tox","|","|-weather|RainDance|[upkeep]","|-damage|p2a: SS2 Azu|130/404 tox|[from] psn","|turn|21","|","|move|p2a: SS2 Azu|Aqua Jet|p1a: Rook","|-supereffective|p1a: Rook","|-damage|p1a: Rook|81/381","|move|p1a: Rook|Dynamic Punch|p2a: SS2 Azu","|-resisted|p2a: SS2 Azu","|-damage|p2a: SS2 Azu|21/404 tox","|-start|p2a: SS2 Azu|confusion","|","|-weather|RainDance|[upkeep]","|-damage|p2a: SS2 Azu|0 fnt|[from] psn","|faint|p2a: SS2 Azu","|","|switch|p2a: Floatzel|Floatzel, F|311/311","|turn|22","|","|move|p2a: Floatzel|Aqua Jet|p1a: Rook","|-supereffective|p1a: Rook","|-damage|p1a: Rook|0 fnt","|-damage|p2a: Floatzel|280/311|[from] item: Life Orb","|faint|p1a: Rook","|","|-weather|RainDance|[upkeep]","|","|switch|p1a: Queen|Sableye, F|303/303","|turn|23","|","|switch|p2a: King Ludi|Ludicolo, M, shiny|283/301 tox","|detailschange|p1a: Queen|Sableye-Mega, F","|-mega|p1a: Queen|Sableye|Sablenite","|move|p1a: Queen|Calm Mind|p1a: Queen","|-boost|p1a: Queen|spa|1","|-boost|p1a: Queen|spd|1","|","|-weather|none","|-heal|p2a: King Ludi|301/301 tox|[from] item: Leftovers","|-damage|p2a: King Ludi|283/301 tox|[from] psn","|-fieldend|move: Trick Room","|turn|24","|","|move|p2a: King Ludi|Scald|p1a: Queen","|-damage|p1a: Queen|231/303","|-status|p1a: Queen|brn","|move|p1a: Queen|Calm Mind|p1a: Queen","|-boost|p1a: Queen|spa|1","|-boost|p1a: Queen|spd|1","|","|-heal|p2a: King Ludi|301/301 tox|[from] item: Leftovers","|-damage|p2a: King Ludi|265/301 tox|[from] psn","|-damage|p1a: Queen|194/303 brn|[from] brn","|turn|25","|","|switch|p2a: Milo|Milotic, F, shiny|334/394","|move|p1a: Queen|Recover|p1a: Queen","|-heal|p1a: Queen|303/303 brn","|","|-heal|p2a: Milo|358/394|[from] item: Leftovers","|-damage|p1a: Queen|266/303 brn|[from] brn","|turn|26","|","|move|p2a: Milo|Rain Dance|p2a: Milo","|-weather|RainDance","|move|p1a: Queen|Calm Mind|p1a: Queen","|-boost|p1a: Queen|spa|1","|-boost|p1a: Queen|spd|1","|","|-weather|RainDance|[upkeep]","|-heal|p2a: Milo|382/394|[from] item: Leftovers","|-damage|p1a: Queen|229/303 brn|[from] brn","|turn|27","|","|switch|p2a: Floatzel|Floatzel, F|280/311","|move|p1a: Queen|Recover|p1a: Queen","|-heal|p1a: Queen|303/303 brn","|","|-weather|RainDance|[upkeep]","|-damage|p1a: Queen|266/303 brn|[from] brn","|turn|28","|","|move|p2a: Floatzel|Waterfall|p1a: Queen","|-damage|p1a: Queen|93/303 brn","|-damage|p2a: Floatzel|249/311|[from] item: Life Orb","|move|p1a: Queen|Will-O-Wisp|p2a: Floatzel","|-status|p2a: Floatzel|brn","|","|-weather|RainDance|[upkeep]","|-damage|p2a: Floatzel|211/311 brn|[from] brn","|-damage|p1a: Queen|56/303 brn|[from] brn","|turn|29","|","|move|p2a: Floatzel|Aqua Jet|p1a: Queen","|-damage|p1a: Queen|13/303 brn","|-damage|p2a: Floatzel|180/311 brn|[from] item: Life Orb","|move|p1a: Queen|Recover|p1a: Queen","|-heal|p1a: Queen|165/303 brn","|","|-weather|RainDance|[upkeep]","|-damage|p2a: Floatzel|142/311 brn|[from] brn","|-damage|p1a: Queen|128/303 brn|[from] brn","|turn|30","|","|move|p2a: Floatzel|Waterfall|p1a: Queen","|-damage|p1a: Queen|50/303 brn","|-damage|p2a: Floatzel|111/311 brn|[from] item: Life Orb","|move|p1a: Queen|Recover|p1a: Queen","|-heal|p1a: Queen|202/303 brn","|","|-weather|none","|-damage|p2a: Floatzel|73/311 brn|[from] brn","|-damage|p1a: Queen|165/303 brn|[from] brn","|turn|31","|","|switch|p2a: Milo|Milotic, F, shiny|382/394","|move|p1a: Queen|Recover|p1a: Queen","|-heal|p1a: Queen|303/303 brn","|","|-heal|p2a: Milo|394/394|[from] item: Leftovers","|-damage|p1a: Queen|266/303 brn|[from] brn","|turn|32","|","|move|p2a: Milo|Rain Dance|p2a: Milo","|-weather|RainDance","|move|p1a: Queen|Dark Pulse|p2a: Milo","|-damage|p2a: Milo|234/394","|","|-weather|RainDance|[upkeep]","|-heal|p2a: Milo|258/394|[from] item: Leftovers","|-damage|p1a: Queen|229/303 brn|[from] brn","|turn|33","|","|switch|p2a: Floatzel|Floatzel, F|73/311 brn","|move|p1a: Queen|Dark Pulse|p2a: Floatzel","|-damage|p2a: Floatzel|0 fnt","|faint|p2a: Floatzel","|","|-weather|RainDance|[upkeep]","|-damage|p1a: Queen|192/303 brn|[from] brn","|","|switch|p2a: Swampert|Swampert, M|403/403","|turn|34","|","|detailschange|p2a: Swampert|Swampert-Mega, M","|-mega|p2a: Swampert|Swampert|Swampertite","|move|p2a: Swampert|Waterfall|p1a: Queen","|-damage|p1a: Queen|39/303 brn","|move|p1a: Queen|Will-O-Wisp|p2a: Swampert","|-status|p2a: Swampert|brn","|","|-weather|RainDance|[upkeep]","|-damage|p2a: Swampert|353/403 brn|[from] brn","|-damage|p1a: Queen|2/303 brn|[from] brn","|turn|35","|","|move|p2a: Swampert|Earthquake|p1a: Queen","|-damage|p1a: Queen|0 fnt","|faint|p1a: Queen","|","|-weather|RainDance|[upkeep]","|-damage|p2a: Swampert|303/403 brn|[from] brn","|","|switch|p1a: Pawn|Cofagrigus, M|211/320 tox","|turn|36","|","|move|p2a: Swampert|Waterfall|p1a: Pawn","|-damage|p1a: Pawn|118/320 tox","|-endability|p2a: Swampert|swiftswim|[from] Mummy","|-ability|p2a: Swampert|Mummy|[from] Mummy","|cant|p1a: Pawn|flinch","|","|-weather|none","|-heal|p1a: Pawn|138/320 tox|[from] item: Leftovers","|-damage|p2a: Swampert|253/403 brn|[from] brn","|-damage|p1a: Pawn|118/320 tox|[from] psn","|turn|37","|","|move|p2a: Swampert|Earthquake|p1a: Pawn","|-crit|p1a: Pawn","|-damage|p1a: Pawn|0 fnt","|faint|p1a: Pawn","|","|-damage|p2a: Swampert|203/403 brn|[from] brn","|","|switch|p1a: Knight|Aegislash, M|210/262","|turn|38","|","|move|p2a: Swampert|Earthquake|p1a: Knight","|-supereffective|p1a: Knight","|-damage|p1a: Knight|59/262","|-enditem|p1a: Knight|Weakness Policy","|-boost|p1a: Knight|atk|2|[from] item: Weakness Policy","|-boost|p1a: Knight|spa|2|[from] item: Weakness Policy","|-formechange|p1a: Knight|Aegislash-Blade","|move|p1a: Knight|Shadow Ball|p2a: Swampert","|-damage|p2a: Swampert|0 fnt","|faint|p2a: Swampert","|","|","|switch|p2a: Milo|Milotic, F, shiny|258/394","|turn|39","|","|-formechange|p1a: Knight|Aegislash","|move|p1a: Knight|King's Shield|p1a: Knight","|-singleturn|p1a: Knight|Protect","|move|p2a: Milo|Rain Dance|p2a: Milo","|-weather|RainDance","|","|-weather|RainDance|[upkeep]","|-heal|p2a: Milo|282/394|[from] item: Leftovers","|turn|40","|","|move|p2a: Milo|Scald|p1a: Knight","|-damage|p1a: Knight|0 fnt","|faint|p1a: Knight","|","|win|Sage.13"],"p1rating":{"entryid":"6825543","serverid":"eos","formatid":"monotype","userid":"unionentropy","username":"Union Entropy","w":"13","l":37,"t":"0","gxe":27.7,"r":1322.7559725471,"rd":56.937136725585,"sigma":"0","rptime":1439110800,"rpr":1317.3432078089,"rprd":56.321435098269,"rpsigma":"0","acre":1000,"lacre":1000,"oldacre":"1008.3366361662"},"p2rating":{"entryid":"7365108","serverid":"eos","formatid":"monotype","userid":"sage13","username":"Sage.13","w":22,"l":"25","t":"0","gxe":45.5,"r":1461.0094011103,"rd":50.869480569585,"sigma":"0","rptime":1439110800,"rpr":1465.8087228749,"rprd":50.407147108938,"rpsigma":"0","acre":1069.8648358759,"lacre":1069.8648358759,"oldacre":"1038.6355182694"},"endType":"normal"}