{"seed":[33404,60527,33648,8028],"turns":24,"p1":"Sovereign♕Cactus","p2":"Alliance - Warner","p1team":[{"name":"Dragalge","species":"Dragalge","item":"dracoplate","ability":"Adaptability","moves":["dracometeor","scald","sludgebomb","toxicspikes"],"nature":"Modest","evs":{"hp":248,"atk":0,"def":0,"spa":252,"spd":8,"spe":0},"ivs":{"hp":31,"atk":31,"def":31,"spa":31,"spd":31,"spe":31}},{"name":"Kyurem-Black","species":"Kyurem-Black","item":"choicescarf","ability":"Teravolt","moves":["dragonclaw","fusionbolt","ironhead","icebeam"],"nature":"Naive","evs":{"hp":0,"atk":252,"def":0,"spa":4,"spd":0,"spe":252},"ivs":{"hp":31,"atk":31,"def":31,"spa":31,"spd":31,"spe":31}},{"name":"Altaria","species":"Altaria","item":"altarianite","ability":"Natural Cure","moves":["frustration","earthquake","dragondance","substitute"],"nature":"Adamant","evs":{"hp":0,"atk":252,"def":0,"spa":0,"spd":4,"spe":252},"happiness":0,"ivs":{"hp":31,"atk":31,"def":31,"spa":31,"spd":31,"spe":31}},{"name":"Goodra","species":"Goodra","item":"assaultvest","ability":"Sap Sipper","moves":["thunderpunch","firepunch","outrage","powerwhip"],"nature":"Adamant","evs":{"hp":248,"atk":252,"def":0,"spa":0,"spd":8,"spe":0},"ivs":{"hp":31,"atk":31,"def":31,"spa":31,"spd":31,"spe":31}},{"name":"Latios","species":"Latios","item":"lifeorb","ability":"Levitate","moves":["calmmind","dragonpulse","psyshock","shadowball"],"nature":"Timid","evs":{"hp":0,"atk":0,"def":0,"spa":252,"spd":4,"spe":252},"ivs":{"hp":31,"atk":31,"def":31,"spa":31,"spd":31,"spe":31}},{"name":"Dragonite","species":"Dragonite","item":"weaknesspolicy","ability":"Multiscale","moves":["dragonclaw","firepunch","extremespeed","ironhead"],"nature":"Adamant","evs":{"hp":248,"atk":252,"def":0,"spa":0,"spd":8,"spe":0},"ivs":{"hp":31,"atk":31,"def":31,"spa":31,"spd":31,"spe":31}}],"p2team":[{"name":"Scizor","species":"Scizor","item":"choiceband","ability":"Technician","moves":["bulletpunch","uturn","knockoff","pursuit"],"nature":"Adamant","evs":{"hp":248,"atk":252,"def":0,"spa":0,"spd":4,"spe":4},"ivs":{"hp":31,"atk":31,"def":31,"spa":31,"spd":31,"spe":31}},{"name":"Forretress","species":"Forretress","item":"leftovers","ability":"Overcoat","moves":["stealthrock","toxic","rapidspin","voltswitch"],"nature":"Bold","evs":{"hp":252,"atk":0,"def":252,"spa":4,"spd":0,"spe":0},"ivs":{"hp":31,"atk":31,"def":31,"spa":31,"spd":31,"spe":31}},{"name":"Pinsir","species":"Pinsir","item":"pinsirite","ability":"Hyper Cutter","moves":["quickattack","return","swordsdance","earthquake"],"nature":"Jolly","evs":{"hp":0,"atk":252,"def":0,"spa":0,"spd":4,"spe":252},"ivs":{"hp":31,"atk":31,"def":31,"spa":31,"spd":31,"spe":31}},{"name":"Volcarona","species":"Volcarona","item":"sitrusberry","ability":"Flame Body","moves":["fierydance","roost","gigadrain","quiverdance"],"nature":"Timid","evs":{"hp":0,"atk":0,"def":0,"spa":128,"spd":128,"spe":252},"ivs":{"hp":31,"atk":0,"def":31,"spa":31,"spd":31,"spe":31}},{"name":"Heracross","species":"Heracross","item":"choicescarf","ability":"Moxie","moves":["earthquake","megahorn","knockoff","closecombat"],"nature":"Jolly","evs":{"hp":0,"atk":252,"def":0,"spa":0,"spd":4,"spe":252},"ivs":{"hp":31,"atk":31,"def":31,"spa":31,"spd":31,"spe":31}},{"name":"Genesect","species":"Genesect","item":"choicescarf","ability":"Download","moves":["uturn","thunderbolt","icebeam","flashcannon"],"nature":"Hasty","evs":{"hp":0,"atk":4,"def":0,"spa":252,"spd":0,"spe":252},"ivs":{"hp":31,"atk":31,"def":31,"spa":31,"spd":31,"spe":31}}],"log":["|player|p1|Sovereign♕Cactus|251","|player|p2|Alliance - Warner|126","|gametype|singles","|gen|6","|tier|Monotype","|rated","|rule|Baton Pass Clause: Limit one Baton Passer, can't pass Spe and other stats simultaneously","|rule|Swagger Clause: Swagger is banned","|rule|Same Type Clause: Pokémon in a team must share a type","|clearpoke","|poke|p1|Dragalge, F","|poke|p1|Kyurem-Black","|poke|p1|Altaria, F","|poke|p1|Goodra, M","|poke|p1|Latios, M","|poke|p1|Dragonite, F","|poke|p2|Scizor, M","|poke|p2|Forretress, M","|poke|p2|Pinsir, M","|poke|p2|Volcarona, F","|poke|p2|Heracross, M","|poke|p2|Genesect-*","|rule|Sleep Clause Mod: Limit one foe put to sleep","|rule|Species Clause: Limit one of each Pokémon","|rule|OHKO Clause: OHKO moves are banned","|rule|Moody Clause: Moody is banned","|rule|Evasion Moves Clause: Evasion moves are banned","|rule|Endless Battle Clause: Forcing endless battles is banned","|rule|HP Percentage Mod: HP is shown in percentages","|teampreview","|","|start","|switch|p1a: Dragalge|Dragalge, F|333/333","|switch|p2a: Genesect|Genesect|283/283","|-boost|p2a: Genesect|atk|1|[from] ability: Download","|turn|1","|","|move|p2a: Genesect|U-turn|p1a: Dragalge","|-resisted|p1a: Dragalge","|-damage|p1a: Dragalge|260/333","|","|switch|p2a: Forretress|Forretress, M|354/354","|move|p1a: Dragalge|Toxic Spikes|p2a: Forretress","|-sidestart|p2: Alliance - Warner|move: Toxic Spikes","|","|turn|2","|","|switch|p1a: Altaria|Altaria, F|291/291","|move|p2a: Forretress|Rapid Spin|p1a: Altaria","|-damage|p1a: Altaria|277/291","|-sideend|p2: Alliance - Warner|Toxic Spikes|[from] move: Rapid Spin|[of] p2a: Forretress","|","|turn|3","|","|move|p1a: Altaria|Substitute|p1a: Altaria","|-start|p1a: Altaria|Substitute","|-damage|p1a: Altaria|205/291","|move|p2a: Forretress|Toxic|p1a: Altaria","|-fail|p1a: Altaria","|","|turn|4","|","|detailschange|p1a: Altaria|Altaria-Mega, F","|-mega|p1a: Altaria|Altaria|Altarianite","|move|p1a: Altaria|Dragon Dance|p1a: Altaria","|-boost|p1a: Altaria|atk|1","|-boost|p1a: Altaria|spe|1","|move|p2a: Forretress|Volt Switch|p1a: Altaria","|-resisted|p1a: Altaria","|-activate|p1a: Altaria|Substitute|[damage]","|","|switch|p2a: Genesect|Genesect|283/283","|-boost|p2a: Genesect|spa|1|[from] ability: Download","|","|turn|5","|","|move|p2a: Genesect|Flash Cannon|p1a: Altaria","|-supereffective|p1a: Altaria","|-end|p1a: Altaria|Substitute","|move|p1a: Altaria|Earthquake|p2a: Genesect","|-damage|p2a: Genesect|67/283","|","|turn|6","|","|switch|p1a: Goodra|Goodra, M|383/383","|move|p2a: Genesect|Flash Cannon|p1a: Goodra","|-damage|p1a: Goodra|290/383","|-unboost|p1a: Goodra|spd|1","|","|turn|7","|","|switch|p2a: Volcarona|Volcarona, F|311/311","|move|p1a: Goodra|Fire Punch|p2a: Volcarona","|-damage|p2a: Volcarona|185/311","|","|turn|8","|","|move|p2a: Volcarona|Quiver Dance|p2a: Volcarona","|-boost|p2a: Volcarona|spa|1","|-boost|p2a: Volcarona|spd|1","|-boost|p2a: Volcarona|spe|1","|move|p1a: Goodra|Thunder Punch|p2a: Volcarona","|-crit|p2a: Volcarona","|-damage|p2a: Volcarona|23/311","|-enditem|p2a: Volcarona|Sitrus Berry|[eat]","|-heal|p2a: Volcarona|100/311|[from] item: Sitrus Berry","|","|turn|9","|","|move|p2a: Volcarona|Roost|p2a: Volcarona","|-heal|p2a: Volcarona|256/311","|move|p1a: Goodra|Thunder Punch|p2a: Volcarona","|-damage|p2a: Volcarona|148/311","|","|turn|10","|","|move|p2a: Volcarona|Roost|p2a: Volcarona","|-heal|p2a: Volcarona|304/311","|move|p1a: Goodra|Outrage|p2a: Volcarona","|-damage|p2a: Volcarona|7/311","|","|turn|11","|","|move|p2a: Volcarona|Fiery Dance|p1a: Goodra","|-resisted|p1a: Goodra","|-damage|p1a: Goodra|215/383","|-boost|p2a: Volcarona|spa|1","|move|p1a: Goodra|Outrage|p2a: Volcarona|[from]lockedmove","|-damage|p2a: Volcarona|0 fnt","|-status|p1a: Goodra|brn","|faint|p2a: Volcarona","|","|-damage|p1a: Goodra|168/383 brn|[from] brn","|","|switch|p2a: Genesect|Genesect|67/283","|-boost|p2a: Genesect|atk|1|[from] ability: Download","|turn|12","|","|move|p2a: Genesect|Ice Beam|p1a: Goodra","|-supereffective|p1a: Goodra","|-damage|p1a: Goodra|36/383 brn","|move|p1a: Goodra|Outrage|p2a: Genesect|[from]lockedmove","|-resisted|p2a: Genesect","|-damage|p2a: Genesect|11/283","|-start|p1a: Goodra|confusion|[fatigue]","|","|-damage|p1a: Goodra|0 fnt|[from] brn","|faint|p1a: Goodra","|","|switch|p1a: Dragonite|Dragonite, F|385/385","|turn|13","|","|move|p1a: Dragonite|Extreme Speed|p2a: Genesect","|-resisted|p2a: Genesect","|-damage|p2a: Genesect|0 fnt","|faint|p2a: Genesect","|","|","|switch|p2a: Forretress|Forretress, M|354/354","|turn|14","|","|move|p1a: Dragonite|Fire Punch|p2a: Forretress","|-supereffective|p2a: Forretress","|-damage|p2a: Forretress|110/354","|-status|p2a: Forretress|brn","|move|p2a: Forretress|Stealth Rock|p1a: Dragonite","|-sidestart|p1: Sovereign♕Cactus|move: Stealth Rock","|","|-heal|p2a: Forretress|132/354 brn|[from] item: Leftovers","|-damage|p2a: Forretress|88/354 brn|[from] brn","|turn|15","|","|move|p1a: Dragonite|Fire Punch|p2a: Forretress","|-supereffective|p2a: Forretress","|-damage|p2a: Forretress|0 fnt","|faint|p2a: Forretress","|","|","|switch|p2a: Heracross|Heracross, M|301/301","|turn|16","|","|move|p2a: Heracross|Knock Off|p1a: Dragonite","|-damage|p1a: Dragonite|326/385","|-enditem|p1a: Dragonite|Weakness Policy|[from] move: Knock Off|[of] p2a: Heracross","|move|p1a: Dragonite|Fire Punch|p2a: Heracross","|-supereffective|p2a: Heracross","|-damage|p2a: Heracross|35/301","|","|turn|17","|","|move|p1a: Dragonite|Extreme Speed|p2a: Heracross","|-damage|p2a: Heracross|0 fnt","|faint|p2a: Heracross","|","|","|switch|p2a: Pinsir|Pinsir, M|271/271","|turn|18","|","|detailschange|p2a: Pinsir|Pinsir-Mega, M","|-mega|p2a: Pinsir|Pinsir|Pinsirite","|move|p2a: Pinsir|Return|p1a: Dragonite","|-damage|p1a: Dragonite|58/385","|move|p1a: Dragonite|Fire Punch|p2a: Pinsir","|-supereffective|p2a: Pinsir","|-damage|p2a: Pinsir|111/271","|","|turn|19","|","|move|p1a: Dragonite|Extreme Speed|p2a: Pinsir","|-damage|p2a: Pinsir|20/271","|move|p2a: Pinsir|Quick Attack|p1a: Dragonite","|-damage|p1a: Dragonite|0 fnt","|faint|p1a: Dragonite","|","|","|switch|p1a: Kyurem-Black|Kyurem-Black|391/391","|-damage|p1a: Kyurem-Black|294/391|[from] Stealth Rock","|-ability|p1a: Kyurem-Black|Teravolt","|turn|20","|","|move|p2a: Pinsir|Quick Attack|p1a: Kyurem-Black","|-damage|p1a: Kyurem-Black|194/391","|move|p1a: Kyurem-Black|Fusion Bolt|p2a: Pinsir","|-supereffective|p2a: Pinsir","|-damage|p2a: Pinsir|0 fnt","|faint|p2a: Pinsir","|","|","|switch|p2a: Scizor|Scizor, M|343/343","|turn|21","|","|move|p2a: Scizor|Bullet Punch|p1a: Kyurem-Black","|-supereffective|p1a: Kyurem-Black","|-damage|p1a: Kyurem-Black|0 fnt","|faint|p1a: Kyurem-Black","|","|","|switch|p1a: Dragalge|Dragalge, F|260/333","|-damage|p1a: Dragalge|219/333|[from] Stealth Rock","|turn|22","|","|move|p2a: Scizor|Bullet Punch|p1a: Dragalge","|-damage|p1a: Dragalge|18/333","|move|p1a: Dragalge|Scald|p2a: Scizor","|-damage|p2a: Scizor|244/343","|-status|p2a: Scizor|brn","|","|-damage|p2a: Scizor|202/343 brn|[from] brn","|turn|23","|","|move|p2a: Scizor|Bullet Punch|p1a: Dragalge","|-damage|p1a: Dragalge|0 fnt","|faint|p1a: Dragalge","|","|-damage|p2a: Scizor|160/343 brn|[from] brn","|","|switch|p1a: Latios|Latios, M|301/301","|-damage|p1a: Latios|264/301|[from] Stealth Rock","|turn|24","|","|move|p2a: Scizor|Bullet Punch|p1a: Latios","|-damage|p1a: Latios|166/301","|move|p1a: Latios|Shadow Ball|p2a: Scizor","|-damage|p2a: Scizor|17/343 brn","|-damage|p1a: Latios|136/301|[from] item: Life Orb","|","|-damage|p2a: Scizor|0 fnt|[from] brn","|faint|p2a: Scizor","|","|win|Sovereign♕Cactus"],"p1rating":{"entryid":"6867552","serverid":"eos","formatid":"monotype","userid":"sovereigncactus","username":"Sovereign♕Cactus","w":110,"l":"134","t":"0","gxe":44.6,"r":1456.3116450521,"rd":25,"sigma":"0","rptime":1439110800,"rpr":1458.8733469263,"rprd":25,"rpsigma":"0","acre":1116.328852527,"lacre":1116.328852527,"oldacre":"1072.646578526"},"p2rating":{"entryid":"7343610","serverid":"eos","formatid":"monotype","userid":"alliancewarner","username":"Alliance - Warner","w":"21","l":10,"t":"0","gxe":63.8,"r":"1631.1780270284","rd":"62.16761891798","sigma":"0","rptime":"1439110800","rpr":1608.0697019635,"rprd":59.98700729005,"rpsigma":"0","acre":1226.4132975939,"lacre":1226.4132975939,"oldacre":"1263.9371389133"},"endType":"normal"}