{"seed":[21071,11682,20309,44782],"turns":40,"p1":"CCSt4 psm","p2":"KTN Photon","p1team":[{"name":"Aggron","species":"Aggron","item":"aggronite","ability":"Sturdy","moves":["heavyslam","stealthrock","thunderwave","earthquake"],"nature":"Adamant","evs":{"hp":248,"atk":252,"def":0,"spa":0,"spd":8,"spe":0},"ivs":{"hp":31,"atk":31,"def":31,"spa":31,"spd":31,"spe":31}},{"name":"Empoleon","species":"Empoleon","item":"choicescarf","ability":"Torrent","moves":["hydropump","icebeam","flashcannon","grassknot"],"nature":"Timid","evs":{"hp":4,"atk":0,"def":0,"spa":252,"spd":0,"spe":252},"ivs":{"hp":31,"atk":31,"def":31,"spa":31,"spd":31,"spe":31}},{"name":"Heatran","species":"Heatran","item":"airballoon","ability":"Flash Fire","moves":["lavaplume","earthpower","flashcannon","hiddenpowergrass"],"nature":"Timid","evs":{"hp":4,"atk":0,"def":0,"spa":252,"spd":0,"spe":252},"ivs":{"hp":31,"atk":30,"def":31,"spa":30,"spd":31,"spe":31}},{"name":"Doublade","species":"Doublade","item":"eviolite","ability":"No Guard","moves":["swordsdance","sacredsword","shadowsneak","ironhead"],"nature":"Adamant","evs":{"hp":248,"atk":252,"def":0,"spa":0,"spd":8,"spe":0},"ivs":{"hp":31,"atk":31,"def":31,"spa":31,"spd":31,"spe":31}},{"name":"Ferrothorn","species":"Ferrothorn","item":"choiceband","ability":"Iron Barbs","moves":["gyroball","powerwhip","explosion","bulldoze"],"nature":"Brave","evs":{"hp":248,"atk":252,"def":0,"spa":0,"spd":8,"spe":0},"ivs":{"hp":31,"atk":31,"def":31,"spa":31,"spd":31,"spe":0}},{"name":"Bisharp","species":"Bisharp","item":"blackglasses","ability":"Defiant","moves":["swordsdance","suckerpunch","knockoff","ironhead"],"nature":"Adamant","evs":{"hp":4,"atk":252,"def":0,"spa":0,"spd":0,"spe":252},"ivs":{"hp":31,"atk":31,"def":31,"spa":31,"spd":31,"spe":31}}],"p2team":[{"name":"Venusaur","species":"Venusaur","item":"venusaurite","ability":"Overgrow","moves":["earthquake","powerwhip","curse","synthesis"],"nature":"Adamant","evs":{"hp":216,"atk":252,"def":40,"spa":0,"spd":0,"spe":0},"ivs":{"hp":31,"atk":30,"def":30,"spa":31,"spd":31,"spe":31}},{"name":"Celebi","species":"Celebi","item":"lifeorb","ability":"Natural Cure","moves":["thunderwave","calmmind","recover","gigadrain"],"nature":"Bold","evs":{"hp":252,"atk":0,"def":220,"spa":0,"spd":0,"spe":36},"ivs":{"hp":31,"atk":31,"def":31,"spa":31,"spd":31,"spe":31}},{"name":"Ludicolo","species":"Ludicolo","item":"choicespecs","ability":"Swift Swim","moves":["gigadrain","focusblast","hydropump","icebeam"],"nature":"Modest","evs":{"hp":0,"atk":0,"def":0,"spa":252,"spd":4,"spe":252},"ivs":{"hp":31,"atk":31,"def":31,"spa":31,"spd":31,"spe":31}},{"name":"Ferrothorn","species":"Ferrothorn","item":"rockyhelmet","ability":"Iron Barbs","moves":["leechseed","protect","thunderwave","gyroball"],"nature":"Relaxed","evs":{"hp":252,"atk":0,"def":252,"spa":0,"spd":0,"spe":0},"ivs":{"hp":31,"atk":31,"def":31,"spa":31,"spd":31,"spe":0}},{"name":"Cradily","species":"Cradily","item":"leftovers","ability":"Suction Cups","moves":["stoneedge","recover","toxic","stealthrock"],"nature":"Careful","evs":{"hp":0,"atk":0,"def":0,"spa":252,"spd":0,"spe":252},"ivs":{"hp":31,"atk":31,"def":31,"spa":31,"spd":31,"spe":31}},{"name":"Roserade","species":"Roserade","item":"choicescarf","ability":"Technician","moves":["sludgebomb","energyball","hiddenpowerice","shadowball"],"nature":"Modest","evs":{"hp":0,"atk":0,"def":0,"spa":252,"spd":0,"spe":252},"ivs":{"hp":31,"atk":30,"def":30,"spa":31,"spd":31,"spe":31}}],"log":["|player|p1|CCSt4 psm|209","|player|p2|KTN Photon|66","|gametype|singles","|gen|6","|tier|Monotype","|rated","|rule|Baton Pass Clause: Limit one Baton Passer, can't pass Spe and other stats simultaneously","|rule|Swagger Clause: Swagger is banned","|rule|Same Type Clause: Pokémon in a team must share a type","|clearpoke","|poke|p1|Aggron, M","|poke|p1|Empoleon, F","|poke|p1|Heatran, F","|poke|p1|Doublade, F","|poke|p1|Ferrothorn, F","|poke|p1|Bisharp, F","|poke|p2|Venusaur, F","|poke|p2|Celebi","|poke|p2|Ludicolo, F","|poke|p2|Ferrothorn, F","|poke|p2|Cradily, M","|poke|p2|Roserade, M","|rule|Sleep Clause Mod: Limit one foe put to sleep","|rule|Species Clause: Limit one of each Pokémon","|rule|OHKO Clause: OHKO moves are banned","|rule|Moody Clause: Moody is banned","|rule|Evasion Moves Clause: Evasion moves are banned","|rule|Endless Battle Clause: Forcing endless battles is banned","|rule|HP Percentage Mod: HP is shown in percentages","|teampreview","|","|start","|switch|p1a: Heatran|Heatran, F|324/324","|switch|p2a: Ludicolo|Ludicolo, F|301/301","|-item|p1a: Heatran|Air Balloon","|turn|1","|","|switch|p1a: Ferrothorn|Ferrothorn, F|351/351","|move|p2a: Ludicolo|Hydro Pump|p1a: Ferrothorn|[miss]","|-miss|p2a: Ludicolo|p1a: Ferrothorn","|","|turn|2","|","|switch|p2a: Ferrothorn|Ferrothorn, F|352/352","|move|p1a: Ferrothorn|Power Whip|p2a: Ferrothorn|[miss]","|-miss|p1a: Ferrothorn|p2a: Ferrothorn","|","|turn|3","|","|switch|p1a: Heatran|Heatran, F|324/324","|-item|p1a: Heatran|Air Balloon","|move|p2a: Ferrothorn|Thunder Wave|p1a: Heatran","|-status|p1a: Heatran|par","|","|turn|4","|","|switch|p2a: Cradily|Cradily, M|313/313","|move|p1a: Heatran|Lava Plume|p2a: Cradily","|-damage|p2a: Cradily|193/313","|","|-heal|p2a: Cradily|212/313|[from] item: Leftovers","|turn|5","|","|move|p2a: Cradily|Stealth Rock|p1a: Heatran","|-sidestart|p1: CCSt4 psm|move: Stealth Rock","|move|p1a: Heatran|Flash Cannon|p2a: Cradily","|-supereffective|p2a: Cradily","|-damage|p2a: Cradily|0 fnt","|faint|p2a: Cradily","|","|","|switch|p2a: Ludicolo|Ludicolo, F|301/301","|turn|6","|","|switch|p1a: Ferrothorn|Ferrothorn, F|351/351","|-damage|p1a: Ferrothorn|330/351|[from] Stealth Rock","|move|p2a: Ludicolo|Focus Blast|p1a: Ferrothorn","|-supereffective|p1a: Ferrothorn","|-damage|p1a: Ferrothorn|34/351","|","|turn|7","|","|switch|p1a: Doublade|Doublade, F|321/321","|-damage|p1a: Doublade|301/321|[from] Stealth Rock","|move|p2a: Ludicolo|Focus Blast|p1a: Doublade","|-immune|p1a: Doublade|[msg]","|","|turn|8","|","|switch|p2a: Ferrothorn|Ferrothorn, F|352/352","|move|p1a: Doublade|Swords Dance|p1a: Doublade","|-boost|p1a: Doublade|atk|2","|","|turn|9","|","|move|p1a: Doublade|Sacred Sword|p2a: Ferrothorn","|-supereffective|p2a: Ferrothorn","|-damage|p2a: Ferrothorn|124/352","|-damage|p1a: Doublade|261/321|[from] ability: Iron Barbs|[of] p2a: Ferrothorn","|-damage|p1a: Doublade|208/321|[from] item: Rocky Helmet|[of] p2a: Ferrothorn","|move|p2a: Ferrothorn|Thunder Wave|p1a: Doublade","|-status|p1a: Doublade|par","|","|turn|10","|","|move|p2a: Ferrothorn|Leech Seed|p1a: Doublade","|-start|p1a: Doublade|move: Leech Seed","|move|p1a: Doublade|Sacred Sword|p2a: Ferrothorn","|-supereffective|p2a: Ferrothorn","|-damage|p2a: Ferrothorn|0 fnt","|-damage|p1a: Doublade|168/321 par|[from] ability: Iron Barbs|[of] p2a: Ferrothorn","|-damage|p1a: Doublade|115/321 par|[from] item: Rocky Helmet|[of] p2a: Ferrothorn","|faint|p2a: Ferrothorn","|","|","|switch|p2a: Roserade|Roserade, M|261/261","|turn|11","|","|move|p1a: Doublade|Shadow Sneak|p2a: Roserade","|-damage|p2a: Roserade|50/261","|move|p2a: Roserade|Shadow Ball|p1a: Doublade","|-supereffective|p1a: Doublade","|-damage|p1a: Doublade|0 fnt","|faint|p1a: Doublade","|","|","|switch|p1a: Empoleon|Empoleon, F|310/310","|-damage|p1a: Empoleon|291/310|[from] Stealth Rock","|turn|12","|","|move|p2a: Roserade|Shadow Ball|p1a: Empoleon","|-damage|p1a: Empoleon|181/310","|move|p1a: Empoleon|Ice Beam|p2a: Roserade","|-supereffective|p2a: Roserade","|-damage|p2a: Roserade|0 fnt","|faint|p2a: Roserade","|","|","|switch|p2a: Celebi|Celebi|404/404","|turn|13","|","|move|p1a: Empoleon|Ice Beam|p2a: Celebi","|-supereffective|p2a: Celebi","|-damage|p2a: Celebi|202/404","|move|p2a: Celebi|Calm Mind|p2a: Celebi","|-boost|p2a: Celebi|spa|1","|-boost|p2a: Celebi|spd|1","|","|turn|14","|","|move|p1a: Empoleon|Ice Beam|p2a: Celebi","|-supereffective|p2a: Celebi","|-damage|p2a: Celebi|74/404","|move|p2a: Celebi|Calm Mind|p2a: Celebi","|-boost|p2a: Celebi|spa|1","|-boost|p2a: Celebi|spd|1","|","|turn|15","|","|move|p1a: Empoleon|Ice Beam|p2a: Celebi","|-supereffective|p2a: Celebi","|-damage|p2a: Celebi|0 fnt","|faint|p2a: Celebi","|","|","|switch|p2a: Ludicolo|Ludicolo, F|301/301","|turn|16","|","|switch|p1a: Ferrothorn|Ferrothorn, F|34/351","|-damage|p1a: Ferrothorn|13/351|[from] Stealth Rock","|move|p2a: Ludicolo|Focus Blast|p1a: Ferrothorn|[miss]","|-miss|p2a: Ludicolo|p1a: Ferrothorn","|","|turn|17","|","|move|p2a: Ludicolo|Focus Blast|p1a: Ferrothorn","|-supereffective|p1a: Ferrothorn","|-damage|p1a: Ferrothorn|0 fnt","|faint|p1a: Ferrothorn","|","|","|switch|p1a: Empoleon|Empoleon, F|181/310","|-damage|p1a: Empoleon|162/310|[from] Stealth Rock","|turn|18","|","|move|p1a: Empoleon|Ice Beam|p2a: Ludicolo","|-damage|p2a: Ludicolo|201/301","|move|p2a: Ludicolo|Focus Blast|p1a: Empoleon|[miss]","|-miss|p2a: Ludicolo|p1a: Empoleon","|","|turn|19","|","|move|p1a: Empoleon|Ice Beam|p2a: Ludicolo","|-damage|p2a: Ludicolo|107/301","|move|p2a: Ludicolo|Focus Blast|p1a: Empoleon|[miss]","|-miss|p2a: Ludicolo|p1a: Empoleon","|","|turn|20","|","|move|p1a: Empoleon|Ice Beam|p2a: Ludicolo","|-damage|p2a: Ludicolo|10/301","|move|p2a: Ludicolo|Focus Blast|p1a: Empoleon|[miss]","|-miss|p2a: Ludicolo|p1a: Empoleon","|","|turn|21","|","|move|p1a: Empoleon|Ice Beam|p2a: Ludicolo","|-damage|p2a: Ludicolo|0 fnt","|faint|p2a: Ludicolo","|","|","|switch|p2a: Venusaur|Venusaur, F|355/355","|turn|22","|","|detailschange|p2a: Venusaur|Venusaur-Mega, F","|-mega|p2a: Venusaur|Venusaur|Venusaurite","|move|p1a: Empoleon|Ice Beam|p2a: Venusaur","|-supereffective|p2a: Venusaur","|-damage|p2a: Venusaur|271/355","|move|p2a: Venusaur|Earthquake|p1a: Empoleon","|-supereffective|p1a: Empoleon","|-damage|p1a: Empoleon|0 fnt","|faint|p1a: Empoleon","|","|","|switch|p1a: Aggron|Aggron, M|343/343","|-damage|p1a: Aggron|322/343|[from] Stealth Rock","|turn|23","|","|detailschange|p1a: Aggron|Aggron-Mega, M","|-mega|p1a: Aggron|Aggron|Aggronite","|move|p2a: Venusaur|Curse|p2a: Venusaur","|-unboost|p2a: Venusaur|spe|1","|-boost|p2a: Venusaur|atk|1","|-boost|p2a: Venusaur|def|1","|move|p1a: Aggron|Thunder Wave|p2a: Venusaur","|-status|p2a: Venusaur|par","|","|turn|24","|","|move|p1a: Aggron|Heavy Slam|p2a: Venusaur","|-damage|p2a: Venusaur|205/355 par","|move|p2a: Venusaur|Curse|p2a: Venusaur","|-unboost|p2a: Venusaur|spe|1","|-boost|p2a: Venusaur|atk|1","|-boost|p2a: Venusaur|def|1","|","|turn|25","|","|move|p1a: Aggron|Heavy Slam|p2a: Venusaur","|-damage|p2a: Venusaur|154/355 par","|cant|p2a: Venusaur|par","|","|turn|26","|","|switch|p1a: Heatran|Heatran, F|324/324 par","|-damage|p1a: Heatran|284/324 par|[from] Stealth Rock","|-item|p1a: Heatran|Air Balloon","|move|p2a: Venusaur|Synthesis|p2a: Venusaur","|-heal|p2a: Venusaur|331/355 par","|","|turn|27","|","|cant|p1a: Heatran|par","|move|p2a: Venusaur|Power Whip|p1a: Heatran","|-crit|p1a: Heatran","|-resisted|p1a: Heatran","|-damage|p1a: Heatran|140/324 par","|-enditem|p1a: Heatran|Air Balloon","|","|turn|28","|","|move|p1a: Heatran|Flash Cannon|p2a: Venusaur","|-damage|p2a: Venusaur|205/355 par","|cant|p2a: Venusaur|par","|","|turn|29","|","|move|p1a: Heatran|Flash Cannon|p2a: Venusaur","|-damage|p2a: Venusaur|84/355 par","|move|p2a: Venusaur|Synthesis|p2a: Venusaur","|-heal|p2a: Venusaur|261/355 par","|","|turn|30","|","|cant|p1a: Heatran|par","|move|p2a: Venusaur|Synthesis|p2a: Venusaur","|-heal|p2a: Venusaur|355/355 par","|","|turn|31","|","|move|p1a: Heatran|Flash Cannon|p2a: Venusaur","|-crit|p2a: Venusaur","|-damage|p2a: Venusaur|183/355 par","|cant|p2a: Venusaur|par","|","|turn|32","|","|switch|p1a: Bisharp|Bisharp, F|272/272","|-damage|p1a: Bisharp|255/272|[from] Stealth Rock","|move|p2a: Venusaur|Synthesis|p2a: Venusaur","|-heal|p2a: Venusaur|355/355 par","|","|turn|33","|","|move|p1a: Bisharp|Swords Dance|p1a: Bisharp","|-boost|p1a: Bisharp|atk|2","|move|p2a: Venusaur|Earthquake|p1a: Bisharp","|-supereffective|p1a: Bisharp","|-damage|p1a: Bisharp|0 fnt","|faint|p1a: Bisharp","|","|","|switch|p1a: Heatran|Heatran, F|140/324 par","|-damage|p1a: Heatran|100/324 par|[from] Stealth Rock","|turn|34","|","|cant|p1a: Heatran|par","|move|p2a: Venusaur|Earthquake|p1a: Heatran","|-supereffective|p1a: Heatran","|-damage|p1a: Heatran|0 fnt","|faint|p1a: Heatran","|","|","|switch|p1a: Aggron|Aggron-Mega, M|322/343","|-damage|p1a: Aggron|301/343|[from] Stealth Rock","|turn|35","|","|move|p1a: Aggron|Heavy Slam|p2a: Venusaur","|-damage|p2a: Venusaur|303/355 par","|move|p2a: Venusaur|Curse|p2a: Venusaur","|-unboost|p2a: Venusaur|spe|1","|-boost|p2a: Venusaur|atk|1","|-boost|p2a: Venusaur|def|1","|","|turn|36","|","|move|p1a: Aggron|Earthquake|p2a: Venusaur","|-damage|p2a: Venusaur|260/355 par","|cant|p2a: Venusaur|par","|","|turn|37","|","|move|p1a: Aggron|Earthquake|p2a: Venusaur","|-damage|p2a: Venusaur|215/355 par","|move|p2a: Venusaur|Earthquake|p1a: Aggron","|-supereffective|p1a: Aggron","|-damage|p1a: Aggron|100/343","|","|turn|38","|","|move|p1a: Aggron|Heavy Slam|p2a: Venusaur","|-damage|p2a: Venusaur|173/355 par","|cant|p2a: Venusaur|par","|","|turn|39","|","|move|p1a: Aggron|Earthquake|p2a: Venusaur","|-damage|p2a: Venusaur|127/355 par","|move|p2a: Venusaur|Synthesis|p2a: Venusaur","|-heal|p2a: Venusaur|304/355 par","|","|turn|40","|","|move|p1a: Aggron|Earthquake|p2a: Venusaur","|-damage|p2a: Venusaur|261/355 par","|move|p2a: Venusaur|Earthquake|p1a: Aggron","|-supereffective|p1a: Aggron","|-damage|p1a: Aggron|0 fnt","|faint|p1a: Aggron","|","|win|KTN Photon"],"p1rating":{"entryid":7518205,"formatid":"monotype","userid":"ccst4psm","username":"CCSt4 psm","r":1500,"rd":130,"sigma":0,"rpr":1464.3947121992,"rprd":122.97357371469,"rpsigma":0,"rptime":1439110800,"w":0,"l":1,"t":0,"gxe":45.6,"acre":1000,"lacre":1000,"oldacre":1000},"p2rating":{"entryid":"6136999","serverid":"eos","formatid":"monotype","userid":"ktnphoton","username":"KTN Photon","w":2,"l":"2","t":"0","gxe":48.4,"r":"1542.73286248","rd":"132.15643978711","sigma":"0","rptime":"1439110800","rpr":1487.2624947731,"rprd":112.90322070738,"rpsigma":"0","acre":1063.2215449706,"lacre":1063.2215449706,"oldacre":"1031.0227057419"},"endType":"normal"}