{"seed":[43229,33874,4135,5292],"turns":23,"p1":"LightOfAKnowing","p2":"CCSt4 psm","p1team":[{"name":"Gurdurr","species":"Gurdurr","item":"eviolite","ability":"Guts","moves":["bulkup","drainpunch","stoneedge","knockoff"],"nature":"Adamant","evs":{"hp":248,"atk":252,"def":0,"spa":0,"spd":8,"spe":0},"ivs":{"hp":31,"atk":31,"def":31,"spa":31,"spd":31,"spe":31}},{"name":"Hawlucha","species":"Hawlucha","item":"sitrusberry","ability":"Unburden","moves":["substitute","poweruppunch","acrobatics","drainpunch"],"nature":"Adamant","evs":{"hp":4,"atk":252,"def":0,"spa":0,"spd":0,"spe":252},"ivs":{"hp":31,"atk":31,"def":31,"spa":31,"spd":31,"spe":31}},{"name":"Gallade","species":"Gallade","item":"galladite","ability":"Steadfast","moves":["substitute","swordsdance","brickbreak","psychocut"],"nature":"Adamant","evs":{"hp":248,"atk":252,"def":0,"spa":0,"spd":8,"spe":0},"ivs":{"hp":31,"atk":31,"def":31,"spa":31,"spd":31,"spe":31}},{"name":"Machamp","species":"Machamp","item":"choiceband","ability":"No Guard","moves":["knockoff","bulletpunch","stoneedge","dynamicpunch"],"nature":"Adamant","evs":{"hp":248,"atk":252,"def":0,"spa":0,"spd":8,"spe":0},"ivs":{"hp":31,"atk":31,"def":31,"spa":31,"spd":31,"spe":31}},{"name":"Keldeo","species":"Keldeo","item":"leftovers","ability":"Justified","moves":["calmmind","scald","secretsword","icywind"],"nature":"Timid","evs":{"hp":0,"atk":0,"def":0,"spa":252,"spd":4,"spe":252},"ivs":{"hp":31,"atk":31,"def":31,"spa":31,"spd":31,"spe":31}},{"name":"Hitmontop","species":"Hitmontop","item":"choiceband","ability":"Technician","moves":["rapidspin","machpunch","pursuit","bulletpunch"],"nature":"Adamant","evs":{"hp":248,"atk":252,"def":0,"spa":0,"spd":8,"spe":0},"ivs":{"hp":31,"atk":31,"def":31,"spa":31,"spd":31,"spe":31}}],"p2team":[{"name":"Aggron","species":"Aggron","item":"aggronite","ability":"Sturdy","moves":["heavyslam","stealthrock","thunderwave","earthquake"],"nature":"Adamant","evs":{"hp":248,"atk":252,"def":0,"spa":0,"spd":8,"spe":0},"ivs":{"hp":31,"atk":31,"def":31,"spa":31,"spd":31,"spe":31}},{"name":"Empoleon","species":"Empoleon","item":"choicescarf","ability":"Torrent","moves":["hydropump","icebeam","flashcannon","grassknot"],"nature":"Timid","evs":{"hp":4,"atk":0,"def":0,"spa":252,"spd":0,"spe":252},"ivs":{"hp":31,"atk":31,"def":31,"spa":31,"spd":31,"spe":31}},{"name":"Heatran","species":"Heatran","item":"airballoon","ability":"Flash Fire","moves":["lavaplume","earthpower","flashcannon","hiddenpowergrass"],"nature":"Timid","evs":{"hp":4,"atk":0,"def":0,"spa":252,"spd":0,"spe":252},"ivs":{"hp":31,"atk":30,"def":31,"spa":30,"spd":31,"spe":31}},{"name":"Doublade","species":"Doublade","item":"eviolite","ability":"No Guard","moves":["swordsdance","sacredsword","shadowsneak","ironhead"],"nature":"Adamant","evs":{"hp":248,"atk":252,"def":0,"spa":0,"spd":8,"spe":0},"ivs":{"hp":31,"atk":31,"def":31,"spa":31,"spd":31,"spe":31}},{"name":"Ferrothorn","species":"Ferrothorn","item":"choiceband","ability":"Iron Barbs","moves":["gyroball","powerwhip","explosion","bulldoze"],"nature":"Brave","evs":{"hp":248,"atk":252,"def":0,"spa":0,"spd":8,"spe":0},"ivs":{"hp":31,"atk":31,"def":31,"spa":31,"spd":31,"spe":0}},{"name":"Bisharp","species":"Bisharp","item":"blackglasses","ability":"Defiant","moves":["swordsdance","suckerpunch","knockoff","ironhead"],"nature":"Adamant","evs":{"hp":4,"atk":252,"def":0,"spa":0,"spd":0,"spe":252},"ivs":{"hp":31,"atk":31,"def":31,"spa":31,"spd":31,"spe":31}}],"log":["|player|p1|LightOfAKnowing|lightofaknowing.png","|player|p2|CCSt4 psm|209","|gametype|singles","|gen|6","|tier|Monotype","|rated","|rule|Baton Pass Clause: Limit one Baton Passer, can't pass Spe and other stats simultaneously","|rule|Swagger Clause: Swagger is banned","|rule|Same Type Clause: Pokémon in a team must share a type","|clearpoke","|poke|p1|Gurdurr, F","|poke|p1|Hawlucha, F","|poke|p1|Gallade, M","|poke|p1|Machamp, F","|poke|p1|Keldeo","|poke|p1|Hitmontop, M","|poke|p2|Aggron, M","|poke|p2|Empoleon, M","|poke|p2|Heatran, F","|poke|p2|Doublade, M","|poke|p2|Ferrothorn, M","|poke|p2|Bisharp, M","|rule|Sleep Clause Mod: Limit one foe put to sleep","|rule|Species Clause: Limit one of each Pokémon","|rule|OHKO Clause: OHKO moves are banned","|rule|Moody Clause: Moody is banned","|rule|Evasion Moves Clause: Evasion moves are banned","|rule|Endless Battle Clause: Forcing endless battles is banned","|rule|HP Percentage Mod: HP is shown in percentages","|teampreview","|","|start","|switch|p1a: Hitmontop|Hitmontop, M|303/303","|switch|p2a: Aggron|Aggron, M|343/343","|turn|1","|","|detailschange|p2a: Aggron|Aggron-Mega, M","|-mega|p2a: Aggron|Aggron|Aggronite","|move|p1a: Hitmontop|Mach Punch|p2a: Aggron","|-supereffective|p2a: Aggron","|-damage|p2a: Aggron|235/343","|move|p2a: Aggron|Thunder Wave|p1a: Hitmontop","|-status|p1a: Hitmontop|par","|","|turn|2","|","|switch|p1a: Keldeo|Keldeo|323/323","|move|p2a: Aggron|Stealth Rock|p1a: Keldeo","|-sidestart|p1: LightOfAKnowing|move: Stealth Rock","|","|turn|3","|","|move|p1a: Keldeo|Secret Sword|p2a: Aggron","|-supereffective|p2a: Aggron","|-damage|p2a: Aggron|117/343","|move|p2a: Aggron|Thunder Wave|p1a: Keldeo","|-status|p1a: Keldeo|par","|","|turn|4","|","|move|p2a: Aggron|Earthquake|p1a: Keldeo","|-damage|p1a: Keldeo|164/323 par","|move|p1a: Keldeo|Secret Sword|p2a: Aggron","|-supereffective|p2a: Aggron","|-damage|p2a: Aggron|14/343","|","|-heal|p1a: Keldeo|184/323 par|[from] item: Leftovers","|turn|5","|","|move|p2a: Aggron|Heavy Slam|p1a: Keldeo","|-resisted|p1a: Keldeo","|-damage|p1a: Keldeo|43/323 par","|cant|p1a: Keldeo|par","|","|-heal|p1a: Keldeo|63/323 par|[from] item: Leftovers","|turn|6","|","|move|p2a: Aggron|Heavy Slam|p1a: Keldeo","|-resisted|p1a: Keldeo","|-damage|p1a: Keldeo|0 fnt","|faint|p1a: Keldeo","|","|","|switch|p1a: Hitmontop|Hitmontop, M|303/303 par","|-damage|p1a: Hitmontop|285/303 par|[from] Stealth Rock","|turn|7","|","|switch|p2a: Doublade|Doublade, M|321/321","|move|p1a: Hitmontop|Rapid Spin|p2a: Doublade","|-immune|p2a: Doublade|[msg]","|","|turn|8","|","|switch|p1a: Gurdurr|Gurdurr, F|373/373","|-damage|p1a: Gurdurr|350/373|[from] Stealth Rock","|move|p2a: Doublade|Swords Dance|p2a: Doublade","|-boost|p2a: Doublade|atk|2","|","|turn|9","|","|move|p1a: Gurdurr|Knock Off|p2a: Doublade","|-crit|p2a: Doublade","|-supereffective|p2a: Doublade","|-damage|p2a: Doublade|177/321","|-enditem|p2a: Doublade|Eviolite|[from] move: Knock Off|[of] p1a: Gurdurr","|move|p2a: Doublade|Iron Head|p1a: Gurdurr","|-damage|p1a: Gurdurr|151/373","|","|turn|10","|","|move|p1a: Gurdurr|Knock Off|p2a: Doublade","|-supereffective|p2a: Doublade","|-damage|p2a: Doublade|71/321","|move|p2a: Doublade|Iron Head|p1a: Gurdurr","|-damage|p1a: Gurdurr|0 fnt","|faint|p1a: Gurdurr","|","|","|switch|p1a: Machamp|Machamp, F|383/383","|-damage|p1a: Machamp|360/383|[from] Stealth Rock","|turn|11","|","|move|p2a: Doublade|Shadow Sneak|p1a: Machamp","|-damage|p1a: Machamp|191/383","|move|p1a: Machamp|Knock Off|p2a: Doublade","|-crit|p2a: Doublade","|-supereffective|p2a: Doublade","|-damage|p2a: Doublade|0 fnt","|faint|p2a: Doublade","|","|","|switch|p2a: Empoleon|Empoleon, M|310/310","|turn|12","|","|switch|p1a: Gallade|Gallade, M|339/339","|-damage|p1a: Gallade|318/339|[from] Stealth Rock","|move|p2a: Empoleon|Hydro Pump|p1a: Gallade|[miss]","|-miss|p2a: Empoleon|p1a: Gallade","|","|turn|13","|","|detailschange|p1a: Gallade|Gallade-Mega, M","|-mega|p1a: Gallade|Gallade|Galladite","|move|p2a: Empoleon|Hydro Pump|p1a: Gallade","|-damage|p1a: Gallade|161/339","|move|p1a: Gallade|Brick Break|p2a: Empoleon","|-supereffective|p2a: Empoleon","|-damage|p2a: Empoleon|0 fnt","|faint|p2a: Empoleon","|","|","|switch|p2a: Bisharp|Bisharp, M|272/272","|turn|14","|","|move|p2a: Bisharp|Sucker Punch|p1a: Gallade","|-fail|p2a: Bisharp","|move|p1a: Gallade|Substitute|p1a: Gallade","|-start|p1a: Gallade|Substitute","|-damage|p1a: Gallade|77/339","|","|turn|15","|","|move|p2a: Bisharp|Sucker Punch|p1a: Gallade","|-end|p1a: Gallade|Substitute","|move|p1a: Gallade|Brick Break|p2a: Bisharp","|-supereffective|p2a: Bisharp","|-damage|p2a: Bisharp|0 fnt","|faint|p2a: Bisharp","|","|","|switch|p2a: Ferrothorn|Ferrothorn, M|351/351","|turn|16","|","|move|p1a: Gallade|Swords Dance|p1a: Gallade","|-boost|p1a: Gallade|atk|2","|move|p2a: Ferrothorn|Gyro Ball|p1a: Gallade","|-damage|p1a: Gallade|0 fnt","|faint|p1a: Gallade","|","|","|switch|p1a: Hitmontop|Hitmontop, M|285/303 par","|-damage|p1a: Hitmontop|267/303 par|[from] Stealth Rock","|turn|17","|","|switch|p2a: Aggron|Aggron-Mega, M|14/343","|move|p1a: Hitmontop|Rapid Spin|p2a: Aggron","|-resisted|p2a: Aggron","|-damage|p2a: Aggron|2/343","|-sideend|p1: LightOfAKnowing|Stealth Rock|[from] move: Rapid Spin|[of] p1a: Hitmontop","|","|turn|18","|","|move|p2a: Aggron|Stealth Rock|p1a: Hitmontop","|-sidestart|p1: LightOfAKnowing|move: Stealth Rock","|move|p1a: Hitmontop|Rapid Spin|p2a: Aggron","|-resisted|p2a: Aggron","|-damage|p2a: Aggron|0 fnt","|-sideend|p1: LightOfAKnowing|Stealth Rock|[from] move: Rapid Spin|[of] p1a: Hitmontop","|faint|p2a: Aggron","|","|","|switch|p2a: Ferrothorn|Ferrothorn, M|351/351","|turn|19","|","|switch|p1a: Machamp|Machamp, F|191/383","|move|p2a: Ferrothorn|Power Whip|p1a: Machamp","|-damage|p1a: Machamp|0 fnt","|faint|p1a: Machamp","|","|","|switch|p1a: Hawlucha|Hawlucha, F|298/298","|turn|20","|","|move|p1a: Hawlucha|Substitute|p1a: Hawlucha","|-start|p1a: Hawlucha|Substitute","|-damage|p1a: Hawlucha|224/298","|move|p2a: Ferrothorn|Power Whip|p1a: Hawlucha","|-resisted|p1a: Hawlucha","|-end|p1a: Hawlucha|Substitute","|","|turn|21","|","|move|p1a: Hawlucha|Power-Up Punch|p2a: Ferrothorn","|-supereffective|p2a: Ferrothorn","|-damage|p2a: Ferrothorn|255/351","|-damage|p1a: Hawlucha|187/298|[from] ability: Iron Barbs|[of] p2a: Ferrothorn","|-boost|p1a: Hawlucha|atk|1","|move|p2a: Ferrothorn|Power Whip|p1a: Hawlucha","|-resisted|p1a: Hawlucha","|-damage|p1a: Hawlucha|3/298","|-enditem|p1a: Hawlucha|Sitrus Berry|[eat]","|-heal|p1a: Hawlucha|77/298|[from] item: Sitrus Berry","|","|turn|22","|","|move|p1a: Hawlucha|Drain Punch|p2a: Ferrothorn","|-supereffective|p2a: Ferrothorn","|-damage|p2a: Ferrothorn|0 fnt","|-heal|p1a: Hawlucha|205/298|[from] drain|[of] p2a: Ferrothorn","|-damage|p1a: Hawlucha|168/298|[from] ability: Iron Barbs|[of] p2a: Ferrothorn","|faint|p2a: Ferrothorn","|","|","|switch|p2a: Heatran|Heatran, F|324/324","|-item|p2a: Heatran|Air Balloon","|turn|23","|","|move|p1a: Hawlucha|Drain Punch|p2a: Heatran","|-supereffective|p2a: Heatran","|-damage|p2a: Heatran|0 fnt","|-heal|p1a: Hawlucha|298/298|[from] drain|[of] p2a: Heatran","|-enditem|p2a: Heatran|Air Balloon","|faint|p2a: Heatran","|","|win|LightOfAKnowing"],"p1rating":{"entryid":"6481865","serverid":"eos","formatid":"monotype","userid":"lightofaknowing","username":"Light-Of-A-Knowing","w":122,"l":"159","t":"0","gxe":42.4,"r":"1431.0109488287","rd":"30.634900974092","sigma":"0","rptime":"1439110800","rpr":1442.1496758571,"rprd":29.828858945551,"rpsigma":"0","acre":1151.4967382613,"lacre":1151.4967382613,"oldacre":"1132.4639303882"},"p2rating":{"entryid":"7518205","serverid":"eos","formatid":"monotype","userid":"ccst4psm","username":"CCSt4 psm","w":"1","l":2,"t":"0","gxe":45.6,"r":"1500","rd":"130","sigma":"0","rptime":"1439110800","rpr":1465.3784277661,"rprd":111.02268749206,"rpsigma":"0","acre":1034.8206961633,"lacre":1034.8206961633,"oldacre":"1047.9043444136"},"endType":"normal"}