{"seed":[27266,35286,45512,64310],"turns":22,"p1":"RealDeal360","p2":"SWL Soul Eclipse","p1team":[{"name":"Smeargle","species":"Smeargle","item":"focussash","ability":"Own Tempo","moves":["spore","swordsdance","cottonguard","batonpass"],"nature":"Brave","evs":{"hp":0,"atk":252,"def":0,"spa":0,"spd":4,"spe":252},"ivs":{"hp":31,"atk":31,"def":31,"spa":31,"spd":31,"spe":31}},{"name":"Snorlax","species":"Snorlax","item":"leftovers","ability":"Thick Fat","moves":["bodyslam","heavyslam","firepunch","zenheadbutt"],"nature":"Adamant","evs":{"hp":248,"atk":252,"def":0,"spa":0,"spd":8,"spe":0},"ivs":{"hp":31,"atk":31,"def":31,"spa":31,"spd":31,"spe":31}},{"name":"Staraptor","species":"Staraptor","item":"razorclaw","ability":"Reckless","moves":["bravebird","closecombat","roost","uturn"],"nature":"Jolly","evs":{"hp":0,"atk":252,"def":0,"spa":0,"spd":4,"spe":252},"ivs":{"hp":31,"atk":31,"def":31,"spa":31,"spd":31,"spe":31}},{"name":"Meloetta","species":"Meloetta","item":"leftovers","ability":"Serene Grace","moves":["dazzlinggleam","calmmind","psyshock","thunderbolt"],"nature":"Modest","evs":{"hp":252,"atk":0,"def":0,"spa":252,"spd":4,"spe":0},"ivs":{"hp":31,"atk":31,"def":31,"spa":31,"spd":31,"spe":31}},{"name":"Ditto","species":"Ditto","item":"choicescarf","ability":"Imposter","moves":["transform"],"nature":"Bold","evs":{"hp":248,"atk":0,"def":252,"spa":0,"spd":8,"spe":0},"ivs":{"hp":31,"atk":31,"def":31,"spa":31,"spd":31,"spe":31}},{"name":"Pidgeot","species":"Pidgeot","item":"pidgeotite","ability":"Keen Eye","moves":["hurricane","defog","heatwave","uturn"],"nature":"Timid","evs":{"hp":0,"atk":0,"def":0,"spa":252,"spd":4,"spe":252},"ivs":{"hp":31,"atk":31,"def":31,"spa":31,"spd":31,"spe":31}}],"p2team":[{"name":"Percival","species":"bisharp","item":"lifeorb","ability":"Defiant","moves":["knockoff","ironhead","swordsdance","suckerpunch"],"nature":"Jolly","evs":{"hp":0,"atk":252,"def":0,"spa":0,"spd":4,"spe":252},"gender":"M","ivs":{"hp":31,"atk":31,"def":31,"spa":31,"spd":31,"spe":31}},{"name":"Erebus","species":"tyranitar","item":"tyranitarite","ability":"Sand Stream","moves":["dragondance","rockslide","fireblast","crunch"],"nature":"Naughty","evs":{"hp":0,"atk":252,"def":0,"spa":4,"spd":0,"spe":252},"gender":"M","ivs":{"hp":31,"atk":31,"def":31,"spa":31,"spd":31,"spe":31}},{"name":"Trinity","species":"hydreigon","item":"choicescarf","ability":"Levitate","moves":["darkpulse","dracometeor","fireblast","flashcannon"],"nature":"Timid","evs":{"hp":0,"atk":0,"def":0,"spa":252,"spd":4,"spe":252},"gender":"F","ivs":{"hp":31,"atk":31,"def":31,"spa":31,"spd":31,"spe":31}},{"name":"Persephone","species":"mandibuzz","item":"leftovers","ability":"Overcoat","moves":["bravebird","roost","defog","toxic"],"nature":"Impish","evs":{"hp":252,"atk":4,"def":252,"spa":0,"spd":0,"spe":0},"ivs":{"hp":31,"atk":31,"def":31,"spa":31,"spd":31,"spe":31}},{"name":"Alexis","species":"weavile","item":"focussash","ability":"Pressure","moves":["fakeout","iceshard","iciclecrash","knockoff"],"nature":"Jolly","evs":{"hp":4,"atk":252,"def":0,"spa":0,"spd":0,"spe":252},"gender":"F","ivs":{"hp":31,"atk":31,"def":31,"spa":31,"spd":31,"spe":31}},{"name":"Hecate","species":"sableye","item":"leftovers","ability":"Prankster","moves":["willowisp","foulplay","recover","taunt"],"nature":"Calm","evs":{"hp":252,"atk":0,"def":4,"spa":0,"spd":252,"spe":0},"ivs":{"hp":31,"atk":31,"def":31,"spa":31,"spd":31,"spe":31}}],"log":["|player|p1|RealDeal360|153","|player|p2|SWL Soul Eclipse|swlsouleclipse.png","|gametype|singles","|gen|6","|tier|Monotype","|rated","|rule|Baton Pass Clause: Limit one Baton Passer, can't pass Spe and other stats simultaneously","|rule|Swagger Clause: Swagger is banned","|rule|Same Type Clause: Pokémon in a team must share a type","|clearpoke","|poke|p1|Smeargle, M","|poke|p1|Snorlax, F","|poke|p1|Staraptor, F","|poke|p1|Meloetta","|poke|p1|Ditto","|poke|p1|Pidgeot, M","|poke|p2|Bisharp, M","|poke|p2|Tyranitar, M","|poke|p2|Hydreigon, F","|poke|p2|Mandibuzz, F","|poke|p2|Weavile, F","|poke|p2|Sableye, F","|rule|Sleep Clause Mod: Limit one foe put to sleep","|rule|Species Clause: Limit one of each Pokémon","|rule|OHKO Clause: OHKO moves are banned","|rule|Moody Clause: Moody is banned","|rule|Evasion Moves Clause: Evasion moves are banned","|rule|Endless Battle Clause: Forcing endless battles is banned","|rule|HP Percentage Mod: HP is shown in percentages","|teampreview","|","|start","|switch|p1a: Smeargle|Smeargle, M|251/251","|switch|p2a: Alexis|Weavile, F|282/282","|-ability|p2a: Alexis|Pressure","|turn|1","|","|move|p2a: Alexis|Fake Out|p1a: Smeargle","|-damage|p1a: Smeargle|150/251","|cant|p1a: Smeargle|flinch","|","|turn|2","|","|move|p2a: Alexis|Ice Shard|p1a: Smeargle","|-damage|p1a: Smeargle|0 fnt","|faint|p1a: Smeargle","|","|","|switch|p1a: Staraptor|Staraptor, F|311/311","|turn|3","|","|move|p2a: Alexis|Icicle Crash|p1a: Staraptor","|-supereffective|p1a: Staraptor","|-damage|p1a: Staraptor|0 fnt","|faint|p1a: Staraptor","|","|","|switch|p1a: Snorlax|Snorlax, F|523/523","|turn|4","|","|move|p2a: Alexis|Knock Off|p1a: Snorlax","|-damage|p1a: Snorlax|295/523","|-enditem|p1a: Snorlax|Leftovers|[from] move: Knock Off|[of] p2a: Alexis","|move|p1a: Snorlax|Fire Punch|p2a: Alexis","|-supereffective|p2a: Alexis","|-damage|p2a: Alexis|56/282","|","|turn|5","|","|move|p2a: Alexis|Icicle Crash|p1a: Snorlax","|-damage|p1a: Snorlax|190/523","|cant|p1a: Snorlax|flinch","|","|turn|6","|","|move|p2a: Alexis|Icicle Crash|p1a: Snorlax","|-damage|p1a: Snorlax|88/523","|move|p1a: Snorlax|Fire Punch|p2a: Alexis","|-supereffective|p2a: Alexis","|-damage|p2a: Alexis|0 fnt","|faint|p2a: Alexis","|","|","|switch|p2a: Trinity|Hydreigon, F|325/325","|turn|7","|","|move|p2a: Trinity|Dark Pulse|p1a: Snorlax","|-damage|p1a: Snorlax|0 fnt","|faint|p1a: Snorlax","|","|","|switch|p1a: Meloetta|Meloetta|404/404","|turn|8","|","|move|p2a: Trinity|Dark Pulse|p1a: Meloetta","|-supereffective|p1a: Meloetta","|-damage|p1a: Meloetta|182/404","|move|p1a: Meloetta|Dazzling Gleam|p2a: Trinity","|-supereffective|p2a: Trinity","|-damage|p2a: Trinity|0 fnt","|faint|p2a: Trinity","|","|-heal|p1a: Meloetta|207/404|[from] item: Leftovers","|","|switch|p2a: Percival|Bisharp, M|271/271","|turn|9","|","|move|p2a: Percival|Sucker Punch|p1a: Meloetta","|-crit|p1a: Meloetta","|-supereffective|p1a: Meloetta","|-damage|p1a: Meloetta|0 fnt","|-damage|p2a: Percival|244/271|[from] item: Life Orb","|faint|p1a: Meloetta","|","|","|switch|p1a: Pidgeot|Pidgeot, M|307/307","|turn|10","|","|detailschange|p1a: Pidgeot|Pidgeot-Mega, M","|-mega|p1a: Pidgeot|Pidgeot|Pidgeotite","|move|p2a: Percival|Sucker Punch|p1a: Pidgeot","|-damage|p1a: Pidgeot|89/307","|-damage|p2a: Percival|217/271|[from] item: Life Orb","|move|p1a: Pidgeot|Heat Wave|p2a: Percival","|-supereffective|p2a: Percival","|-damage|p2a: Percival|0 fnt","|faint|p2a: Percival","|","|","|switch|p2a: Erebus|Tyranitar, M|341/341","|-weather|Sandstorm","|turn|11","|","|detailschange|p2a: Erebus|Tyranitar-Mega, M","|-mega|p2a: Erebus|Tyranitar|Tyranitarite","|move|p1a: Pidgeot|Hurricane|p2a: Erebus","|-resisted|p2a: Erebus","|-damage|p2a: Erebus|274/341","|-start|p2a: Erebus|confusion","|-activate|p2a: Erebus|confusion","|move|p2a: Erebus|Dragon Dance|p2a: Erebus","|-boost|p2a: Erebus|atk|1","|-boost|p2a: Erebus|spe|1","|","|-weather|Sandstorm|[upkeep]","|-damage|p1a: Pidgeot|70/307|[from] sandstorm","|turn|12","|","|move|p1a: Pidgeot|Heat Wave|p2a: Erebus","|-resisted|p2a: Erebus","|-damage|p2a: Erebus|234/341","|-activate|p2a: Erebus|confusion","|-damage|p2a: Erebus|168/341|[from] confusion","|","|-weather|Sandstorm|[upkeep]","|-damage|p1a: Pidgeot|51/307|[from] sandstorm","|turn|13","|","|move|p1a: Pidgeot|U-turn|p2a: Erebus","|-supereffective|p2a: Erebus","|-damage|p2a: Erebus|114/341","|","|switch|p1a: Ditto|Ditto|299/299","|-transform|p1a: Ditto|p2a: Erebus","|-end|p2a: Erebus|confusion","|move|p2a: Erebus|Dragon Dance|p2a: Erebus","|-boost|p2a: Erebus|atk|1","|-boost|p2a: Erebus|spe|1","|","|-weather|Sandstorm|[upkeep]","|turn|14","|","|move|p1a: Ditto|Rock Slide|p2a: Erebus","|-damage|p2a: Erebus|0 fnt","|faint|p2a: Erebus","|","|-weather|Sandstorm|[upkeep]","|","|switch|p2a: Hecate|Sableye, F|304/304","|turn|15","|","|move|p2a: Hecate|Will-O-Wisp|p1a: Ditto","|-status|p1a: Ditto|brn","|move|p1a: Ditto|Rock Slide|p2a: Hecate","|-crit|p2a: Hecate","|-damage|p2a: Hecate|67/304","|","|-weather|none","|-heal|p2a: Hecate|86/304|[from] item: Leftovers","|-damage|p1a: Ditto|262/299 brn|[from] brn","|turn|16","|","|move|p2a: Hecate|Recover|p2a: Hecate","|-heal|p2a: Hecate|238/304","|move|p1a: Ditto|Rock Slide|p2a: Hecate","|-damage|p2a: Hecate|73/304","|","|-heal|p2a: Hecate|92/304|[from] item: Leftovers","|-damage|p1a: Ditto|225/299 brn|[from] brn","|turn|17","|","|move|p2a: Hecate|Recover|p2a: Hecate","|-heal|p2a: Hecate|244/304","|move|p1a: Ditto|Rock Slide|p2a: Hecate","|-damage|p2a: Hecate|75/304","|","|-heal|p2a: Hecate|94/304|[from] item: Leftovers","|-damage|p1a: Ditto|188/299 brn|[from] brn","|turn|18","|","|move|p2a: Hecate|Recover|p2a: Hecate","|-heal|p2a: Hecate|246/304","|move|p1a: Ditto|Rock Slide|p2a: Hecate","|-damage|p2a: Hecate|83/304","|","|-heal|p2a: Hecate|102/304|[from] item: Leftovers","|-damage|p1a: Ditto|151/299 brn|[from] brn","|turn|19","|","|move|p2a: Hecate|Recover|p2a: Hecate","|-heal|p2a: Hecate|254/304","|-activate|p1a: Ditto|move: Struggle","|move|p1a: Ditto|Struggle|p2a: Hecate","|-damage|p2a: Hecate|181/304","|-damage|p1a: Ditto|77/299 brn|[from] recoil","|","|-heal|p2a: Hecate|200/304|[from] item: Leftovers","|-damage|p1a: Ditto|40/299 brn|[from] brn","|turn|20","|","|-activate|p1a: Ditto|move: Struggle","|move|p1a: Ditto|Struggle|p2a: Hecate","|-damage|p2a: Hecate|128/304","|-damage|p1a: Ditto|0 fnt|[from] recoil","|faint|p1a: Ditto","|move|p2a: Hecate|Foul Play|p1: Ditto|[notarget]","|-notarget","|","|-heal|p2a: Hecate|147/304|[from] item: Leftovers","|","|switch|p1a: Pidgeot|Pidgeot-Mega, M|51/307","|turn|21","|","|move|p2a: Hecate|Will-O-Wisp|p1a: Pidgeot","|-status|p1a: Pidgeot|brn","|move|p1a: Pidgeot|Hurricane|p2a: Hecate","|-damage|p2a: Hecate|0 fnt","|faint|p2a: Hecate","|","|-damage|p1a: Pidgeot|13/307 brn|[from] brn","|","|switch|p2a: Persephone|Mandibuzz, F|424/424","|turn|22","|","|move|p1a: Pidgeot|Heat Wave|p2a: Persephone","|-damage|p2a: Persephone|303/424","|move|p2a: Persephone|Roost|p2a: Persephone","|-heal|p2a: Persephone|424/424","|","|-damage|p1a: Pidgeot|0 fnt|[from] brn","|faint|p1a: Pidgeot","|","|win|SWL Soul Eclipse"],"p1rating":{"entryid":7525131,"formatid":"monotype","userid":"realdeal360","username":"RealDeal360","r":1500,"rd":130,"sigma":0,"rpr":1459.8797982513,"rprd":122.16449496971,"rpsigma":0,"rptime":1439110800,"w":0,"l":1,"t":0,"gxe":45,"acre":1000,"lacre":1000,"oldacre":1000},"p2rating":{"entryid":"6458157","serverid":"eos","formatid":"monotype","userid":"swlsouleclipse","username":"SWL Soul Eclipse","w":13,"l":"11","t":"0","gxe":52.7,"r":"1514.3966383397","rd":"74.413297720402","sigma":"0","rptime":"1439110800","rpr":1520.5703060849,"rprd":71.885801885347,"rpsigma":"0","acre":1130.7552062143,"lacre":1130.7552062143,"oldacre":"1113.6534949287"},"endType":"normal"}