{"seed":[17555,49618,49584,27066],"turns":30,"p1":"GL ♅ JGT","p2":"Union✘Entropy","p1team":[{"name":"Diggersby","species":"Diggersby","item":"focussash","ability":"Huge Power","moves":["earthquake","knockoff","swordsdance","quickattack"],"nature":"Adamant","evs":{"hp":0,"atk":252,"def":0,"spa":0,"spd":0,"spe":252},"gender":"M","ivs":{"hp":31,"atk":31,"def":31,"spa":31,"spd":31,"spe":31}},{"name":"Lopunny","species":"Lopunny","item":"lopunnite","ability":"Cute Charm","moves":["fakeout","return","highjumpkick","icepunch"],"nature":"Adamant","evs":{"hp":0,"atk":252,"def":0,"spa":0,"spd":0,"spe":252},"gender":"F","ivs":{"hp":31,"atk":31,"def":31,"spa":31,"spd":31,"spe":31}},{"name":"Porygon2","species":"Porygon2","item":"eviolite","ability":"Download","moves":["triattack","thunderbolt","recover","thunderwave"],"nature":"Timid","evs":{"hp":0,"atk":0,"def":36,"spa":252,"spd":16,"spe":204},"ivs":{"hp":31,"atk":31,"def":31,"spa":31,"spd":31,"spe":31}},{"name":"Slaking","species":"Slaking","item":"choicescarf","ability":"Truant","moves":["retaliate","earthquake","shadowclaw","gunkshot"],"nature":"Adamant","evs":{"hp":0,"atk":252,"def":0,"spa":0,"spd":0,"spe":252},"shiny":true,"ivs":{"hp":31,"atk":31,"def":31,"spa":31,"spd":31,"spe":31}},{"name":"Ditto","species":"Ditto","item":"choicescarf","ability":"Imposter","moves":["transform"],"nature":"Hasty","evs":{"hp":0,"atk":128,"def":0,"spa":128,"spd":0,"spe":252},"shiny":true,"ivs":{"hp":31,"atk":31,"def":31,"spa":31,"spd":31,"spe":31}},{"name":"Snorlax","species":"Snorlax","item":"leftovers","ability":"Immunity","moves":["curse","bodyslam","brickbreak","crunch"],"nature":"Adamant","evs":{"hp":80,"atk":176,"def":252,"spa":0,"spd":0,"spe":0},"gender":"M","shiny":true,"ivs":{"hp":31,"atk":31,"def":31,"spa":31,"spd":31,"spe":31}}],"p2team":[{"name":"Rook","species":"golurk","item":"choiceband","ability":"No Guard","moves":["dynamicpunch","earthquake","shadowpunch","icepunch"],"nature":"Brave","evs":{"hp":248,"atk":252,"def":0,"spa":0,"spd":8,"spe":0},"ivs":{"hp":31,"atk":31,"def":30,"spa":31,"spd":30,"spe":31}},{"name":"Bishop","species":"trevenant","item":"sitrusberry","ability":"Harvest","moves":["hornleech","willowisp","substitute","leechseed"],"nature":"Careful","evs":{"hp":252,"atk":4,"def":0,"spa":0,"spd":252,"spe":0},"ivs":{"hp":31,"atk":31,"def":31,"spa":31,"spd":31,"spe":31}},{"name":"Knight","species":"aegislash","item":"leftovers","ability":"Stance Change","moves":["shadowball","shadowsneak","kingsshield","flashcannon"],"nature":"Quiet","evs":{"hp":244,"atk":0,"def":12,"spa":252,"spd":0,"spe":0},"ivs":{"hp":31,"atk":31,"def":31,"spa":31,"spd":31,"spe":31}},{"name":"King","species":"jellicent","item":"leftovers","ability":"Cursed Body","moves":["scald","toxic","trickroom","recover"],"nature":"Calm","evs":{"hp":252,"atk":0,"def":4,"spa":0,"spd":252,"spe":0},"gender":"M","ivs":{"hp":31,"atk":31,"def":31,"spa":31,"spd":31,"spe":0}},{"name":"Queen","species":"sableye","item":"sablenite","ability":"Prankster","moves":["recover","willowisp","darkpulse","calmmind"],"nature":"Bold","evs":{"hp":248,"atk":0,"def":252,"spa":8,"spd":0,"spe":0},"gender":"F","ivs":{"hp":31,"atk":31,"def":31,"spa":31,"spd":31,"spe":31}},{"name":"Pawn","species":"cofagrigus","item":"leftovers","ability":"Mummy","moves":["shadowball","willowisp","trickroom","destinybond"],"nature":"Sassy","evs":{"hp":252,"atk":0,"def":0,"spa":4,"spd":252,"spe":0},"ivs":{"hp":31,"atk":31,"def":31,"spa":31,"spd":31,"spe":0}}],"log":["|player|p1|GL ♅ JGT|80","|player|p2|Union✘Entropy|290","|gametype|singles","|gen|6","|tier|Monotype","|rated","|rule|Baton Pass Clause: Limit one Baton Passer, can't pass Spe and other stats simultaneously","|rule|Swagger Clause: Swagger is banned","|rule|Same Type Clause: Pokémon in a team must share a type","|clearpoke","|poke|p1|Diggersby, M","|poke|p1|Lopunny, F","|poke|p1|Porygon2","|poke|p1|Slaking, F, shiny","|poke|p1|Ditto, shiny","|poke|p1|Snorlax, M, shiny","|poke|p2|Golurk","|poke|p2|Trevenant, M","|poke|p2|Aegislash, F","|poke|p2|Jellicent, M","|poke|p2|Sableye, F","|poke|p2|Cofagrigus, M","|rule|Sleep Clause Mod: Limit one foe put to sleep","|rule|Species Clause: Limit one of each Pokémon","|rule|OHKO Clause: OHKO moves are banned","|rule|Moody Clause: Moody is banned","|rule|Evasion Moves Clause: Evasion moves are banned","|rule|Endless Battle Clause: Forcing endless battles is banned","|rule|HP Percentage Mod: HP is shown in percentages","|teampreview","|","|start","|switch|p1a: Snorlax|Snorlax, M, shiny|481/481","|switch|p2a: Pawn|Cofagrigus, M|320/320","|turn|1","|","|move|p1a: Snorlax|Curse|p1a: Snorlax","|-unboost|p1a: Snorlax|spe|1","|-boost|p1a: Snorlax|atk|1","|-boost|p1a: Snorlax|def|1","|move|p2a: Pawn|Will-O-Wisp|p1a: Snorlax","|-status|p1a: Snorlax|brn","|","|-damage|p1a: Snorlax|421/481 brn|[from] brn","|turn|2","|","|switch|p2a: Rook|Golurk|381/381","|move|p1a: Snorlax|Crunch|p2a: Rook","|-supereffective|p2a: Rook","|-damage|p2a: Rook|213/381","|-unboost|p2a: Rook|def|1","|","|-heal|p1a: Snorlax|451/481 brn|[from] item: Leftovers","|-damage|p1a: Snorlax|391/481 brn|[from] brn","|turn|3","|","|move|p2a: Rook|Dynamic Punch|p1a: Snorlax","|-supereffective|p1a: Snorlax","|-damage|p1a: Snorlax|147/481 brn","|-start|p1a: Snorlax|confusion","|-activate|p1a: Snorlax|confusion","|move|p1a: Snorlax|Crunch|p2a: Rook","|-supereffective|p2a: Rook","|-damage|p2a: Rook|0 fnt","|faint|p2a: Rook","|","|-heal|p1a: Snorlax|177/481 brn|[from] item: Leftovers","|-damage|p1a: Snorlax|117/481 brn|[from] brn","|","|switch|p2a: Bishop|Trevenant, M|374/374","|turn|4","|","|move|p2a: Bishop|Horn Leech|p1a: Snorlax","|-damage|p1a: Snorlax|51/481 brn","|-activate|p1a: Snorlax|confusion","|move|p1a: Snorlax|Crunch|p2a: Bishop","|-supereffective|p2a: Bishop","|-damage|p2a: Bishop|221/374","|","|-heal|p1a: Snorlax|81/481 brn|[from] item: Leftovers","|-damage|p1a: Snorlax|21/481 brn|[from] brn","|turn|5","|","|move|p2a: Bishop|Substitute|p2a: Bishop","|-start|p2a: Bishop|Substitute","|-damage|p2a: Bishop|128/374","|-enditem|p2a: Bishop|Sitrus Berry|[eat]","|-heal|p2a: Bishop|221/374|[from] item: Sitrus Berry","|-activate|p1a: Snorlax|confusion","|-damage|p1a: Snorlax|0 fnt|[from] confusion","|faint|p1a: Snorlax","|","|","|switch|p1a: Ditto|Ditto, shiny|237/237","|turn|6","|","|switch|p1a: Porygon2|Porygon2|311/311","|-boost|p1a: Porygon2|atk|1|[from] ability: Download","|move|p2a: Bishop|Will-O-Wisp|p1a: Porygon2","|-status|p1a: Porygon2|brn","|","|-damage|p1a: Porygon2|273/311 brn|[from] brn","|turn|7","|","|move|p1a: Porygon2|Thunderbolt|p2a: Bishop","|-resisted|p2a: Bishop","|-activate|p2a: Bishop|Substitute|[damage]","|move|p2a: Bishop|Leech Seed|p1a: Porygon2","|-start|p1a: Porygon2|move: Leech Seed","|","|-damage|p1a: Porygon2|235/311 brn|[from] Leech Seed|[of] p2a: Bishop","|-heal|p2a: Bishop|259/374|[silent]","|-damage|p1a: Porygon2|197/311 brn|[from] brn","|turn|8","|","|move|p1a: Porygon2|Thunderbolt|p2a: Bishop","|-resisted|p2a: Bishop","|-activate|p2a: Bishop|Substitute|[damage]","|move|p2a: Bishop|Horn Leech|p1a: Porygon2","|-damage|p1a: Porygon2|124/311 brn","|-heal|p2a: Bishop|296/374|[from] drain|[of] p1a: Porygon2","|","|-damage|p1a: Porygon2|86/311 brn|[from] Leech Seed|[of] p2a: Bishop","|-heal|p2a: Bishop|334/374|[silent]","|-damage|p1a: Porygon2|48/311 brn|[from] brn","|-item|p2a: Bishop|Sitrus Berry|[from] ability: Harvest","|turn|9","|","|move|p1a: Porygon2|Thunderbolt|p2a: Bishop","|-resisted|p2a: Bishop","|-end|p2a: Bishop|Substitute","|move|p2a: Bishop|Horn Leech|p1a: Porygon2","|-damage|p1a: Porygon2|0 fnt","|-heal|p2a: Bishop|358/374|[from] drain|[of] p1a: Porygon2","|faint|p1a: Porygon2","|","|","|switch|p1a: Diggersby|Diggersby, M|311/311","|turn|10","|","|switch|p2a: Pawn|Cofagrigus, M|320/320","|move|p1a: Diggersby|Knock Off|p2a: Pawn","|-supereffective|p2a: Pawn","|-damage|p2a: Pawn|120/320","|-endability|p1a: Diggersby|hugepower|[from] Mummy","|-ability|p1a: Diggersby|Mummy|[from] Mummy","|-enditem|p2a: Pawn|Leftovers|[from] move: Knock Off|[of] p1a: Diggersby","|","|turn|11","|","|move|p1a: Diggersby|Knock Off|p2a: Pawn","|-supereffective|p2a: Pawn","|-damage|p2a: Pawn|50/320","|move|p2a: Pawn|Trick Room|p2a: Pawn","|-fieldstart|move: Trick Room|[of] p2a: Pawn","|","|turn|12","|","|switch|p1a: Ditto|Ditto, shiny|237/237","|-transform|p1a: Ditto|p2a: Pawn","|move|p2a: Pawn|Will-O-Wisp|p1a: Ditto","|-status|p1a: Ditto|brn","|","|-damage|p1a: Ditto|208/237 brn|[from] brn","|turn|13","|","|move|p2a: Pawn|Destiny Bond|p2a: Pawn","|-singlemove|p2a: Pawn|Destiny Bond","|move|p1a: Ditto|Shadow Ball|p2a: Pawn","|-supereffective|p2a: Pawn","|-damage|p2a: Pawn|0 fnt","|faint|p2a: Pawn","|-activate|p2a: Pawn|Destiny Bond","|faint|p1a: Ditto","|","|","|switch|p2a: Queen|Sableye, F|303/303","|switch|p1a: Diggersby|Diggersby, M|311/311","|turn|14","|","|detailschange|p2a: Queen|Sableye-Mega, F","|-mega|p2a: Queen|Sableye|Sablenite","|move|p2a: Queen|Will-O-Wisp|p1a: Diggersby","|-status|p1a: Diggersby|brn","|move|p1a: Diggersby|Swords Dance|p1a: Diggersby","|-boost|p1a: Diggersby|atk|2","|","|-damage|p1a: Diggersby|273/311 brn|[from] brn","|turn|15","|","|switch|p2a: Bishop|Trevenant, M|358/374","|move|p1a: Diggersby|Earthquake|p2a: Bishop","|-resisted|p2a: Bishop","|-damage|p2a: Bishop|212/374","|","|-damage|p1a: Diggersby|235/311 brn|[from] brn","|-fieldend|move: Trick Room","|turn|16","|","|move|p1a: Diggersby|Knock Off|p2a: Bishop","|-supereffective|p2a: Bishop","|-damage|p2a: Bishop|0 fnt","|-enditem|p2a: Bishop|Sitrus Berry|[from] move: Knock Off|[of] p1a: Diggersby","|faint|p2a: Bishop","|","|-damage|p1a: Diggersby|197/311 brn|[from] brn","|","|switch|p2a: King|Jellicent, M|404/404","|turn|17","|","|move|p1a: Diggersby|Knock Off|p2a: King","|-supereffective|p2a: King","|-damage|p2a: King|6/404","|-start|p1a: Diggersby|Disable|Knock Off","|-enditem|p2a: King|Leftovers|[from] move: Knock Off|[of] p1a: Diggersby","|move|p2a: King|Trick Room|p2a: King","|-fieldstart|move: Trick Room|[of] p2a: King","|","|-damage|p1a: Diggersby|159/311 brn|[from] brn","|turn|18","|","|move|p2a: King|Scald|p1a: Diggersby","|-supereffective|p1a: Diggersby","|-damage|p1a: Diggersby|0 fnt","|faint|p1a: Diggersby","|","|","|switch|p1a: Lopunny|Lopunny, F|271/271","|turn|19","|","|detailschange|p1a: Lopunny|Lopunny-Mega, F","|-mega|p1a: Lopunny|Lopunny|Lopunnite","|move|p1a: Lopunny|Fake Out|p2a: King","|-damage|p2a: King|0 fnt","|faint|p2a: King","|","|","|switch|p2a: Queen|Sableye-Mega, F|303/303","|turn|20","|","|switch|p1a: Slaking|Slaking, F, shiny|441/441","|move|p2a: Queen|Will-O-Wisp|p1a: Slaking","|-status|p1a: Slaking|brn","|","|-damage|p1a: Slaking|386/441 brn|[from] brn","|turn|21","|","|move|p2a: Queen|Recover|p2a: Queen","|-fail|p2a: Queen","|move|p1a: Slaking|Shadow Claw|p2a: Queen","|-damage|p2a: Queen|267/303","|","|-damage|p1a: Slaking|331/441 brn|[from] brn","|-fieldend|move: Trick Room","|turn|22","|","|cant|p1a: Slaking|ability: Truant|Shadow Claw","|move|p2a: Queen|Recover|p2a: Queen","|-heal|p2a: Queen|303/303","|","|-damage|p1a: Slaking|276/441 brn|[from] brn","|turn|23","|","|move|p1a: Slaking|Shadow Claw|p2a: Queen","|-damage|p2a: Queen|269/303","|move|p2a: Queen|Calm Mind|p2a: Queen","|-boost|p2a: Queen|spa|1","|-boost|p2a: Queen|spd|1","|","|-damage|p1a: Slaking|221/441 brn|[from] brn","|turn|24","|","|cant|p1a: Slaking|ability: Truant|Shadow Claw","|move|p2a: Queen|Recover|p2a: Queen","|-heal|p2a: Queen|303/303","|","|-damage|p1a: Slaking|166/441 brn|[from] brn","|turn|25","|","|move|p1a: Slaking|Shadow Claw|p2a: Queen","|-damage|p2a: Queen|269/303","|move|p2a: Queen|Recover|p2a: Queen","|-heal|p2a: Queen|303/303","|","|-damage|p1a: Slaking|111/441 brn|[from] brn","|turn|26","|","|cant|p1a: Slaking|ability: Truant|Shadow Claw","|move|p2a: Queen|Dark Pulse|p1a: Slaking","|-damage|p1a: Slaking|0 fnt","|faint|p1a: Slaking","|","|","|switch|p1a: Lopunny|Lopunny-Mega, F|271/271","|turn|27","|","|move|p1a: Lopunny|Fake Out|p2a: Queen","|-damage|p2a: Queen|252/303","|cant|p2a: Queen|flinch","|","|turn|28","|","|move|p1a: Lopunny|High Jump Kick|p2a: Queen","|-supereffective|p2a: Queen","|-damage|p2a: Queen|0 fnt","|faint|p2a: Queen","|","|","|switch|p2a: Knight|Aegislash, F|322/322","|turn|29","|","|move|p2a: Knight|King's Shield|p2a: Knight","|-singleturn|p2a: Knight|Protect","|move|p1a: Lopunny|Fake Out|p2a: Knight","|-fail|p1a: Lopunny","|-hint|Fake Out only works on your first turn out.","|","|turn|30","|","|move|p2a: Knight|King's Shield|p2a: Knight","|-fail|p2a: Knight","|move|p1a: Lopunny|High Jump Kick|p2a: Knight","|-supereffective|p2a: Knight","|-damage|p2a: Knight|0 fnt","|faint|p2a: Knight","|","|win|GL ♅ JGT"],"p1rating":{"entryid":7503222,"formatid":"monotype","userid":"gljgt","username":"GL ♅ JGT","r":1500,"rd":130,"sigma":0,"rpr":1527.6630879692,"rprd":122.94939390573,"rpsigma":0,"rptime":1439024400,"w":1,"l":0,"t":0,"gxe":53.5,"acre":1046.9127663025,"lacre":1046.9127663025,"oldacre":1000},"p2rating":{"entryid":"6825543","serverid":"eos","formatid":"monotype","userid":"unionentropy","username":"Union Entropy","w":"13","l":34,"t":"0","gxe":29.5,"r":1338.8736787536,"rd":58.701716994582,"sigma":"0","rptime":1439024400,"rpr":1333.5207433908,"rprd":58.111743252883,"rpsigma":"0","acre":1038.2539267361,"lacre":1038.2539267361,"oldacre":"1060.652233526"},"endType":"normal"}