{"seed":[62916,47717,59339,21731],"turns":42,"p1":"Erebus JZB","p2":"Guard Naruto","p1team":[{"name":"Roger","species":"diggersby","item":"focussash","ability":"Huge Power","moves":["swordsdance","quickattack","earthquake","rockslide"],"nature":"Jolly","evs":{"hp":4,"atk":252,"def":0,"spa":0,"spd":0,"spe":252},"gender":"M","ivs":{"hp":31,"atk":31,"def":31,"spa":31,"spd":31,"spe":31}},{"name":"Chibi-Raptor","species":"staravia","item":"eviolite","ability":"Intimidate","moves":["bravebird","defog","roost","toxic"],"nature":"Impish","evs":{"hp":252,"atk":0,"def":252,"spa":0,"spd":0,"spe":4},"ivs":{"hp":31,"atk":31,"def":31,"spa":31,"spd":31,"spe":31}},{"name":"Jessica","species":"lopunny","item":"flameorb","ability":"Limber","moves":["switcheroo","magiccoat","encore","thunderwave"],"nature":"Jolly","evs":{"hp":252,"atk":4,"def":0,"spa":0,"spd":0,"spe":252},"ivs":{"hp":31,"atk":31,"def":31,"spa":31,"spd":31,"spe":31}},{"name":"Broraptor","species":"staraptor","item":"choiceband","ability":"Intimidate","moves":["bravebird","quickattack","closecombat","uturn"],"nature":"Jolly","evs":{"hp":4,"atk":252,"def":0,"spa":0,"spd":0,"spe":252},"shiny":true,"ivs":{"hp":31,"atk":31,"def":31,"spa":31,"spd":31,"spe":31}},{"name":"Eggy","species":"chansey","item":"eviolite","ability":"Natural Cure","moves":["softboiled","healbell","thunderwave","seismictoss"],"nature":"Bold","evs":{"hp":4,"atk":0,"def":252,"spa":0,"spd":252,"spe":0},"ivs":{"hp":31,"atk":31,"def":31,"spa":31,"spd":31,"spe":31}},{"name":"Mel","species":"meloetta","item":"leftovers","ability":"Serene Grace","moves":["teeterdance","calmmind","psyshock","hiddenpowerfire"],"nature":"Bold","evs":{"hp":252,"atk":0,"def":252,"spa":4,"spd":0,"spe":0},"ivs":{"hp":31,"atk":30,"def":31,"spa":30,"spd":31,"spe":30}}],"p2team":[{"name":"Ditto","species":"Ditto","item":"choicescarf","ability":"Imposter","moves":["transform"],"nature":"Bold","evs":{"hp":252,"atk":0,"def":252,"spa":0,"spd":6,"spe":0},"ivs":{"hp":31,"atk":31,"def":31,"spa":31,"spd":31,"spe":31}},{"name":"Heliolisk","species":"Heliolisk","item":"assaultvest","ability":"Dry Skin","moves":["thunderbolt","surf","focusblast","paraboliccharge"],"nature":"Bold","evs":{"hp":248,"atk":0,"def":252,"spa":8,"spd":0,"spe":0},"ivs":{"hp":31,"atk":31,"def":31,"spa":31,"spd":31,"spe":31}},{"name":"Kecleon","species":"Kecleon","item":"lifeorb","ability":"Protean","moves":["drainpunch","recover","shadowsneak","firepunch"],"nature":"Adamant","evs":{"hp":248,"atk":252,"def":0,"spa":0,"spd":8,"spe":0},"ivs":{"hp":31,"atk":31,"def":31,"spa":31,"spd":31,"spe":31}},{"name":"Audino","species":"Audino","item":"audinite","ability":"Regenerator","moves":["calmmind","flamethrower","healbell","drainingkiss"],"nature":"Bold","evs":{"hp":164,"atk":0,"def":252,"spa":40,"spd":52,"spe":0},"ivs":{"hp":31,"atk":31,"def":31,"spa":31,"spd":31,"spe":31}},{"name":"Pyroar","species":"Pyroar","item":"choicespecs","ability":"Unnerve","moves":["flamethrower","darkpulse","hypervoice","overheat"],"nature":"Timid","evs":{"hp":0,"atk":0,"def":0,"spa":252,"spd":4,"spe":252},"ivs":{"hp":31,"atk":31,"def":31,"spa":31,"spd":31,"spe":31}},{"name":"Miltank","species":"Miltank","item":"leftovers","ability":"Thick Fat","moves":["toxic","bodyslam","milkdrink","firepunch"],"nature":"Careful","evs":{"hp":248,"atk":0,"def":60,"spa":0,"spd":200,"spe":0},"ivs":{"hp":31,"atk":31,"def":31,"spa":31,"spd":31,"spe":31}}],"log":["|player|p1|Erebus JZB|154","|player|p2|Guard Naruto|284","|gametype|singles","|gen|6","|tier|Monotype","|rated","|rule|Baton Pass Clause: Limit one Baton Passer, can't pass Spe and other stats simultaneously","|rule|Swagger Clause: Swagger is banned","|rule|Same Type Clause: Pokémon in a team must share a type","|clearpoke","|poke|p1|Diggersby, M","|poke|p1|Staravia, M","|poke|p1|Lopunny, F","|poke|p1|Staraptor, F, shiny","|poke|p1|Chansey, F","|poke|p1|Meloetta","|poke|p2|Ditto","|poke|p2|Heliolisk, F","|poke|p2|Kecleon, F","|poke|p2|Audino, F","|poke|p2|Pyroar, F","|poke|p2|Miltank, F","|rule|Sleep Clause Mod: Limit one foe put to sleep","|rule|Species Clause: Limit one of each Pokémon","|rule|OHKO Clause: OHKO moves are banned","|rule|Moody Clause: Moody is banned","|rule|Evasion Moves Clause: Evasion moves are banned","|rule|Endless Battle Clause: Forcing endless battles is banned","|rule|HP Percentage Mod: HP is shown in percentages","|teampreview","|","|start","|switch|p1a: Jessica|Lopunny, F|334/334","|switch|p2a: Kecleon|Kecleon, F|323/323","|turn|1","|","|switch|p2a: Miltank|Miltank, F|393/393","|move|p1a: Jessica|Switcheroo|p2a: Miltank","|-activate|p1a: Jessica|move: Trick|[of] p2a: Miltank","|-item|p2a: Miltank|Flame Orb|[from] Trick","|-item|p1a: Jessica|Leftovers|[from] Trick","|","|-status|p2a: Miltank|brn|[from] item: Flame Orb","|turn|2","|","|switch|p1a: Mel|Meloetta|404/404","|move|p2a: Miltank|Toxic|p1a: Mel","|-status|p1a: Mel|tox","|","|-damage|p2a: Miltank|344/393 brn|[from] brn","|-damage|p1a: Mel|379/404 tox|[from] psn","|turn|3","|","|switch|p1a: Eggy|Chansey, F|642/642","|move|p2a: Miltank|Body Slam|p1a: Eggy","|-damage|p1a: Eggy|583/642","|","|-damage|p2a: Miltank|295/393 brn|[from] brn","|turn|4","|","|move|p2a: Miltank|Milk Drink|p2a: Miltank","|-heal|p2a: Miltank|393/393 brn","|move|p1a: Eggy|Seismic Toss|p2a: Miltank","|-damage|p2a: Miltank|293/393 brn","|","|-damage|p2a: Miltank|244/393 brn|[from] brn","|turn|5","|","|move|p2a: Miltank|Toxic|p1a: Eggy","|-status|p1a: Eggy|tox","|move|p1a: Eggy|Heal Bell|p1a: Eggy","|-cureteam|p1a: Eggy|[from] move: HealBell","|","|-damage|p2a: Miltank|195/393 brn|[from] brn","|turn|6","|","|switch|p2a: Kecleon|Kecleon, F|323/323","|move|p1a: Eggy|Seismic Toss|p2a: Kecleon","|-damage|p2a: Kecleon|223/323","|","|turn|7","|","|switch|p1a: Jessica|Lopunny, F|334/334","|move|p2a: Kecleon|Drain Punch|p1a: Jessica","|-start|p2a: Kecleon|typechange|Fighting|[from] Protean","|-supereffective|p1a: Jessica","|-damage|p1a: Jessica|4/334","|-heal|p2a: Kecleon|323/323|[from] drain|[of] p1a: Jessica","|-damage|p2a: Kecleon|291/323|[from] item: Life Orb","|","|-heal|p1a: Jessica|24/334|[from] item: Leftovers","|turn|8","|","|switch|p1a: Chibi-Raptor|Staravia, M|314/314","|-ability|p1a: Chibi-Raptor|Intimidate","|-unboost|p2a: Kecleon|atk|1","|switch|p2a: Miltank|Miltank, F|195/393 brn","|","|-damage|p2a: Miltank|146/393 brn|[from] brn","|turn|9","|","|switch|p1a: Eggy|Chansey, F|583/642","|move|p2a: Miltank|Toxic|p1a: Eggy","|-status|p1a: Eggy|tox","|","|-damage|p2a: Miltank|97/393 brn|[from] brn","|-damage|p1a: Eggy|543/642 tox|[from] psn","|turn|10","|","|switch|p1a: Broraptor|Staraptor, F, shiny|312/312","|-ability|p1a: Broraptor|Intimidate","|-unboost|p2a: Miltank|atk|1","|move|p2a: Miltank|Milk Drink|p2a: Miltank","|-heal|p2a: Miltank|294/393 brn","|","|-damage|p2a: Miltank|245/393 brn|[from] brn","|turn|11","|","|move|p1a: Broraptor|Close Combat|p2a: Miltank","|-supereffective|p2a: Miltank","|-damage|p2a: Miltank|0 fnt","|-unboost|p1a: Broraptor|def|1","|-unboost|p1a: Broraptor|spd|1","|faint|p2a: Miltank","|","|","|switch|p2a: Audino|Audino, F|388/388","|turn|12","|","|switch|p1a: Eggy|Chansey, F|543/642","|detailschange|p2a: Audino|Audino-Mega, F","|-mega|p2a: Audino|Audino|Audinite","|move|p2a: Audino|Flamethrower|p1a: Eggy","|-damage|p1a: Eggy|510/642","|","|turn|13","|","|switch|p2a: Kecleon|Kecleon, F|291/323","|move|p1a: Eggy|Thunder Wave|p2a: Kecleon","|-status|p2a: Kecleon|par","|","|turn|14","|","|move|p1a: Eggy|Seismic Toss|p2a: Kecleon","|-damage|p2a: Kecleon|191/323 par","|move|p2a: Kecleon|Drain Punch|p1a: Eggy","|-start|p2a: Kecleon|typechange|Fighting|[from] Protean","|-supereffective|p1a: Eggy","|-damage|p1a: Eggy|125/642","|-heal|p2a: Kecleon|323/323 par|[from] drain|[of] p1a: Eggy","|-damage|p2a: Kecleon|291/323 par|[from] item: Life Orb","|","|turn|15","|","|move|p1a: Eggy|Soft-Boiled|p1a: Eggy","|-heal|p1a: Eggy|446/642","|move|p2a: Kecleon|Drain Punch|p1a: Eggy","|-supereffective|p1a: Eggy","|-damage|p1a: Eggy|53/642","|-heal|p2a: Kecleon|323/323 par|[from] drain|[of] p1a: Eggy","|-damage|p2a: Kecleon|291/323 par|[from] item: Life Orb","|","|turn|16","|","|move|p1a: Eggy|Soft-Boiled|p1a: Eggy","|-heal|p1a: Eggy|374/642","|move|p2a: Kecleon|Drain Punch|p1a: Eggy","|-supereffective|p1a: Eggy","|-damage|p1a: Eggy|0 fnt","|-heal|p2a: Kecleon|323/323 par|[from] drain|[of] p1a: Eggy","|-damage|p2a: Kecleon|291/323 par|[from] item: Life Orb","|faint|p1a: Eggy","|","|","|switch|p1a: Mel|Meloetta|379/404","|turn|17","|","|switch|p2a: Heliolisk|Heliolisk, F|327/327","|move|p1a: Mel|Teeter Dance|p2a: Heliolisk","|-start|p2a: Heliolisk|confusion","|","|-heal|p1a: Mel|404/404|[from] item: Leftovers","|turn|18","|","|-activate|p2a: Heliolisk|confusion","|move|p2a: Heliolisk|Focus Blast|p1a: Mel","|-damage|p1a: Mel|323/404","|move|p1a: Mel|Calm Mind|p1a: Mel","|-boost|p1a: Mel|spa|1","|-boost|p1a: Mel|spd|1","|","|-heal|p1a: Mel|348/404|[from] item: Leftovers","|turn|19","|","|-activate|p2a: Heliolisk|confusion","|move|p2a: Heliolisk|Thunderbolt|p1a: Mel","|-damage|p1a: Mel|279/404","|move|p1a: Mel|Calm Mind|p1a: Mel","|-boost|p1a: Mel|spa|1","|-boost|p1a: Mel|spd|1","|","|-heal|p1a: Mel|304/404|[from] item: Leftovers","|turn|20","|","|-end|p2a: Heliolisk|confusion","|move|p2a: Heliolisk|Thunderbolt|p1a: Mel","|-crit|p1a: Mel","|-damage|p1a: Mel|151/404","|move|p1a: Mel|Psyshock|p2a: Heliolisk","|-damage|p2a: Heliolisk|68/327","|","|-heal|p1a: Mel|176/404|[from] item: Leftovers","|turn|21","|","|switch|p1a: Roger|Diggersby, M|312/312","|move|p2a: Heliolisk|Thunderbolt|p1a: Roger","|-immune|p1a: Roger|[msg]","|","|turn|22","|","|move|p1a: Roger|Quick Attack|p2a: Heliolisk","|-damage|p2a: Heliolisk|0 fnt","|faint|p2a: Heliolisk","|","|","|switch|p2a: Kecleon|Kecleon, F|291/323 par","|turn|23","|","|switch|p1a: Chibi-Raptor|Staravia, M|314/314","|-ability|p1a: Chibi-Raptor|Intimidate","|-unboost|p2a: Kecleon|atk|1","|move|p2a: Kecleon|Drain Punch|p1a: Chibi-Raptor","|-start|p2a: Kecleon|typechange|Fighting|[from] Protean","|-damage|p1a: Chibi-Raptor|236/314","|-heal|p2a: Kecleon|323/323 par|[from] drain|[of] p1a: Chibi-Raptor","|-damage|p2a: Kecleon|291/323 par|[from] item: Life Orb","|","|turn|24","|","|switch|p2a: Pyroar|Pyroar, F|313/313","|-ability|p2a: Pyroar|Unnerve|p1: Erebus JZB","|move|p1a: Chibi-Raptor|Brave Bird|p2a: Pyroar","|-damage|p2a: Pyroar|154/313","|-damage|p1a: Chibi-Raptor|184/314|[from] recoil|[of] p2a: Pyroar","|","|turn|25","|","|switch|p1a: Jessica|Lopunny, F|24/334","|move|p2a: Pyroar|Flamethrower|p1a: Jessica","|-damage|p1a: Jessica|0 fnt","|faint|p1a: Jessica","|","|","|switch|p1a: Broraptor|Staraptor, F, shiny|312/312","|-ability|p1a: Broraptor|Intimidate","|-unboost|p2a: Pyroar|atk|1","|turn|26","|","|switch|p2a: Audino|Audino-Mega, F|388/388","|move|p1a: Broraptor|Quick Attack|p2a: Audino","|-crit|p2a: Audino","|-damage|p2a: Audino|294/388","|","|turn|27","|","|switch|p1a: Mel|Meloetta|176/404","|move|p2a: Audino|Flamethrower|p1a: Mel","|-damage|p1a: Mel|129/404","|","|-heal|p1a: Mel|154/404|[from] item: Leftovers","|turn|28","|","|move|p1a: Mel|Teeter Dance|p2a: Audino","|-start|p2a: Audino|confusion","|-activate|p2a: Audino|confusion","|-damage|p2a: Audino|281/388|[from] confusion","|","|-heal|p1a: Mel|179/404|[from] item: Leftovers","|turn|29","|","|switch|p2a: Kecleon|Kecleon, F|291/323 par","|move|p1a: Mel|Calm Mind|p1a: Mel","|-boost|p1a: Mel|spa|1","|-boost|p1a: Mel|spd|1","|","|-heal|p1a: Mel|204/404|[from] item: Leftovers","|turn|30","|","|move|p1a: Mel|Teeter Dance|p2a: Kecleon","|-start|p2a: Kecleon|confusion","|-activate|p2a: Kecleon|confusion","|-damage|p2a: Kecleon|223/323 par|[from] confusion","|","|-heal|p1a: Mel|229/404|[from] item: Leftovers","|turn|31","|","|move|p1a: Mel|Psyshock|p2a: Kecleon","|-crit|p2a: Kecleon","|-damage|p2a: Kecleon|0 fnt","|faint|p2a: Kecleon","|","|-heal|p1a: Mel|254/404|[from] item: Leftovers","|","|switch|p2a: Ditto|Ditto|300/300","|-transform|p2a: Ditto|p1a: Mel","|turn|32","|","|move|p2a: Ditto|Hidden Power|p1a: Mel","|-supereffective|p1a: Mel","|-damage|p1a: Mel|154/404","|move|p1a: Mel|Teeter Dance|p2a: Ditto","|-start|p2a: Ditto|confusion","|","|-heal|p1a: Mel|179/404|[from] item: Leftovers","|turn|33","|","|switch|p2a: Pyroar|Pyroar, F|154/313","|-ability|p2a: Pyroar|Unnerve|p1: Erebus JZB","|move|p1a: Mel|Psyshock|p2a: Pyroar","|-damage|p2a: Pyroar|0 fnt","|faint|p2a: Pyroar","|","|-heal|p1a: Mel|204/404|[from] item: Leftovers","|","|switch|p2a: Ditto|Ditto|300/300","|-transform|p2a: Ditto|p1a: Mel","|turn|34","|","|move|p2a: Ditto|Teeter Dance|p1a: Mel","|-start|p1a: Mel|confusion","|-activate|p1a: Mel|confusion","|move|p1a: Mel|Teeter Dance|p2a: Ditto","|-start|p2a: Ditto|confusion","|","|-heal|p1a: Mel|229/404|[from] item: Leftovers","|turn|35","|","|switch|p2a: Audino|Audino-Mega, F|281/388","|switch|p1a: Broraptor|Staraptor, F, shiny|312/312","|-ability|p1a: Broraptor|Intimidate","|-unboost|p2a: Audino|atk|1","|","|turn|36","|","|move|p1a: Broraptor|Brave Bird|p2a: Audino","|-damage|p2a: Audino|89/388","|-damage|p1a: Broraptor|249/312|[from] recoil|[of] p2a: Audino","|move|p2a: Audino|Calm Mind|p2a: Audino","|-boost|p2a: Audino|spa|1","|-boost|p2a: Audino|spd|1","|","|turn|37","|","|move|p1a: Broraptor|Brave Bird|p2a: Audino","|-damage|p2a: Audino|0 fnt","|-damage|p1a: Broraptor|220/312|[from] recoil|[of] p2a: Audino","|faint|p2a: Audino","|","|","|switch|p2a: Ditto|Ditto|300/300","|-transform|p2a: Ditto|p1a: Broraptor","|-ability|p2a: Ditto|Intimidate","|-unboost|p1a: Broraptor|atk|1","|turn|38","|","|switch|p1a: Chibi-Raptor|Staravia, M|184/314","|-ability|p1a: Chibi-Raptor|Intimidate","|-unboost|p2a: Ditto|atk|1","|move|p2a: Ditto|Brave Bird|p1a: Chibi-Raptor","|-damage|p1a: Chibi-Raptor|90/314","|-damage|p2a: Ditto|269/300|[from] recoil|[of] p1a: Chibi-Raptor","|","|turn|39","|","|switch|p1a: Roger|Diggersby, M|312/312","|move|p2a: Ditto|Brave Bird|p1a: Roger","|-damage|p1a: Roger|135/312","|-damage|p2a: Ditto|211/300|[from] recoil|[of] p1a: Roger","|","|turn|40","|","|move|p1a: Roger|Quick Attack|p2a: Ditto","|-damage|p2a: Ditto|88/300","|move|p2a: Ditto|Brave Bird|p1a: Roger","|-damage|p1a: Roger|0 fnt","|-damage|p2a: Ditto|43/300|[from] recoil|[of] p1a: Roger","|faint|p1a: Roger","|","|","|switch|p1a: Chibi-Raptor|Staravia, M|90/314","|-ability|p1a: Chibi-Raptor|Intimidate","|-unboost|p2a: Ditto|atk|1","|turn|41","|","|move|p2a: Ditto|Brave Bird|p1a: Chibi-Raptor","|-damage|p1a: Chibi-Raptor|21/314","|-damage|p2a: Ditto|20/300|[from] recoil|[of] p1a: Chibi-Raptor","|move|p1a: Chibi-Raptor|Roost|p1a: Chibi-Raptor","|-heal|p1a: Chibi-Raptor|178/314","|","|turn|42","|","|move|p2a: Ditto|Brave Bird|p1a: Chibi-Raptor","|-damage|p1a: Chibi-Raptor|105/314","|-damage|p2a: Ditto|0 fnt|[from] recoil|[of] p1a: Chibi-Raptor","|faint|p2a: Ditto","|","|win|Erebus JZB"],"p1rating":{"entryid":"7514877","serverid":"eos","formatid":"monotype","userid":"erebusjzb","username":"Erebus JZB","w":3,"l":"1","t":"0","gxe":56.9,"r":"1500","rd":"130","sigma":"0","rptime":"1439110800","rpr":1554.9260912369,"rprd":105.81687094008,"rpsigma":"0","acre":1105.0993281344,"lacre":1105.0993281344,"oldacre":"1070.0193191592"},"p2rating":{"entryid":"7460015","serverid":"eos","formatid":"monotype","userid":"guardnaruto","username":"Guard Naruto","w":"12","l":15,"t":"0","gxe":49.4,"r":"1464.4069117317","rd":"76.2818127204","sigma":"0","rptime":"1439110800","rpr":1495.7725350427,"rprd":63.454759311483,"rpsigma":"0","acre":1106.8491471758,"lacre":1106.8491471758,"oldacre":"1136.5808889798"},"endType":"normal"}