{"seed":[8329,24555,36381,65211],"turns":22,"p1":"KGBeast","p2":"Apex Salamence","p1team":[{"name":"Hippowdon","species":"Hippowdon","item":"rockyhelmet","ability":"Sand Stream","moves":["stealthrock","earthquake","whirlwind","slackoff"],"nature":"Impish","evs":{"hp":252,"atk":4,"def":252,"spa":0,"spd":0,"spe":0},"ivs":{"hp":31,"atk":31,"def":31,"spa":31,"spd":31,"spe":31}},{"name":"Landorus","species":"Landorus","item":"lifeorb","ability":"Sheer Force","moves":["earthpower","sludgewave","substitute","gravity"],"nature":"Modest","evs":{"hp":0,"atk":0,"def":0,"spa":252,"spd":4,"spe":252},"ivs":{"hp":31,"atk":0,"def":31,"spa":31,"spd":31,"spe":31}},{"name":"Mamoswine","species":"Mamoswine","item":"lifeorb","ability":"Thick Fat","moves":["iceshard","iciclespear","knockoff","superpower"],"nature":"Adamant","evs":{"hp":0,"atk":252,"def":4,"spa":0,"spd":0,"spe":252},"ivs":{"hp":31,"atk":31,"def":31,"spa":31,"spd":31,"spe":31}},{"name":"Camerupt","species":"Camerupt","item":"cameruptite","ability":"Solid Rock","moves":["willowisp","flamethrower","earthpower","ancientpower"],"nature":"Modest","evs":{"hp":168,"atk":0,"def":0,"spa":252,"spd":0,"spe":88},"ivs":{"hp":31,"atk":0,"def":31,"spa":31,"spd":31,"spe":31}},{"name":"Excadrill","species":"Excadrill","item":"choiceband","ability":"Sand Rush","moves":["ironhead","earthquake","rockslide","rapidspin"],"nature":"Adamant","evs":{"hp":4,"atk":252,"def":0,"spa":0,"spd":0,"spe":252},"ivs":{"hp":31,"atk":31,"def":31,"spa":31,"spd":31,"spe":31}},{"name":"Seismitoad","species":"Seismitoad","item":"choicespecs","ability":"Water Absorb","moves":["scald","grassknot","sludgewave","earthpower"],"nature":"Modest","evs":{"hp":72,"atk":0,"def":0,"spa":252,"spd":0,"spe":184},"ivs":{"hp":31,"atk":0,"def":31,"spa":31,"spd":31,"spe":31}}],"p2team":[{"name":"Safety Shark","species":"garchomp","item":"rockyhelmet","ability":"Rough Skin","moves":["earthquake","swordsdance","dragonclaw","stealthrock"],"nature":"Jolly","evs":{"hp":0,"atk":252,"def":0,"spa":0,"spd":4,"spe":252},"gender":"M","shiny":true,"ivs":{"hp":31,"atk":31,"def":31,"spa":31,"spd":31,"spe":31}},{"name":"Gaea","species":"landorus","item":"lifeorb","ability":"Sheer Force","moves":["earthpower","sludgewave","psychic","calmmind"],"nature":"Timid","evs":{"hp":0,"atk":0,"def":0,"spa":252,"spd":4,"spe":252},"shiny":true,"ivs":{"hp":31,"atk":31,"def":31,"spa":31,"spd":31,"spe":31}},{"name":"Nightwing","species":"gliscor","item":"toxicorb","ability":"Poison Heal","moves":["protect","fling","acrobatics","facade"],"nature":"Adamant","evs":{"hp":184,"atk":252,"def":0,"spa":0,"spd":0,"spe":72},"gender":"M","shiny":true,"ivs":{"hp":31,"atk":31,"def":31,"spa":31,"spd":31,"spe":31}},{"name":"Dr. Drilla","species":"excadrill","item":"airballoon","ability":"Sand Rush","moves":["earthquake","ironhead","rockslide","rapidspin"],"nature":"Adamant","evs":{"hp":0,"atk":252,"def":0,"spa":0,"spd":4,"spe":252},"gender":"M","shiny":true,"ivs":{"hp":31,"atk":31,"def":31,"spa":31,"spd":31,"spe":31}},{"name":"Bertha","species":"hippowdon","item":"leftovers","ability":"Sand Stream","moves":["earthquake","toxic","slackoff","whirlwind"],"nature":"Impish","evs":{"hp":252,"atk":4,"def":252,"spa":0,"spd":0,"spe":0},"gender":"F","shiny":true,"ivs":{"hp":31,"atk":31,"def":31,"spa":31,"spd":31,"spe":31}},{"name":"Brock","species":"steelix","item":"steelixite","ability":"Sturdy","moves":["earthquake","heavyslam","rockslide","gyroball"],"nature":"Brave","evs":{"hp":248,"atk":252,"def":0,"spa":0,"spd":8,"spe":0},"gender":"M","ivs":{"hp":31,"atk":31,"def":31,"spa":31,"spd":31,"spe":0},"shiny":true}],"log":["|player|p1|KGBeast|kgbeast.png","|player|p2|Apex Salamence|102","|gametype|singles","|gen|6","|tier|Monotype","|rated","|rule|Baton Pass Clause: Limit one Baton Passer, can't pass Spe and other stats simultaneously","|rule|Swagger Clause: Swagger is banned","|rule|Same Type Clause: Pokémon in a team must share a type","|clearpoke","|poke|p1|Hippowdon, F","|poke|p1|Landorus, M","|poke|p1|Mamoswine, M","|poke|p1|Camerupt, F","|poke|p1|Excadrill, M","|poke|p1|Seismitoad, M","|poke|p2|Garchomp, M, shiny","|poke|p2|Landorus, M, shiny","|poke|p2|Gliscor, M, shiny","|poke|p2|Excadrill, M, shiny","|poke|p2|Hippowdon, F, shiny","|poke|p2|Steelix, M, shiny","|rule|Sleep Clause Mod: Limit one foe put to sleep","|rule|Species Clause: Limit one of each Pokémon","|rule|OHKO Clause: OHKO moves are banned","|rule|Moody Clause: Moody is banned","|rule|Evasion Moves Clause: Evasion moves are banned","|rule|Endless Battle Clause: Forcing endless battles is banned","|rule|HP Percentage Mod: HP is shown in percentages","|teampreview","|","|start","|switch|p1a: Seismitoad|Seismitoad, M|369/369","|switch|p2a: Safety Shark|Garchomp, M, shiny|357/357","|turn|1","|","|switch|p1a: Hippowdon|Hippowdon, F|420/420","|-weather|Sandstorm","|move|p2a: Safety Shark|Stealth Rock|p1a: Hippowdon","|-sidestart|p1: KGBeast|move: Stealth Rock","|","|-weather|Sandstorm|[upkeep]","|turn|2","|","|move|p2a: Safety Shark|Swords Dance|p2a: Safety Shark","|-boost|p2a: Safety Shark|atk|2","|move|p1a: Hippowdon|Stealth Rock|p2a: Safety Shark","|-sidestart|p2: Apex Salamence|move: Stealth Rock","|","|-weather|Sandstorm|[upkeep]","|turn|3","|","|move|p2a: Safety Shark|Earthquake|p1a: Hippowdon","|-crit|p1a: Hippowdon","|-damage|p1a: Hippowdon|72/420","|move|p1a: Hippowdon|Whirlwind|p2a: Safety Shark","|drag|p2a: Brock|Steelix, M, shiny|353/353","|-damage|p2a: Brock|342/353|[from] Stealth Rock","|","|-weather|Sandstorm|[upkeep]","|turn|4","|","|detailschange|p2a: Brock|Steelix-Mega, M, shiny","|-mega|p2a: Brock|Steelix|Steelixite","|move|p1a: Hippowdon|Slack Off|p1a: Hippowdon","|-heal|p1a: Hippowdon|282/420","|move|p2a: Brock|Gyro Ball|p1a: Hippowdon","|-damage|p1a: Hippowdon|188/420","|-damage|p2a: Brock|284/353|[from] item: Rocky Helmet|[of] p1a: Hippowdon","|","|-weather|Sandstorm|[upkeep]","|turn|5","|","|move|p1a: Hippowdon|Slack Off|p1a: Hippowdon","|-heal|p1a: Hippowdon|398/420","|move|p2a: Brock|Earthquake|p1a: Hippowdon","|-damage|p1a: Hippowdon|253/420","|","|-weather|none","|turn|6","|","|move|p1a: Hippowdon|Slack Off|p1a: Hippowdon","|-heal|p1a: Hippowdon|420/420","|move|p2a: Brock|Heavy Slam|p1a: Hippowdon","|-damage|p1a: Hippowdon|339/420","|-damage|p2a: Brock|226/353|[from] item: Rocky Helmet|[of] p1a: Hippowdon","|","|turn|7","|","|move|p1a: Hippowdon|Earthquake|p2a: Brock","|-supereffective|p2a: Brock","|-damage|p2a: Brock|110/353","|move|p2a: Brock|Earthquake|p1a: Hippowdon","|-damage|p1a: Hippowdon|215/420","|","|turn|8","|","|move|p1a: Hippowdon|Slack Off|p1a: Hippowdon","|-heal|p1a: Hippowdon|420/420","|move|p2a: Brock|Earthquake|p1a: Hippowdon","|-damage|p1a: Hippowdon|296/420","|","|turn|9","|","|move|p1a: Hippowdon|Slack Off|p1a: Hippowdon","|-heal|p1a: Hippowdon|420/420","|move|p2a: Brock|Earthquake|p1a: Hippowdon","|-damage|p1a: Hippowdon|291/420","|","|turn|10","|","|move|p1a: Hippowdon|Earthquake|p2a: Brock","|-crit|p2a: Brock","|-supereffective|p2a: Brock","|-damage|p2a: Brock|0 fnt","|faint|p2a: Brock","|","|","|switch|p2a: Bertha|Hippowdon, F, shiny|420/420","|-damage|p2a: Bertha|394/420|[from] Stealth Rock","|-weather|Sandstorm","|turn|11","|","|switch|p1a: Seismitoad|Seismitoad, M|369/369","|-damage|p1a: Seismitoad|346/369|[from] Stealth Rock","|move|p2a: Bertha|Toxic|p1a: Seismitoad","|-status|p1a: Seismitoad|tox","|","|-weather|Sandstorm|[upkeep]","|-heal|p2a: Bertha|420/420|[from] item: Leftovers","|-damage|p1a: Seismitoad|323/369 tox|[from] psn","|turn|12","|","|move|p1a: Seismitoad|Scald|p2a: Bertha","|-supereffective|p2a: Bertha","|-damage|p2a: Bertha|0 fnt","|faint|p2a: Bertha","|","|-weather|Sandstorm|[upkeep]","|-damage|p1a: Seismitoad|277/369 tox|[from] psn","|","|switch|p2a: Dr. Drilla|Excadrill, M, shiny|361/361","|-damage|p2a: Dr. Drilla|350/361|[from] Stealth Rock","|-item|p2a: Dr. Drilla|Air Balloon","|turn|13","|","|switch|p1a: Camerupt|Camerupt, F|323/323","|-damage|p1a: Camerupt|283/323|[from] Stealth Rock","|move|p2a: Dr. Drilla|Iron Head|p1a: Camerupt","|-resisted|p1a: Camerupt","|-damage|p1a: Camerupt|178/323","|","|-weather|Sandstorm|[upkeep]","|turn|14","|","|detailschange|p1a: Camerupt|Camerupt-Mega, F","|-mega|p1a: Camerupt|Camerupt|Cameruptite","|move|p2a: Dr. Drilla|Earthquake|p1a: Camerupt","|-supereffective|p1a: Camerupt","|-damage|p1a: Camerupt|0 fnt","|faint|p1a: Camerupt","|","|-weather|Sandstorm|[upkeep]","|","|switch|p1a: Landorus|Landorus, M|319/319","|-damage|p1a: Landorus|280/319|[from] Stealth Rock","|turn|15","|","|move|p2a: Dr. Drilla|Iron Head|p1a: Landorus","|-damage|p1a: Landorus|100/319","|cant|p1a: Landorus|flinch","|","|-weather|none","|turn|16","|","|move|p1a: Landorus|Gravity|p1a: Landorus","|-fieldstart|move: Gravity","|move|p2a: Dr. Drilla|Iron Head|p1a: Landorus","|-damage|p1a: Landorus|0 fnt","|faint|p1a: Landorus","|","|","|switch|p1a: Excadrill|Excadrill, M|362/362","|-damage|p1a: Excadrill|351/362|[from] Stealth Rock","|turn|17","|","|move|p1a: Excadrill|Earthquake|p2a: Dr. Drilla","|-supereffective|p2a: Dr. Drilla","|-damage|p2a: Dr. Drilla|0 fnt","|-enditem|p2a: Dr. Drilla|Air Balloon","|faint|p2a: Dr. Drilla","|","|","|switch|p2a: Safety Shark|Garchomp, M, shiny|357/357","|-damage|p2a: Safety Shark|335/357|[from] Stealth Rock","|turn|18","|","|move|p2a: Safety Shark|Earthquake|p1a: Excadrill","|-supereffective|p1a: Excadrill","|-damage|p1a: Excadrill|0 fnt","|faint|p1a: Excadrill","|","|","|switch|p1a: Mamoswine|Mamoswine, M|361/361","|-damage|p1a: Mamoswine|316/361|[from] Stealth Rock","|turn|19","|","|move|p1a: Mamoswine|Ice Shard|p2a: Safety Shark","|-supereffective|p2a: Safety Shark","|-damage|p2a: Safety Shark|0 fnt","|-damage|p1a: Mamoswine|280/361|[from] item: Life Orb","|faint|p2a: Safety Shark","|","|","|switch|p2a: Nightwing|Gliscor, M, shiny|337/337","|-damage|p2a: Nightwing|295/337|[from] Stealth Rock","|turn|20","|","|move|p2a: Nightwing|Protect|p2a: Nightwing","|-singleturn|p2a: Nightwing|Protect","|move|p1a: Mamoswine|Icicle Spear|p2a: Nightwing","|-activate|p2a: Nightwing|Protect","|","|-fieldend|move: Gravity","|-status|p2a: Nightwing|tox|[from] item: Toxic Orb","|turn|21","|","|move|p1a: Mamoswine|Icicle Spear|p2a: Nightwing","|-supereffective|p2a: Nightwing","|-damage|p2a: Nightwing|61/337 tox","|-supereffective|p2a: Nightwing","|-damage|p2a: Nightwing|0 fnt","|-hitcount|p2a: Nightwing|2","|-damage|p1a: Mamoswine|244/361|[from] item: Life Orb","|faint|p2a: Nightwing","|","|","|switch|p2a: Gaea|Landorus, M, shiny|319/319","|-damage|p2a: Gaea|280/319|[from] Stealth Rock","|turn|22","|","|move|p1a: Mamoswine|Ice Shard|p2a: Gaea","|-supereffective|p2a: Gaea","|-damage|p2a: Gaea|0 fnt","|-damage|p1a: Mamoswine|208/361|[from] item: Life Orb","|faint|p2a: Gaea","|","|win|KGBeast"],"p1rating":{"entryid":"6349485","serverid":"eos","formatid":"monotype","userid":"kgbeast","username":"KGBeast","w":70,"l":"41","t":"0","gxe":61.3,"r":"1581.0064960974","rd":"37.444692450954","sigma":"0","rptime":"1439110800","rpr":1586.7745789102,"rprd":37.094738203052,"rpsigma":"0","acre":1115.1755371271,"lacre":1115.1755371271,"oldacre":"1084.9913131802"},"p2rating":{"entryid":"7518658","serverid":"eos","formatid":"monotype","userid":"apexsalamence","username":"Apex Salamence","w":"5","l":2,"t":"0","gxe":56.8,"r":"1500","rd":"130","sigma":"0","rptime":"1439110800","rpr":1553.4461923375,"rprd":95.264480505957,"rpsigma":"0","acre":1094.8388232631,"lacre":1094.8388232631,"oldacre":"1122.5294477458"},"endType":"normal"}