{"seed":[49316,35428,24986,55280],"turns":23,"p1":"Union✘Entropy","p2":"Guard Naruto","p1team":[{"name":"Manectric","species":"Manectric","item":"manectite","ability":"Lightning Rod","moves":["thunderbolt","overheat","voltswitch","hiddenpowerice"],"nature":"Hasty","evs":{"hp":0,"atk":4,"def":0,"spa":252,"spd":0,"spe":252},"ivs":{"hp":31,"atk":30,"def":30,"spa":31,"spd":31,"spe":31}},{"name":"Thundurus","species":"Thundurus","item":"lifeorb","ability":"Prankster","moves":["wildcharge","knockoff","uturn","superpower"],"nature":"Jolly","evs":{"hp":0,"atk":252,"def":0,"spa":0,"spd":4,"spe":252},"ivs":{"hp":31,"atk":31,"def":31,"spa":31,"spd":31,"spe":31}},{"name":"Rotom-Wash","species":"Rotom-Wash","item":"choicescarf","ability":"Levitate","moves":["trick","hydropump","voltswitch","willowisp"],"nature":"Timid","evs":{"hp":0,"atk":0,"def":0,"spa":252,"spd":4,"spe":252},"ivs":{"hp":31,"atk":31,"def":31,"spa":31,"spd":31,"spe":31}},{"name":"Magnezone","species":"Magnezone","item":"leftovers","ability":"Magnet Pull","moves":["voltswitch","thunderbolt","hiddenpowerfire","flashcannon"],"nature":"Modest","evs":{"hp":252,"atk":0,"def":0,"spa":252,"spd":4,"spe":0},"ivs":{"hp":31,"atk":30,"def":31,"spa":30,"spd":31,"spe":30}},{"name":"Zebstrika","species":"Zebstrika","item":"lifeorb","ability":"Lightning Rod","moves":["thunderbolt","overheat","voltswitch","hiddenpowerice"],"nature":"Timid","evs":{"hp":0,"atk":0,"def":0,"spa":252,"spd":4,"spe":252},"ivs":{"hp":31,"atk":30,"def":30,"spa":31,"spd":31,"spe":31}},{"name":"Zapdos","species":"Zapdos","item":"leftovers","ability":"Pressure","moves":["heatwave","voltswitch","defog","roost"],"nature":"Modest","evs":{"hp":252,"atk":0,"def":0,"spa":252,"spd":4,"spe":0},"ivs":{"hp":31,"atk":31,"def":31,"spa":31,"spd":31,"spe":31}}],"p2team":[{"name":"Ditto","species":"Ditto","item":"choicescarf","ability":"Imposter","moves":["transform"],"nature":"Bold","evs":{"hp":252,"atk":0,"def":252,"spa":0,"spd":6,"spe":0},"ivs":{"hp":31,"atk":31,"def":31,"spa":31,"spd":31,"spe":31}},{"name":"Heliolisk","species":"Heliolisk","item":"assaultvest","ability":"Dry Skin","moves":["thunderbolt","surf","focusblast","paraboliccharge"],"nature":"Bold","evs":{"hp":248,"atk":0,"def":252,"spa":8,"spd":0,"spe":0},"ivs":{"hp":31,"atk":31,"def":31,"spa":31,"spd":31,"spe":31}},{"name":"Kecleon","species":"Kecleon","item":"lifeorb","ability":"Protean","moves":["drainpunch","suckerpunch","shadowsneak","firepunch"],"nature":"Adamant","evs":{"hp":248,"atk":252,"def":0,"spa":0,"spd":8,"spe":0},"ivs":{"hp":31,"atk":31,"def":31,"spa":31,"spd":31,"spe":31}},{"name":"Audino","species":"Audino","item":"audinite","ability":"Regenerator","moves":["calmmind","flamethrower","healbell","drainingkiss"],"nature":"Bold","evs":{"hp":164,"atk":0,"def":252,"spa":40,"spd":52,"spe":0},"ivs":{"hp":31,"atk":31,"def":31,"spa":31,"spd":31,"spe":31}},{"name":"Pyroar","species":"Pyroar","item":"choicespecs","ability":"Unnerve","moves":["flamethrower","darkpulse","hypervoice","overheat"],"nature":"Timid","evs":{"hp":0,"atk":0,"def":0,"spa":252,"spd":4,"spe":252},"ivs":{"hp":31,"atk":31,"def":31,"spa":31,"spd":31,"spe":31}},{"name":"Snorlax","species":"Snorlax","item":"leftovers","ability":"Thick Fat","moves":["bodyslam","earthquake","rest","sleeptalk"],"nature":"Impish","evs":{"hp":248,"atk":0,"def":200,"spa":0,"spd":60,"spe":0},"ivs":{"hp":31,"atk":31,"def":31,"spa":31,"spd":31,"spe":31}}],"log":["|player|p1|Union✘Entropy|290","|player|p2|Guard Naruto|284","|gametype|singles","|gen|6","|tier|Monotype","|rated","|rule|Baton Pass Clause: Limit one Baton Passer, can't pass Spe and other stats simultaneously","|rule|Swagger Clause: Swagger is banned","|rule|Same Type Clause: Pokémon in a team must share a type","|clearpoke","|poke|p1|Manectric, M","|poke|p1|Thundurus, M","|poke|p1|Rotom-Wash","|poke|p1|Magnezone","|poke|p1|Zebstrika, M","|poke|p1|Zapdos","|poke|p2|Ditto","|poke|p2|Heliolisk, F","|poke|p2|Kecleon, F","|poke|p2|Audino, M","|poke|p2|Pyroar, F","|poke|p2|Snorlax, M","|rule|Sleep Clause Mod: Limit one foe put to sleep","|rule|Species Clause: Limit one of each Pokémon","|rule|OHKO Clause: OHKO moves are banned","|rule|Moody Clause: Moody is banned","|rule|Evasion Moves Clause: Evasion moves are banned","|rule|Endless Battle Clause: Forcing endless battles is banned","|rule|HP Percentage Mod: HP is shown in percentages","|teampreview","|","|start","|switch|p1a: Magnezone|Magnezone|344/344","|switch|p2a: Kecleon|Kecleon, F|323/323","|turn|1","|","|move|p1a: Magnezone|Volt Switch|p2a: Kecleon","|-damage|p2a: Kecleon|202/323","|","|switch|p1a: Zapdos|Zapdos|384/384","|-ability|p1a: Zapdos|Pressure","|move|p2a: Kecleon|Drain Punch|p1a: Zapdos","|-start|p2a: Kecleon|typechange|Fighting|[from] Protean","|-resisted|p1a: Zapdos","|-damage|p1a: Zapdos|294/384","|-heal|p2a: Kecleon|247/323|[from] drain|[of] p1a: Zapdos","|-damage|p2a: Kecleon|215/323|[from] item: Life Orb","|","|-heal|p1a: Zapdos|318/384|[from] item: Leftovers","|turn|2","|","|switch|p2a: Heliolisk|Heliolisk, F|327/327","|move|p1a: Zapdos|Volt Switch|p2a: Heliolisk","|-crit|p2a: Heliolisk","|-resisted|p2a: Heliolisk","|-damage|p2a: Heliolisk|255/327","|","|switch|p1a: Thundurus|Thundurus, M|299/299","|","|turn|3","|","|move|p1a: Thundurus|Superpower|p2a: Heliolisk","|-supereffective|p2a: Heliolisk","|-damage|p2a: Heliolisk|0 fnt","|-unboost|p1a: Thundurus|atk|1","|-unboost|p1a: Thundurus|def|1","|-damage|p1a: Thundurus|270/299|[from] item: Life Orb","|faint|p2a: Heliolisk","|","|","|switch|p2a: Pyroar|Pyroar, F|313/313","|-ability|p2a: Pyroar|Unnerve|p1: Union✘Entropy","|turn|4","|","|move|p1a: Thundurus|U-turn|p2a: Pyroar","|-resisted|p2a: Pyroar","|-damage|p2a: Pyroar|266/313","|-damage|p1a: Thundurus|241/299|[from] item: Life Orb","|","|switch|p1a: Rotom-Wash|Rotom-Wash|241/241","|move|p2a: Pyroar|Hyper Voice|p1a: Rotom-Wash","|-damage|p1a: Rotom-Wash|45/241","|","|turn|5","|","|move|p1a: Rotom-Wash|Hydro Pump|p2a: Pyroar|[miss]","|-miss|p1a: Rotom-Wash|p2a: Pyroar","|move|p2a: Pyroar|Hyper Voice|p1a: Rotom-Wash","|-damage|p1a: Rotom-Wash|0 fnt","|faint|p1a: Rotom-Wash","|","|","|switch|p1a: Zebstrika|Zebstrika, M|291/291","|turn|6","|","|switch|p2a: Kecleon|Kecleon, F|215/323","|move|p1a: Zebstrika|Volt Switch|p2a: Kecleon","|-damage|p2a: Kecleon|120/323","|-damage|p1a: Zebstrika|262/291|[from] item: Life Orb","|","|switch|p1a: Manectric|Manectric, M|281/281","|","|turn|7","|","|detailschange|p1a: Manectric|Manectric-Mega, M","|-mega|p1a: Manectric|Manectric|Manectite","|-ability|p1a: Manectric|Intimidate","|-unboost|p2a: Kecleon|atk|1","|move|p1a: Manectric|Thunderbolt|p2a: Kecleon","|-damage|p2a: Kecleon|0 fnt","|faint|p2a: Kecleon","|","|","|switch|p2a: Snorlax|Snorlax, M|523/523","|turn|8","|","|move|p1a: Manectric|Volt Switch|p2a: Snorlax","|-damage|p2a: Snorlax|409/523","|","|switch|p1a: Thundurus|Thundurus, M|241/299","|move|p2a: Snorlax|Earthquake|p1a: Thundurus","|-immune|p1a: Thundurus|[msg]","|","|-heal|p2a: Snorlax|441/523|[from] item: Leftovers","|turn|9","|","|move|p1a: Thundurus|Superpower|p2a: Snorlax","|-supereffective|p2a: Snorlax","|-damage|p2a: Snorlax|90/523","|-unboost|p1a: Thundurus|atk|1","|-unboost|p1a: Thundurus|def|1","|-damage|p1a: Thundurus|212/299|[from] item: Life Orb","|move|p2a: Snorlax|Body Slam|p1a: Thundurus","|-damage|p1a: Thundurus|0 fnt","|faint|p1a: Thundurus","|","|-heal|p2a: Snorlax|122/523|[from] item: Leftovers","|","|switch|p1a: Manectric|Manectric-Mega, M|281/281","|-ability|p1a: Manectric|Intimidate","|-unboost|p2a: Snorlax|atk|1","|turn|10","|","|move|p1a: Manectric|Thunderbolt|p2a: Snorlax","|-damage|p2a: Snorlax|0 fnt","|faint|p2a: Snorlax","|","|","|switch|p2a: Audino|Audino, M|388/388","|turn|11","|","|detailschange|p2a: Audino|Audino-Mega, M","|-mega|p2a: Audino|Audino|Audinite","|move|p1a: Manectric|Volt Switch|p2a: Audino","|-damage|p2a: Audino|288/388","|","|switch|p1a: Magnezone|Magnezone|344/344","|move|p2a: Audino|Flamethrower|p1a: Magnezone","|-supereffective|p1a: Magnezone","|-damage|p1a: Magnezone|198/344","|","|-heal|p1a: Magnezone|219/344|[from] item: Leftovers","|turn|12","|","|switch|p2a: Ditto|Ditto|300/300","|-transform|p2a: Ditto|p1a: Magnezone","|move|p1a: Magnezone|Flash Cannon|p2a: Ditto","|-crit|p2a: Ditto","|-resisted|p2a: Ditto","|-damage|p2a: Ditto|242/300","|","|-heal|p1a: Magnezone|240/344|[from] item: Leftovers","|turn|13","|","|move|p2a: Ditto|Thunderbolt|p1a: Magnezone","|-resisted|p1a: Magnezone","|-damage|p1a: Magnezone|141/344","|move|p1a: Magnezone|Hidden Power|p2a: Ditto","|-supereffective|p2a: Ditto","|-damage|p2a: Ditto|68/300","|","|-heal|p1a: Magnezone|162/344|[from] item: Leftovers","|turn|14","|","|move|p2a: Ditto|Thunderbolt|p1a: Magnezone","|-resisted|p1a: Magnezone","|-damage|p1a: Magnezone|64/344","|move|p1a: Magnezone|Hidden Power|p2a: Ditto","|-supereffective|p2a: Ditto","|-damage|p2a: Ditto|0 fnt","|faint|p2a: Ditto","|","|-heal|p1a: Magnezone|85/344|[from] item: Leftovers","|","|switch|p2a: Pyroar|Pyroar, F|266/313","|-ability|p2a: Pyroar|Unnerve|p1: Union✘Entropy","|turn|15","|","|move|p2a: Pyroar|Flamethrower|p1a: Magnezone","|-supereffective|p1a: Magnezone","|-damage|p1a: Magnezone|0 fnt","|faint|p1a: Magnezone","|","|","|switch|p1a: Zebstrika|Zebstrika, M|262/291","|turn|16","|","|move|p1a: Zebstrika|Thunderbolt|p2a: Pyroar","|-damage|p2a: Pyroar|62/313","|-damage|p1a: Zebstrika|233/291|[from] item: Life Orb","|move|p2a: Pyroar|Flamethrower|p1a: Zebstrika","|-damage|p1a: Zebstrika|0 fnt","|faint|p1a: Zebstrika","|","|","|switch|p1a: Zapdos|Zapdos|318/384","|-ability|p1a: Zapdos|Pressure","|turn|17","|","|move|p2a: Pyroar|Flamethrower|p1a: Zapdos","|-damage|p1a: Zapdos|101/384","|move|p1a: Zapdos|Roost|p1a: Zapdos","|-heal|p1a: Zapdos|293/384","|","|-heal|p1a: Zapdos|317/384|[from] item: Leftovers","|turn|18","|","|move|p2a: Pyroar|Flamethrower|p1a: Zapdos","|-damage|p1a: Zapdos|67/384","|move|p1a: Zapdos|Volt Switch|p2a: Pyroar","|-damage|p2a: Pyroar|0 fnt","|faint|p2a: Pyroar","|","|switch|p1a: Manectric|Manectric-Mega, M|281/281","|","|","|switch|p2a: Audino|Audino-Mega, M|288/388","|turn|19","|","|move|p1a: Manectric|Thunderbolt|p2a: Audino","|-damage|p2a: Audino|161/388","|move|p2a: Audino|Calm Mind|p2a: Audino","|-boost|p2a: Audino|spa|1","|-boost|p2a: Audino|spd|1","|","|turn|20","|","|move|p1a: Manectric|Thunderbolt|p2a: Audino","|-damage|p2a: Audino|82/388","|move|p2a: Audino|Draining Kiss|p1a: Manectric","|-damage|p1a: Manectric|184/281","|-heal|p2a: Audino|155/388|[from] drain|[of] p1a: Manectric","|","|turn|21","|","|move|p1a: Manectric|Overheat|p2a: Audino","|-damage|p2a: Audino|66/388","|-unboost|p1a: Manectric|spa|2","|move|p2a: Audino|Draining Kiss|p1a: Manectric","|-damage|p1a: Manectric|96/281","|-heal|p2a: Audino|132/388|[from] drain|[of] p1a: Manectric","|","|turn|22","|","|move|p1a: Manectric|Thunderbolt|p2a: Audino","|-damage|p2a: Audino|90/388","|move|p2a: Audino|Calm Mind|p2a: Audino","|-boost|p2a: Audino|spa|1","|-boost|p2a: Audino|spd|1","|","|turn|23","|","|move|p1a: Manectric|Volt Switch|p2a: Audino","|-damage|p2a: Audino|66/388","|","|switch|p1a: Zapdos|Zapdos|67/384","|-ability|p1a: Zapdos|Pressure","|move|p2a: Audino|Draining Kiss|p1a: Zapdos","|-damage|p1a: Zapdos|0 fnt","|-heal|p2a: Audino|117/388|[from] drain|[of] p1a: Zapdos","|faint|p1a: Zapdos","|","|","|win|Guard Naruto"],"p1rating":{"entryid":"6825543","serverid":"eos","formatid":"monotype","userid":"unionentropy","username":"Union Entropy","w":"13","l":36,"t":"0","gxe":28.3,"r":"1338.8736787536","rd":"58.701716994582","sigma":"0","rptime":"1439024400","rpr":1322.7559725471,"rprd":56.937136725585,"rpsigma":"0","acre":1008.3366361662,"lacre":1008.3366361662,"oldacre":"1020.7899850868"},"p2rating":{"entryid":"7460015","serverid":"eos","formatid":"monotype","userid":"guardnaruto","username":"Guard Naruto","w":4,"l":"9","t":"0","gxe":40.4,"r":"1466.0434440081","rd":"122.3574861412","sigma":"0","rptime":"1439024400","rpr":1425.1500616457,"rprd":80.908253237769,"rpsigma":"0","acre":1070.9220843,"lacre":1070.9220843,"oldacre":"1038.4211744539"},"endType":"forfeit"}