{"seed":[16911,15268,10127,46800],"turns":21,"p1":"sl ice rapton","p2":"RealDeal360","p1team":[{"name":"Aurorus","species":"Aurorus","item":"focussash","ability":"Snow Warning","moves":["stealthrock","encore","ancientpower","thunderwave"],"nature":"","evs":{"hp":252,"atk":0,"def":4,"spa":0,"spd":252,"spe":0},"ivs":{"hp":31,"atk":31,"def":31,"spa":31,"spd":31,"spe":31}},{"name":"Avalugg","species":"Avalugg","item":"rockyhelmet","ability":"Sturdy","moves":["rapidspin","recover","avalanche","earthquake"],"nature":"Impish","evs":{"hp":252,"atk":4,"def":252,"spa":0,"spd":0,"spe":0},"ivs":{"hp":31,"atk":31,"def":31,"spa":31,"spd":31,"spe":31}},{"name":"Kyurem-Black","species":"Kyurem-Black","item":"lumberry","ability":"Teravolt","moves":["outrage","fusionbolt","ironhead","honeclaws"],"nature":"","evs":{"hp":4,"atk":252,"def":0,"spa":0,"spd":0,"spe":252},"ivs":{"hp":31,"atk":31,"def":31,"spa":31,"spd":31,"spe":31}},{"name":"Mamoswine","species":"Mamoswine","item":"choicescarf","ability":"Thick Fat","moves":["earthquake","iciclecrash","superpower","rockslide"],"nature":"Jolly","evs":{"hp":4,"atk":252,"def":0,"spa":0,"spd":0,"spe":252},"ivs":{"hp":31,"atk":31,"def":31,"spa":31,"spd":31,"spe":31}},{"name":"Cloyster","species":"Cloyster","item":"focussash","ability":"Skill Link","moves":["iciclespear","rockblast","shellsmash","rapidspin"],"nature":"Adamant","evs":{"hp":0,"atk":252,"def":0,"spa":0,"spd":4,"spe":252},"ivs":{"hp":31,"atk":31,"def":31,"spa":31,"spd":31,"spe":31}},{"name":"Froslass","species":"Froslass","item":"airballoon","ability":"Cursed Body","moves":["spikes","thunderwave","psychic","icebeam"],"nature":"","evs":{"hp":0,"atk":0,"def":0,"spa":0,"spd":0,"spe":0},"ivs":{"hp":31,"atk":31,"def":31,"spa":31,"spd":31,"spe":31}}],"p2team":[{"name":"Smeargle","species":"Smeargle","item":"focussash","ability":"Own Tempo","moves":["spore","swordsdance","cottonguard","batonpass"],"nature":"Brave","evs":{"hp":0,"atk":252,"def":0,"spa":0,"spd":4,"spe":252},"ivs":{"hp":31,"atk":31,"def":31,"spa":31,"spd":31,"spe":31}},{"name":"Snorlax","species":"Snorlax","item":"leftovers","ability":"Thick Fat","moves":["bodyslam","heavyslam","firepunch","zenheadbutt"],"nature":"Adamant","evs":{"hp":248,"atk":252,"def":0,"spa":0,"spd":8,"spe":0},"ivs":{"hp":31,"atk":31,"def":31,"spa":31,"spd":31,"spe":31}},{"name":"Kecleon","species":"Kecleon","item":"lifeorb","ability":"Protean","moves":["knockoff","drainpunch","suckerpunch","shadowsneak"],"nature":"Adamant","evs":{"hp":132,"atk":252,"def":0,"spa":0,"spd":0,"spe":124},"shiny":true,"ivs":{"hp":31,"atk":31,"def":31,"spa":31,"spd":31,"spe":31}},{"name":"Meloetta","species":"Meloetta","item":"leftovers","ability":"Serene Grace","moves":["dazzlinggleam","calmmind","psyshock","thunderbolt"],"nature":"Modest","evs":{"hp":252,"atk":0,"def":0,"spa":252,"spd":4,"spe":0},"ivs":{"hp":31,"atk":31,"def":31,"spa":31,"spd":31,"spe":31}},{"name":"Ditto","species":"Ditto","item":"choicescarf","ability":"Imposter","moves":["transform"],"nature":"Bold","evs":{"hp":248,"atk":0,"def":252,"spa":0,"spd":8,"spe":0},"ivs":{"hp":31,"atk":31,"def":31,"spa":31,"spd":31,"spe":31}},{"name":"Pidgeot","species":"Pidgeot","item":"pidgeotite","ability":"Keen Eye","moves":["hurricane","defog","heatwave","uturn"],"nature":"Timid","evs":{"hp":0,"atk":0,"def":0,"spa":252,"spd":4,"spe":252},"ivs":{"hp":31,"atk":31,"def":31,"spa":31,"spd":31,"spe":31}}],"log":["|player|p1|sl ice rapton|225","|player|p2|RealDeal360|153","|gametype|singles","|gen|6","|tier|Monotype","|rated","|rule|Baton Pass Clause: Limit one Baton Passer, can't pass Spe and other stats simultaneously","|rule|Swagger Clause: Swagger is banned","|rule|Same Type Clause: Pokémon in a team must share a type","|clearpoke","|poke|p1|Aurorus, F","|poke|p1|Avalugg, F","|poke|p1|Kyurem-Black","|poke|p1|Mamoswine, M","|poke|p1|Cloyster, F","|poke|p1|Froslass, F","|poke|p2|Smeargle, M","|poke|p2|Snorlax, M","|poke|p2|Kecleon, F, shiny","|poke|p2|Meloetta","|poke|p2|Ditto","|poke|p2|Pidgeot, M","|rule|Sleep Clause Mod: Limit one foe put to sleep","|rule|Species Clause: Limit one of each Pokémon","|rule|OHKO Clause: OHKO moves are banned","|rule|Moody Clause: Moody is banned","|rule|Evasion Moves Clause: Evasion moves are banned","|rule|Endless Battle Clause: Forcing endless battles is banned","|rule|HP Percentage Mod: HP is shown in percentages","|teampreview","|","|start","|switch|p1a: Aurorus|Aurorus, F|450/450","|switch|p2a: Ditto|Ditto|299/299","|-transform|p2a: Ditto|p1a: Aurorus","|-weather|Hail","|turn|1","|","|move|p2a: Ditto|Ancient Power|p1a: Aurorus","|-supereffective|p1a: Aurorus","|-damage|p1a: Aurorus|336/450","|move|p1a: Aurorus|Stealth Rock|p2a: Ditto","|-sidestart|p2: RealDeal360|move: Stealth Rock","|","|-weather|Hail|[upkeep]","|turn|2","|","|move|p2a: Ditto|Ancient Power|p1a: Aurorus","|-supereffective|p1a: Aurorus","|-damage|p1a: Aurorus|214/450","|move|p1a: Aurorus|Ancient Power|p2a: Ditto","|-supereffective|p2a: Ditto","|-damage|p2a: Ditto|179/299","|","|-weather|Hail|[upkeep]","|turn|3","|","|move|p2a: Ditto|Ancient Power|p1a: Aurorus","|-supereffective|p1a: Aurorus","|-damage|p1a: Aurorus|92/450","|move|p1a: Aurorus|Thunder Wave|p2a: Ditto","|-status|p2a: Ditto|par","|","|-weather|Hail|[upkeep]","|turn|4","|","|switch|p1a: Avalugg|Avalugg, F|394/394","|move|p2a: Ditto|Ancient Power|p1a: Avalugg","|-supereffective|p1a: Avalugg","|-damage|p1a: Avalugg|158/394","|-boost|p2a: Ditto|atk|1","|-boost|p2a: Ditto|def|1","|-boost|p2a: Ditto|spa|1","|-boost|p2a: Ditto|spd|1","|-boost|p2a: Ditto|spe|1","|","|-weather|Hail|[upkeep]","|turn|5","|","|move|p1a: Avalugg|Earthquake|p2a: Ditto","|-supereffective|p2a: Ditto","|-damage|p2a: Ditto|13/299 par","|cant|p2a: Ditto|par","|","|-weather|none","|turn|6","|","|move|p1a: Avalugg|Earthquake|p2a: Ditto","|-crit|p2a: Ditto","|-supereffective|p2a: Ditto","|-damage|p2a: Ditto|0 fnt","|faint|p2a: Ditto","|","|","|switch|p2a: Kecleon|Kecleon, F, shiny|294/294","|-damage|p2a: Kecleon|258/294|[from] Stealth Rock","|turn|7","|","|move|p2a: Kecleon|Drain Punch|p1a: Avalugg","|-start|p2a: Kecleon|typechange|Fighting|[from] Protean","|-supereffective|p1a: Avalugg","|-damage|p1a: Avalugg|31/394","|-heal|p2a: Kecleon|294/294|[from] drain|[of] p1a: Avalugg","|-damage|p2a: Kecleon|245/294|[from] item: Rocky Helmet|[of] p1a: Avalugg","|-damage|p2a: Kecleon|216/294|[from] item: Life Orb","|move|p1a: Avalugg|Recover|p1a: Avalugg","|-heal|p1a: Avalugg|228/394","|","|turn|8","|","|move|p2a: Kecleon|Knock Off|p1a: Avalugg","|-start|p2a: Kecleon|typechange|Dark|[from] Protean","|-damage|p1a: Avalugg|145/394","|-damage|p2a: Kecleon|167/294|[from] item: Rocky Helmet|[of] p1a: Avalugg","|-enditem|p1a: Avalugg|Rocky Helmet|[from] move: Knock Off|[of] p2a: Kecleon","|-damage|p2a: Kecleon|138/294|[from] item: Life Orb","|move|p1a: Avalugg|Recover|p1a: Avalugg","|-heal|p1a: Avalugg|342/394","|","|turn|9","|","|switch|p1a: Froslass|Froslass, F|281/281","|-item|p1a: Froslass|Air Balloon","|move|p2a: Kecleon|Drain Punch|p1a: Froslass","|-start|p2a: Kecleon|typechange|Fighting|[from] Protean","|-immune|p1a: Froslass|[msg]","|","|turn|10","|","|move|p2a: Kecleon|Sucker Punch|p1a: Froslass","|-start|p2a: Kecleon|typechange|Dark|[from] Protean","|-supereffective|p1a: Froslass","|-damage|p1a: Froslass|0 fnt","|-enditem|p1a: Froslass|Air Balloon","|-damage|p2a: Kecleon|109/294|[from] item: Life Orb","|faint|p1a: Froslass","|","|","|switch|p1a: Mamoswine|Mamoswine, M|362/362","|turn|11","|","|move|p1a: Mamoswine|Earthquake|p2a: Kecleon","|-damage|p2a: Kecleon|0 fnt","|faint|p2a: Kecleon","|","|","|switch|p2a: Pidgeot|Pidgeot, M|307/307","|-damage|p2a: Pidgeot|231/307|[from] Stealth Rock","|turn|12","|","|switch|p1a: Avalugg|Avalugg, F|342/394","|detailschange|p2a: Pidgeot|Pidgeot-Mega, M","|-mega|p2a: Pidgeot|Pidgeot|Pidgeotite","|move|p2a: Pidgeot|Heat Wave|p1a: Avalugg","|-crit|p1a: Avalugg","|-supereffective|p1a: Avalugg","|-damage|p1a: Avalugg|0 fnt","|faint|p1a: Avalugg","|","|","|switch|p1a: Cloyster|Cloyster, F|241/241","|turn|13","|","|move|p2a: Pidgeot|Hurricane|p1a: Cloyster","|-enditem|p1a: Cloyster|Focus Sash","|-damage|p1a: Cloyster|1/241","|-start|p1a: Cloyster|confusion","|-activate|p1a: Cloyster|confusion","|-damage|p1a: Cloyster|0 fnt|[from] confusion","|faint|p1a: Cloyster","|","|","|switch|p1a: Aurorus|Aurorus, F|92/450","|-weather|Hail","|turn|14","|","|move|p2a: Pidgeot|Heat Wave|p1a: Aurorus","|-damage|p1a: Aurorus|0 fnt","|faint|p1a: Aurorus","|","|-weather|Hail|[upkeep]","|-damage|p2a: Pidgeot|212/307|[from] hail","|","|switch|p1a: Mamoswine|Mamoswine, M|362/362","|turn|15","|","|move|p1a: Mamoswine|Icicle Crash|p2a: Pidgeot","|-supereffective|p2a: Pidgeot","|-damage|p2a: Pidgeot|0 fnt","|faint|p2a: Pidgeot","|","|-weather|Hail|[upkeep]","|","|switch|p2a: Meloetta|Meloetta|404/404","|-damage|p2a: Meloetta|354/404|[from] Stealth Rock","|turn|16","|","|move|p1a: Mamoswine|Icicle Crash|p2a: Meloetta","|-damage|p2a: Meloetta|150/404","|move|p2a: Meloetta|Calm Mind|p2a: Meloetta","|-boost|p2a: Meloetta|spa|1","|-boost|p2a: Meloetta|spd|1","|","|-weather|Hail|[upkeep]","|-damage|p2a: Meloetta|125/404|[from] hail","|-heal|p2a: Meloetta|150/404|[from] item: Leftovers","|turn|17","|","|move|p1a: Mamoswine|Icicle Crash|p2a: Meloetta","|-damage|p2a: Meloetta|0 fnt","|faint|p2a: Meloetta","|","|-weather|Hail|[upkeep]","|","|switch|p2a: Smeargle|Smeargle, M|251/251","|-damage|p2a: Smeargle|220/251|[from] Stealth Rock","|turn|18","|","|move|p1a: Mamoswine|Icicle Crash|p2a: Smeargle","|-damage|p2a: Smeargle|0 fnt","|faint|p2a: Smeargle","|","|-weather|none","|","|switch|p2a: Snorlax|Snorlax, M|523/523","|-damage|p2a: Snorlax|458/523|[from] Stealth Rock","|turn|19","|","|switch|p1a: Kyurem-Black|Kyurem-Black|392/392","|-ability|p1a: Kyurem-Black|Teravolt","|move|p2a: Snorlax|Fire Punch|p1a: Kyurem-Black","|-damage|p1a: Kyurem-Black|301/392","|","|-heal|p2a: Snorlax|490/523|[from] item: Leftovers","|turn|20","|","|move|p1a: Kyurem-Black|Outrage|p2a: Snorlax","|-damage|p2a: Snorlax|114/523","|move|p2a: Snorlax|Heavy Slam|p1a: Kyurem-Black","|-supereffective|p1a: Kyurem-Black","|-damage|p1a: Kyurem-Black|213/392","|","|-heal|p2a: Snorlax|146/523|[from] item: Leftovers","|turn|21","|","|move|p1a: Kyurem-Black|Outrage|p2a: Snorlax|[from]lockedmove","|-damage|p2a: Snorlax|0 fnt","|faint|p2a: Snorlax","|","|win|sl ice rapton"],"p1rating":{"entryid":"7497722","serverid":"eos","formatid":"monotype","userid":"slicerapton","username":"sl ice rapton","w":10,"l":"4","t":"0","gxe":59.5,"r":"1527.8644024715","rd":"123.01328871718","sigma":"0","rptime":"1439110800","rpr":1574.1304803544,"rprd":80.42763545462,"rpsigma":"0","acre":1133.8721120632,"lacre":1133.8721120632,"oldacre":"1116.2749212085"},"p2rating":{"entryid":"7525131","serverid":"eos","formatid":"monotype","userid":"realdeal360","username":"RealDeal360","w":"1","l":5,"t":"0","gxe":38.1,"r":"1500","rd":"130","sigma":"0","rptime":"1439110800","rpr":1405.4073909584,"rprd":98.807257322256,"rpsigma":"0","acre":1002.1013428544,"lacre":1002.1013428544,"oldacre":"1010.2191938206"},"endType":"normal"}