{"seed":[41396,24868,63418,36495],"turns":57,"p1":"NotMajesticWurmple","p2":"GTX♅Bzumzum","p1team":[{"name":"AnPhagShit2.0","species":"mandibuzz","item":"leftovers","ability":"Overcoat","moves":["roost","uturn","toxic","whirlwind"],"nature":"Impish","evs":{"hp":252,"atk":0,"def":252,"spa":0,"spd":0,"spe":4},"ivs":{"hp":31,"atk":31,"def":31,"spa":31,"spd":31,"spe":31}},{"name":"Bad Handjobs","species":"bisharp","item":"focussash","ability":"Defiant","moves":["ironhead","psychocut","knockoff","suckerpunch"],"nature":"Adamant","evs":{"hp":0,"atk":252,"def":248,"spa":0,"spd":8,"spe":0},"gender":"M","ivs":{"hp":31,"atk":31,"def":31,"spa":31,"spd":31,"spe":31}},{"name":"StupidGood","species":"sableye","item":"sablenite","ability":"Prankster","moves":["calmmind","willowisp","recover","snarl"],"nature":"Bold","evs":{"hp":248,"atk":0,"def":252,"spa":0,"spd":8,"spe":0},"gender":"M","ivs":{"hp":31,"atk":0,"def":31,"spa":31,"spd":31,"spe":31}},{"name":"Shiva","species":"hoopaunbound","item":"assaultvest","ability":"Magician","moves":["energyball","psyshock","darkpulse","hiddenpowerice"],"nature":"Calm","evs":{"hp":0,"atk":0,"def":0,"spa":252,"spd":252,"spe":4},"ivs":{"hp":31,"atk":30,"def":30,"spa":31,"spd":31,"spe":31}},{"name":"Fighting Counter","species":"umbreon","item":"leftovers","ability":"Synchronize","moves":["wish","healbell","protect","foulplay"],"nature":"Careful","evs":{"hp":252,"atk":0,"def":4,"spa":0,"spd":252,"spe":0},"gender":"F","shiny":true,"ivs":{"hp":31,"atk":31,"def":31,"spa":31,"spd":31,"spe":31}},{"name":"Drapion","species":"Drapion","item":"choicescarf","ability":"Sniper","moves":["earthquake","knockoff","crosspoison","aerialace"],"nature":"Adamant","evs":{"hp":0,"atk":252,"def":0,"spa":0,"spd":4,"spe":252},"ivs":{"hp":31,"atk":31,"def":31,"spa":31,"spd":31,"spe":31}}],"p2team":[{"name":"Elec","species":"manectric","item":"manectite","ability":"Lightning Rod","moves":["thunderbolt","hiddenpowergrass","voltswitch","overheat"],"nature":"Timid","evs":{"hp":0,"atk":0,"def":0,"spa":252,"spd":4,"spe":252},"gender":"M","ivs":{"hp":31,"atk":30,"def":31,"spa":30,"spd":31,"spe":31}},{"name":"Water-Safe","species":"rotomwash","item":"chestoberry","ability":"Levitate","moves":["hydropump","hex","willowisp","rest"],"nature":"Calm","evs":{"hp":248,"atk":0,"def":0,"spa":8,"spd":252,"spe":0},"shiny":true,"ivs":{"hp":31,"atk":31,"def":31,"spa":31,"spd":31,"spe":31}},{"name":"MY ZONE!!!","species":"magnezone","item":"choicespecs","ability":"Sturdy","moves":["hiddenpowerice","flashcannon","triattack","signalbeam"],"nature":"Modest","evs":{"hp":248,"atk":0,"def":0,"spa":252,"spd":8,"spe":0},"ivs":{"hp":31,"atk":30,"def":30,"spa":31,"spd":31,"spe":31},"shiny":true},{"name":"Lumpsy Lampsy","species":"lanturn","item":"airballoon","ability":"Water Absorb","moves":["healbell","icebeam","scald","confuseray"],"nature":"Modest","evs":{"hp":248,"atk":0,"def":0,"spa":252,"spd":8,"spe":0},"gender":"M","shiny":true,"ivs":{"hp":31,"atk":31,"def":31,"spa":31,"spd":31,"spe":31}},{"name":"Lightning","species":"raichu","item":"airballoon","ability":"Static","moves":["protect","fakeout","knockoff","thief"],"nature":"Jolly","evs":{"hp":4,"atk":252,"def":0,"spa":0,"spd":0,"spe":252},"gender":"M","shiny":true,"ivs":{"hp":31,"atk":31,"def":31,"spa":31,"spd":31,"spe":31}},{"name":"Plugg-in Failure","species":"electivire","item":"choicescarf","ability":"Vital Spirit","moves":["crosschop","earthquake","icepunch","rockslide"],"nature":"Adamant","evs":{"hp":0,"atk":252,"def":0,"spa":0,"spd":4,"spe":252},"gender":"M","shiny":true,"ivs":{"hp":31,"atk":31,"def":31,"spa":31,"spd":31,"spe":31}}],"log":["|player|p1|NotMajesticWurmple|180","|player|p2|GTX♅Bzumzum|225","|gametype|singles","|gen|6","|tier|Monotype","|rated","|rule|Baton Pass Clause: Limit one Baton Passer, can't pass Spe and other stats simultaneously","|rule|Swagger Clause: Swagger is banned","|rule|Same Type Clause: Pokémon in a team must share a type","|clearpoke","|poke|p1|Mandibuzz, F","|poke|p1|Bisharp, M","|poke|p1|Sableye, M","|poke|p1|Hoopa-Unbound","|poke|p1|Umbreon, F, shiny","|poke|p1|Drapion, F","|poke|p2|Manectric, M","|poke|p2|Rotom-Wash, shiny","|poke|p2|Magnezone, shiny","|poke|p2|Lanturn, M, shiny","|poke|p2|Raichu, M, shiny","|poke|p2|Electivire, M, shiny","|rule|Sleep Clause Mod: Limit one foe put to sleep","|rule|Species Clause: Limit one of each Pokémon","|rule|OHKO Clause: OHKO moves are banned","|rule|Moody Clause: Moody is banned","|rule|Evasion Moves Clause: Evasion moves are banned","|rule|Endless Battle Clause: Forcing endless battles is banned","|rule|HP Percentage Mod: HP is shown in percentages","|teampreview","|","|start","|switch|p1a: Bad Handjobs|Bisharp, M|271/271","|switch|p2a: Water-Safe|Rotom-Wash, shiny|303/303","|turn|1","|","|move|p2a: Water-Safe|Will-O-Wisp|p1a: Bad Handjobs","|-status|p1a: Bad Handjobs|brn","|move|p1a: Bad Handjobs|Knock Off|p2a: Water-Safe","|-damage|p2a: Water-Safe|212/303","|-enditem|p2a: Water-Safe|Chesto Berry|[from] move: Knock Off|[of] p1a: Bad Handjobs","|","|-damage|p1a: Bad Handjobs|238/271 brn|[from] brn","|turn|2","|","|switch|p1a: Fighting Counter|Umbreon, F, shiny|394/394","|move|p2a: Water-Safe|Hydro Pump|p1a: Fighting Counter","|-damage|p1a: Fighting Counter|306/394","|","|-heal|p1a: Fighting Counter|330/394|[from] item: Leftovers","|turn|3","|","|switch|p2a: Plugg-in Failure|Electivire, M, shiny|291/291","|move|p1a: Fighting Counter|Foul Play|p2a: Plugg-in Failure","|-damage|p2a: Plugg-in Failure|53/291","|","|-heal|p1a: Fighting Counter|354/394|[from] item: Leftovers","|turn|4","|","|move|p1a: Fighting Counter|Protect|p1a: Fighting Counter","|-singleturn|p1a: Fighting Counter|Protect","|move|p2a: Plugg-in Failure|Cross Chop|p1a: Fighting Counter","|-activate|p1a: Fighting Counter|Protect","|","|-heal|p1a: Fighting Counter|378/394|[from] item: Leftovers","|turn|5","|","|switch|p1a: StupidGood|Sableye, M|303/303","|move|p2a: Plugg-in Failure|Cross Chop|p1a: StupidGood","|-immune|p1a: StupidGood|[msg]","|","|turn|6","|","|switch|p2a: Water-Safe|Rotom-Wash, shiny|212/303","|move|p1a: StupidGood|Will-O-Wisp|p2a: Water-Safe","|-status|p2a: Water-Safe|brn","|","|-damage|p2a: Water-Safe|175/303 brn|[from] brn","|turn|7","|","|switch|p1a: Fighting Counter|Umbreon, F, shiny|378/394","|move|p2a: Water-Safe|Hex|p1a: Fighting Counter","|-resisted|p1a: Fighting Counter","|-damage|p1a: Fighting Counter|362/394","|","|-heal|p1a: Fighting Counter|386/394|[from] item: Leftovers","|-damage|p2a: Water-Safe|138/303 brn|[from] brn","|turn|8","|","|move|p2a: Water-Safe|Rest|p2a: Water-Safe","|-status|p2a: Water-Safe|slp","|-heal|p2a: Water-Safe|303/303 slp|[silent]","|-status|p2a: Water-Safe|slp|[from] move: Rest","|move|p1a: Fighting Counter|Foul Play|p2a: Water-Safe","|-damage|p2a: Water-Safe|239/303 slp","|","|-heal|p1a: Fighting Counter|394/394|[from] item: Leftovers","|turn|9","|","|cant|p2a: Water-Safe|slp","|move|p1a: Fighting Counter|Heal Bell|p1a: Fighting Counter","|-cureteam|p1a: Fighting Counter|[from] move: HealBell","|","|turn|10","|","|cant|p2a: Water-Safe|slp","|move|p1a: Fighting Counter|Foul Play|p2a: Water-Safe","|-damage|p2a: Water-Safe|167/303 slp","|","|turn|11","|","|-curestatus|p2a: Water-Safe|slp","|move|p2a: Water-Safe|Will-O-Wisp|p1a: Fighting Counter|[miss]","|-miss|p2a: Water-Safe|p1a: Fighting Counter","|move|p1a: Fighting Counter|Foul Play|p2a: Water-Safe","|-crit|p2a: Water-Safe","|-damage|p2a: Water-Safe|74/303","|","|turn|12","|","|switch|p1a: Shiva|Hoopa-Unbound|301/301","|move|p2a: Water-Safe|Rest|p2a: Water-Safe","|-status|p2a: Water-Safe|slp","|-heal|p2a: Water-Safe|303/303 slp|[silent]","|-status|p2a: Water-Safe|slp|[from] move: Rest","|","|turn|13","|","|cant|p2a: Water-Safe|slp","|move|p1a: Shiva|Energy Ball|p2a: Water-Safe","|-supereffective|p2a: Water-Safe","|-damage|p2a: Water-Safe|137/303 slp","|","|turn|14","|","|switch|p2a: MY ZONE!!!|Magnezone, shiny|343/343","|move|p1a: Shiva|Energy Ball|p2a: MY ZONE!!!","|-resisted|p2a: MY ZONE!!!","|-damage|p2a: MY ZONE!!!|278/343","|","|turn|15","|","|move|p1a: Shiva|Dark Pulse|p2a: MY ZONE!!!","|-damage|p2a: MY ZONE!!!|92/343","|move|p2a: MY ZONE!!!|Signal Beam|p1a: Shiva","|-supereffective|p1a: Shiva","|-damage|p1a: Shiva|45/301","|","|turn|16","|","|switch|p2a: Water-Safe|Rotom-Wash, shiny|137/303 slp","|move|p1a: Shiva|Dark Pulse|p2a: Water-Safe","|-damage|p2a: Water-Safe|28/303 slp","|","|turn|17","|","|cant|p2a: Water-Safe|slp","|move|p1a: Shiva|Dark Pulse|p2a: Water-Safe","|-damage|p2a: Water-Safe|0 fnt","|faint|p2a: Water-Safe","|","|","|switch|p2a: Lightning|Raichu, M, shiny|262/262","|-item|p2a: Lightning|Air Balloon","|turn|18","|","|switch|p1a: Drapion|Drapion, F|281/281","|move|p2a: Lightning|Fake Out|p1a: Drapion","|-damage|p1a: Drapion|248/281","|","|turn|19","|","|move|p1a: Drapion|Knock Off|p2a: Lightning","|-damage|p2a: Lightning|33/262","|-enditem|p2a: Lightning|Air Balloon","|-status|p1a: Drapion|par","|move|p2a: Lightning|Knock Off|p1a: Drapion","|-resisted|p1a: Drapion","|-damage|p1a: Drapion|205/281 par","|-enditem|p1a: Drapion|Choice Scarf|[from] move: Knock Off|[of] p2a: Lightning","|","|turn|20","|","|switch|p1a: AnPhagShit2.0|Mandibuzz, F|424/424","|move|p2a: Lightning|Protect|p2a: Lightning","|-fail|p2a: Lightning","|","|turn|21","|","|switch|p1a: Bad Handjobs|Bisharp, M|238/271","|move|p2a: Lightning|Thief|p1a: Bad Handjobs","|-resisted|p1a: Bad Handjobs","|-damage|p1a: Bad Handjobs|216/271","|-item|p2a: Lightning|Focus Sash|[from] move: Thief|[of] p1a: Bad Handjobs","|","|turn|22","|","|move|p2a: Lightning|Protect|p2a: Lightning","|-singleturn|p2a: Lightning|Protect","|move|p1a: Bad Handjobs|Sucker Punch|p2a: Lightning","|-fail|p1a: Bad Handjobs","|","|turn|23","|","|move|p2a: Lightning|Knock Off|p1a: Bad Handjobs","|-resisted|p1a: Bad Handjobs","|-damage|p1a: Bad Handjobs|190/271","|move|p1a: Bad Handjobs|Knock Off|p2a: Lightning","|-damage|p2a: Lightning|0 fnt","|-enditem|p2a: Lightning|Focus Sash|[from] move: Knock Off|[of] p1a: Bad Handjobs","|faint|p2a: Lightning","|","|","|switch|p2a: Elec|Manectric, M|281/281","|turn|24","|","|detailschange|p2a: Elec|Manectric-Mega, M","|-mega|p2a: Elec|Manectric|Manectite","|-ability|p2a: Elec|Intimidate","|-unboost|p1a: Bad Handjobs|atk|1","|-boost|p1a: Bad Handjobs|atk|2|[from] ability: Defiant","|move|p1a: Bad Handjobs|Sucker Punch|p2a: Elec","|-damage|p2a: Elec|17/281","|move|p2a: Elec|Overheat|p1a: Bad Handjobs","|-supereffective|p1a: Bad Handjobs","|-damage|p1a: Bad Handjobs|0 fnt","|-unboost|p2a: Elec|spa|2","|faint|p1a: Bad Handjobs","|","|","|switch|p1a: Drapion|Drapion, F|205/281 par","|turn|25","|","|move|p2a: Elec|Volt Switch|p1a: Drapion","|-damage|p1a: Drapion|130/281 par","|","|switch|p2a: Lumpsy Lampsy|Lanturn, M, shiny|453/453","|-item|p2a: Lumpsy Lampsy|Air Balloon","|move|p1a: Drapion|Earthquake|p2a: Lumpsy Lampsy","|-immune|p2a: Lumpsy Lampsy|[msg]","|","|turn|26","|","|switch|p1a: Fighting Counter|Umbreon, F, shiny|394/394","|move|p2a: Lumpsy Lampsy|Scald|p1a: Fighting Counter","|-damage|p1a: Fighting Counter|328/394","|","|-heal|p1a: Fighting Counter|352/394|[from] item: Leftovers","|turn|27","|","|move|p2a: Lumpsy Lampsy|Confuse Ray|p1a: Fighting Counter","|-start|p1a: Fighting Counter|confusion","|-activate|p1a: Fighting Counter|confusion","|move|p1a: Fighting Counter|Wish|p1a: Fighting Counter","|","|-heal|p1a: Fighting Counter|376/394|[from] item: Leftovers","|turn|28","|","|move|p2a: Lumpsy Lampsy|Ice Beam|p1a: Fighting Counter","|-damage|p1a: Fighting Counter|326/394","|-activate|p1a: Fighting Counter|confusion","|move|p1a: Fighting Counter|Heal Bell|p1a: Fighting Counter","|-cureteam|p1a: Fighting Counter|[from] move: HealBell","|","|-heal|p1a: Fighting Counter|394/394|[from] move: Wish|[wisher] Fighting Counter","|turn|29","|","|move|p2a: Lumpsy Lampsy|Scald|p1a: Fighting Counter","|-damage|p1a: Fighting Counter|324/394","|-activate|p1a: Fighting Counter|confusion","|move|p1a: Fighting Counter|Foul Play|p2a: Lumpsy Lampsy","|-damage|p2a: Lumpsy Lampsy|360/453","|-enditem|p2a: Lumpsy Lampsy|Air Balloon","|","|-heal|p1a: Fighting Counter|348/394|[from] item: Leftovers","|turn|30","|","|move|p2a: Lumpsy Lampsy|Scald|p1a: Fighting Counter","|-damage|p1a: Fighting Counter|278/394","|-activate|p1a: Fighting Counter|confusion","|-damage|p1a: Fighting Counter|256/394|[from] confusion","|","|-heal|p1a: Fighting Counter|280/394|[from] item: Leftovers","|turn|31","|","|-end|p1a: Fighting Counter|confusion","|move|p1a: Fighting Counter|Protect|p1a: Fighting Counter","|-singleturn|p1a: Fighting Counter|Protect","|move|p2a: Lumpsy Lampsy|Scald|p1a: Fighting Counter","|-activate|p1a: Fighting Counter|Protect","|","|-heal|p1a: Fighting Counter|304/394|[from] item: Leftovers","|turn|32","|","|move|p2a: Lumpsy Lampsy|Confuse Ray|p1a: Fighting Counter","|-start|p1a: Fighting Counter|confusion","|-activate|p1a: Fighting Counter|confusion","|-damage|p1a: Fighting Counter|285/394|[from] confusion","|","|-heal|p1a: Fighting Counter|309/394|[from] item: Leftovers","|turn|33","|","|move|p2a: Lumpsy Lampsy|Scald|p1a: Fighting Counter","|-crit|p1a: Fighting Counter","|-damage|p1a: Fighting Counter|213/394","|-activate|p1a: Fighting Counter|confusion","|move|p1a: Fighting Counter|Foul Play|p2a: Lumpsy Lampsy","|-damage|p2a: Lumpsy Lampsy|257/453","|","|-heal|p1a: Fighting Counter|237/394|[from] item: Leftovers","|turn|34","|","|move|p2a: Lumpsy Lampsy|Scald|p1a: Fighting Counter","|-damage|p1a: Fighting Counter|168/394","|-activate|p1a: Fighting Counter|confusion","|-damage|p1a: Fighting Counter|146/394|[from] confusion","|","|-heal|p1a: Fighting Counter|170/394|[from] item: Leftovers","|turn|35","|","|-activate|p1a: Fighting Counter|confusion","|move|p1a: Fighting Counter|Protect|p1a: Fighting Counter","|-singleturn|p1a: Fighting Counter|Protect","|move|p2a: Lumpsy Lampsy|Scald|p1a: Fighting Counter","|-activate|p1a: Fighting Counter|Protect","|","|-heal|p1a: Fighting Counter|194/394|[from] item: Leftovers","|turn|36","|","|move|p2a: Lumpsy Lampsy|Scald|p1a: Fighting Counter","|-damage|p1a: Fighting Counter|130/394","|-status|p1a: Fighting Counter|brn","|-status|p2a: Lumpsy Lampsy|brn","|-end|p1a: Fighting Counter|confusion","|move|p1a: Fighting Counter|Wish|p1a: Fighting Counter","|","|-heal|p1a: Fighting Counter|154/394 brn|[from] item: Leftovers","|-damage|p2a: Lumpsy Lampsy|201/453 brn|[from] brn","|-damage|p1a: Fighting Counter|105/394 brn|[from] brn","|turn|37","|","|move|p1a: Fighting Counter|Protect|p1a: Fighting Counter","|-singleturn|p1a: Fighting Counter|Protect","|move|p2a: Lumpsy Lampsy|Heal Bell|p2a: Lumpsy Lampsy","|-cureteam|p2a: Lumpsy Lampsy|[from] move: HealBell","|","|-heal|p1a: Fighting Counter|302/394 brn|[from] move: Wish|[wisher] Fighting Counter","|-heal|p1a: Fighting Counter|326/394 brn|[from] item: Leftovers","|-damage|p1a: Fighting Counter|277/394 brn|[from] brn","|turn|38","|","|switch|p2a: MY ZONE!!!|Magnezone, shiny|92/343","|move|p1a: Fighting Counter|Heal Bell|p1a: Fighting Counter","|-cureteam|p1a: Fighting Counter|[from] move: HealBell","|","|-heal|p1a: Fighting Counter|301/394|[from] item: Leftovers","|turn|39","|","|move|p1a: Fighting Counter|Protect|p1a: Fighting Counter","|-singleturn|p1a: Fighting Counter|Protect","|move|p2a: MY ZONE!!!|Signal Beam|p1a: Fighting Counter","|-activate|p1a: Fighting Counter|Protect","|","|-heal|p1a: Fighting Counter|325/394|[from] item: Leftovers","|turn|40","|","|switch|p1a: Drapion|Drapion, F|130/281","|move|p2a: MY ZONE!!!|Signal Beam|p1a: Drapion","|-damage|p1a: Drapion|0 fnt","|faint|p1a: Drapion","|","|","|switch|p1a: Fighting Counter|Umbreon, F, shiny|325/394","|turn|41","|","|move|p1a: Fighting Counter|Protect|p1a: Fighting Counter","|-singleturn|p1a: Fighting Counter|Protect","|move|p2a: MY ZONE!!!|Signal Beam|p1a: Fighting Counter","|-activate|p1a: Fighting Counter|Protect","|","|-heal|p1a: Fighting Counter|349/394|[from] item: Leftovers","|turn|42","|","|move|p1a: Fighting Counter|Foul Play|p2a: MY ZONE!!!","|-damage|p2a: MY ZONE!!!|26/343","|move|p2a: MY ZONE!!!|Signal Beam|p1a: Fighting Counter","|-crit|p1a: Fighting Counter","|-supereffective|p1a: Fighting Counter","|-damage|p1a: Fighting Counter|65/394","|","|-heal|p1a: Fighting Counter|89/394|[from] item: Leftovers","|turn|43","|","|move|p1a: Fighting Counter|Protect|p1a: Fighting Counter","|-singleturn|p1a: Fighting Counter|Protect","|move|p2a: MY ZONE!!!|Signal Beam|p1a: Fighting Counter","|-activate|p1a: Fighting Counter|Protect","|","|-heal|p1a: Fighting Counter|113/394|[from] item: Leftovers","|turn|44","|","|switch|p2a: Lumpsy Lampsy|Lanturn, M, shiny|201/453","|move|p1a: Fighting Counter|Foul Play|p2a: Lumpsy Lampsy","|-damage|p2a: Lumpsy Lampsy|108/453","|","|-heal|p1a: Fighting Counter|137/394|[from] item: Leftovers","|turn|45","|","|move|p1a: Fighting Counter|Protect|p1a: Fighting Counter","|-singleturn|p1a: Fighting Counter|Protect","|move|p2a: Lumpsy Lampsy|Confuse Ray|p1a: Fighting Counter","|-activate|p1a: Fighting Counter|Protect","|","|-heal|p1a: Fighting Counter|161/394|[from] item: Leftovers","|turn|46","|","|move|p2a: Lumpsy Lampsy|Confuse Ray|p1a: Fighting Counter","|-start|p1a: Fighting Counter|confusion","|-activate|p1a: Fighting Counter|confusion","|move|p1a: Fighting Counter|Foul Play|p2a: Lumpsy Lampsy","|-damage|p2a: Lumpsy Lampsy|3/453","|","|-heal|p1a: Fighting Counter|185/394|[from] item: Leftovers","|turn|47","|","|move|p2a: Lumpsy Lampsy|Scald|p1a: Fighting Counter","|-damage|p1a: Fighting Counter|121/394","|-end|p1a: Fighting Counter|confusion","|move|p1a: Fighting Counter|Wish|p1a: Fighting Counter","|","|-heal|p1a: Fighting Counter|145/394|[from] item: Leftovers","|turn|48","|","|move|p1a: Fighting Counter|Protect|p1a: Fighting Counter","|-singleturn|p1a: Fighting Counter|Protect","|move|p2a: Lumpsy Lampsy|Scald|p1a: Fighting Counter","|-activate|p1a: Fighting Counter|Protect","|","|-heal|p1a: Fighting Counter|342/394|[from] move: Wish|[wisher] Fighting Counter","|-heal|p1a: Fighting Counter|366/394|[from] item: Leftovers","|turn|49","|","|move|p2a: Lumpsy Lampsy|Confuse Ray|p1a: Fighting Counter","|-start|p1a: Fighting Counter|confusion","|-activate|p1a: Fighting Counter|confusion","|-damage|p1a: Fighting Counter|346/394|[from] confusion","|","|-heal|p1a: Fighting Counter|370/394|[from] item: Leftovers","|turn|50","|","|move|p2a: Lumpsy Lampsy|Ice Beam|p1a: Fighting Counter","|-damage|p1a: Fighting Counter|324/394","|-activate|p1a: Fighting Counter|confusion","|move|p1a: Fighting Counter|Foul Play|p2a: Lumpsy Lampsy","|-damage|p2a: Lumpsy Lampsy|0 fnt","|faint|p2a: Lumpsy Lampsy","|","|-heal|p1a: Fighting Counter|348/394|[from] item: Leftovers","|","|switch|p2a: Plugg-in Failure|Electivire, M, shiny|53/291","|turn|51","|","|switch|p1a: Shiva|Hoopa-Unbound|45/301","|move|p2a: Plugg-in Failure|Cross Chop|p1a: Shiva","|-damage|p1a: Shiva|0 fnt","|faint|p1a: Shiva","|","|","|switch|p1a: StupidGood|Sableye, M|303/303","|turn|52","|","|switch|p2a: MY ZONE!!!|Magnezone, shiny|26/343","|move|p1a: StupidGood|Will-O-Wisp|p2a: MY ZONE!!!","|-status|p2a: MY ZONE!!!|brn","|","|-damage|p2a: MY ZONE!!!|0 fnt|[from] brn","|faint|p2a: MY ZONE!!!","|","|switch|p2a: Elec|Manectric-Mega, M|17/281","|-ability|p2a: Elec|Intimidate","|-unboost|p1a: StupidGood|atk|1","|turn|53","|","|detailschange|p1a: StupidGood|Sableye-Mega, M","|-mega|p1a: StupidGood|Sableye|Sablenite","|move|p1a: StupidGood|Will-O-Wisp|p2a: Elec","|-status|p2a: Elec|brn","|move|p2a: Elec|Thunderbolt|p1a: StupidGood","|-damage|p1a: StupidGood|164/303","|","|-damage|p2a: Elec|0 fnt|[from] brn","|faint|p2a: Elec","|","|switch|p2a: Plugg-in Failure|Electivire, M, shiny|53/291","|turn|54","|","|move|p2a: Plugg-in Failure|Earthquake|p1a: StupidGood","|-damage|p1a: StupidGood|81/303","|move|p1a: StupidGood|Will-O-Wisp|p2a: Plugg-in Failure|[miss]","|-miss|p1a: StupidGood|p2a: Plugg-in Failure","|","|turn|55","|","|switch|p1a: AnPhagShit2.0|Mandibuzz, F|424/424","|move|p2a: Plugg-in Failure|Earthquake|p1a: AnPhagShit2.0","|-immune|p1a: AnPhagShit2.0|[msg]","|","|turn|56","|","|move|p2a: Plugg-in Failure|Earthquake|p1a: AnPhagShit2.0","|-immune|p1a: AnPhagShit2.0|[msg]","|move|p1a: AnPhagShit2.0|Toxic|p2a: Plugg-in Failure","|-status|p2a: Plugg-in Failure|tox","|","|-damage|p2a: Plugg-in Failure|35/291 tox|[from] psn","|turn|57","|","|move|p2a: Plugg-in Failure|Earthquake|p1a: AnPhagShit2.0","|-immune|p1a: AnPhagShit2.0|[msg]","|move|p1a: AnPhagShit2.0|U-turn|p2a: Plugg-in Failure","|-damage|p2a: Plugg-in Failure|0 fnt","|faint|p2a: Plugg-in Failure","|","|win|NotMajesticWurmple"],"p1rating":{"entryid":7524881,"formatid":"monotype","userid":"notmajesticwurmple","username":"NotMajesticWurmple","r":1500,"rd":130,"sigma":0,"rpr":1518.5533435477,"rprd":124.43125272531,"rpsigma":0,"rptime":1439110800,"w":1,"l":0,"t":0,"gxe":52.3,"acre":1044.5959055288,"lacre":1044.5959055288,"oldacre":1000},"p2rating":{"entryid":"6857825","serverid":"eos","formatid":"monotype","userid":"gtxbzumzum","username":"GTX♅Bzumzum","w":"26","l":97,"t":"0","gxe":22.5,"r":"1267.8281172118","rd":"37.061215733452","sigma":"0","rptime":"1439110800","rpr":1266.2278759477,"rprd":36.408186448316,"rpsigma":"0","acre":1022.2420815394,"lacre":1022.2420815394,"oldacre":"1040.0965983401"},"endType":"normal"}