{"seed":[20926,50737,50779,40125],"turns":43,"p1":"LTIL-Tahit","p2":"Dragotic","p1team":[{"name":"Aegi","species":"aegislash","item":"weaknesspolicy","ability":"Stance Change","moves":["kingsshield","shadowball","sacredsword","shadowsneak"],"nature":"Quiet","evs":{"hp":252,"atk":0,"def":0,"spa":252,"spd":4,"spe":0},"ivs":{"hp":31,"atk":31,"def":31,"spa":31,"spd":31,"spe":0}},{"name":"Hoopa","species":"Hoopa","item":"lifeorb","ability":"Magician","moves":["trickroom","psychic","shadowball","focusblast"],"nature":"Quiet","evs":{"hp":252,"atk":0,"def":4,"spa":252,"spd":0,"spe":0},"ivs":{"hp":31,"atk":31,"def":31,"spa":31,"spd":31,"spe":31}},{"name":"Treve","species":"trevenant","item":"sitrusberry","ability":"Harvest","moves":["substitute","leechseed","willowisp","rockslide"],"nature":"Impish","evs":{"hp":252,"atk":0,"def":148,"spa":0,"spd":108,"spe":0},"ivs":{"hp":31,"atk":31,"def":31,"spa":31,"spd":31,"spe":31}},{"name":"Sableye","species":"Sableye","item":"sablenite","ability":"Prankster","moves":["calmmind","willowisp","recover","dazzlinggleam"],"nature":"Calm","evs":{"hp":0,"atk":0,"def":248,"spa":0,"spd":252,"spe":8},"ivs":{"hp":31,"atk":31,"def":31,"spa":31,"spd":31,"spe":31}},{"name":"G-S","species":"gourgeistsuper","item":"leftovers","ability":"Frisk","moves":["flamecharge","willowisp","leechseed","painsplit"],"nature":"Careful","evs":{"hp":252,"atk":0,"def":252,"spa":0,"spd":4,"spe":0},"ivs":{"hp":31,"atk":31,"def":31,"spa":31,"spd":31,"spe":31}},{"name":"Cofagrigus","species":"Cofagrigus","item":"custapberry","ability":"Mummy","moves":["destinybond","disable","endure","infestation"],"nature":"Bold","evs":{"hp":252,"atk":0,"def":4,"spa":0,"spd":252,"spe":0},"ivs":{"hp":31,"atk":31,"def":31,"spa":31,"spd":31,"spe":31}}],"p2team":[{"name":"Venusaur","species":"Venusaur","item":"venusaurite","ability":"Chlorophyll","moves":["gigadrain","sludgebomb","hiddenpowerfire","synthesis"],"nature":"Modest","evs":{"hp":232,"atk":0,"def":0,"spa":252,"spd":4,"spe":20},"ivs":{"hp":31,"atk":30,"def":31,"spa":30,"spd":31,"spe":30}},{"name":"Celebi","species":"Celebi","item":"leftovers","ability":"Natural Cure","moves":["hiddenpowerrock","energyball","recover","earthpower"],"nature":"Modest","evs":{"hp":220,"atk":0,"def":0,"spa":252,"spd":0,"spe":36},"ivs":{"hp":31,"atk":31,"def":30,"spa":31,"spd":30,"spe":30}},{"name":"Chesnaught","species":"Chesnaught","item":"leftovers","ability":"Bulletproof","moves":["woodhammer","leechseed","spikyshield","drainpunch"],"nature":"Impish","evs":{"hp":252,"atk":0,"def":252,"spa":0,"spd":4,"spe":0},"ivs":{"hp":31,"atk":31,"def":31,"spa":31,"spd":31,"spe":31}},{"name":"Cradily","species":"Cradily","item":"leftovers","ability":"Storm Drain","moves":["stealthrock","rockslide","recover","toxic"],"nature":"Careful","evs":{"hp":252,"atk":4,"def":0,"spa":0,"spd":252,"spe":0},"ivs":{"hp":31,"atk":31,"def":31,"spa":31,"spd":31,"spe":31}},{"name":"Ferrothorn","species":"Ferrothorn","item":"rockyhelmet","ability":"Iron Barbs","moves":["stealthrock","leechseed","gyroball","powerwhip"],"nature":"Relaxed","evs":{"hp":252,"atk":0,"def":88,"spa":0,"spd":168,"spe":0},"ivs":{"hp":31,"atk":31,"def":31,"spa":31,"spd":31,"spe":31}},{"name":"Serperior","species":"Serperior","item":"focussash","ability":"Contrary","moves":["leafstorm","dragonpulse","hiddenpowerice"],"nature":"Timid","evs":{"hp":0,"atk":0,"def":0,"spa":252,"spd":4,"spe":252},"ivs":{"hp":31,"atk":31,"def":30,"spa":31,"spd":30,"spe":30}}],"log":["|player|p1|LTIL-Tahit|169","|player|p2|Dragotic|265","|gametype|singles","|gen|6","|tier|Monotype","|rated","|rule|Baton Pass Clause: Limit one Baton Passer, can't pass Spe and other stats simultaneously","|rule|Swagger Clause: Swagger is banned","|rule|Same Type Clause: Pokémon in a team must share a type","|clearpoke","|poke|p1|Aegislash, M","|poke|p1|Hoopa","|poke|p1|Trevenant, F","|poke|p1|Sableye, M","|poke|p1|Gourgeist-*, M","|poke|p1|Cofagrigus, F","|poke|p2|Venusaur, M","|poke|p2|Celebi","|poke|p2|Chesnaught, F","|poke|p2|Cradily, M","|poke|p2|Ferrothorn, M","|poke|p2|Serperior, M","|rule|Sleep Clause Mod: Limit one foe put to sleep","|rule|Species Clause: Limit one of each Pokémon","|rule|OHKO Clause: OHKO moves are banned","|rule|Moody Clause: Moody is banned","|rule|Evasion Moves Clause: Evasion moves are banned","|rule|Endless Battle Clause: Forcing endless battles is banned","|rule|HP Percentage Mod: HP is shown in percentages","|teampreview","|","|start","|switch|p1a: G-S|Gourgeist-Super, M|374/374","|switch|p2a: Ferrothorn|Ferrothorn, M|352/352","|-item|p2a: Ferrothorn|Rocky Helmet|[from] ability: Frisk|[of] p1a: G-S|[identify]","|turn|1","|","|move|p1a: G-S|Will-O-Wisp|p2a: Ferrothorn","|-status|p2a: Ferrothorn|brn","|move|p2a: Ferrothorn|Stealth Rock|p1a: G-S","|-sidestart|p1: LTIL-Tahit|move: Stealth Rock","|","|-damage|p2a: Ferrothorn|308/352 brn|[from] brn","|turn|2","|","|move|p1a: G-S|Flame Charge|p2a: Ferrothorn","|-supereffective|p2a: Ferrothorn","|-damage|p2a: Ferrothorn|208/352 brn","|-damage|p1a: G-S|328/374|[from] ability: Iron Barbs|[of] p2a: Ferrothorn","|-damage|p1a: G-S|266/374|[from] item: Rocky Helmet|[of] p2a: Ferrothorn","|-boost|p1a: G-S|spe|1","|move|p2a: Ferrothorn|Gyro Ball|p1a: G-S","|-damage|p1a: G-S|236/374","|","|-heal|p1a: G-S|259/374|[from] item: Leftovers","|-damage|p2a: Ferrothorn|164/352 brn|[from] brn","|turn|3","|","|switch|p2a: Cradily|Cradily, M|376/376","|move|p1a: G-S|Flame Charge|p2a: Cradily","|-damage|p2a: Cradily|336/376","|-boost|p1a: G-S|spe|1","|","|-heal|p1a: G-S|282/374|[from] item: Leftovers","|-heal|p2a: Cradily|359/376|[from] item: Leftovers","|turn|4","|","|move|p1a: G-S|Will-O-Wisp|p2a: Cradily","|-status|p2a: Cradily|brn","|move|p2a: Cradily|Toxic|p1a: G-S","|-status|p1a: G-S|tox","|","|-heal|p1a: G-S|305/374 tox|[from] item: Leftovers","|-heal|p2a: Cradily|376/376 brn|[from] item: Leftovers","|-damage|p1a: G-S|282/374 tox|[from] psn","|-damage|p2a: Cradily|329/376 brn|[from] brn","|turn|5","|","|switch|p2a: Chesnaught|Chesnaught, F|380/380","|move|p1a: G-S|Flame Charge|p2a: Chesnaught","|-supereffective|p2a: Chesnaught","|-damage|p2a: Chesnaught|330/380","|-boost|p1a: G-S|spe|1","|","|-heal|p1a: G-S|305/374 tox|[from] item: Leftovers","|-heal|p2a: Chesnaught|353/380|[from] item: Leftovers","|-damage|p1a: G-S|259/374 tox|[from] psn","|turn|6","|","|move|p2a: Chesnaught|Spiky Shield|p2a: Chesnaught","|-singleturn|p2a: Chesnaught|move: Protect","|move|p1a: G-S|Will-O-Wisp|p2a: Chesnaught","|-activate|p2a: Chesnaught|Protect","|","|-heal|p1a: G-S|282/374 tox|[from] item: Leftovers","|-heal|p2a: Chesnaught|376/380|[from] item: Leftovers","|-damage|p1a: G-S|213/374 tox|[from] psn","|turn|7","|","|switch|p2a: Ferrothorn|Ferrothorn, M|164/352 brn","|move|p1a: G-S|Will-O-Wisp|p2a: Ferrothorn","|-fail|p2a: Ferrothorn|brn","|","|-heal|p1a: G-S|236/374 tox|[from] item: Leftovers","|-damage|p1a: G-S|144/374 tox|[from] psn","|-damage|p2a: Ferrothorn|120/352 brn|[from] brn","|turn|8","|","|move|p1a: G-S|Flame Charge|p2a: Ferrothorn","|-supereffective|p2a: Ferrothorn","|-damage|p2a: Ferrothorn|8/352 brn","|-damage|p1a: G-S|98/374 tox|[from] ability: Iron Barbs|[of] p2a: Ferrothorn","|-damage|p1a: G-S|36/374 tox|[from] item: Rocky Helmet|[of] p2a: Ferrothorn","|-boost|p1a: G-S|spe|1","|move|p2a: Ferrothorn|Power Whip|p1a: G-S","|-resisted|p1a: G-S","|-damage|p1a: G-S|15/374 tox","|","|-heal|p1a: G-S|38/374 tox|[from] item: Leftovers","|-damage|p1a: G-S|0 fnt|[from] psn","|-damage|p2a: Ferrothorn|0 fnt|[from] brn","|faint|p1a: G-S","|faint|p2a: Ferrothorn","|","|switch|p2a: Venusaur|Venusaur, M|359/359","|switch|p1a: Cofagrigus|Cofagrigus, F|320/320","|-damage|p1a: Cofagrigus|280/320|[from] Stealth Rock","|turn|9","|","|switch|p2a: Cradily|Cradily, M|329/376 brn","|move|p1a: Cofagrigus|Disable|p2a: Cradily","|-fail|p2a: Cradily","|","|-heal|p2a: Cradily|352/376 brn|[from] item: Leftovers","|-damage|p2a: Cradily|305/376 brn|[from] brn","|turn|10","|","|move|p2a: Cradily|Toxic|p1a: Cofagrigus","|-status|p1a: Cofagrigus|tox","|move|p1a: Cofagrigus|Infestation|p2a: Cradily","|-supereffective|p2a: Cradily","|-damage|p2a: Cradily|283/376 brn","|-activate|p2a: Cradily|move: Infestation|[of] p1a: Cofagrigus","|","|-heal|p2a: Cradily|306/376 brn|[from] item: Leftovers","|-damage|p2a: Cradily|259/376 brn|[from] brn","|-damage|p1a: Cofagrigus|260/320 tox|[from] psn","|-damage|p2a: Cradily|212/376 brn|[from] move: Infestation|[partiallytrapped]","|turn|11","|","|move|p2a: Cradily|Recover|p2a: Cradily","|-heal|p2a: Cradily|376/376 brn","|move|p1a: Cofagrigus|Infestation|p2a: Cradily","|-supereffective|p2a: Cradily","|-damage|p2a: Cradily|352/376 brn","|","|-heal|p2a: Cradily|375/376 brn|[from] item: Leftovers","|-damage|p2a: Cradily|328/376 brn|[from] brn","|-damage|p1a: Cofagrigus|220/320 tox|[from] psn","|-damage|p2a: Cradily|281/376 brn|[from] move: Infestation|[partiallytrapped]","|turn|12","|","|move|p2a: Cradily|Recover|p2a: Cradily","|-heal|p2a: Cradily|376/376 brn","|move|p1a: Cofagrigus|Disable|p2a: Cradily","|-start|p2a: Cradily|Disable|Recover","|","|-damage|p2a: Cradily|329/376 brn|[from] brn","|-damage|p1a: Cofagrigus|160/320 tox|[from] psn","|-damage|p2a: Cradily|282/376 brn|[from] move: Infestation|[partiallytrapped]","|turn|13","|","|move|p2a: Cradily|Rock Slide|p1a: Cofagrigus","|-damage|p1a: Cofagrigus|136/320 tox","|move|p1a: Cofagrigus|Infestation|p2a: Cradily","|-supereffective|p2a: Cradily","|-damage|p2a: Cradily|260/376 brn","|","|-heal|p2a: Cradily|283/376 brn|[from] item: Leftovers","|-damage|p2a: Cradily|236/376 brn|[from] brn","|-damage|p1a: Cofagrigus|56/320 tox|[from] psn","|-damage|p2a: Cradily|189/376 brn|[from] move: Infestation|[partiallytrapped]","|turn|14","|-enditem|p1a: Cofagrigus|Custap Berry|[eat]","|-activate|p1a: Cofagrigus|Custap Berry","|","|move|p1a: Cofagrigus|Disable|p2a: Cradily","|-fail|p2a: Cradily","|move|p2a: Cradily|Rock Slide|p1a: Cofagrigus","|-damage|p1a: Cofagrigus|31/320 tox","|","|-heal|p2a: Cradily|212/376 brn|[from] item: Leftovers","|-damage|p2a: Cradily|165/376 brn|[from] brn","|-damage|p1a: Cofagrigus|0 fnt|[from] psn","|faint|p1a: Cofagrigus","|","|switch|p1a: Aegi|Aegislash, M|324/324","|-damage|p1a: Aegi|304/324|[from] Stealth Rock","|turn|15","|","|move|p2a: Cradily|Rock Slide|p1a: Aegi","|-miss|p2a: Cradily|p1a: Aegi","|-formechange|p1a: Aegi|Aegislash-Blade","|move|p1a: Aegi|Sacred Sword|p2a: Cradily","|-supereffective|p2a: Cradily","|-damage|p2a: Cradily|0 fnt","|faint|p2a: Cradily","|","|","|switch|p2a: Venusaur|Venusaur, M|359/359","|turn|16","|","|detailschange|p2a: Venusaur|Venusaur-Mega, M","|-mega|p2a: Venusaur|Venusaur|Venusaurite","|-formechange|p1a: Aegi|Aegislash","|move|p1a: Aegi|King's Shield|p1a: Aegi","|-singleturn|p1a: Aegi|Protect","|move|p2a: Venusaur|Hidden Power|p1a: Aegi","|-activate|p1a: Aegi|Protect","|","|turn|17","|","|move|p2a: Venusaur|Hidden Power|p1a: Aegi","|-supereffective|p1a: Aegi","|-damage|p1a: Aegi|192/324","|-enditem|p1a: Aegi|Weakness Policy","|-boost|p1a: Aegi|atk|2|[from] item: Weakness Policy","|-boost|p1a: Aegi|spa|2|[from] item: Weakness Policy","|-formechange|p1a: Aegi|Aegislash-Blade","|move|p1a: Aegi|Shadow Ball|p2a: Venusaur","|-damage|p2a: Venusaur|74/359","|","|turn|18","|","|switch|p2a: Chesnaught|Chesnaught, F|376/380","|move|p1a: Aegi|Shadow Sneak|p2a: Chesnaught","|-damage|p2a: Chesnaught|300/380","|","|-heal|p2a: Chesnaught|323/380|[from] item: Leftovers","|turn|19","|","|move|p2a: Chesnaught|Spiky Shield|p2a: Chesnaught","|-singleturn|p2a: Chesnaught|move: Protect","|-formechange|p1a: Aegi|Aegislash","|move|p1a: Aegi|King's Shield|p1a: Aegi","|-fail|p1a: Aegi","|","|-heal|p2a: Chesnaught|346/380|[from] item: Leftovers","|turn|20","|","|move|p2a: Chesnaught|Wood Hammer|p1a: Aegi","|-resisted|p1a: Aegi","|-damage|p1a: Aegi|136/324","|-damage|p2a: Chesnaught|328/380|[from] recoil|[of] p1a: Aegi","|-formechange|p1a: Aegi|Aegislash-Blade","|move|p1a: Aegi|Shadow Ball|p2a: Chesnaught","|-immune|p2a: Chesnaught|[msg]|[from] Bulletproof","|","|-heal|p2a: Chesnaught|351/380|[from] item: Leftovers","|turn|21","|","|move|p2a: Chesnaught|Spiky Shield|p2a: Chesnaught","|-singleturn|p2a: Chesnaught|move: Protect","|-formechange|p1a: Aegi|Aegislash","|move|p1a: Aegi|King's Shield|p1a: Aegi","|-fail|p1a: Aegi","|","|-heal|p2a: Chesnaught|374/380|[from] item: Leftovers","|turn|22","|","|move|p2a: Chesnaught|Leech Seed|p1a: Aegi","|-start|p1a: Aegi|move: Leech Seed","|-formechange|p1a: Aegi|Aegislash-Blade","|move|p1a: Aegi|Sacred Sword|p2a: Chesnaught","|-damage|p2a: Chesnaught|249/380","|","|-heal|p2a: Chesnaught|272/380|[from] item: Leftovers","|-damage|p1a: Aegi|96/324|[from] Leech Seed|[of] p2a: Chesnaught","|-heal|p2a: Chesnaught|312/380|[silent]","|turn|23","|","|move|p2a: Chesnaught|Spiky Shield|p2a: Chesnaught","|-singleturn|p2a: Chesnaught|move: Protect","|-formechange|p1a: Aegi|Aegislash","|move|p1a: Aegi|King's Shield|p1a: Aegi","|-fail|p1a: Aegi","|","|-heal|p2a: Chesnaught|335/380|[from] item: Leftovers","|-damage|p1a: Aegi|56/324|[from] Leech Seed|[of] p2a: Chesnaught","|-heal|p2a: Chesnaught|375/380|[silent]","|turn|24","|","|move|p2a: Chesnaught|Wood Hammer|p1a: Aegi","|-resisted|p1a: Aegi","|-damage|p1a: Aegi|6/324","|-damage|p2a: Chesnaught|358/380|[from] recoil|[of] p1a: Aegi","|-formechange|p1a: Aegi|Aegislash-Blade","|move|p1a: Aegi|Sacred Sword|p2a: Chesnaught","|-damage|p2a: Chesnaught|237/380","|","|-heal|p2a: Chesnaught|260/380|[from] item: Leftovers","|-damage|p1a: Aegi|0 fnt|[from] Leech Seed|[of] p2a: Chesnaught","|-heal|p2a: Chesnaught|266/380|[silent]","|faint|p1a: Aegi","|","|switch|p1a: Treve|Trevenant, F|374/374","|-damage|p1a: Treve|328/374|[from] Stealth Rock","|turn|25","|","|move|p2a: Chesnaught|Spiky Shield|p2a: Chesnaught","|-singleturn|p2a: Chesnaught|move: Protect","|move|p1a: Treve|Will-O-Wisp|p2a: Chesnaught","|-activate|p2a: Chesnaught|Protect","|","|-heal|p2a: Chesnaught|289/380|[from] item: Leftovers","|turn|26","|","|switch|p2a: Venusaur|Venusaur-Mega, M|74/359","|move|p1a: Treve|Substitute|p1a: Treve","|-start|p1a: Treve|Substitute","|-damage|p1a: Treve|235/374","|","|turn|27","|","|move|p2a: Venusaur|Sludge Bomb|p1a: Treve","|-end|p1a: Treve|Substitute","|move|p1a: Treve|Will-O-Wisp|p2a: Venusaur","|-status|p2a: Venusaur|brn","|","|-damage|p2a: Venusaur|30/359 brn|[from] brn","|turn|28","|","|move|p2a: Venusaur|Synthesis|p2a: Venusaur","|-heal|p2a: Venusaur|209/359 brn","|move|p1a: Treve|Substitute|p1a: Treve","|-start|p1a: Treve|Substitute","|-damage|p1a: Treve|142/374","|-enditem|p1a: Treve|Sitrus Berry|[eat]","|-heal|p1a: Treve|235/374|[from] item: Sitrus Berry","|","|-damage|p2a: Venusaur|165/359 brn|[from] brn","|turn|29","|","|move|p2a: Venusaur|Sludge Bomb|p1a: Treve","|-end|p1a: Treve|Substitute","|move|p1a: Treve|Rock Slide|p2a: Venusaur","|-damage|p2a: Venusaur|114/359 brn","|","|-damage|p2a: Venusaur|70/359 brn|[from] brn","|-item|p1a: Treve|Sitrus Berry|[from] ability: Harvest","|turn|30","|","|move|p2a: Venusaur|Synthesis|p2a: Venusaur","|-heal|p2a: Venusaur|249/359 brn","|move|p1a: Treve|Substitute|p1a: Treve","|-start|p1a: Treve|Substitute","|-damage|p1a: Treve|142/374","|-enditem|p1a: Treve|Sitrus Berry|[eat]","|-heal|p1a: Treve|235/374|[from] item: Sitrus Berry","|","|-damage|p2a: Venusaur|205/359 brn|[from] brn","|-item|p1a: Treve|Sitrus Berry|[from] ability: Harvest","|turn|31","|","|move|p2a: Venusaur|Sludge Bomb|p1a: Treve","|-end|p1a: Treve|Substitute","|move|p1a: Treve|Rock Slide|p2a: Venusaur","|-damage|p2a: Venusaur|147/359 brn","|","|-damage|p2a: Venusaur|103/359 brn|[from] brn","|turn|32","|","|move|p2a: Venusaur|Synthesis|p2a: Venusaur","|-heal|p2a: Venusaur|282/359 brn","|move|p1a: Treve|Rock Slide|p2a: Venusaur","|-damage|p2a: Venusaur|232/359 brn","|","|-damage|p2a: Venusaur|188/359 brn|[from] brn","|turn|33","|","|move|p2a: Venusaur|Sludge Bomb|p1a: Treve","|-damage|p1a: Treve|51/374","|-enditem|p1a: Treve|Sitrus Berry|[eat]","|-heal|p1a: Treve|144/374|[from] item: Sitrus Berry","|move|p1a: Treve|Rock Slide|p2a: Venusaur","|-miss|p1a: Treve|p2a: Venusaur","|","|-damage|p2a: Venusaur|144/359 brn|[from] brn","|-item|p1a: Treve|Sitrus Berry|[from] ability: Harvest","|-enditem|p1a: Treve|Sitrus Berry|[eat]","|-heal|p1a: Treve|237/374|[from] item: Sitrus Berry","|turn|34","|","|move|p2a: Venusaur|Sludge Bomb|p1a: Treve","|-damage|p1a: Treve|57/374","|move|p1a: Treve|Rock Slide|p2a: Venusaur","|-damage|p2a: Venusaur|91/359 brn","|","|-damage|p2a: Venusaur|47/359 brn|[from] brn","|turn|35","|","|move|p2a: Venusaur|Sludge Bomb|p1a: Treve","|-damage|p1a: Treve|0 fnt","|faint|p1a: Treve","|","|-damage|p2a: Venusaur|3/359 brn|[from] brn","|","|switch|p1a: Hoopa|Hoopa|364/364","|-damage|p1a: Hoopa|319/364|[from] Stealth Rock","|turn|36","|","|move|p2a: Venusaur|Synthesis|p2a: Venusaur","|-heal|p2a: Venusaur|182/359 brn","|move|p1a: Hoopa|Trick Room|p1a: Hoopa","|-fieldstart|move: Trick Room|[of] p1a: Hoopa","|","|-damage|p2a: Venusaur|138/359 brn|[from] brn","|turn|37","|","|move|p1a: Hoopa|Psychic|p2a: Venusaur","|-supereffective|p2a: Venusaur","|-damage|p2a: Venusaur|0 fnt","|-damage|p1a: Hoopa|283/364|[from] item: Life Orb","|faint|p2a: Venusaur","|","|","|switch|p2a: Chesnaught|Chesnaught, F|289/380","|turn|38","|","|move|p2a: Chesnaught|Spiky Shield|p2a: Chesnaught","|-singleturn|p2a: Chesnaught|move: Protect","|move|p1a: Hoopa|Psychic|p2a: Chesnaught","|-activate|p2a: Chesnaught|Protect","|","|-heal|p2a: Chesnaught|312/380|[from] item: Leftovers","|turn|39","|","|move|p1a: Hoopa|Psychic|p2a: Chesnaught","|-supereffective|p2a: Chesnaught","|-damage|p2a: Chesnaught|0 fnt","|-damage|p1a: Hoopa|247/364|[from] item: Life Orb","|faint|p2a: Chesnaught","|","|","|switch|p2a: Celebi|Celebi|396/396","|turn|40","|","|move|p1a: Hoopa|Shadow Ball|p2a: Celebi","|-crit|p2a: Celebi","|-supereffective|p2a: Celebi","|-damage|p2a: Celebi|0 fnt","|-damage|p1a: Hoopa|211/364|[from] item: Life Orb","|faint|p2a: Celebi","|","|-fieldend|move: Trick Room","|","|switch|p2a: Serperior|Serperior, M|291/291","|turn|41","|","|move|p2a: Serperior|Leaf Storm|p1a: Hoopa","|-damage|p1a: Hoopa|72/364","|-boost|p2a: Serperior|spa|2","|move|p1a: Hoopa|Trick Room|p1a: Hoopa","|-fieldstart|move: Trick Room|[of] p1a: Hoopa","|","|turn|42","|","|move|p1a: Hoopa|Psychic|p2a: Serperior","|-damage|p2a: Serperior|32/291","|-damage|p1a: Hoopa|36/364|[from] item: Life Orb","|move|p2a: Serperior|Leaf Storm|p1a: Hoopa","|-crit|p1a: Hoopa","|-damage|p1a: Hoopa|0 fnt","|-boost|p2a: Serperior|spa|2","|faint|p1a: Hoopa","|","|","|switch|p1a: Sableye|Sableye, M|241/241","|-damage|p1a: Sableye|211/241|[from] Stealth Rock","|turn|43","|","|detailschange|p1a: Sableye|Sableye-Mega, M","|-mega|p1a: Sableye|Sableye|Sablenite","|move|p1a: Sableye|Will-O-Wisp|p2a: Serperior","|-status|p2a: Serperior|brn","|move|p2a: Serperior|Leaf Storm|p1a: Sableye","|-damage|p1a: Sableye|0 fnt","|-boost|p2a: Serperior|spa|2","|faint|p1a: Sableye","|","|win|Dragotic"],"p1rating":{"entryid":"6925118","serverid":"eos","formatid":"monotype","userid":"ltiltahit","username":"LTIL-Tahit","w":"62","l":64,"t":"0","gxe":52,"r":"1517.0288469677","rd":"35.37117757752","sigma":"0","rptime":"1439110800","rpr":1515.0078531347,"rprd":34.595525306329,"rpsigma":"0","acre":1098.8672597198,"lacre":1098.8672597198,"oldacre":"1128.3046267427"},"p2rating":{"entryid":"7308894","serverid":"eos","formatid":"monotype","userid":"dragotic","username":"Dragotic","w":4,"l":"3","t":"0","gxe":52.9,"r":1494.9495398812,"rd":99.303812336271,"sigma":"0","rptime":1439110800,"rpr":1522.7040174943,"rprd":95.539431255689,"rpsigma":"0","acre":1101.423266276,"lacre":1101.423266276,"oldacre":"1065.9765312272"},"endType":"normal"}