{"seed":[18967,36167,19855,13203],"turns":20,"p1":"dsg bigsed","p2":"Castor3","p1team":[{"name":"Sunflora","moves":["hiddenpowerfire","sunnyday","gigadrain","earthpower"],"ability":"Chlorophyll","evs":{"hp":85,"atk":85,"def":85,"spa":85,"spd":85,"spe":85},"ivs":{"hp":31,"atk":30,"def":31,"spa":30,"spd":31,"spe":30},"item":"Heat Rock","level":83,"shiny":false},{"name":"Butterfree","moves":["bugbuzz","substitute","shadowball","quiverdance"],"ability":"Tinted Lens","evs":{"hp":85,"atk":85,"def":85,"spa":85,"spd":85,"spe":85},"ivs":{"hp":31,"atk":31,"def":31,"spa":31,"spd":31,"spe":31},"item":"Leftovers","level":83,"shiny":false},{"name":"Aegislash","moves":["ironhead","hiddenpowerice","shadowball","shadowsneak"],"ability":"Stance Change","evs":{"hp":85,"atk":85,"def":85,"spa":85,"spd":85,"spe":85},"ivs":{"hp":31,"atk":30,"def":30,"spa":31,"spd":31,"spe":31},"item":"Life Orb","level":74,"shiny":false},{"name":"Chesnaught","moves":["drainpunch","leechseed","synthesis","woodhammer"],"ability":"Bulletproof","evs":{"hp":85,"atk":85,"def":85,"spa":85,"spd":85,"spe":85},"ivs":{"hp":31,"atk":31,"def":31,"spa":31,"spd":31,"spe":31},"item":"Leftovers","level":77,"shiny":false},{"name":"Mesprit","moves":["signalbeam","calmmind","psyshock","icebeam"],"ability":"Levitate","evs":{"hp":85,"atk":85,"def":85,"spa":85,"spd":85,"spe":85},"ivs":{"hp":31,"atk":31,"def":31,"spa":31,"spd":31,"spe":31},"item":"Leftovers","level":81,"shiny":false},{"name":"Noivern","moves":["taunt","uturn","roost","airslash"],"ability":"Infiltrator","evs":{"hp":85,"atk":85,"def":85,"spa":85,"spd":85,"spe":85},"ivs":{"hp":31,"atk":31,"def":31,"spa":31,"spd":31,"spe":31},"item":"Leftovers","level":78,"shiny":false}],"p2team":[{"name":"Haxorus","moves":["poisonjab","swordsdance","outrage","earthquake"],"ability":"Mold Breaker","evs":{"hp":85,"atk":85,"def":85,"spa":85,"spd":85,"spe":85},"ivs":{"hp":31,"atk":31,"def":31,"spa":31,"spd":31,"spe":31},"item":"Lum Berry","level":77,"shiny":false},{"name":"Sylveon","moves":["batonpass","protect","calmmind","hypervoice"],"ability":"Pixilate","evs":{"hp":85,"atk":85,"def":85,"spa":85,"spd":85,"spe":85},"ivs":{"hp":31,"atk":31,"def":31,"spa":31,"spd":31,"spe":31},"item":"Leftovers","level":75,"shiny":false},{"name":"Furret","moves":["knockoff","trick","uturn","doubleedge"],"ability":"Frisk","evs":{"hp":85,"atk":85,"def":85,"spa":85,"spd":85,"spe":85},"ivs":{"hp":31,"atk":31,"def":31,"spa":31,"spd":31,"spe":31},"item":"Choice Band","level":83,"shiny":false},{"name":"Yanmega","moves":["ancientpower","airslash","gigadrain","bugbuzz"],"ability":"Speed Boost","evs":{"hp":81,"atk":85,"def":85,"spa":89,"spd":85,"spe":85},"ivs":{"hp":31,"atk":31,"def":31,"spa":31,"spd":31,"spe":31},"item":"Expert Belt","level":78,"shiny":false},{"name":"Venusaur","moves":["synthesis","gigadrain","leechseed","earthquake"],"ability":"Overgrow","evs":{"hp":85,"atk":85,"def":85,"spa":85,"spd":85,"spe":85},"ivs":{"hp":31,"atk":31,"def":31,"spa":31,"spd":31,"spe":31},"item":"Venusaurite","level":75,"shiny":false},{"name":"Venomoth","moves":["sludgebomb","sleeppowder","bugbuzz","quiverdance"],"ability":"Tinted Lens","evs":{"hp":81,"atk":85,"def":85,"spa":89,"spd":85,"spe":85},"ivs":{"hp":31,"atk":31,"def":31,"spa":31,"spd":31,"spe":31},"item":"Black Sludge","level":79,"shiny":false}],"log":["|player|p1|dsg bigsed|170","|player|p2|Castor3|170","|gametype|singles","|gen|6","|tier|Random Battle","|rated","|rule|Sleep Clause Mod: Limit one foe put to sleep","|rule|HP Percentage Mod: HP is shown in percentages","|","|start","|switch|p1a: Sunflora|Sunflora, L83, M|260/260","|switch|p2a: Haxorus|Haxorus, L77, F|244/244","|-ability|p2a: Haxorus|Mold Breaker","|turn|1","|","|move|p2a: Haxorus|Swords Dance|p2a: Haxorus","|-boost|p2a: Haxorus|atk|2","|move|p1a: Sunflora|Sunny Day|p1a: Sunflora","|-weather|SunnyDay","|","|-weather|SunnyDay|[upkeep]","|turn|2","|","|move|p1a: Sunflora|Earth Power|p2a: Haxorus","|-damage|p2a: Haxorus|162/244","|move|p2a: Haxorus|Poison Jab|p1a: Sunflora","|-supereffective|p1a: Sunflora","|-damage|p1a: Sunflora|0 fnt","|faint|p1a: Sunflora","|","|-weather|SunnyDay|[upkeep]","|","|switch|p1a: Chesnaught|Chesnaught, L77, M|262/262","|turn|3","|","|move|p2a: Haxorus|Poison Jab|p1a: Chesnaught","|-crit|p1a: Chesnaught","|-supereffective|p1a: Chesnaught","|-damage|p1a: Chesnaught|0 fnt","|faint|p1a: Chesnaught","|","|-weather|SunnyDay|[upkeep]","|","|switch|p1a: Noivern|Noivern, L78, F|261/261","|turn|4","|","|move|p1a: Noivern|Air Slash|p2a: Haxorus","|-damage|p2a: Haxorus|65/244","|move|p2a: Haxorus|Outrage|p1a: Noivern","|-supereffective|p1a: Noivern","|-damage|p1a: Noivern|0 fnt","|faint|p1a: Noivern","|","|-weather|SunnyDay|[upkeep]","|","|switch|p1a: Mesprit|Mesprit, L81|262/262","|turn|5","|","|move|p2a: Haxorus|Outrage|p1a: Mesprit|[from]lockedmove","|-damage|p1a: Mesprit|0 fnt","|-start|p2a: Haxorus|confusion|[fatigue]","|faint|p1a: Mesprit","|-enditem|p2a: Haxorus|Lum Berry|[eat]","|-end|p2a: Haxorus|confusion","|","|-weather|SunnyDay|[upkeep]","|","|switch|p1a: Aegislash|Aegislash, L74, M|211/211","|turn|6","|","|-formechange|p1a: Aegislash|Aegislash-Blade","|move|p1a: Aegislash|Shadow Sneak|p2a: Haxorus","|-damage|p2a: Haxorus|0 fnt","|-damage|p1a: Aegislash|190/211|[from] item: Life Orb","|faint|p2a: Haxorus","|","|-weather|SunnyDay|[upkeep]","|","|switch|p2a: Venusaur|Venusaur, L75, F|244/244","|turn|7","|","|detailschange|p2a: Venusaur|Venusaur-Mega, L75, F","|-mega|p2a: Venusaur|Venusaur|Venusaurite","|move|p2a: Venusaur|Earthquake|p1a: Aegislash","|-supereffective|p1a: Aegislash","|-damage|p1a: Aegislash|0 fnt","|faint|p1a: Aegislash","|","|-weather|SunnyDay|[upkeep]","|","|switch|p1a: Butterfree|Butterfree, L83, M|235/235","|turn|8","|","|move|p1a: Butterfree|Substitute|p1a: Butterfree","|-start|p1a: Butterfree|Substitute","|-damage|p1a: Butterfree|177/235","|move|p2a: Venusaur|Leech Seed|p1a: Butterfree|[miss]","|-miss|p2a: Venusaur|p1a: Butterfree","|","|-weather|none","|-heal|p1a: Butterfree|191/235|[from] item: Leftovers","|turn|9","|","|move|p2a: Venusaur|Giga Drain|p1a: Butterfree","|-resisted|p1a: Butterfree","|-activate|p1a: Butterfree|Substitute|[damage]","|move|p1a: Butterfree|Quiver Dance|p1a: Butterfree","|-boost|p1a: Butterfree|spa|1","|-boost|p1a: Butterfree|spd|1","|-boost|p1a: Butterfree|spe|1","|","|-heal|p1a: Butterfree|205/235|[from] item: Leftovers","|turn|10","|","|move|p1a: Butterfree|Quiver Dance|p1a: Butterfree","|-boost|p1a: Butterfree|spa|1","|-boost|p1a: Butterfree|spd|1","|-boost|p1a: Butterfree|spe|1","|move|p2a: Venusaur|Giga Drain|p1a: Butterfree","|-resisted|p1a: Butterfree","|-activate|p1a: Butterfree|Substitute|[damage]","|","|-heal|p1a: Butterfree|219/235|[from] item: Leftovers","|turn|11","|","|move|p1a: Butterfree|Quiver Dance|p1a: Butterfree","|-boost|p1a: Butterfree|spa|1","|-boost|p1a: Butterfree|spd|1","|-boost|p1a: Butterfree|spe|1","|move|p2a: Venusaur|Giga Drain|p1a: Butterfree","|-resisted|p1a: Butterfree","|-activate|p1a: Butterfree|Substitute|[damage]","|","|-heal|p1a: Butterfree|233/235|[from] item: Leftovers","|turn|12","|","|switch|p2a: Furret|Furret, L83, F|277/277","|-item|p1a: Butterfree|Leftovers|[from] ability: Frisk|[of] p2a: Furret|[identify]","|move|p1a: Butterfree|Quiver Dance|p1a: Butterfree","|-boost|p1a: Butterfree|spa|1","|-boost|p1a: Butterfree|spd|1","|-boost|p1a: Butterfree|spe|1","|","|-heal|p1a: Butterfree|235/235|[from] item: Leftovers","|turn|13","|","|move|p1a: Butterfree|Bug Buzz|p2a: Furret","|-damage|p2a: Furret|0 fnt","|faint|p2a: Furret","|","|","|switch|p2a: Yanmega|Yanmega, L78, F|261/261","|turn|14","|","|move|p1a: Butterfree|Shadow Ball|p2a: Yanmega","|-damage|p2a: Yanmega|9/261","|move|p2a: Yanmega|Ancient Power|p1a: Butterfree","|-supereffective|p1a: Butterfree","|-end|p1a: Butterfree|Substitute","|","|-boost|p2a: Yanmega|spe|1|[from] ability: Speed Boost","|turn|15","|","|move|p1a: Butterfree|Shadow Ball|p2a: Yanmega","|-damage|p2a: Yanmega|0 fnt","|faint|p2a: Yanmega","|","|","|switch|p2a: Venomoth|Venomoth, L79, F|239/239","|turn|16","|","|move|p1a: Butterfree|Bug Buzz|p2a: Venomoth","|-resisted|p2a: Venomoth","|-damage|p2a: Venomoth|0 fnt","|faint|p2a: Venomoth","|","|","|switch|p2a: Sylveon|Sylveon, L75, F|266/266","|turn|17","|","|move|p1a: Butterfree|Bug Buzz|p2a: Sylveon","|-resisted|p2a: Sylveon","|-damage|p2a: Sylveon|44/266","|move|p2a: Sylveon|Hyper Voice|p1a: Butterfree","|-damage|p1a: Butterfree|192/235","|","|-heal|p1a: Butterfree|206/235|[from] item: Leftovers","|-heal|p2a: Sylveon|60/266|[from] item: Leftovers","|turn|18","|","|move|p1a: Butterfree|Bug Buzz|p2a: Sylveon","|-resisted|p2a: Sylveon","|-damage|p2a: Sylveon|0 fnt","|faint|p2a: Sylveon","|","|-heal|p1a: Butterfree|220/235|[from] item: Leftovers","|","|switch|p2a: Venusaur|Venusaur-Mega, L75, F|244/244","|turn|19","|","|move|p1a: Butterfree|Bug Buzz|p2a: Venusaur","|-damage|p2a: Venusaur|21/244","|-unboost|p2a: Venusaur|spd|1","|move|p2a: Venusaur|Leech Seed|p1a: Butterfree","|-start|p1a: Butterfree|move: Leech Seed","|","|-heal|p1a: Butterfree|234/235|[from] item: Leftovers","|-damage|p1a: Butterfree|205/235|[from] Leech Seed|[of] p2a: Venusaur","|-heal|p2a: Venusaur|50/244|[silent]","|turn|20","|","|move|p1a: Butterfree|Bug Buzz|p2a: Venusaur","|-damage|p2a: Venusaur|0 fnt","|faint|p2a: Venusaur","|","|win|dsg bigsed"],"p1rating":{"entryid":601000,"formatid":"randombattle","userid":"dsgbigsed","username":"dsg bigsed","r":1500,"rd":130,"sigma":0,"rpr":1540.1606143388,"rprd":122.8583080769,"rpsigma":0,"rptime":1440752400,"w":1,"l":0,"t":0,"gxe":55,"acre":1040,"lacre":1040,"oldacre":1000},"p2rating":{"entryid":601001,"formatid":"randombattle","userid":"castor3","username":"Castor3","r":1500,"rd":130,"sigma":0,"rpr":1459.8393856612,"rprd":122.8583080769,"rpsigma":0,"rptime":1440752400,"w":0,"l":1,"t":0,"gxe":45,"acre":1000,"lacre":1000,"oldacre":1000},"endType":"normal"}