{"seed":[33754,27655,1130,12361],"turns":26,"p1":"xth","p2":"PureWhite","p1team":[{"name":"Tyranitar","moves":["earthquake","stoneedge","icepunch","dragondance"],"ability":"Sand Stream","evs":{"hp":85,"atk":85,"def":85,"spa":85,"spd":85,"spe":85},"ivs":{"hp":31,"atk":31,"def":31,"spa":31,"spd":31,"spe":31},"item":"Tyranitarite","level":90,"shiny":false},{"name":"Chatot","moves":["nastyplot","boomburst","heatwave","substitute"],"ability":"Keen Eye","evs":{"hp":85,"atk":85,"def":85,"spa":85,"spd":85,"spe":85},"ivs":{"hp":31,"atk":31,"def":31,"spa":31,"spd":31,"spe":31},"item":"Leftovers","level":83,"shiny":false},{"name":"Pelipper","moves":["toxic","defog","hurricane","uturn"],"ability":"Rain Dish","evs":{"hp":85,"atk":85,"def":85,"spa":85,"spd":85,"spe":85},"ivs":{"hp":31,"atk":31,"def":31,"spa":31,"spd":31,"spe":31},"item":"Leftovers","level":83,"shiny":false},{"name":"Xerneas","moves":["hiddenpowerfire","closecombat","rockslide","moonblast"],"ability":"Fairy Aura","evs":{"hp":85,"atk":85,"def":85,"spa":85,"spd":85,"spe":85},"ivs":{"hp":31,"atk":30,"def":31,"spa":30,"spd":31,"spe":30},"item":"Assault Vest","level":73,"shiny":false},{"name":"Mewtwo","moves":["fireblast","psystrike","calmmind","recover"],"ability":"Unnerve","evs":{"hp":85,"atk":85,"def":85,"spa":85,"spd":85,"spe":85},"ivs":{"hp":31,"atk":31,"def":31,"spa":31,"spd":31,"spe":31},"item":"Leftovers","level":73,"shiny":false},{"name":"Abomasnow","moves":["earthquake","iceshard","blizzard","leechseed"],"ability":"Snow Warning","evs":{"hp":81,"atk":89,"def":85,"spa":85,"spd":85,"spe":85},"ivs":{"hp":31,"atk":31,"def":31,"spa":31,"spd":31,"spe":31},"item":"Life Orb","level":90,"shiny":false}],"p2team":[{"name":"Cryogonal","moves":["freezedry","toxic","haze","recover"],"ability":"Levitate","evs":{"hp":85,"atk":85,"def":85,"spa":85,"spd":85,"spe":85},"ivs":{"hp":31,"atk":31,"def":31,"spa":31,"spd":31,"spe":31},"item":"Focus Sash","level":81,"shiny":false},{"name":"Cloyster","moves":["shellsmash","iciclespear","rockblast","iceshard"],"ability":"Skill Link","evs":{"hp":81,"atk":89,"def":85,"spa":85,"spd":85,"spe":85},"ivs":{"hp":31,"atk":31,"def":31,"spa":31,"spd":31,"spe":31},"item":"White Herb","level":77,"shiny":false},{"name":"Diggersby","moves":["wildcharge","agility","earthquake","swordsdance"],"ability":"Huge Power","evs":{"hp":85,"atk":85,"def":85,"spa":85,"spd":85,"spe":85},"ivs":{"hp":31,"atk":31,"def":31,"spa":31,"spd":31,"spe":31},"item":"Leftovers","level":76,"shiny":false},{"name":"Meowstic-F","moves":["energyball","shadowball","psychic","calmmind"],"ability":"Infiltrator","evs":{"hp":85,"atk":85,"def":85,"spa":85,"spd":85,"spe":85},"ivs":{"hp":31,"atk":31,"def":31,"spa":31,"spd":31,"spe":31},"item":"Life Orb","level":83,"shiny":false},{"name":"Pangoro","moves":["knockoff","gunkshot","icepunch","partingshot"],"ability":"Mold Breaker","evs":{"hp":85,"atk":85,"def":85,"spa":85,"spd":85,"spe":85},"ivs":{"hp":31,"atk":31,"def":31,"spa":31,"spd":31,"spe":31},"item":"Life Orb","level":78,"shiny":false},{"name":"Gogoat","moves":["milkdrink","earthquake","substitute","hornleech"],"ability":"Sap Sipper","evs":{"hp":85,"atk":85,"def":85,"spa":85,"spd":85,"spe":85},"ivs":{"hp":31,"atk":31,"def":31,"spa":31,"spd":31,"spe":31},"item":"Leftovers","level":83,"shiny":false}],"log":["|player|p1|xth|101","|player|p2|PureWhite|76","|gametype|singles","|gen|6","|tier|Random Battle","|rated","|rule|Sleep Clause Mod: Limit one foe put to sleep","|rule|HP Percentage Mod: HP is shown in percentages","|","|start","|switch|p1a: Tyranitar|Tyranitar, L90, F|326/326","|switch|p2a: Cryogonal|Cryogonal, L81|246/246","|-weather|Sandstorm","|turn|1","|","|switch|p2a: Pangoro|Pangoro, L78, M|276/276","|-ability|p2a: Pangoro|Mold Breaker","|detailschange|p1a: Tyranitar|Tyranitar-Mega, L90, F","|-mega|p1a: Tyranitar|Tyranitar|Tyranitarite","|move|p1a: Tyranitar|Dragon Dance|p1a: Tyranitar","|-boost|p1a: Tyranitar|atk|1","|-boost|p1a: Tyranitar|spe|1","|","|-weather|Sandstorm|[upkeep]","|-damage|p2a: Pangoro|259/276|[from] sandstorm","|turn|2","|","|switch|p1a: Pelipper|Pelipper, L83, F|235/235","|move|p2a: Pangoro|Parting Shot|p1a: Pelipper","|-unboost|p1a: Pelipper|atk|1","|-unboost|p1a: Pelipper|spa|1","|","|switch|p2a: Cryogonal|Cryogonal, L81|246/246","|","|-weather|Sandstorm|[upkeep]","|-damage|p2a: Cryogonal|231/246|[from] sandstorm","|-damage|p1a: Pelipper|221/235|[from] sandstorm","|-heal|p1a: Pelipper|235/235|[from] item: Leftovers","|turn|3","|","|move|p2a: Cryogonal|Freeze-Dry|p1a: Pelipper","|-supereffective|p1a: Pelipper","|-damage|p1a: Pelipper|0 fnt","|faint|p1a: Pelipper","|","|-weather|Sandstorm|[upkeep]","|-damage|p2a: Cryogonal|216/246|[from] sandstorm","|","|switch|p1a: Abomasnow|Abomasnow, L90, F|307/307","|-weather|Hail","|turn|4","|","|move|p2a: Cryogonal|Toxic|p1a: Abomasnow","|-status|p1a: Abomasnow|tox","|move|p1a: Abomasnow|Leech Seed|p2a: Cryogonal","|-start|p2a: Cryogonal|move: Leech Seed","|","|-weather|Hail|[upkeep]","|-damage|p2a: Cryogonal|186/246|[from] Leech Seed|[of] p1a: Abomasnow","|-damage|p1a: Abomasnow|288/307 tox|[from] psn","|turn|5","|","|switch|p2a: Pangoro|Pangoro, L78, M|259/276","|-ability|p2a: Pangoro|Mold Breaker","|move|p1a: Abomasnow|Blizzard|p2a: Pangoro","|-crit|p2a: Pangoro","|-damage|p2a: Pangoro|0 fnt","|-damage|p1a: Abomasnow|258/307 tox|[from] item: Life Orb","|faint|p2a: Pangoro","|","|-weather|Hail|[upkeep]","|-damage|p1a: Abomasnow|220/307 tox|[from] psn","|","|switch|p2a: Cryogonal|Cryogonal, L81|186/246","|turn|6","|","|move|p2a: Cryogonal|Freeze-Dry|p1a: Abomasnow","|-damage|p1a: Abomasnow|148/307 tox","|move|p1a: Abomasnow|Blizzard|p2a: Cryogonal","|-resisted|p2a: Cryogonal","|-damage|p2a: Cryogonal|129/246","|-damage|p1a: Abomasnow|118/307 tox|[from] item: Life Orb","|","|-weather|Hail|[upkeep]","|-damage|p1a: Abomasnow|61/307 tox|[from] psn","|turn|7","|","|move|p2a: Cryogonal|Recover|p2a: Cryogonal","|-heal|p2a: Cryogonal|246/246","|move|p1a: Abomasnow|Leech Seed|p2a: Cryogonal","|-start|p2a: Cryogonal|move: Leech Seed","|","|-weather|Hail|[upkeep]","|-damage|p2a: Cryogonal|216/246|[from] Leech Seed|[of] p1a: Abomasnow","|-heal|p1a: Abomasnow|91/307 tox|[silent]","|-damage|p1a: Abomasnow|15/307 tox|[from] psn","|turn|8","|","|move|p1a: Abomasnow|Ice Shard|p2a: Cryogonal","|-resisted|p2a: Cryogonal","|-damage|p2a: Cryogonal|151/246","|-damage|p1a: Abomasnow|0 fnt|[from] item: Life Orb","|faint|p1a: Abomasnow","|move|p2a: Cryogonal|Freeze-Dry|p1: Abomasnow|[notarget]","|-notarget","|","|-weather|none","|","|switch|p1a: Xerneas|Xerneas, L73|304/304","|-ability|p1a: Xerneas|Fairy Aura","|turn|9","|","|switch|p2a: Gogoat|Gogoat, L83, M|340/340","|move|p1a: Xerneas|Rock Slide|p2a: Gogoat","|-crit|p2a: Gogoat","|-damage|p2a: Gogoat|237/340","|","|-heal|p2a: Gogoat|258/340|[from] item: Leftovers","|turn|10","|","|move|p1a: Xerneas|Moonblast|p2a: Gogoat","|-damage|p2a: Gogoat|123/340","|move|p2a: Gogoat|Horn Leech|p1a: Xerneas","|-damage|p1a: Xerneas|208/304","|-heal|p2a: Gogoat|171/340|[from] drain|[of] p1a: Xerneas","|","|-heal|p2a: Gogoat|192/340|[from] item: Leftovers","|turn|11","|","|switch|p1a: Chatot|Chatot, L83, M|262/262","|move|p2a: Gogoat|Horn Leech|p1a: Chatot","|-resisted|p1a: Chatot","|-damage|p1a: Chatot|196/262","|-heal|p2a: Gogoat|225/340|[from] drain|[of] p1a: Chatot","|","|-heal|p1a: Chatot|212/262|[from] item: Leftovers","|-heal|p2a: Gogoat|246/340|[from] item: Leftovers","|turn|12","|","|switch|p2a: Cryogonal|Cryogonal, L81|151/246","|move|p1a: Chatot|Substitute|p1a: Chatot","|-start|p1a: Chatot|Substitute","|-damage|p1a: Chatot|147/262","|","|-heal|p1a: Chatot|163/262|[from] item: Leftovers","|turn|13","|","|move|p2a: Cryogonal|Freeze-Dry|p1a: Chatot","|-supereffective|p1a: Chatot","|-end|p1a: Chatot|Substitute","|move|p1a: Chatot|Boomburst|p2a: Cryogonal","|-damage|p2a: Cryogonal|39/246","|","|-heal|p1a: Chatot|179/262|[from] item: Leftovers","|turn|14","|","|switch|p1a: Tyranitar|Tyranitar-Mega, L90, F|326/326","|-weather|Sandstorm","|move|p2a: Cryogonal|Freeze-Dry|p1a: Tyranitar","|-damage|p1a: Tyranitar|292/326","|","|-weather|Sandstorm|[upkeep]","|-damage|p2a: Cryogonal|24/246|[from] sandstorm","|turn|15","|","|move|p2a: Cryogonal|Toxic|p1a: Tyranitar","|-status|p1a: Tyranitar|tox","|move|p1a: Tyranitar|Ice Punch|p2a: Cryogonal","|-resisted|p2a: Cryogonal","|-damage|p2a: Cryogonal|0 fnt","|faint|p2a: Cryogonal","|","|-weather|Sandstorm|[upkeep]","|-damage|p1a: Tyranitar|272/326 tox|[from] psn","|","|switch|p2a: Gogoat|Gogoat, L83, M|246/340","|turn|16","|","|switch|p1a: Chatot|Chatot, L83, M|179/262","|move|p2a: Gogoat|Substitute|p2a: Gogoat","|-start|p2a: Gogoat|Substitute","|-damage|p2a: Gogoat|161/340","|","|-weather|Sandstorm|[upkeep]","|-damage|p1a: Chatot|163/262|[from] sandstorm","|-damage|p2a: Gogoat|140/340|[from] sandstorm","|-heal|p1a: Chatot|179/262|[from] item: Leftovers","|-heal|p2a: Gogoat|161/340|[from] item: Leftovers","|turn|17","|","|move|p1a: Chatot|Boomburst|p2a: Gogoat","|-damage|p2a: Gogoat|23/340","|move|p2a: Gogoat|Milk Drink|p2a: Gogoat","|-heal|p2a: Gogoat|193/340","|","|-weather|Sandstorm|[upkeep]","|-damage|p1a: Chatot|163/262|[from] sandstorm","|-damage|p2a: Gogoat|172/340|[from] sandstorm","|-heal|p1a: Chatot|179/262|[from] item: Leftovers","|-heal|p2a: Gogoat|193/340|[from] item: Leftovers","|turn|18","|","|move|p1a: Chatot|Nasty Plot|p1a: Chatot","|-boost|p1a: Chatot|spa|2","|move|p2a: Gogoat|Milk Drink|p2a: Gogoat","|-heal|p2a: Gogoat|340/340","|","|-weather|none","|-heal|p1a: Chatot|195/262|[from] item: Leftovers","|turn|19","|","|move|p1a: Chatot|Boomburst|p2a: Gogoat","|-damage|p2a: Gogoat|36/340","|move|p2a: Gogoat|Horn Leech|p1a: Chatot","|-resisted|p1a: Chatot","|-damage|p1a: Chatot|134/262","|-heal|p2a: Gogoat|67/340|[from] drain|[of] p1a: Chatot","|","|-heal|p1a: Chatot|150/262|[from] item: Leftovers","|-heal|p2a: Gogoat|88/340|[from] item: Leftovers","|turn|20","|","|switch|p2a: Meowstic-F|Meowstic-F, L83, F|259/259","|move|p1a: Chatot|Substitute|p1a: Chatot","|-start|p1a: Chatot|Substitute","|-damage|p1a: Chatot|85/262","|","|-heal|p1a: Chatot|101/262|[from] item: Leftovers","|turn|21","|","|move|p2a: Meowstic-F|Psychic|p1a: Chatot","|-damage|p1a: Chatot|0 fnt","|-damage|p2a: Meowstic-F|234/259|[from] item: Life Orb","|faint|p1a: Chatot","|","|","|switch|p1a: Tyranitar|Tyranitar-Mega, L90, F|272/326 tox","|-weather|Sandstorm","|turn|22","|","|switch|p2a: Gogoat|Gogoat, L83, M|88/340","|move|p1a: Tyranitar|Dragon Dance|p1a: Tyranitar","|-boost|p1a: Tyranitar|atk|1","|-boost|p1a: Tyranitar|spe|1","|","|-weather|Sandstorm|[upkeep]","|-damage|p2a: Gogoat|67/340|[from] sandstorm","|-heal|p2a: Gogoat|88/340|[from] item: Leftovers","|-damage|p1a: Tyranitar|252/326 tox|[from] psn","|turn|23","|","|move|p1a: Tyranitar|Ice Punch|p2a: Gogoat","|-supereffective|p2a: Gogoat","|-damage|p2a: Gogoat|0 fnt","|faint|p2a: Gogoat","|","|-weather|Sandstorm|[upkeep]","|-damage|p1a: Tyranitar|212/326 tox|[from] psn","|","|switch|p2a: Meowstic-F|Meowstic-F, L83, F|234/259","|turn|24","|","|move|p1a: Tyranitar|Stone Edge|p2a: Meowstic-F","|-damage|p2a: Meowstic-F|0 fnt","|faint|p2a: Meowstic-F","|","|-weather|Sandstorm|[upkeep]","|-damage|p1a: Tyranitar|152/326 tox|[from] psn","|","|switch|p2a: Diggersby|Diggersby, L76, M|254/254","|turn|25","|","|move|p1a: Tyranitar|Ice Punch|p2a: Diggersby","|-supereffective|p2a: Diggersby","|-damage|p2a: Diggersby|0 fnt","|faint|p2a: Diggersby","|","|-weather|Sandstorm|[upkeep]","|-damage|p1a: Tyranitar|72/326 tox|[from] psn","|","|switch|p2a: Cloyster|Cloyster, L77, M|203/203","|turn|26","|","|move|p1a: Tyranitar|Stone Edge|p2a: Cloyster","|-supereffective|p2a: Cloyster","|-damage|p2a: Cloyster|0 fnt","|faint|p2a: Cloyster","|","|win|xth"],"p1rating":{"entryid":600978,"formatid":"randombattle","userid":"xth","username":"xth","r":1500,"rd":130,"sigma":0,"rpr":1540.1606143388,"rprd":122.8583080769,"rpsigma":0,"rptime":1440752400,"w":1,"l":0,"t":0,"gxe":55,"acre":1040,"lacre":1040,"oldacre":1000},"p2rating":{"entryid":"600968","serverid":"eos","formatid":"randombattle","userid":"purewhite","username":"PureWhite","w":"0","l":2,"t":"0","gxe":41,"r":"1500","rd":"130","sigma":"0","rptime":"1440752400","rpr":1427.4328741711,"rprd":116.77753930647,"rpsigma":"0","acre":1000,"lacre":1000,"oldacre":"1000"},"endType":"normal"}