{"seed":[63764,7318,46153,38561],"turns":23,"p1":"wefwregf","p2":"PureWhite","p1team":[{"name":"Whimsicott","moves":["stunspore","taunt","uturn","moonblast"],"ability":"Prankster","evs":{"hp":85,"atk":85,"def":85,"spa":85,"spd":85,"spe":85},"ivs":{"hp":31,"atk":31,"def":31,"spa":31,"spd":31,"spe":31},"item":"Focus Sash","level":77,"shiny":false},{"name":"Tauros","moves":["zenheadbutt","rockslide","doubleedge","earthquake"],"ability":"Sheer Force","evs":{"hp":85,"atk":85,"def":85,"spa":85,"spd":85,"spe":85},"ivs":{"hp":31,"atk":31,"def":31,"spa":31,"spd":31,"spe":31},"item":"Life Orb","level":81,"shiny":false},{"name":"Weezing","moves":["painsplit","protect","sludgebomb","fireblast"],"ability":"Levitate","evs":{"hp":85,"atk":85,"def":85,"spa":85,"spd":85,"spe":85},"ivs":{"hp":31,"atk":31,"def":31,"spa":31,"spd":31,"spe":31},"item":"Black Sludge","level":81,"shiny":false},{"name":"Thundurus-Therian","moves":["nastyplot","thunderbolt","focusblast","hiddenpowerice"],"ability":"Volt Absorb","evs":{"hp":85,"atk":85,"def":85,"spa":85,"spd":85,"spe":85},"ivs":{"hp":31,"atk":30,"def":30,"spa":31,"spd":31,"spe":31},"item":"Life Orb","level":76,"shiny":false},{"name":"Tentacruel","moves":["scald","toxicspikes","protect","rapidspin"],"ability":"Clear Body","evs":{"hp":85,"atk":85,"def":85,"spa":85,"spd":85,"spe":85},"ivs":{"hp":31,"atk":31,"def":31,"spa":31,"spd":31,"spe":31},"item":"Black Sludge","level":77,"shiny":false},{"name":"Vespiquen","moves":["toxic","substitute","healorder","attackorder"],"ability":"Pressure","evs":{"hp":81,"atk":89,"def":85,"spa":85,"spd":85,"spe":85},"ivs":{"hp":31,"atk":31,"def":31,"spa":31,"spd":31,"spe":31},"item":"Leftovers","level":83,"shiny":false}],"p2team":[{"name":"Swalot","moves":["earthquake","painsplit","icebeam","sludgebomb"],"ability":"Sticky Hold","evs":{"hp":85,"atk":85,"def":85,"spa":85,"spd":85,"spe":85},"ivs":{"hp":31,"atk":31,"def":31,"spa":31,"spd":31,"spe":31},"item":"Life Orb","level":83,"shiny":false},{"name":"Deoxys-Attack","moves":["psychoboost","icebeam","firepunch","extremespeed"],"ability":"Pressure","evs":{"hp":85,"atk":85,"def":85,"spa":85,"spd":85,"spe":85},"ivs":{"hp":31,"atk":31,"def":31,"spa":31,"spd":31,"spe":31},"item":"Life Orb","level":73,"shiny":false},{"name":"Ursaring","moves":["crunch","facade","swordsdance","closecombat"],"ability":"Guts","evs":{"hp":85,"atk":85,"def":85,"spa":85,"spd":85,"spe":85},"ivs":{"hp":31,"atk":31,"def":31,"spa":31,"spd":31,"spe":31},"item":"Toxic Orb","level":83,"shiny":false},{"name":"Genesect-Shock","moves":["shiftgear","extremespeed","blazekick","technoblast"],"ability":"Download","evs":{"hp":85,"atk":85,"def":85,"spa":85,"spd":85,"spe":85},"ivs":{"hp":31,"atk":31,"def":31,"spa":31,"spd":31,"spe":31},"item":"Shock Drive","level":74,"shiny":false},{"name":"Venusaur","moves":["leechseed","hiddenpowerfire","synthesis","sludgebomb"],"ability":"Overgrow","evs":{"hp":85,"atk":85,"def":85,"spa":85,"spd":85,"spe":85},"ivs":{"hp":31,"atk":30,"def":31,"spa":30,"spd":31,"spe":30},"item":"Venusaurite","level":75,"shiny":false},{"name":"Whimsicott","moves":["taunt","leechseed","encore","moonblast"],"ability":"Prankster","evs":{"hp":85,"atk":85,"def":85,"spa":85,"spd":85,"spe":85},"ivs":{"hp":31,"atk":31,"def":31,"spa":31,"spd":31,"spe":31},"item":"Leftovers","level":77,"shiny":false}],"log":["|player|p1|wefwregf|184","|player|p2|PureWhite|76","|gametype|singles","|gen|6","|tier|Random Battle","|rated","|rule|Sleep Clause Mod: Limit one foe put to sleep","|rule|HP Percentage Mod: HP is shown in percentages","|","|start","|switch|p1a: Whimsicott|Whimsicott, L77, F|219/219","|switch|p2a: Swalot|Swalot, L83, F|302/302","|turn|1","|","|move|p1a: Whimsicott|U-turn|p2a: Swalot","|-resisted|p2a: Swalot","|-damage|p2a: Swalot|284/302","|","|switch|p1a: Tentacruel|Tentacruel, L77, M|250/250","|move|p2a: Swalot|Sludge Bomb|p1a: Tentacruel","|-resisted|p1a: Tentacruel","|-damage|p1a: Tentacruel|206/250","|-damage|p2a: Swalot|254/302|[from] item: Life Orb","|","|-heal|p1a: Tentacruel|221/250|[from] item: Black Sludge","|turn|2","|","|move|p1a: Tentacruel|Scald|p2a: Swalot","|-damage|p2a: Swalot|190/302","|move|p2a: Swalot|Earthquake|p1a: Tentacruel","|-supereffective|p1a: Tentacruel","|-damage|p1a: Tentacruel|16/250","|-damage|p2a: Swalot|160/302|[from] item: Life Orb","|","|-heal|p1a: Tentacruel|31/250|[from] item: Black Sludge","|turn|3","|","|move|p1a: Tentacruel|Scald|p2a: Swalot","|-damage|p2a: Swalot|88/302","|-status|p2a: Swalot|brn","|move|p2a: Swalot|Earthquake|p1a: Tentacruel","|-supereffective|p1a: Tentacruel","|-damage|p1a: Tentacruel|0 fnt","|-damage|p2a: Swalot|58/302 brn|[from] item: Life Orb","|faint|p1a: Tentacruel","|","|-damage|p2a: Swalot|21/302 brn|[from] brn","|","|switch|p1a: Whimsicott|Whimsicott, L77, F|219/219","|turn|4","|","|move|p1a: Whimsicott|Moonblast|p2a: Swalot","|-resisted|p2a: Swalot","|-damage|p2a: Swalot|0 fnt","|faint|p2a: Swalot","|","|","|switch|p2a: Genesect-Shock|Genesect-Shock, L74|227/227","|-boost|p2a: Genesect-Shock|spa|1|[from] ability: Download","|turn|5","|","|move|p1a: Whimsicott|Stun Spore|p2a: Genesect-Shock|[miss]","|-miss|p1a: Whimsicott|p2a: Genesect-Shock","|move|p2a: Genesect-Shock|Shift Gear|p2a: Genesect-Shock","|-boost|p2a: Genesect-Shock|spe|2","|-boost|p2a: Genesect-Shock|atk|1","|","|turn|6","|","|move|p2a: Genesect-Shock|Extreme Speed|p1a: Whimsicott","|-damage|p1a: Whimsicott|133/219","|move|p1a: Whimsicott|Stun Spore|p2a: Genesect-Shock","|-status|p2a: Genesect-Shock|par","|","|turn|7","|","|move|p1a: Whimsicott|U-turn|p2a: Genesect-Shock","|-resisted|p2a: Genesect-Shock","|-damage|p2a: Genesect-Shock|209/227 par","|","|switch|p1a: Weezing|Weezing, L81, F|238/238","|move|p2a: Genesect-Shock|Blaze Kick|p1a: Weezing","|-damage|p1a: Weezing|170/238","|","|-heal|p1a: Weezing|184/238|[from] item: Black Sludge","|turn|8","|","|move|p1a: Weezing|Fire Blast|p2a: Genesect-Shock","|-supereffective|p2a: Genesect-Shock","|-damage|p2a: Genesect-Shock|0 fnt","|faint|p2a: Genesect-Shock","|","|-heal|p1a: Weezing|198/238|[from] item: Black Sludge","|","|switch|p2a: Deoxys-Attack|Deoxys-Attack, L73|193/193","|-ability|p2a: Deoxys-Attack|Pressure","|turn|9","|","|switch|p1a: Vespiquen|Vespiquen, L83, F|251/251","|-ability|p1a: Vespiquen|Pressure","|move|p2a: Deoxys-Attack|Psycho Boost|p1a: Vespiquen","|-crit|p1a: Vespiquen","|-damage|p1a: Vespiquen|0 fnt","|-unboost|p2a: Deoxys-Attack|spa|2","|-damage|p2a: Deoxys-Attack|174/193|[from] item: Life Orb","|faint|p1a: Vespiquen","|","|","|switch|p1a: Whimsicott|Whimsicott, L77, F|133/219","|turn|10","|","|move|p1a: Whimsicott|Stun Spore|p2a: Deoxys-Attack","|-status|p2a: Deoxys-Attack|par","|move|p2a: Deoxys-Attack|Fire Punch|p1a: Whimsicott","|-supereffective|p1a: Whimsicott","|-damage|p1a: Whimsicott|0 fnt","|-damage|p2a: Deoxys-Attack|155/193 par|[from] item: Life Orb","|faint|p1a: Whimsicott","|","|","|switch|p1a: Thundurus-Therian|Thundurus-Therian, L76, M|245/245","|turn|11","|","|switch|p2a: Venusaur|Venusaur, L75, F|244/244","|move|p1a: Thundurus-Therian|Thunderbolt|p2a: Venusaur","|-resisted|p2a: Venusaur","|-damage|p2a: Venusaur|167/244","|-damage|p1a: Thundurus-Therian|221/245|[from] item: Life Orb","|","|turn|12","|","|switch|p1a: Weezing|Weezing, L81, F|198/238","|detailschange|p2a: Venusaur|Venusaur-Mega, L75, F","|-mega|p2a: Venusaur|Venusaur|Venusaurite","|move|p2a: Venusaur|Leech Seed|p1a: Weezing","|-start|p1a: Weezing|move: Leech Seed","|","|-heal|p1a: Weezing|212/238|[from] item: Black Sludge","|-damage|p1a: Weezing|183/238|[from] Leech Seed|[of] p2a: Venusaur","|-heal|p2a: Venusaur|196/244|[silent]","|turn|13","|","|switch|p1a: Tauros|Tauros, L81, M|254/254","|move|p2a: Venusaur|Hidden Power|p1a: Tauros","|-damage|p1a: Tauros|201/254","|","|turn|14","|","|move|p1a: Tauros|Zen Headbutt|p2a: Venusaur","|-supereffective|p2a: Venusaur","|-damage|p2a: Venusaur|40/244","|move|p2a: Venusaur|Sludge Bomb|p1a: Tauros","|-damage|p1a: Tauros|83/254","|","|turn|15","|","|switch|p2a: Whimsicott|Whimsicott, L77, M|219/219","|move|p1a: Tauros|Earthquake|p2a: Whimsicott","|-resisted|p2a: Whimsicott","|-damage|p2a: Whimsicott|166/219","|-damage|p1a: Tauros|58/254|[from] item: Life Orb","|","|-heal|p2a: Whimsicott|179/219|[from] item: Leftovers","|turn|16","|","|switch|p1a: Weezing|Weezing, L81, F|183/238","|move|p2a: Whimsicott|Taunt|p1a: Weezing","|-start|p1a: Weezing|move: Taunt","|","|-heal|p2a: Whimsicott|192/219|[from] item: Leftovers","|-heal|p1a: Weezing|197/238|[from] item: Black Sludge","|turn|17","|","|switch|p2a: Ursaring|Ursaring, L83, M|285/285","|move|p1a: Weezing|Sludge Bomb|p2a: Ursaring","|-damage|p2a: Ursaring|198/285","|","|-heal|p1a: Weezing|211/238|[from] item: Black Sludge","|-status|p2a: Ursaring|tox|[from] item: Toxic Orb","|turn|18","|","|switch|p1a: Tauros|Tauros, L81, M|58/254","|move|p2a: Ursaring|Facade|p1a: Tauros","|-damage|p1a: Tauros|0 fnt","|faint|p1a: Tauros","|","|-damage|p2a: Ursaring|181/285 tox|[from] psn","|","|switch|p1a: Thundurus-Therian|Thundurus-Therian, L76, M|221/245","|turn|19","|","|move|p1a: Thundurus-Therian|Focus Blast|p2a: Ursaring","|-supereffective|p2a: Ursaring","|-damage|p2a: Ursaring|0 fnt","|-damage|p1a: Thundurus-Therian|197/245|[from] item: Life Orb","|faint|p2a: Ursaring","|","|","|switch|p2a: Deoxys-Attack|Deoxys-Attack, L73|155/193 par","|-ability|p2a: Deoxys-Attack|Pressure","|turn|20","|","|move|p1a: Thundurus-Therian|Thunderbolt|p2a: Deoxys-Attack","|-damage|p2a: Deoxys-Attack|0 fnt","|-damage|p1a: Thundurus-Therian|173/245|[from] item: Life Orb","|faint|p2a: Deoxys-Attack","|","|","|switch|p2a: Whimsicott|Whimsicott, L77, M|192/219","|turn|21","|","|switch|p1a: Weezing|Weezing, L81, F|211/238","|move|p2a: Whimsicott|Leech Seed|p1a: Weezing","|-start|p1a: Weezing|move: Leech Seed","|","|-heal|p2a: Whimsicott|205/219|[from] item: Leftovers","|-heal|p1a: Weezing|225/238|[from] item: Black Sludge","|-damage|p1a: Weezing|196/238|[from] Leech Seed|[of] p2a: Whimsicott","|-heal|p2a: Whimsicott|219/219|[silent]","|turn|22","|","|switch|p2a: Venusaur|Venusaur-Mega, L75, F|40/244","|move|p1a: Weezing|Sludge Bomb|p2a: Venusaur","|-crit|p2a: Venusaur","|-damage|p2a: Venusaur|0 fnt","|faint|p2a: Venusaur","|","|-heal|p1a: Weezing|210/238|[from] item: Black Sludge","|","|switch|p2a: Whimsicott|Whimsicott, L77, M|219/219","|turn|23","|","|move|p2a: Whimsicott|Moonblast|p1a: Weezing","|-resisted|p1a: Weezing","|-damage|p1a: Weezing|170/238","|-unboost|p1a: Weezing|spa|1","|move|p1a: Weezing|Sludge Bomb|p2a: Whimsicott","|-supereffective|p2a: Whimsicott","|-damage|p2a: Whimsicott|0 fnt","|faint|p2a: Whimsicott","|","|win|wefwregf"],"p1rating":{"entryid":600967,"formatid":"randombattle","userid":"wefwregf","username":"wefwregf","r":1500,"rd":130,"sigma":0,"rpr":1540.1606143388,"rprd":122.8583080769,"rpsigma":0,"rptime":1440752400,"w":1,"l":0,"t":0,"gxe":55,"acre":1040,"lacre":1040,"oldacre":1000},"p2rating":{"entryid":600968,"formatid":"randombattle","userid":"purewhite","username":"PureWhite","r":1500,"rd":130,"sigma":0,"rpr":1459.8393856612,"rprd":122.8583080769,"rpsigma":0,"rptime":1440752400,"w":0,"l":1,"t":0,"gxe":45,"acre":1000,"lacre":1000,"oldacre":1000},"endType":"normal"}