{"seed":[31447,29291,10699,17106],"turns":19,"p1":"Arrem","p2":"mortal jordean","p1team":[{"name":"Snorlax","moves":["firepunch","bodyslam","curse","crunch"],"ability":"Thick Fat","evs":{"hp":85,"atk":85,"def":85,"spa":85,"spd":85,"spe":85},"ivs":{"hp":31,"atk":31,"def":31,"spa":31,"spd":31,"spe":31},"item":"Leftovers","level":77,"shiny":false},{"name":"Jirachi","moves":["uturn","wish","ironhead","stealthrock"],"ability":"Serene Grace","evs":{"hp":85,"atk":85,"def":85,"spa":85,"spd":85,"spe":85},"ivs":{"hp":31,"atk":31,"def":31,"spa":31,"spd":31,"spe":31},"item":"Air Balloon","level":75,"shiny":false},{"name":"Jynx","moves":["focusblast","nastyplot","icebeam","psyshock"],"ability":"Dry Skin","evs":{"hp":85,"atk":85,"def":85,"spa":85,"spd":85,"spe":85},"ivs":{"hp":31,"atk":31,"def":31,"spa":31,"spd":31,"spe":31},"item":"Life Orb","level":81,"shiny":false},{"name":"Wormadam","moves":["gigadrain","protect","synthesis","signalbeam"],"ability":"Overcoat","evs":{"hp":85,"atk":85,"def":85,"spa":85,"spd":85,"spe":85},"ivs":{"hp":31,"atk":31,"def":31,"spa":31,"spd":31,"spe":31},"item":"Leftovers","level":83,"shiny":false},{"name":"Raichu","moves":["voltswitch","hiddenpowerice","thunderbolt","grassknot"],"ability":"Lightning Rod","evs":{"hp":85,"atk":85,"def":85,"spa":85,"spd":85,"spe":85},"ivs":{"hp":31,"atk":30,"def":30,"spa":31,"spd":31,"spe":31},"item":"Choice Specs","level":83,"shiny":false},{"name":"Beedrill","moves":["swordsdance","knockoff","xscissor","poisonjab"],"ability":"Swarm","evs":{"hp":85,"atk":85,"def":85,"spa":85,"spd":85,"spe":85},"ivs":{"hp":31,"atk":31,"def":31,"spa":31,"spd":31,"spe":31},"item":"Beedrillite","level":77,"shiny":false}],"p2team":[{"name":"Cloyster","moves":["shellsmash","rockblast","iciclespear","iceshard"],"ability":"Skill Link","evs":{"hp":81,"atk":89,"def":85,"spa":85,"spd":85,"spe":85},"ivs":{"hp":31,"atk":31,"def":31,"spa":31,"spd":31,"spe":31},"item":"White Herb","level":77,"shiny":false},{"name":"Skarmory","moves":["stealthrock","defog","roost","bravebird"],"ability":"Sturdy","evs":{"hp":85,"atk":85,"def":85,"spa":85,"spd":85,"spe":85},"ivs":{"hp":31,"atk":31,"def":31,"spa":31,"spd":31,"spe":31},"item":"Leftovers","level":75,"shiny":false},{"name":"Simipour","moves":["icebeam","substitute","nastyplot","hydropump"],"ability":"Torrent","evs":{"hp":85,"atk":85,"def":85,"spa":85,"spd":85,"spe":85},"ivs":{"hp":31,"atk":31,"def":31,"spa":31,"spd":31,"spe":31},"item":"Leftovers","level":83,"shiny":false},{"name":"Lopunny","moves":["highjumpkick","substitute","icepunch","return"],"ability":"Limber","evs":{"hp":85,"atk":85,"def":85,"spa":85,"spd":85,"spe":85},"ivs":{"hp":31,"atk":31,"def":31,"spa":31,"spd":31,"spe":31},"item":"Lopunnite","level":75,"shiny":false},{"name":"Dragonite","moves":["outrage","roost","dragondance","earthquake"],"ability":"Multiscale","evs":{"hp":81,"atk":89,"def":85,"spa":85,"spd":85,"spe":85},"ivs":{"hp":31,"atk":31,"def":31,"spa":31,"spd":31,"spe":31},"item":"Lum Berry","level":75,"shiny":false},{"name":"Mismagius","moves":["willowisp","substitute","dazzlinggleam","shadowball"],"ability":"Levitate","evs":{"hp":85,"atk":85,"def":85,"spa":85,"spd":85,"spe":85},"ivs":{"hp":31,"atk":31,"def":31,"spa":31,"spd":31,"spe":31},"item":"Leftovers","level":81,"shiny":false}],"log":["|player|p1|Arrem|1","|player|p2|mortal jordean|229","|gametype|singles","|gen|6","|tier|Random Battle","|rated","|rule|Sleep Clause Mod: Limit one foe put to sleep","|rule|HP Percentage Mod: HP is shown in percentages","|","|start","|switch|p1a: Snorlax|Snorlax, L77, F|373/373","|switch|p2a: Cloyster|Cloyster, L77, M|203/203","|turn|1","|","|move|p2a: Cloyster|Icicle Spear|p1a: Snorlax","|-damage|p1a: Snorlax|358/373","|-damage|p1a: Snorlax|342/373","|-damage|p1a: Snorlax|326/373","|-damage|p1a: Snorlax|311/373","|-damage|p1a: Snorlax|295/373","|-hitcount|p1a: Snorlax|5","|move|p1a: Snorlax|Body Slam|p2a: Cloyster","|-damage|p2a: Cloyster|149/203","|","|-heal|p1a: Snorlax|318/373|[from] item: Leftovers","|turn|2","|","|move|p2a: Cloyster|Rock Blast|p1a: Snorlax","|-damage|p1a: Snorlax|295/373","|-damage|p1a: Snorlax|274/373","|-damage|p1a: Snorlax|254/373","|-damage|p1a: Snorlax|235/373","|-damage|p1a: Snorlax|214/373","|-hitcount|p1a: Snorlax|5","|move|p1a: Snorlax|Body Slam|p2a: Cloyster","|-damage|p2a: Cloyster|98/203","|-status|p2a: Cloyster|par","|","|-heal|p1a: Snorlax|237/373|[from] item: Leftovers","|turn|3","|","|switch|p1a: Jirachi|Jirachi, L75|274/274","|-item|p1a: Jirachi|Air Balloon","|move|p2a: Cloyster|Shell Smash|p2a: Cloyster","|-unboost|p2a: Cloyster|def|1","|-unboost|p2a: Cloyster|spd|1","|-boost|p2a: Cloyster|atk|2","|-boost|p2a: Cloyster|spa|2","|-boost|p2a: Cloyster|spe|2","|-enditem|p2a: Cloyster|White Herb","|-restoreboost|p2a: Cloyster|[silent]","|","|turn|4","|","|move|p1a: Jirachi|Iron Head|p2a: Cloyster","|-damage|p2a: Cloyster|52/203 par","|move|p2a: Cloyster|Icicle Spear|p1a: Jirachi","|-resisted|p1a: Jirachi","|-damage|p1a: Jirachi|253/274","|-enditem|p1a: Jirachi|Air Balloon","|-resisted|p1a: Jirachi","|-damage|p1a: Jirachi|229/274","|-resisted|p1a: Jirachi","|-damage|p1a: Jirachi|208/274","|-resisted|p1a: Jirachi","|-damage|p1a: Jirachi|185/274","|-resisted|p1a: Jirachi","|-damage|p1a: Jirachi|162/274","|-hitcount|p1a: Jirachi|5","|","|turn|5","|","|move|p1a: Jirachi|Iron Head|p2a: Cloyster","|-damage|p2a: Cloyster|7/203 par","|move|p2a: Cloyster|Rock Blast|p1a: Jirachi","|-crit|p1a: Jirachi","|-resisted|p1a: Jirachi","|-damage|p1a: Jirachi|138/274","|-resisted|p1a: Jirachi","|-damage|p1a: Jirachi|123/274","|-resisted|p1a: Jirachi","|-damage|p1a: Jirachi|109/274","|-resisted|p1a: Jirachi","|-damage|p1a: Jirachi|94/274","|-resisted|p1a: Jirachi","|-damage|p1a: Jirachi|78/274","|-hitcount|p1a: Jirachi|5","|","|turn|6","|","|move|p1a: Jirachi|Stealth Rock|p2a: Cloyster","|-sidestart|p2: mortal jordean|move: Stealth Rock","|cant|p2a: Cloyster|par","|","|turn|7","|","|move|p1a: Jirachi|Iron Head|p2a: Cloyster","|-damage|p2a: Cloyster|0 fnt","|faint|p2a: Cloyster","|","|","|switch|p2a: Lopunny|Lopunny, L75, F|221/221","|-damage|p2a: Lopunny|194/221|[from] Stealth Rock","|turn|8","|","|switch|p1a: Wormadam|Wormadam, L83, F|235/235","|detailschange|p2a: Lopunny|Lopunny-Mega, L75, F","|-mega|p2a: Lopunny|Lopunny|Lopunnite","|move|p2a: Lopunny|High Jump Kick|p1a: Wormadam","|-resisted|p1a: Wormadam","|-damage|p1a: Wormadam|163/235","|","|-heal|p1a: Wormadam|177/235|[from] item: Leftovers","|turn|9","|","|move|p2a: Lopunny|Ice Punch|p1a: Wormadam","|-supereffective|p1a: Wormadam","|-damage|p1a: Wormadam|63/235","|move|p1a: Wormadam|Giga Drain|p2a: Lopunny","|-damage|p2a: Lopunny|127/221","|-heal|p1a: Wormadam|97/235|[from] drain|[of] p2a: Lopunny","|","|-heal|p1a: Wormadam|111/235|[from] item: Leftovers","|turn|10","|","|move|p1a: Wormadam|Protect|p1a: Wormadam","|-singleturn|p1a: Wormadam|Protect","|move|p2a: Lopunny|Ice Punch|p1a: Wormadam","|-activate|p1a: Wormadam|Protect","|","|-heal|p1a: Wormadam|125/235|[from] item: Leftovers","|turn|11","|","|move|p2a: Lopunny|Ice Punch|p1a: Wormadam","|-supereffective|p1a: Wormadam","|-damage|p1a: Wormadam|9/235","|move|p1a: Wormadam|Giga Drain|p2a: Lopunny","|-damage|p2a: Lopunny|63/221","|-heal|p1a: Wormadam|41/235|[from] drain|[of] p2a: Lopunny","|","|-heal|p1a: Wormadam|55/235|[from] item: Leftovers","|turn|12","|","|move|p2a: Lopunny|Ice Punch|p1a: Wormadam","|-supereffective|p1a: Wormadam","|-damage|p1a: Wormadam|0 fnt","|faint|p1a: Wormadam","|","|","|switch|p1a: Jirachi|Jirachi, L75|78/274","|turn|13","|","|move|p2a: Lopunny|Ice Punch|p1a: Jirachi","|-resisted|p1a: Jirachi","|-damage|p1a: Jirachi|49/274","|move|p1a: Jirachi|Iron Head|p2a: Lopunny","|-damage|p2a: Lopunny|0 fnt","|faint|p2a: Lopunny","|","|","|switch|p2a: Dragonite|Dragonite, L75, M|259/259","|-damage|p2a: Dragonite|195/259|[from] Stealth Rock","|turn|14","|","|move|p1a: Jirachi|Iron Head|p2a: Dragonite","|-damage|p2a: Dragonite|116/259","|cant|p2a: Dragonite|flinch","|","|turn|15","|","|move|p1a: Jirachi|Iron Head|p2a: Dragonite","|-damage|p2a: Dragonite|41/259","|cant|p2a: Dragonite|flinch","|","|turn|16","|","|move|p1a: Jirachi|Iron Head|p2a: Dragonite","|-damage|p2a: Dragonite|0 fnt","|faint|p2a: Dragonite","|","|","|switch|p2a: Mismagius|Mismagius, L81, M|230/230","|-damage|p2a: Mismagius|202/230|[from] Stealth Rock","|turn|17","|","|switch|p1a: Snorlax|Snorlax, L77, F|237/373","|move|p2a: Mismagius|Shadow Ball|p1a: Snorlax","|-immune|p1a: Snorlax|[msg]","|","|-heal|p2a: Mismagius|216/230|[from] item: Leftovers","|-heal|p1a: Snorlax|260/373|[from] item: Leftovers","|turn|18","|","|move|p2a: Mismagius|Dazzling Gleam|p1a: Snorlax","|-damage|p1a: Snorlax|208/373","|move|p1a: Snorlax|Crunch|p2a: Mismagius","|-supereffective|p2a: Mismagius","|-damage|p2a: Mismagius|68/230","|","|-heal|p2a: Mismagius|82/230|[from] item: Leftovers","|-heal|p1a: Snorlax|231/373|[from] item: Leftovers","|turn|19","|","|win|Arrem"],"p1rating":{"entryid":"546956","serverid":"eos","formatid":"randombattle","userid":"arrem","username":"Arrem","w":5,"l":"0","t":"0","gxe":67.1,"r":1622.0822161193,"rd":107.2276892149,"sigma":"0","rptime":1440838800,"rpr":1640.349248652,"rprd":103.44086357849,"rpsigma":"0","acre":1142.3147642592,"lacre":1142.3147642592,"oldacre":"1120.1478843257"},"p2rating":{"entryid":"198097","serverid":"eos","formatid":"randombattle","userid":"mortaljordean","username":"mortal jordean","w":"4","l":5,"t":"0","gxe":47.9,"r":1501.3691223087,"rd":93.21547712466,"sigma":"0","rptime":1440838800,"rpr":1483.46244695,"rprd":90.495819426453,"rpsigma":"0","acre":1061.0176405871,"lacre":1061.0176405871,"oldacre":"1080.6049546744"},"endType":"forfeit"}