{"seed":[15991,52215,56065,31551],"turns":34,"p1":"LexiLynn","p2":"Prodigy_Matt","p1team":[{"name":"Mightyena","moves":["firefang","suckerpunch","irontail","playrough"],"ability":"Intimidate","evs":{"hp":85,"atk":85,"def":85,"spa":85,"spd":85,"spe":85},"ivs":{"hp":31,"atk":31,"def":31,"spa":31,"spd":31,"spe":31},"item":"Expert Belt","level":83,"shiny":false},{"name":"Beheeyem","moves":["psyshock","thunderbolt","signalbeam","hiddenpowerfighting"],"ability":"Synchronize","evs":{"hp":85,"atk":85,"def":85,"spa":85,"spd":85,"spe":85},"ivs":{"hp":31,"atk":31,"def":30,"spa":30,"spd":30,"spe":30},"item":"Choice Specs","level":83,"shiny":false},{"name":"Rotom-Fan","moves":["voltswitch","thunderbolt","painsplit","trick"],"ability":"Levitate","evs":{"hp":85,"atk":85,"def":85,"spa":85,"spd":85,"spe":85},"ivs":{"hp":31,"atk":31,"def":31,"spa":31,"spd":31,"spe":31},"item":"Air Balloon","level":81,"shiny":false},{"name":"Porygon2","moves":["triattack","recover","thunderwave","thunderbolt"],"ability":"Download","evs":{"hp":85,"atk":85,"def":85,"spa":85,"spd":85,"spe":85},"ivs":{"hp":31,"atk":31,"def":31,"spa":31,"spd":31,"spe":31},"item":"Eviolite","level":77,"shiny":false},{"name":"Vaporeon","moves":["healbell","roar","scald","protect"],"ability":"Water Absorb","evs":{"hp":85,"atk":85,"def":85,"spa":85,"spd":85,"spe":85},"ivs":{"hp":31,"atk":31,"def":31,"spa":31,"spd":31,"spe":31},"item":"Leftovers","level":77,"shiny":false},{"name":"Klinklang","moves":["return","substitute","shiftgear","geargrind"],"ability":"Clear Body","evs":{"hp":85,"atk":85,"def":85,"spa":85,"spd":85,"spe":85},"ivs":{"hp":31,"atk":31,"def":31,"spa":31,"spd":31,"spe":31},"item":"Leftovers","level":81,"shiny":false}],"p2team":[{"name":"Gorebyss","moves":["batonpass","shellsmash","hiddenpowergrass","hydropump"],"ability":"Hydration","evs":{"hp":85,"atk":85,"def":85,"spa":85,"spd":85,"spe":85},"ivs":{"hp":31,"atk":30,"def":31,"spa":30,"spd":31,"spe":31},"item":"White Herb","level":81,"shiny":false},{"name":"Groudon","moves":["toxic","rockpolish","firepunch","earthquake"],"ability":"Drought","evs":{"hp":85,"atk":85,"def":85,"spa":85,"spd":85,"spe":85},"ivs":{"hp":31,"atk":31,"def":31,"spa":31,"spd":31,"spe":31},"item":"Leftovers","level":73,"shiny":false},{"name":"Aurorus","moves":["thunderwave","freezedry","blizzard","thunderbolt"],"ability":"Snow Warning","evs":{"hp":81,"atk":85,"def":85,"spa":89,"spd":85,"spe":85},"ivs":{"hp":31,"atk":31,"def":31,"spa":31,"spd":31,"spe":31},"item":"Leftovers","level":81,"shiny":false},{"name":"Avalugg","moves":["toxic","roar","earthquake","avalanche"],"ability":"Sturdy","evs":{"hp":85,"atk":85,"def":85,"spa":85,"spd":85,"spe":85},"ivs":{"hp":31,"atk":31,"def":31,"spa":31,"spd":31,"spe":31},"item":"Leftovers","level":83,"shiny":false},{"name":"Swalot","moves":["yawn","encore","painsplit","sludgebomb"],"ability":"Sticky Hold","evs":{"hp":85,"atk":85,"def":85,"spa":85,"spd":85,"spe":85},"ivs":{"hp":31,"atk":31,"def":31,"spa":31,"spd":31,"spe":31},"item":"Black Sludge","level":83,"shiny":false},{"name":"Victreebel","moves":["powerwhip","knockoff","swordsdance","sunnyday"],"ability":"Chlorophyll","evs":{"hp":85,"atk":85,"def":85,"spa":85,"spd":85,"spe":85},"ivs":{"hp":31,"atk":31,"def":31,"spa":31,"spd":31,"spe":31},"item":"Heat Rock","level":82,"shiny":false}],"log":["|player|p1|LexiLynn|lexilynn.gif","|player|p2|Prodigy_Matt|40","|gametype|singles","|gen|6","|tier|Random Battle","|rated","|rule|Sleep Clause Mod: Limit one foe put to sleep","|rule|HP Percentage Mod: HP is shown in percentages","|","|start","|switch|p1a: Mightyena|Mightyena, L83, M|252/252","|switch|p2a: Gorebyss|Gorebyss, L81, M|222/222","|-ability|p1a: Mightyena|Intimidate","|-unboost|p2a: Gorebyss|atk|1","|-enditem|p2a: Gorebyss|White Herb","|-restoreboost|p2a: Gorebyss|[silent]","|turn|1","|","|switch|p1a: Beheeyem|Beheeyem, L83, M|260/260","|move|p2a: Gorebyss|Hydro Pump|p1a: Beheeyem","|-damage|p1a: Beheeyem|148/260","|","|turn|2","|","|move|p2a: Gorebyss|Hydro Pump|p1a: Beheeyem|[miss]","|-miss|p2a: Gorebyss|p1a: Beheeyem","|move|p1a: Beheeyem|Thunderbolt|p2a: Gorebyss","|-supereffective|p2a: Gorebyss","|-damage|p2a: Gorebyss|0 fnt","|faint|p2a: Gorebyss","|","|","|switch|p2a: Avalugg|Avalugg, L83, M|293/293","|turn|3","|","|switch|p1a: Mightyena|Mightyena, L83, M|252/252","|-ability|p1a: Mightyena|Intimidate","|-unboost|p2a: Avalugg|atk|1","|move|p2a: Avalugg|Toxic|p1a: Mightyena","|-status|p1a: Mightyena|tox","|","|-damage|p1a: Mightyena|237/252 tox|[from] psn","|turn|4","|","|move|p1a: Mightyena|Fire Fang|p2a: Avalugg","|-crit|p2a: Avalugg","|-supereffective|p2a: Avalugg","|-damage|p2a: Avalugg|204/293","|move|p2a: Avalugg|Avalanche|p1a: Mightyena","|-damage|p1a: Mightyena|125/252 tox","|","|-heal|p2a: Avalugg|222/293|[from] item: Leftovers","|-damage|p1a: Mightyena|95/252 tox|[from] psn","|turn|5","|","|move|p1a: Mightyena|Fire Fang|p2a: Avalugg","|-supereffective|p2a: Avalugg","|-damage|p2a: Avalugg|162/293","|-status|p2a: Avalugg|brn","|move|p2a: Avalugg|Avalanche|p1a: Mightyena","|-damage|p1a: Mightyena|41/252 tox","|","|-heal|p2a: Avalugg|180/293 brn|[from] item: Leftovers","|-damage|p1a: Mightyena|0 fnt|[from] psn","|-damage|p2a: Avalugg|144/293 brn|[from] brn","|faint|p1a: Mightyena","|","|switch|p1a: Klinklang|Klinklang, L81|230/230","|turn|6","|","|move|p1a: Klinklang|Gear Grind|p2a: Avalugg","|-supereffective|p2a: Avalugg","|-damage|p2a: Avalugg|78/293 brn","|-supereffective|p2a: Avalugg","|-damage|p2a: Avalugg|16/293 brn","|-hitcount|p2a: Avalugg|2","|move|p2a: Avalugg|Roar|p1a: Klinklang","|drag|p1a: Beheeyem|Beheeyem, L83, M|148/260","|","|-heal|p2a: Avalugg|34/293 brn|[from] item: Leftovers","|-damage|p2a: Avalugg|0 fnt|[from] brn","|faint|p2a: Avalugg","|","|switch|p2a: Aurorus|Aurorus, L81, M|331/331","|-weather|Hail","|turn|7","|","|move|p2a: Aurorus|Blizzard|p1a: Beheeyem","|-damage|p1a: Beheeyem|49/260","|move|p1a: Beheeyem|Hidden Power|p2a: Aurorus","|-supereffective|p2a: Aurorus","|-damage|p2a: Aurorus|47/331","|","|-weather|Hail|[upkeep]","|-damage|p1a: Beheeyem|33/260|[from] hail","|-heal|p2a: Aurorus|67/331|[from] item: Leftovers","|turn|8","|","|move|p2a: Aurorus|Blizzard|p1a: Beheeyem","|-damage|p1a: Beheeyem|0 fnt","|faint|p1a: Beheeyem","|","|-weather|Hail|[upkeep]","|-heal|p2a: Aurorus|87/331|[from] item: Leftovers","|","|switch|p1a: Klinklang|Klinklang, L81|230/230","|turn|9","|","|move|p1a: Klinklang|Gear Grind|p2a: Aurorus|[miss]","|-miss|p1a: Klinklang|p2a: Aurorus","|move|p2a: Aurorus|Thunder Wave|p1a: Klinklang","|-status|p1a: Klinklang|par","|","|-weather|Hail|[upkeep]","|-damage|p1a: Klinklang|216/230 par|[from] hail","|-heal|p2a: Aurorus|107/331|[from] item: Leftovers","|-heal|p1a: Klinklang|230/230 par|[from] item: Leftovers","|turn|10","|","|move|p2a: Aurorus|Blizzard|p1a: Klinklang","|-resisted|p1a: Klinklang","|-damage|p1a: Klinklang|174/230 par","|move|p1a: Klinklang|Gear Grind|p2a: Aurorus|[miss]","|-miss|p1a: Klinklang|p2a: Aurorus","|","|-weather|Hail|[upkeep]","|-damage|p1a: Klinklang|160/230 par|[from] hail","|-heal|p2a: Aurorus|127/331|[from] item: Leftovers","|-heal|p1a: Klinklang|174/230 par|[from] item: Leftovers","|turn|11","|","|switch|p1a: Rotom-Fan|Rotom-Fan, L81|214/214","|-item|p1a: Rotom-Fan|Air Balloon","|move|p2a: Aurorus|Blizzard|p1a: Rotom-Fan","|-supereffective|p1a: Rotom-Fan","|-damage|p1a: Rotom-Fan|8/214","|-enditem|p1a: Rotom-Fan|Air Balloon","|","|-weather|none","|-heal|p2a: Aurorus|147/331|[from] item: Leftovers","|turn|12","|","|move|p1a: Rotom-Fan|Thunderbolt|p2a: Aurorus","|-damage|p2a: Aurorus|51/331","|move|p2a: Aurorus|Blizzard|p1a: Rotom-Fan","|-miss|p2a: Aurorus|p1a: Rotom-Fan","|","|-heal|p2a: Aurorus|71/331|[from] item: Leftovers","|turn|13","|","|move|p1a: Rotom-Fan|Thunderbolt|p2a: Aurorus","|-damage|p2a: Aurorus|0 fnt","|faint|p2a: Aurorus","|","|","|switch|p2a: Swalot|Swalot, L83, M|302/302","|turn|14","|","|switch|p1a: Porygon2|Porygon2, L77|257/257","|-boost|p1a: Porygon2|spa|1|[from] ability: Download","|move|p2a: Swalot|Sludge Bomb|p1a: Porygon2","|-damage|p1a: Porygon2|200/257","|-status|p1a: Porygon2|psn","|","|-damage|p1a: Porygon2|168/257 psn|[from] psn","|turn|15","|","|move|p2a: Swalot|Sludge Bomb|p1a: Porygon2","|-damage|p1a: Porygon2|117/257 psn","|move|p1a: Porygon2|Tri Attack|p2a: Swalot","|-damage|p2a: Swalot|182/302","|","|-heal|p2a: Swalot|200/302|[from] item: Black Sludge","|-damage|p1a: Porygon2|85/257 psn|[from] psn","|turn|16","|","|move|p2a: Swalot|Encore|p1a: Porygon2","|-start|p1a: Porygon2|Encore","|move|p1a: Porygon2|Tri Attack|p2a: Swalot","|-damage|p2a: Swalot|83/302","|","|-heal|p2a: Swalot|101/302|[from] item: Black Sludge","|-damage|p1a: Porygon2|53/257 psn|[from] psn","|turn|17","|","|move|p2a: Swalot|Sludge Bomb|p1a: Porygon2","|-damage|p1a: Porygon2|0 fnt","|faint|p1a: Porygon2","|","|-heal|p2a: Swalot|119/302|[from] item: Black Sludge","|","|switch|p1a: Vaporeon|Vaporeon, L77, F|327/327","|turn|18","|","|move|p1a: Vaporeon|Scald|p2a: Swalot","|-damage|p2a: Swalot|31/302","|move|p2a: Swalot|Pain Split|p1a: Vaporeon","|-sethp|p1a: Vaporeon|179/327|p2a: Swalot|179/302|[from] move: Pain Split","|","|-heal|p1a: Vaporeon|199/327|[from] item: Leftovers","|-heal|p2a: Swalot|197/302|[from] item: Black Sludge","|turn|19","|","|move|p1a: Vaporeon|Scald|p2a: Swalot","|-damage|p2a: Swalot|107/302","|move|p2a: Swalot|Yawn|p1a: Vaporeon","|-start|p1a: Vaporeon|move: Yawn|[of] p2a: Swalot","|","|-heal|p1a: Vaporeon|219/327|[from] item: Leftovers","|-heal|p2a: Swalot|125/302|[from] item: Black Sludge","|turn|20","|","|move|p1a: Vaporeon|Heal Bell|p1a: Vaporeon","|-cureteam|p1a: Vaporeon|[from] move: HealBell","|move|p2a: Swalot|Sludge Bomb|p1a: Vaporeon","|-damage|p1a: Vaporeon|143/327","|","|-end|p1a: Vaporeon|move: Yawn|[silent]","|-status|p1a: Vaporeon|slp","|-heal|p1a: Vaporeon|163/327 slp|[from] item: Leftovers","|-heal|p2a: Swalot|143/302|[from] item: Black Sludge","|turn|21","|","|switch|p1a: Klinklang|Klinklang, L81|174/230","|move|p2a: Swalot|Sludge Bomb|p1a: Klinklang","|-immune|p1a: Klinklang|[msg]","|","|-heal|p1a: Klinklang|188/230|[from] item: Leftovers","|-heal|p2a: Swalot|161/302|[from] item: Black Sludge","|turn|22","|","|move|p1a: Klinklang|Gear Grind|p2a: Swalot","|-damage|p2a: Swalot|109/302","|-damage|p2a: Swalot|58/302","|-hitcount|p2a: Swalot|2","|move|p2a: Swalot|Encore|p1a: Klinklang","|-start|p1a: Klinklang|Encore","|","|-heal|p1a: Klinklang|202/230|[from] item: Leftovers","|-heal|p2a: Swalot|76/302|[from] item: Black Sludge","|turn|23","|","|move|p1a: Klinklang|Gear Grind|p2a: Swalot","|-damage|p2a: Swalot|24/302","|-damage|p2a: Swalot|0 fnt","|-hitcount|p2a: Swalot|2","|faint|p2a: Swalot","|","|-heal|p1a: Klinklang|216/230|[from] item: Leftovers","|","|switch|p2a: Groudon|Groudon, L73|266/266","|-weather|SunnyDay","|turn|24","|","|move|p1a: Klinklang|Gear Grind|p2a: Groudon","|-damage|p2a: Groudon|226/266","|-damage|p2a: Groudon|186/266","|-hitcount|p2a: Groudon|2","|move|p2a: Groudon|Earthquake|p1a: Klinklang","|-supereffective|p1a: Klinklang","|-damage|p1a: Klinklang|34/230","|","|-weather|SunnyDay|[upkeep]","|-heal|p1a: Klinklang|48/230|[from] item: Leftovers","|-heal|p2a: Groudon|202/266|[from] item: Leftovers","|turn|25","|","|switch|p1a: Rotom-Fan|Rotom-Fan, L81|8/214","|move|p2a: Groudon|Earthquake|p1a: Rotom-Fan","|-immune|p1a: Rotom-Fan|[msg]","|","|-weather|SunnyDay|[upkeep]","|-heal|p2a: Groudon|218/266|[from] item: Leftovers","|turn|26","|","|move|p1a: Rotom-Fan|Pain Split|p2a: Groudon","|-sethp|p2a: Groudon|113/266|p1a: Rotom-Fan|113/214|[from] move: Pain Split","|move|p2a: Groudon|Rock Polish|p2a: Groudon","|-boost|p2a: Groudon|spe|2","|","|-weather|SunnyDay|[upkeep]","|-heal|p2a: Groudon|129/266|[from] item: Leftovers","|turn|27","|","|move|p2a: Groudon|Fire Punch|p1a: Rotom-Fan","|-damage|p1a: Rotom-Fan|31/214","|move|p1a: Rotom-Fan|Pain Split|p2a: Groudon","|-sethp|p2a: Groudon|80/266|p1a: Rotom-Fan|80/214|[from] move: Pain Split","|","|-weather|SunnyDay|[upkeep]","|-heal|p2a: Groudon|96/266|[from] item: Leftovers","|turn|28","|","|move|p2a: Groudon|Toxic|p1a: Rotom-Fan","|-status|p1a: Rotom-Fan|tox","|move|p1a: Rotom-Fan|Pain Split|p2a: Groudon","|-sethp|p2a: Groudon|88/266|p1a: Rotom-Fan|88/214 tox|[from] move: Pain Split","|","|-weather|none","|-heal|p2a: Groudon|104/266|[from] item: Leftovers","|-damage|p1a: Rotom-Fan|75/214 tox|[from] psn","|turn|29","|","|switch|p1a: Klinklang|Klinklang, L81|48/230","|move|p2a: Groudon|Rock Polish|p2a: Groudon","|-boost|p2a: Groudon|spe|2","|","|-heal|p2a: Groudon|120/266|[from] item: Leftovers","|-heal|p1a: Klinklang|62/230|[from] item: Leftovers","|turn|30","|","|move|p2a: Groudon|Fire Punch|p1a: Klinklang","|-crit|p1a: Klinklang","|-supereffective|p1a: Klinklang","|-damage|p1a: Klinklang|0 fnt","|faint|p1a: Klinklang","|","|-heal|p2a: Groudon|136/266|[from] item: Leftovers","|","|switch|p1a: Vaporeon|Vaporeon, L77, F|163/327 slp","|turn|31","|","|move|p2a: Groudon|Earthquake|p1a: Vaporeon","|-damage|p1a: Vaporeon|0 fnt","|faint|p1a: Vaporeon","|","|-heal|p2a: Groudon|152/266|[from] item: Leftovers","|","|switch|p1a: Rotom-Fan|Rotom-Fan, L81|75/214 tox","|turn|32","|","|move|p2a: Groudon|Fire Punch|p1a: Rotom-Fan","|-damage|p1a: Rotom-Fan|21/214 tox","|move|p1a: Rotom-Fan|Pain Split|p2a: Groudon","|-sethp|p2a: Groudon|86/266|p1a: Rotom-Fan|86/214 tox|[from] move: Pain Split","|","|-heal|p2a: Groudon|102/266|[from] item: Leftovers","|-damage|p1a: Rotom-Fan|73/214 tox|[from] psn","|turn|33","|","|move|p2a: Groudon|Rock Polish|p2a: Groudon","|-boost|p2a: Groudon|spe|2","|move|p1a: Rotom-Fan|Pain Split|p2a: Groudon","|-sethp|p2a: Groudon|87/266|p1a: Rotom-Fan|87/214 tox|[from] move: Pain Split","|","|-heal|p2a: Groudon|103/266|[from] item: Leftovers","|-damage|p1a: Rotom-Fan|61/214 tox|[from] psn","|turn|34","|","|move|p2a: Groudon|Fire Punch|p1a: Rotom-Fan","|-damage|p1a: Rotom-Fan|11/214 tox","|move|p1a: Rotom-Fan|Thunderbolt|p2a: Groudon","|-immune|p2a: Groudon|[msg]","|","|-heal|p2a: Groudon|119/266|[from] item: Leftovers","|-damage|p1a: Rotom-Fan|0 fnt|[from] psn","|faint|p1a: Rotom-Fan","|","|win|Prodigy_Matt"],"p1rating":{"entryid":"558092","serverid":"eos","formatid":"randombattle","userid":"lexilynn","username":"Lexi_Lynn","w":"2","l":4,"t":"0","gxe":43.3,"r":"1471.2366813699","rd":"103.25476413516","sigma":"0","rptime":"1440838800","rpr":1446.8651937084,"rprd":99.586134267021,"rpsigma":"0","acre":1001.5129977689,"lacre":1001.5129977689,"oldacre":"1014.123967355"},"p2rating":{"entryid":630459,"formatid":"randombattle","userid":"prodigymatt","username":"Prodigy_Matt","r":1500,"rd":130,"sigma":0,"rpr":1537.840014691,"rprd":122.52992599347,"rpsigma":0,"rptime":1440838800,"w":1,"l":0,"t":0,"gxe":54.7,"acre":1041.6251866778,"lacre":1041.6251866778,"oldacre":1000},"endType":"normal"}