{"seed":[26362,37022,47764,58982],"turns":28,"p1":"Lexiaa","p2":"maneline","p1team":[{"name":"Phione","moves":["scald","icebeam","raindance","uturn"],"ability":"Hydration","evs":{"hp":85,"atk":85,"def":85,"spa":85,"spd":85,"spe":85},"ivs":{"hp":31,"atk":31,"def":31,"spa":31,"spd":31,"spe":31},"item":"Damp Rock","level":83,"shiny":false},{"name":"Magcargo","moves":["stealthrock","toxic","recover","lavaplume"],"ability":"Flame Body","evs":{"hp":85,"atk":85,"def":85,"spa":85,"spd":85,"spe":85},"ivs":{"hp":31,"atk":31,"def":31,"spa":31,"spd":31,"spe":31},"item":"Air Balloon","level":83,"shiny":false},{"name":"Yanmega","moves":["uturn","protect","bugbuzz","gigadrain"],"ability":"Speed Boost","evs":{"hp":81,"atk":85,"def":85,"spa":89,"spd":85,"spe":85},"ivs":{"hp":31,"atk":31,"def":31,"spa":31,"spd":31,"spe":31},"item":"Life Orb","level":78,"shiny":false},{"name":"Hydreigon","moves":["uturn","earthpower","flashcannon","darkpulse"],"ability":"Levitate","evs":{"hp":85,"atk":85,"def":85,"spa":85,"spd":85,"spe":85},"ivs":{"hp":31,"atk":31,"def":31,"spa":31,"spd":31,"spe":31},"item":"Expert Belt","level":77,"shiny":false},{"name":"Sceptile","moves":["earthquake","swordsdance","substitute","outrage"],"ability":"Overgrow","evs":{"hp":85,"atk":85,"def":85,"spa":85,"spd":85,"spe":85},"ivs":{"hp":31,"atk":31,"def":31,"spa":31,"spd":31,"spe":31},"item":"Sceptilite","level":77,"shiny":false},{"name":"Florges","moves":["toxic","aromatherapy","wish","moonblast"],"ability":"Symbiosis","evs":{"hp":85,"atk":85,"def":85,"spa":85,"spd":85,"spe":85},"ivs":{"hp":31,"atk":31,"def":31,"spa":31,"spd":31,"spe":31},"item":"Leftovers","level":77,"shiny":false}],"p2team":[{"name":"Electrode","moves":["thunderbolt","hiddenpowergrass","voltswitch","foulplay"],"ability":"Soundproof","evs":{"hp":85,"atk":85,"def":85,"spa":85,"spd":85,"spe":85},"ivs":{"hp":31,"atk":30,"def":31,"spa":30,"spd":31,"spe":31},"item":"Expert Belt","level":83,"shiny":false},{"name":"Tyrantrum","moves":["stoneedge","earthquake","outrage","firefang"],"ability":"Strong Jaw","evs":{"hp":85,"atk":85,"def":85,"spa":85,"spd":85,"spe":85},"ivs":{"hp":31,"atk":31,"def":31,"spa":31,"spd":31,"spe":31},"item":"Choice Band","level":79,"shiny":false},{"name":"Gorebyss","moves":["shellsmash","icebeam","hydropump","batonpass"],"ability":"Hydration","evs":{"hp":85,"atk":85,"def":85,"spa":85,"spd":85,"spe":85},"ivs":{"hp":31,"atk":31,"def":31,"spa":31,"spd":31,"spe":31},"item":"White Herb","level":81,"shiny":false},{"name":"Cradily","moves":["rockslide","stealthrock","toxic","recover"],"ability":"Storm Drain","evs":{"hp":85,"atk":85,"def":85,"spa":85,"spd":85,"spe":85},"ivs":{"hp":31,"atk":31,"def":31,"spa":31,"spd":31,"spe":31},"item":"Leftovers","level":81,"shiny":false},{"name":"Keldeo","moves":["calmmind","substitute","secretsword","icywind"],"ability":"Justified","evs":{"hp":85,"atk":85,"def":85,"spa":85,"spd":85,"spe":85},"ivs":{"hp":31,"atk":31,"def":31,"spa":31,"spd":31,"spe":31},"item":"Leftovers","level":75,"shiny":false},{"name":"Scizor","moves":["pursuit","uturn","defog","knockoff"],"ability":"Technician","evs":{"hp":85,"atk":85,"def":85,"spa":85,"spd":85,"spe":85},"ivs":{"hp":31,"atk":31,"def":31,"spa":31,"spd":31,"spe":31},"item":"Scizorite","level":75,"shiny":false}],"log":["|player|p1|Lexiaa|265","|player|p2|maneline|102","|gametype|singles","|gen|6","|tier|Random Battle","|rated","|rule|Sleep Clause Mod: Limit one foe put to sleep","|rule|HP Percentage Mod: HP is shown in percentages","|","|start","|switch|p1a: Phione|Phione, L83|268/268","|switch|p2a: Electrode|Electrode, L83|235/235","|turn|1","|","|move|p2a: Electrode|Volt Switch|p1a: Phione","|-crit|p1a: Phione","|-supereffective|p1a: Phione","|-damage|p1a: Phione|28/268","|","|switch|p2a: Gorebyss|Gorebyss, L81, F|222/222","|move|p1a: Phione|Ice Beam|p2a: Gorebyss","|-resisted|p2a: Gorebyss","|-damage|p2a: Gorebyss|191/222","|","|turn|2","|","|switch|p1a: Sceptile|Sceptile, L77, F|234/234","|move|p2a: Gorebyss|Hydro Pump|p1a: Sceptile","|-resisted|p1a: Sceptile","|-damage|p1a: Sceptile|162/234","|","|turn|3","|","|move|p1a: Sceptile|Swords Dance|p1a: Sceptile","|-boost|p1a: Sceptile|atk|2","|move|p2a: Gorebyss|Ice Beam|p1a: Sceptile","|-supereffective|p1a: Sceptile","|-damage|p1a: Sceptile|0 fnt","|faint|p1a: Sceptile","|","|","|switch|p1a: Hydreigon|Hydreigon, L77, F|268/268","|turn|4","|","|move|p1a: Hydreigon|Earth Power|p2a: Gorebyss","|-damage|p2a: Gorebyss|113/222","|move|p2a: Gorebyss|Ice Beam|p1a: Hydreigon","|-supereffective|p1a: Hydreigon","|-damage|p1a: Hydreigon|132/268","|","|turn|5","|","|move|p1a: Hydreigon|Flash Cannon|p2a: Gorebyss","|-resisted|p2a: Gorebyss","|-damage|p2a: Gorebyss|79/222","|move|p2a: Gorebyss|Ice Beam|p1a: Hydreigon","|-supereffective|p1a: Hydreigon","|-damage|p1a: Hydreigon|0 fnt","|faint|p1a: Hydreigon","|","|","|switch|p1a: Yanmega|Yanmega, L78, M|261/261","|turn|6","|","|move|p1a: Yanmega|Bug Buzz|p2a: Gorebyss","|-damage|p2a: Gorebyss|0 fnt","|-damage|p1a: Yanmega|235/261|[from] item: Life Orb","|faint|p2a: Gorebyss","|","|-boost|p1a: Yanmega|spe|1|[from] ability: Speed Boost","|","|switch|p2a: Tyrantrum|Tyrantrum, L79, F|259/259","|turn|7","|","|move|p1a: Yanmega|Protect|p1a: Yanmega","|-singleturn|p1a: Yanmega|Protect","|move|p2a: Tyrantrum|Stone Edge|p1a: Yanmega","|-activate|p1a: Yanmega|Protect","|","|-boost|p1a: Yanmega|spe|1|[from] ability: Speed Boost","|turn|8","|","|move|p1a: Yanmega|U-turn|p2a: Tyrantrum","|-damage|p2a: Tyrantrum|195/259","|-damage|p1a: Yanmega|209/261|[from] item: Life Orb","|","|switch|p1a: Florges|Florges, L77, F|247/247","|move|p2a: Tyrantrum|Stone Edge|p1a: Florges|[miss]","|-miss|p2a: Tyrantrum|p1a: Florges","|","|turn|9","|","|switch|p2a: Scizor|Scizor, L75, M|229/229","|move|p1a: Florges|Moonblast|p2a: Scizor","|-resisted|p2a: Scizor","|-damage|p2a: Scizor|173/229","|","|turn|10","|","|move|p1a: Florges|Toxic|p2a: Scizor","|-immune|p2a: Scizor|[msg]","|move|p2a: Scizor|U-turn|p1a: Florges","|-resisted|p1a: Florges","|-damage|p1a: Florges|197/247","|","|switch|p2a: Electrode|Electrode, L83|235/235","|","|-heal|p1a: Florges|212/247|[from] item: Leftovers","|turn|11","|","|move|p2a: Electrode|Foul Play|p1a: Florges","|-resisted|p1a: Florges","|-damage|p1a: Florges|181/247","|move|p1a: Florges|Moonblast|p2a: Electrode","|-damage|p2a: Electrode|132/235","|","|-heal|p1a: Florges|196/247|[from] item: Leftovers","|turn|12","|","|move|p2a: Electrode|Thunderbolt|p1a: Florges","|-damage|p1a: Florges|136/247","|move|p1a: Florges|Moonblast|p2a: Electrode","|-damage|p2a: Electrode|29/235","|-unboost|p2a: Electrode|spa|1","|","|-heal|p1a: Florges|151/247|[from] item: Leftovers","|turn|13","|","|move|p2a: Electrode|Thunderbolt|p1a: Florges","|-damage|p1a: Florges|111/247","|move|p1a: Florges|Moonblast|p2a: Electrode","|-damage|p2a: Electrode|0 fnt","|faint|p2a: Electrode","|","|-heal|p1a: Florges|126/247|[from] item: Leftovers","|","|switch|p2a: Scizor|Scizor, L75, M|173/229","|turn|14","|","|move|p1a: Florges|Wish|p1a: Florges","|move|p2a: Scizor|Knock Off|p1a: Florges","|-resisted|p1a: Florges","|-damage|p1a: Florges|81/247","|-enditem|p1a: Florges|Leftovers|[from] move: Knock Off|[of] p2a: Scizor","|","|turn|15","|","|move|p1a: Florges|Moonblast|p2a: Scizor","|-resisted|p2a: Scizor","|-damage|p2a: Scizor|115/229","|move|p2a: Scizor|Pursuit|p1a: Florges","|-resisted|p1a: Florges","|-damage|p1a: Florges|51/247","|","|-heal|p1a: Florges|174/247|[from] move: Wish|[wisher] Florges","|turn|16","|","|switch|p2a: Keldeo|Keldeo, L75|260/260","|move|p1a: Florges|Moonblast|p2a: Keldeo","|-supereffective|p2a: Keldeo","|-damage|p2a: Keldeo|44/260","|","|-heal|p2a: Keldeo|60/260|[from] item: Leftovers","|turn|17","|","|move|p2a: Keldeo|Substitute|p2a: Keldeo","|-fail|p2a: Keldeo|move: Substitute|[weak]","|move|p1a: Florges|Moonblast|p2a: Keldeo","|-supereffective|p2a: Keldeo","|-damage|p2a: Keldeo|0 fnt","|faint|p2a: Keldeo","|","|","|switch|p2a: Tyrantrum|Tyrantrum, L79, F|195/259","|turn|18","|","|move|p1a: Florges|Wish|p1a: Florges","|move|p2a: Tyrantrum|Earthquake|p1a: Florges","|-damage|p1a: Florges|20/247","|","|turn|19","|","|switch|p1a: Magcargo|Magcargo, L83, F|219/219","|-item|p1a: Magcargo|Air Balloon","|move|p2a: Tyrantrum|Earthquake|p1a: Magcargo","|-immune|p1a: Magcargo|[msg]","|","|turn|20","|","|switch|p2a: Cradily|Cradily, L81, M|272/272","|move|p1a: Magcargo|Stealth Rock|p2a: Cradily","|-sidestart|p2: maneline|move: Stealth Rock","|","|turn|21","|","|move|p2a: Cradily|Rock Slide|p1a: Magcargo","|-supereffective|p1a: Magcargo","|-damage|p1a: Magcargo|115/219","|-enditem|p1a: Magcargo|Air Balloon","|move|p1a: Magcargo|Lava Plume|p2a: Cradily","|-damage|p2a: Cradily|212/272","|","|-heal|p2a: Cradily|229/272|[from] item: Leftovers","|turn|22","|","|move|p2a: Cradily|Rock Slide|p1a: Magcargo","|-supereffective|p1a: Magcargo","|-damage|p1a: Magcargo|11/219","|move|p1a: Magcargo|Recover|p1a: Magcargo","|-heal|p1a: Magcargo|121/219","|","|-heal|p2a: Cradily|246/272|[from] item: Leftovers","|turn|23","|","|move|p2a: Cradily|Stealth Rock|p1a: Magcargo","|-sidestart|p1: Lexiaa|move: Stealth Rock","|move|p1a: Magcargo|Toxic|p2a: Cradily","|-status|p2a: Cradily|tox","|","|-heal|p2a: Cradily|263/272 tox|[from] item: Leftovers","|-damage|p2a: Cradily|246/272 tox|[from] psn","|turn|24","|","|move|p2a: Cradily|Toxic|p1a: Magcargo","|-status|p1a: Magcargo|tox","|move|p1a: Magcargo|Lava Plume|p2a: Cradily","|-damage|p2a: Cradily|182/272 tox","|","|-heal|p2a: Cradily|199/272 tox|[from] item: Leftovers","|-damage|p2a: Cradily|165/272 tox|[from] psn","|-damage|p1a: Magcargo|108/219 tox|[from] psn","|turn|25","|","|move|p2a: Cradily|Rock Slide|p1a: Magcargo","|-supereffective|p1a: Magcargo","|-damage|p1a: Magcargo|6/219 tox","|move|p1a: Magcargo|Recover|p1a: Magcargo","|-heal|p1a: Magcargo|116/219 tox","|","|-heal|p2a: Cradily|182/272 tox|[from] item: Leftovers","|-damage|p2a: Cradily|131/272 tox|[from] psn","|-damage|p1a: Magcargo|90/219 tox|[from] psn","|turn|26","|","|move|p2a: Cradily|Rock Slide|p1a: Magcargo","|-supereffective|p1a: Magcargo","|-damage|p1a: Magcargo|0 fnt","|faint|p1a: Magcargo","|","|-heal|p2a: Cradily|148/272 tox|[from] item: Leftovers","|-damage|p2a: Cradily|80/272 tox|[from] psn","|","|switch|p1a: Yanmega|Yanmega, L78, M|209/261","|-damage|p1a: Yanmega|79/261|[from] Stealth Rock","|turn|27","|","|move|p1a: Yanmega|Bug Buzz|p2a: Cradily","|-supereffective|p2a: Cradily","|-damage|p2a: Cradily|0 fnt","|-damage|p1a: Yanmega|53/261|[from] item: Life Orb","|faint|p2a: Cradily","|","|-boost|p1a: Yanmega|spe|1|[from] ability: Speed Boost","|","|switch|p2a: Tyrantrum|Tyrantrum, L79, F|195/259","|-damage|p2a: Tyrantrum|163/259|[from] Stealth Rock","|turn|28","|","|move|p1a: Yanmega|Giga Drain|p2a: Tyrantrum","|-damage|p2a: Tyrantrum|64/259","|-heal|p1a: Yanmega|103/261|[from] drain|[of] p2a: Tyrantrum","|-damage|p1a: Yanmega|77/261|[from] item: Life Orb","|move|p2a: Tyrantrum|Stone Edge|p1a: Yanmega","|-crit|p1a: Yanmega","|-supereffective|p1a: Yanmega","|-damage|p1a: Yanmega|0 fnt","|faint|p1a: Yanmega","|","|","|switch|p1a: Florges|Florges, L77, F|20/247","|-damage|p1a: Florges|0 fnt|[from] Stealth Rock","|faint|p1a: Florges","|","|switch|p1a: Phione|Phione, L83|28/268","|-damage|p1a: Phione|0 fnt|[from] Stealth Rock","|faint|p1a: Phione","|","|win|maneline"],"p1rating":{"entryid":612090,"formatid":"randombattle","userid":"lexiaa","username":"Lexiaa","r":1500,"rd":130,"sigma":0,"rpr":1459.8393856612,"rprd":122.8583080769,"rpsigma":0,"rptime":1440838800,"w":0,"l":1,"t":0,"gxe":45,"acre":1000,"lacre":1000,"oldacre":1000},"p2rating":{"entryid":612091,"formatid":"randombattle","userid":"maneline","username":"maneline","r":1500,"rd":130,"sigma":0,"rpr":1540.1606143388,"rprd":122.8583080769,"rpsigma":0,"rptime":1440838800,"w":1,"l":0,"t":0,"gxe":55,"acre":1040,"lacre":1040,"oldacre":1000},"endType":"normal"}