{"seed":[27149,3444,25222,33414],"turns":32,"p1":"saintzacheriahI","p2":"Castor3","p1team":[{"name":"Lilligant","moves":["sleeppowder","petaldance","quiverdance","hiddenpowerfire"],"ability":"Own Tempo","evs":{"hp":85,"atk":85,"def":85,"spa":85,"spd":85,"spe":85},"ivs":{"hp":31,"atk":30,"def":31,"spa":30,"spd":31,"spe":30},"item":"Focus Sash","level":81,"shiny":false},{"name":"Raikou","moves":["extrasensory","voltswitch","aurasphere","thunderbolt"],"ability":"Volt Absorb","evs":{"hp":85,"atk":85,"def":85,"spa":85,"spd":85,"spe":85},"ivs":{"hp":31,"atk":31,"def":31,"spa":31,"spd":31,"spe":31},"item":"Choice Specs","level":75,"shiny":false},{"name":"Yveltal","moves":["roost","darkpulse","uturn","foulplay"],"ability":"Dark Aura","evs":{"hp":81,"atk":89,"def":85,"spa":85,"spd":85,"spe":85},"ivs":{"hp":31,"atk":31,"def":31,"spa":31,"spd":31,"spe":31},"item":"Leftovers","level":73,"shiny":false},{"name":"Castform","moves":["weatherball","solarbeam","sunnyday","icebeam"],"ability":"Forecast","evs":{"hp":81,"atk":85,"def":85,"spa":89,"spd":85,"spe":85},"ivs":{"hp":31,"atk":31,"def":31,"spa":31,"spd":31,"spe":31},"item":"Heat Rock","level":83,"shiny":false},{"name":"Bronzong","moves":["trickroom","explosion","toxic","gyroball"],"ability":"Levitate","evs":{"hp":85,"atk":170,"def":85,"spa":85,"spd":85,"spe":0},"ivs":{"hp":31,"atk":31,"def":31,"spa":31,"spd":31,"spe":0},"item":"Leftovers","level":79,"shiny":false},{"name":"Grumpig","moves":["psychic","whirlwind","toxic","lightscreen"],"ability":"Thick Fat","evs":{"hp":85,"atk":85,"def":85,"spa":85,"spd":85,"spe":85},"ivs":{"hp":31,"atk":31,"def":31,"spa":31,"spd":31,"spe":31},"item":"Light Clay","level":83,"shiny":false}],"p2team":[{"name":"Kyurem-White","moves":["earthpower","toxic","substitute","icebeam"],"ability":"Turboblaze","evs":{"hp":85,"atk":85,"def":85,"spa":85,"spd":85,"spe":85},"ivs":{"hp":31,"atk":31,"def":31,"spa":31,"spd":31,"spe":31},"item":"Leftovers","level":73,"shiny":false},{"name":"Raticate","moves":["suckerpunch","flamewheel","protect","facade"],"ability":"Guts","evs":{"hp":85,"atk":85,"def":85,"spa":85,"spd":85,"spe":85},"ivs":{"hp":31,"atk":31,"def":31,"spa":31,"spd":31,"spe":31},"item":"Toxic Orb","level":83,"shiny":false},{"name":"Magnezone","moves":["flashcannon","hiddenpowerfire","chargebeam","thunderbolt"],"ability":"Magnet Pull","evs":{"hp":85,"atk":85,"def":85,"spa":85,"spd":85,"spe":85},"ivs":{"hp":31,"atk":30,"def":31,"spa":30,"spd":31,"spe":30},"item":"Air Balloon","level":75,"shiny":false},{"name":"Starmie","moves":["recover","icebeam","scald","thunderbolt"],"ability":"Natural Cure","evs":{"hp":85,"atk":85,"def":85,"spa":85,"spd":85,"spe":85},"ivs":{"hp":31,"atk":31,"def":31,"spa":31,"spd":31,"spe":31},"item":"Life Orb","level":75,"shiny":false},{"name":"Lugia","moves":["aeroblast","thunderwave","dragontail","roost"],"ability":"Multiscale","evs":{"hp":85,"atk":85,"def":85,"spa":85,"spd":85,"spe":85},"ivs":{"hp":31,"atk":31,"def":31,"spa":31,"spd":31,"spe":31},"item":"Leftovers","level":73,"shiny":false},{"name":"Glaceon","moves":["protect","icebeam","toxic","hiddenpowerground"],"ability":"Ice Body","evs":{"hp":81,"atk":85,"def":85,"spa":89,"spd":85,"spe":85},"ivs":{"hp":31,"atk":31,"def":31,"spa":30,"spd":30,"spe":31},"item":"Leftovers","level":83,"shiny":false}],"log":["|player|p1|saintzacheriahI|266","|player|p2|Castor3|170","|gametype|singles","|gen|6","|tier|Random Battle","|rated","|rule|Sleep Clause Mod: Limit one foe put to sleep","|rule|HP Percentage Mod: HP is shown in percentages","|","|start","|switch|p1a: Lilligant|Lilligant, L81, F|246/246","|switch|p2a: Kyurem-White|Kyurem-White, L73|303/303","|-ability|p2a: Kyurem-White|Turboblaze","|turn|1","|","|move|p1a: Lilligant|Sleep Powder|p2a: Kyurem-White","|-status|p2a: Kyurem-White|slp","|cant|p2a: Kyurem-White|slp","|","|turn|2","|","|move|p1a: Lilligant|Quiver Dance|p1a: Lilligant","|-boost|p1a: Lilligant|spa|1","|-boost|p1a: Lilligant|spd|1","|-boost|p1a: Lilligant|spe|1","|cant|p2a: Kyurem-White|slp","|","|turn|3","|","|move|p1a: Lilligant|Quiver Dance|p1a: Lilligant","|-boost|p1a: Lilligant|spa|1","|-boost|p1a: Lilligant|spd|1","|-boost|p1a: Lilligant|spe|1","|cant|p2a: Kyurem-White|slp","|","|turn|4","|","|move|p1a: Lilligant|Quiver Dance|p1a: Lilligant","|-boost|p1a: Lilligant|spa|1","|-boost|p1a: Lilligant|spd|1","|-boost|p1a: Lilligant|spe|1","|-curestatus|p2a: Kyurem-White|slp","|move|p2a: Kyurem-White|Toxic|p1a: Lilligant","|-status|p1a: Lilligant|tox","|","|-damage|p1a: Lilligant|231/246 tox|[from] psn","|turn|5","|","|move|p1a: Lilligant|Hidden Power|p2a: Kyurem-White","|-damage|p2a: Kyurem-White|196/303","|move|p2a: Kyurem-White|Ice Beam|p1a: Lilligant","|-supereffective|p1a: Lilligant","|-damage|p1a: Lilligant|117/246 tox","|","|-heal|p2a: Kyurem-White|214/303|[from] item: Leftovers","|-damage|p1a: Lilligant|87/246 tox|[from] psn","|turn|6","|","|move|p1a: Lilligant|Sleep Powder|p2a: Kyurem-White","|-status|p2a: Kyurem-White|slp","|cant|p2a: Kyurem-White|slp","|","|-heal|p2a: Kyurem-White|232/303 slp|[from] item: Leftovers","|-damage|p1a: Lilligant|42/246 tox|[from] psn","|turn|7","|","|move|p1a: Lilligant|Hidden Power|p2a: Kyurem-White","|-damage|p2a: Kyurem-White|122/303 slp","|cant|p2a: Kyurem-White|slp","|","|-heal|p2a: Kyurem-White|140/303 slp|[from] item: Leftovers","|-damage|p1a: Lilligant|0 fnt|[from] psn","|faint|p1a: Lilligant","|","|switch|p1a: Raikou|Raikou, L75|259/259","|turn|8","|","|move|p1a: Raikou|Aura Sphere|p2a: Kyurem-White","|-supereffective|p2a: Kyurem-White","|-damage|p2a: Kyurem-White|0 fnt","|faint|p2a: Kyurem-White","|","|","|switch|p2a: Raticate|Raticate, L83, F|227/227","|turn|9","|","|move|p2a: Raticate|Sucker Punch|p1a: Raikou","|-damage|p1a: Raikou|193/259","|move|p1a: Raikou|Aura Sphere|p2a: Raticate","|-supereffective|p2a: Raticate","|-damage|p2a: Raticate|41/227","|","|-status|p2a: Raticate|tox|[from] item: Toxic Orb","|turn|10","|","|move|p2a: Raticate|Sucker Punch|p1a: Raikou","|-damage|p1a: Raikou|97/259","|move|p1a: Raikou|Aura Sphere|p2a: Raticate","|-supereffective|p2a: Raticate","|-damage|p2a: Raticate|0 fnt","|faint|p2a: Raticate","|","|","|switch|p2a: Magnezone|Magnezone, L75|229/229","|-item|p2a: Magnezone|Air Balloon","|turn|11","|","|move|p1a: Raikou|Aura Sphere|p2a: Magnezone","|-supereffective|p2a: Magnezone","|-damage|p2a: Magnezone|63/229","|-enditem|p2a: Magnezone|Air Balloon","|move|p2a: Magnezone|Flash Cannon|p1a: Raikou","|-resisted|p1a: Raikou","|-damage|p1a: Raikou|49/259","|","|turn|12","|","|move|p1a: Raikou|Aura Sphere|p2a: Magnezone","|-supereffective|p2a: Magnezone","|-damage|p2a: Magnezone|0 fnt","|faint|p2a: Magnezone","|","|","|switch|p2a: Lugia|Lugia, L73|275/275","|turn|13","|","|switch|p1a: Yveltal|Yveltal, L73|304/304","|-ability|p1a: Yveltal|Dark Aura","|move|p2a: Lugia|Dragon Tail|p1a: Yveltal","|-damage|p1a: Yveltal|273/304","|drag|p1a: Bronzong|Bronzong, L79|235/235","|","|turn|14","|","|move|p2a: Lugia|Thunder Wave|p1a: Bronzong","|-status|p1a: Bronzong|par","|cant|p1a: Bronzong|par","|","|turn|15","|","|move|p1a: Bronzong|Gyro Ball|p2a: Lugia","|-damage|p2a: Lugia|215/275","|move|p2a: Lugia|Dragon Tail|p1a: Bronzong","|-resisted|p1a: Bronzong","|-damage|p1a: Bronzong|222/235 par","|drag|p1a: Castform|Castform, L83, F|251/251","|","|-heal|p2a: Lugia|232/275|[from] item: Leftovers","|turn|16","|","|move|p2a: Lugia|Thunder Wave|p1a: Castform","|-status|p1a: Castform|par","|move|p1a: Castform|Ice Beam|p2a: Lugia","|-supereffective|p2a: Lugia","|-damage|p2a: Lugia|154/275","|","|-heal|p2a: Lugia|171/275|[from] item: Leftovers","|turn|17","|","|move|p2a: Lugia|Aeroblast|p1a: Castform|[miss]","|-miss|p2a: Lugia|p1a: Castform","|move|p1a: Castform|Ice Beam|p2a: Lugia","|-supereffective|p2a: Lugia","|-damage|p2a: Lugia|97/275","|","|-heal|p2a: Lugia|114/275|[from] item: Leftovers","|turn|18","|","|move|p2a: Lugia|Roost|p2a: Lugia","|-heal|p2a: Lugia|252/275","|move|p1a: Castform|Ice Beam|p2a: Lugia","|-damage|p2a: Lugia|214/275","|","|-heal|p2a: Lugia|231/275|[from] item: Leftovers","|turn|19","|","|switch|p2a: Starmie|Starmie, L75|214/214","|switch|p1a: Yveltal|Yveltal, L73|273/304","|-ability|p1a: Yveltal|Dark Aura","|","|-heal|p1a: Yveltal|292/304|[from] item: Leftovers","|turn|20","|","|move|p2a: Starmie|Ice Beam|p1a: Yveltal","|-supereffective|p1a: Yveltal","|-damage|p1a: Yveltal|154/304","|-damage|p2a: Starmie|193/214|[from] item: Life Orb","|move|p1a: Yveltal|Dark Pulse|p2a: Starmie","|-supereffective|p2a: Starmie","|-damage|p2a: Starmie|0 fnt","|faint|p2a: Starmie","|","|-heal|p1a: Yveltal|173/304|[from] item: Leftovers","|","|switch|p2a: Glaceon|Glaceon, L83, M|243/243","|turn|21","|","|move|p1a: Yveltal|U-turn|p2a: Glaceon","|-damage|p2a: Glaceon|198/243","|","|switch|p1a: Castform|Castform, L83, F|251/251 par","|move|p2a: Glaceon|Ice Beam|p1a: Castform","|-damage|p1a: Castform|113/251 par","|","|-heal|p2a: Glaceon|213/243|[from] item: Leftovers","|turn|22","|","|move|p2a: Glaceon|Ice Beam|p1a: Castform","|-damage|p1a: Castform|0 fnt","|faint|p1a: Castform","|","|-heal|p2a: Glaceon|228/243|[from] item: Leftovers","|","|switch|p1a: Raikou|Raikou, L75|49/259","|turn|23","|","|move|p1a: Raikou|Aura Sphere|p2a: Glaceon","|-supereffective|p2a: Glaceon","|-damage|p2a: Glaceon|66/243","|move|p2a: Glaceon|Hidden Power|p1a: Raikou","|-supereffective|p1a: Raikou","|-damage|p1a: Raikou|0 fnt","|faint|p1a: Raikou","|","|-heal|p2a: Glaceon|81/243|[from] item: Leftovers","|","|switch|p1a: Bronzong|Bronzong, L79|222/235 par","|turn|24","|","|move|p2a: Glaceon|Hidden Power|p1a: Bronzong","|-immune|p1a: Bronzong|[msg]","|cant|p1a: Bronzong|par","|","|-heal|p2a: Glaceon|96/243|[from] item: Leftovers","|-heal|p1a: Bronzong|235/235 par|[from] item: Leftovers","|turn|25","|","|move|p2a: Glaceon|Ice Beam|p1a: Bronzong","|-resisted|p1a: Bronzong","|-damage|p1a: Bronzong|184/235 par","|cant|p1a: Bronzong|par","|","|-heal|p2a: Glaceon|111/243|[from] item: Leftovers","|-heal|p1a: Bronzong|198/235 par|[from] item: Leftovers","|turn|26","|","|move|p2a: Glaceon|Ice Beam|p1a: Bronzong","|-crit|p1a: Bronzong","|-resisted|p1a: Bronzong","|-damage|p1a: Bronzong|124/235 par","|move|p1a: Bronzong|Toxic|p2a: Glaceon","|-status|p2a: Glaceon|tox","|","|-heal|p2a: Glaceon|126/243 tox|[from] item: Leftovers","|-heal|p1a: Bronzong|138/235 par|[from] item: Leftovers","|-damage|p2a: Glaceon|111/243 tox|[from] psn","|turn|27","|","|move|p2a: Glaceon|Ice Beam|p1a: Bronzong","|-resisted|p1a: Bronzong","|-damage|p1a: Bronzong|91/235 par","|move|p1a: Bronzong|Gyro Ball|p2a: Glaceon","|-supereffective|p2a: Glaceon","|-damage|p2a: Glaceon|0 fnt","|faint|p2a: Glaceon","|","|-heal|p1a: Bronzong|105/235 par|[from] item: Leftovers","|","|switch|p2a: Lugia|Lugia, L73|231/275","|turn|28","|","|move|p2a: Lugia|Aeroblast|p1a: Bronzong","|-resisted|p1a: Bronzong","|-damage|p1a: Bronzong|72/235 par","|cant|p1a: Bronzong|par","|","|-heal|p2a: Lugia|248/275|[from] item: Leftovers","|-heal|p1a: Bronzong|86/235 par|[from] item: Leftovers","|turn|29","|","|move|p2a: Lugia|Aeroblast|p1a: Bronzong","|-resisted|p1a: Bronzong","|-damage|p1a: Bronzong|53/235 par","|move|p1a: Bronzong|Toxic|p2a: Lugia","|-status|p2a: Lugia|tox","|","|-heal|p2a: Lugia|265/275 tox|[from] item: Leftovers","|-heal|p1a: Bronzong|67/235 par|[from] item: Leftovers","|-damage|p2a: Lugia|248/275 tox|[from] psn","|turn|30","|","|move|p2a: Lugia|Aeroblast|p1a: Bronzong","|-resisted|p1a: Bronzong","|-damage|p1a: Bronzong|31/235 par","|move|p1a: Bronzong|Explosion|p2a: Lugia","|-damage|p2a: Lugia|107/275 tox","|faint|p1a: Bronzong","|","|-heal|p2a: Lugia|124/275 tox|[from] item: Leftovers","|-damage|p2a: Lugia|90/275 tox|[from] psn","|","|switch|p1a: Yveltal|Yveltal, L73|173/304","|-ability|p1a: Yveltal|Dark Aura","|turn|31","|","|move|p2a: Lugia|Roost|p2a: Lugia","|-heal|p2a: Lugia|228/275 tox","|move|p1a: Yveltal|Dark Pulse|p2a: Lugia","|-supereffective|p2a: Lugia","|-damage|p2a: Lugia|52/275 tox","|","|-heal|p2a: Lugia|69/275 tox|[from] item: Leftovers","|-heal|p1a: Yveltal|192/304|[from] item: Leftovers","|-damage|p2a: Lugia|18/275 tox|[from] psn","|turn|32","|","|move|p2a: Lugia|Aeroblast|p1a: Yveltal","|-damage|p1a: Yveltal|104/304","|move|p1a: Yveltal|Roost|p1a: Yveltal","|-heal|p1a: Yveltal|256/304","|","|-heal|p2a: Lugia|35/275 tox|[from] item: Leftovers","|-heal|p1a: Yveltal|275/304|[from] item: Leftovers","|-damage|p2a: Lugia|0 fnt|[from] psn","|faint|p2a: Lugia","|","|win|saintzacheriahI"],"p1rating":{"entryid":601133,"formatid":"randombattle","userid":"saintzacheriahi","username":"saintzacheriahI","r":1500,"rd":130,"sigma":0,"rpr":1540.1606143388,"rprd":122.8583080769,"rpsigma":0,"rptime":1440838800,"w":1,"l":0,"t":0,"gxe":55,"acre":1040,"lacre":1040,"oldacre":1000},"p2rating":{"entryid":"601001","serverid":"eos","formatid":"randombattle","userid":"castor3","username":"Castor3","w":"0","l":2,"t":"0","gxe":41,"r":1459.8393856612,"rd":122.8583080769,"sigma":"0","rptime":1440838800,"rpr":1427.3826802321,"rprd":116.84146468108,"rpsigma":"0","acre":1000,"lacre":1000,"oldacre":"1000"},"endType":"normal"}