{"seed":[38047,39961,15849,16335],"turns":36,"p1":"Arrem","p2":"2Heatah","p1team":[{"name":"Pinsir","moves":["earthquake","swordsdance","return","closecombat"],"ability":"Mold Breaker","evs":{"hp":81,"atk":89,"def":85,"spa":85,"spd":85,"spe":85},"ivs":{"hp":31,"atk":31,"def":31,"spa":31,"spd":31,"spe":31},"item":"Pinsirite","level":76,"shiny":false},{"name":"Yveltal","moves":["roost","taunt","toxic","darkpulse"],"ability":"Dark Aura","evs":{"hp":81,"atk":85,"def":85,"spa":89,"spd":85,"spe":85},"ivs":{"hp":31,"atk":31,"def":31,"spa":31,"spd":31,"spe":31},"item":"Leftovers","level":73,"shiny":false},{"name":"Aggron","moves":["headsmash","autotomize","earthquake","heavyslam"],"ability":"Rock Head","evs":{"hp":85,"atk":85,"def":85,"spa":85,"spd":85,"spe":85},"ivs":{"hp":31,"atk":31,"def":31,"spa":31,"spd":31,"spe":31},"item":"Air Balloon","level":79,"shiny":false},{"name":"Cobalion","moves":["closecombat","swordsdance","ironhead","substitute"],"ability":"Justified","evs":{"hp":85,"atk":85,"def":85,"spa":85,"spd":85,"spe":85},"ivs":{"hp":31,"atk":31,"def":31,"spa":31,"spd":31,"spe":31},"item":"Leftovers","level":77,"shiny":false},{"name":"Claydol","moves":["psychic","toxic","earthquake","icebeam"],"ability":"Levitate","evs":{"hp":85,"atk":85,"def":85,"spa":85,"spd":85,"spe":85},"ivs":{"hp":31,"atk":31,"def":31,"spa":31,"spd":31,"spe":31},"item":"Leftovers","level":81,"shiny":false},{"name":"Mightyena","moves":["suckerpunch","playrough","irontail","crunch"],"ability":"Intimidate","evs":{"hp":85,"atk":85,"def":85,"spa":85,"spd":85,"spe":85},"ivs":{"hp":31,"atk":31,"def":31,"spa":31,"spd":31,"spe":31},"item":"Expert Belt","level":83,"shiny":false}],"p2team":[{"name":"Rotom-Frost","moves":["painsplit","substitute","thunderbolt","willowisp"],"ability":"Levitate","evs":{"hp":85,"atk":85,"def":85,"spa":85,"spd":85,"spe":85},"ivs":{"hp":31,"atk":31,"def":31,"spa":31,"spd":31,"spe":31},"item":"Leftovers","level":83,"shiny":false},{"name":"Mewtwo","moves":["icebeam","taunt","willowisp","psystrike"],"ability":"Unnerve","evs":{"hp":85,"atk":85,"def":85,"spa":85,"spd":85,"spe":85},"ivs":{"hp":31,"atk":31,"def":31,"spa":31,"spd":31,"spe":31},"item":"Mewtwonite Y","level":73,"shiny":false},{"name":"Tangrowth","moves":["leechseed","synthesis","sleeppowder","leafstorm"],"ability":"Regenerator","evs":{"hp":85,"atk":85,"def":85,"spa":85,"spd":85,"spe":85},"ivs":{"hp":31,"atk":31,"def":31,"spa":31,"spd":31,"spe":31},"item":"Leftovers","level":79,"shiny":false},{"name":"Glaceon","moves":["healbell","toxic","protect","icebeam"],"ability":"Snow Cloak","evs":{"hp":81,"atk":85,"def":85,"spa":89,"spd":85,"spe":85},"ivs":{"hp":31,"atk":31,"def":31,"spa":31,"spd":31,"spe":31},"item":"Leftovers","level":83,"shiny":false},{"name":"Gyarados","moves":["rest","sleeptalk","dragondance","waterfall"],"ability":"Moxie","evs":{"hp":85,"atk":85,"def":85,"spa":85,"spd":85,"spe":85},"ivs":{"hp":31,"atk":31,"def":31,"spa":31,"spd":31,"spe":31},"item":"Leftovers","level":75,"shiny":false},{"name":"Blaziken","moves":["flareblitz","batonpass","swordsdance","knockoff"],"ability":"Speed Boost","evs":{"hp":85,"atk":85,"def":85,"spa":85,"spd":85,"spe":85},"ivs":{"hp":31,"atk":31,"def":31,"spa":31,"spd":31,"spe":31},"item":"Air Balloon","level":74,"shiny":false}],"log":["|player|p1|Arrem|1","|player|p2|2Heatah|130","|gametype|singles","|gen|6","|tier|Random Battle","|rated","|rule|Sleep Clause Mod: Limit one foe put to sleep","|rule|HP Percentage Mod: HP is shown in percentages","|","|start","|switch|p1a: Pinsir|Pinsir, L76, F|223/223","|switch|p2a: Rotom-Frost|Rotom-Frost, L83|219/219","|-ability|p1a: Pinsir|Mold Breaker","|turn|1","|","|switch|p1a: Claydol|Claydol, L81|230/230","|move|p2a: Rotom-Frost|Will-O-Wisp|p1a: Claydol","|-status|p1a: Claydol|brn","|","|-damage|p1a: Claydol|202/230 brn|[from] brn","|turn|2","|","|switch|p2a: Glaceon|Glaceon, L83, F|243/243","|move|p1a: Claydol|Psychic|p2a: Glaceon","|-damage|p2a: Glaceon|179/243","|-unboost|p2a: Glaceon|spd|1","|","|-heal|p1a: Claydol|216/230 brn|[from] item: Leftovers","|-heal|p2a: Glaceon|194/243|[from] item: Leftovers","|-damage|p1a: Claydol|188/230 brn|[from] brn","|turn|3","|","|switch|p1a: Cobalion|Cobalion, L77|267/267","|move|p2a: Glaceon|Ice Beam|p1a: Cobalion","|-resisted|p1a: Cobalion","|-damage|p1a: Cobalion|195/267","|","|-heal|p1a: Cobalion|211/267|[from] item: Leftovers","|-heal|p2a: Glaceon|209/243|[from] item: Leftovers","|turn|4","|","|switch|p2a: Blaziken|Blaziken, L74, M|240/240","|-item|p2a: Blaziken|Air Balloon","|move|p1a: Cobalion|Close Combat|p2a: Blaziken","|-damage|p2a: Blaziken|98/240","|-enditem|p2a: Blaziken|Air Balloon","|-unboost|p1a: Cobalion|def|1","|-unboost|p1a: Cobalion|spd|1","|","|-heal|p1a: Cobalion|227/267|[from] item: Leftovers","|turn|5","|","|switch|p1a: Claydol|Claydol, L81|188/230 brn","|move|p2a: Blaziken|Flare Blitz|p1a: Claydol","|-damage|p1a: Claydol|79/230 brn","|-damage|p2a: Blaziken|62/240|[from] recoil|[of] p1a: Claydol","|","|-heal|p1a: Claydol|93/230 brn|[from] item: Leftovers","|-damage|p1a: Claydol|65/230 brn|[from] brn","|-boost|p2a: Blaziken|spe|1|[from] ability: Speed Boost","|turn|6","|","|move|p2a: Blaziken|Flare Blitz|p1a: Claydol","|-damage|p1a: Claydol|0 fnt","|-damage|p2a: Blaziken|41/240|[from] recoil|[of] p1a: Claydol","|faint|p1a: Claydol","|","|-boost|p2a: Blaziken|spe|1|[from] ability: Speed Boost","|","|switch|p1a: Mightyena|Mightyena, L83, F|252/252","|-ability|p1a: Mightyena|Intimidate","|-unboost|p2a: Blaziken|atk|1","|turn|7","|","|switch|p2a: Tangrowth|Tangrowth, L79, F|288/288","|move|p1a: Mightyena|Sucker Punch|p2a: Tangrowth","|-fail|p1a: Mightyena","|","|turn|8","|","|switch|p1a: Aggron|Aggron, L79, F|240/240","|-item|p1a: Aggron|Air Balloon","|move|p2a: Tangrowth|Sleep Powder|p1a: Aggron","|-status|p1a: Aggron|slp","|","|turn|9","|","|switch|p1a: Yveltal|Yveltal, L73|304/304","|-ability|p1a: Yveltal|Dark Aura","|move|p2a: Tangrowth|Leech Seed|p1a: Yveltal","|-start|p1a: Yveltal|move: Leech Seed","|","|-damage|p1a: Yveltal|266/304|[from] Leech Seed|[of] p2a: Tangrowth","|turn|10","|","|switch|p2a: Gyarados|Gyarados, L75, M|266/266","|move|p1a: Yveltal|Taunt|p2a: Gyarados","|-start|p2a: Gyarados|move: Taunt","|","|-heal|p1a: Yveltal|285/304|[from] item: Leftovers","|-damage|p1a: Yveltal|247/304|[from] Leech Seed|[of] p2a: Gyarados","|turn|11","|","|switch|p1a: Mightyena|Mightyena, L83, F|252/252","|-ability|p1a: Mightyena|Intimidate","|-unboost|p2a: Gyarados|atk|1","|move|p2a: Gyarados|Waterfall|p1a: Mightyena","|-crit|p1a: Mightyena","|-damage|p1a: Mightyena|98/252","|","|turn|12","|","|switch|p2a: Tangrowth|Tangrowth, L79, F|288/288","|move|p1a: Mightyena|Sucker Punch|p2a: Tangrowth","|-fail|p1a: Mightyena","|","|turn|13","|","|move|p1a: Mightyena|Crunch|p2a: Tangrowth","|-damage|p2a: Tangrowth|222/288","|-unboost|p2a: Tangrowth|def|1","|move|p2a: Tangrowth|Leaf Storm|p1a: Mightyena","|-damage|p1a: Mightyena|0 fnt","|-unboost|p2a: Tangrowth|spa|2","|faint|p1a: Mightyena","|","|-heal|p2a: Tangrowth|240/288|[from] item: Leftovers","|","|switch|p1a: Pinsir|Pinsir, L76, F|223/223","|-ability|p1a: Pinsir|Mold Breaker","|turn|14","|","|switch|p2a: Rotom-Frost|Rotom-Frost, L83|219/219","|detailschange|p1a: Pinsir|Pinsir-Mega, L76, F","|-mega|p1a: Pinsir|Pinsir|Pinsirite","|move|p1a: Pinsir|Swords Dance|p1a: Pinsir","|-boost|p1a: Pinsir|atk|2","|","|turn|15","|","|move|p1a: Pinsir|Close Combat|p2a: Rotom-Frost","|-crit|p2a: Rotom-Frost","|-supereffective|p2a: Rotom-Frost","|-damage|p2a: Rotom-Frost|0 fnt","|-unboost|p1a: Pinsir|def|1","|-unboost|p1a: Pinsir|spd|1","|faint|p2a: Rotom-Frost","|","|","|switch|p2a: Mewtwo|Mewtwo, L73|275/275","|-ability|p2a: Mewtwo|Unnerve|p1: Arrem","|turn|16","|","|detailschange|p2a: Mewtwo|Mewtwo-Mega-Y, L73","|-mega|p2a: Mewtwo|Mewtwo|Mewtwonite Y","|move|p2a: Mewtwo|Will-O-Wisp|p1a: Pinsir","|-status|p1a: Pinsir|brn","|move|p1a: Pinsir|Return|p2a: Mewtwo","|-damage|p2a: Mewtwo|48/275","|","|-damage|p1a: Pinsir|196/223 brn|[from] brn","|turn|17","|","|move|p2a: Mewtwo|Ice Beam|p1a: Pinsir","|-supereffective|p1a: Pinsir","|-damage|p1a: Pinsir|0 fnt","|faint|p1a: Pinsir","|","|","|switch|p1a: Cobalion|Cobalion, L77|227/267","|turn|18","|","|move|p2a: Mewtwo|Psystrike|p1a: Cobalion","|-damage|p1a: Cobalion|109/267","|move|p1a: Cobalion|Iron Head|p2a: Mewtwo","|-damage|p2a: Mewtwo|0 fnt","|faint|p2a: Mewtwo","|","|-heal|p1a: Cobalion|125/267|[from] item: Leftovers","|","|switch|p2a: Blaziken|Blaziken, L74, M|41/240","|turn|19","|","|move|p1a: Cobalion|Substitute|p1a: Cobalion","|-start|p1a: Cobalion|Substitute","|-damage|p1a: Cobalion|59/267","|move|p2a: Blaziken|Flare Blitz|p1a: Cobalion","|-supereffective|p1a: Cobalion","|-end|p1a: Cobalion|Substitute","|-damage|p2a: Blaziken|19/240|[from] recoil|[of] p1a: Cobalion","|","|-heal|p1a: Cobalion|75/267|[from] item: Leftovers","|-boost|p2a: Blaziken|spe|1|[from] ability: Speed Boost","|turn|20","|","|switch|p1a: Yveltal|Yveltal, L73|247/304","|-ability|p1a: Yveltal|Dark Aura","|move|p2a: Blaziken|Flare Blitz|p1a: Yveltal","|-damage|p1a: Yveltal|129/304","|-damage|p2a: Blaziken|0 fnt|[from] recoil|[of] p1a: Yveltal","|faint|p2a: Blaziken","|","|-heal|p1a: Yveltal|148/304|[from] item: Leftovers","|","|switch|p2a: Glaceon|Glaceon, L83, F|209/243","|turn|21","|","|switch|p1a: Aggron|Aggron, L79, F|240/240 slp","|-item|p1a: Aggron|Air Balloon","|move|p2a: Glaceon|Ice Beam|p1a: Aggron","|-resisted|p1a: Aggron","|-damage|p1a: Aggron|150/240 slp","|-enditem|p1a: Aggron|Air Balloon","|","|-heal|p2a: Glaceon|224/243|[from] item: Leftovers","|turn|22","|","|move|p2a: Glaceon|Ice Beam|p1a: Aggron","|-resisted|p1a: Aggron","|-damage|p1a: Aggron|62/240 slp","|cant|p1a: Aggron|slp","|","|-heal|p2a: Glaceon|239/243|[from] item: Leftovers","|turn|23","|","|switch|p1a: Cobalion|Cobalion, L77|75/267","|move|p2a: Glaceon|Ice Beam|p1a: Cobalion","|-resisted|p1a: Cobalion","|-damage|p1a: Cobalion|3/267","|","|-heal|p1a: Cobalion|19/267|[from] item: Leftovers","|-heal|p2a: Glaceon|243/243|[from] item: Leftovers","|turn|24","|","|move|p1a: Cobalion|Close Combat|p2a: Glaceon","|-supereffective|p2a: Glaceon","|-damage|p2a: Glaceon|67/243","|-unboost|p1a: Cobalion|def|1","|-unboost|p1a: Cobalion|spd|1","|move|p2a: Glaceon|Ice Beam|p1a: Cobalion","|-resisted|p1a: Cobalion","|-damage|p1a: Cobalion|0 fnt","|faint|p1a: Cobalion","|","|-heal|p2a: Glaceon|82/243|[from] item: Leftovers","|","|switch|p1a: Yveltal|Yveltal, L73|148/304","|-ability|p1a: Yveltal|Dark Aura","|turn|25","|","|move|p2a: Glaceon|Protect|p2a: Glaceon","|-singleturn|p2a: Glaceon|Protect","|move|p1a: Yveltal|Roost|p1a: Yveltal","|-heal|p1a: Yveltal|300/304","|","|-heal|p1a: Yveltal|304/304|[from] item: Leftovers","|-heal|p2a: Glaceon|97/243|[from] item: Leftovers","|turn|26","|","|move|p1a: Yveltal|Dark Pulse|p2a: Glaceon","|-damage|p2a: Glaceon|0 fnt","|faint|p2a: Glaceon","|","|","|switch|p2a: Gyarados|Gyarados, L75, M|266/266","|turn|27","|","|move|p1a: Yveltal|Taunt|p2a: Gyarados","|-start|p2a: Gyarados|move: Taunt","|cant|p2a: Gyarados|move: Taunt|Dragon Dance","|","|turn|28","|","|move|p1a: Yveltal|Toxic|p2a: Gyarados","|-status|p2a: Gyarados|tox","|move|p2a: Gyarados|Waterfall|p1a: Yveltal","|-crit|p1a: Yveltal","|-damage|p1a: Yveltal|174/304","|","|-heal|p1a: Yveltal|193/304|[from] item: Leftovers","|-damage|p2a: Gyarados|250/266 tox|[from] psn","|turn|29","|","|move|p1a: Yveltal|Dark Pulse|p2a: Gyarados","|-damage|p2a: Gyarados|145/266 tox","|move|p2a: Gyarados|Waterfall|p1a: Yveltal","|-damage|p1a: Yveltal|100/304","|","|-heal|p1a: Yveltal|119/304|[from] item: Leftovers","|-heal|p2a: Gyarados|161/266 tox|[from] item: Leftovers","|-damage|p2a: Gyarados|129/266 tox|[from] psn","|-end|p2a: Gyarados|move: Taunt","|turn|30","|","|move|p1a: Yveltal|Roost|p1a: Yveltal","|-heal|p1a: Yveltal|271/304","|move|p2a: Gyarados|Rest|p2a: Gyarados","|-status|p2a: Gyarados|slp","|-heal|p2a: Gyarados|266/266 slp|[silent]","|-status|p2a: Gyarados|slp|[from] move: Rest","|","|-heal|p1a: Yveltal|290/304|[from] item: Leftovers","|turn|31","|","|move|p1a: Yveltal|Dark Pulse|p2a: Gyarados","|-damage|p2a: Gyarados|163/266 slp","|cant|p2a: Gyarados|slp","|move|p2a: Gyarados|Sleep Talk|p2a: Gyarados","|move|p2a: Gyarados|Waterfall|p1a: Yveltal|[from]Sleep Talk","|-damage|p1a: Yveltal|197/304","|","|-heal|p1a: Yveltal|216/304|[from] item: Leftovers","|-heal|p2a: Gyarados|179/266 slp|[from] item: Leftovers","|turn|32","|","|move|p1a: Yveltal|Dark Pulse|p2a: Gyarados","|-damage|p2a: Gyarados|61/266 slp","|cant|p2a: Gyarados|slp","|move|p2a: Gyarados|Sleep Talk|p2a: Gyarados","|move|p2a: Gyarados|Rest|p2a: Gyarados|[from]Sleep Talk","|-fail|p2a: Gyarados","|","|-heal|p1a: Yveltal|235/304|[from] item: Leftovers","|-heal|p2a: Gyarados|77/266 slp|[from] item: Leftovers","|turn|33","|","|move|p1a: Yveltal|Dark Pulse|p2a: Gyarados","|-damage|p2a: Gyarados|0 fnt","|faint|p2a: Gyarados","|","|-heal|p1a: Yveltal|254/304|[from] item: Leftovers","|","|switch|p2a: Tangrowth|Tangrowth, L79, F|288/288","|turn|34","|","|move|p1a: Yveltal|Toxic|p2a: Tangrowth","|-status|p2a: Tangrowth|tox","|move|p2a: Tangrowth|Sleep Powder|p1a: Yveltal","|-message|Sleep Clause Mod activated.","|-immune|p1a: Yveltal|[msg]","|","|-heal|p1a: Yveltal|273/304|[from] item: Leftovers","|-damage|p2a: Tangrowth|270/288 tox|[from] psn","|turn|35","|","|move|p1a: Yveltal|Dark Pulse|p2a: Tangrowth","|-damage|p2a: Tangrowth|96/288 tox","|move|p2a: Tangrowth|Leech Seed|p1a: Yveltal","|-start|p1a: Yveltal|move: Leech Seed","|","|-heal|p1a: Yveltal|292/304|[from] item: Leftovers","|-heal|p2a: Tangrowth|114/288 tox|[from] item: Leftovers","|-damage|p1a: Yveltal|254/304|[from] Leech Seed|[of] p2a: Tangrowth","|-heal|p2a: Tangrowth|152/288 tox|[silent]","|-damage|p2a: Tangrowth|116/288 tox|[from] psn","|turn|36","|","|move|p1a: Yveltal|Dark Pulse|p2a: Tangrowth","|-damage|p2a: Tangrowth|0 fnt","|faint|p2a: Tangrowth","|","|win|Arrem"],"p1rating":{"entryid":"546956","serverid":"eos","formatid":"randombattle","userid":"arrem","username":"Arrem","w":4,"l":"0","t":"0","gxe":65,"r":"1572.5671258289","rd":"116.77753930647","sigma":"0","rptime":"1440752400","rpr":1622.0822161193,"rprd":107.2276892149,"rpsigma":"0","acre":1120.1478843257,"lacre":1120.1478843257,"oldacre":"1102.3035987166"},"p2rating":{"entryid":597830,"formatid":"randombattle","userid":"2heatah","username":"2Heatah","r":1500,"rd":130,"sigma":0,"rpr":1467.1072966966,"rprd":122.92123760266,"rpsigma":0,"rptime":1440752400,"w":0,"l":1,"t":0,"gxe":45.9,"acre":1000,"lacre":1000,"oldacre":1000},"endType":"normal"}