{"seed":[20350,13612,28630,51433],"turns":29,"p1":"Frost555555","p2":"45DG","p1team":[{"name":"Wormadam","moves":["toxic","protect","signalbeam","synthesis"],"ability":"Overcoat","evs":{"hp":85,"atk":85,"def":85,"spa":85,"spd":85,"spe":85},"ivs":{"hp":31,"atk":31,"def":31,"spa":31,"spd":31,"spe":31},"item":"Leftovers","level":83,"shiny":false},{"name":"Aurorus","moves":["encore","thunderwave","stealthrock","hypervoice"],"ability":"Refrigerate","evs":{"hp":81,"atk":85,"def":85,"spa":89,"spd":85,"spe":85},"ivs":{"hp":31,"atk":31,"def":31,"spa":31,"spd":31,"spe":31},"item":"Leftovers","level":81,"shiny":false},{"name":"Volbeat","moves":["bugbuzz","tailglow","encore","batonpass"],"ability":"Prankster","evs":{"hp":81,"atk":85,"def":85,"spa":89,"spd":85,"spe":85},"ivs":{"hp":31,"atk":31,"def":31,"spa":31,"spd":31,"spe":31},"item":"Leftovers","level":83,"shiny":false},{"name":"Garbodor","moves":["toxicspikes","toxic","painsplit","gunkshot"],"ability":"Aftermath","evs":{"hp":85,"atk":85,"def":85,"spa":85,"spd":85,"spe":85},"ivs":{"hp":31,"atk":31,"def":31,"spa":31,"spd":31,"spe":31},"item":"Black Sludge","level":81,"shiny":false},{"name":"Sceptile","moves":["substitute","dragonpulse","earthquake","hiddenpowerfire"],"ability":"Overgrow","evs":{"hp":85,"atk":85,"def":85,"spa":85,"spd":85,"spe":85},"ivs":{"hp":31,"atk":30,"def":31,"spa":30,"spd":31,"spe":30},"item":"Sceptilite","level":77,"shiny":false},{"name":"Spiritomb","moves":["shadowsneak","darkpulse","painsplit","suckerpunch"],"ability":"Infiltrator","evs":{"hp":85,"atk":85,"def":85,"spa":85,"spd":85,"spe":85},"ivs":{"hp":31,"atk":31,"def":31,"spa":31,"spd":31,"spe":31},"item":"Life Orb","level":79,"shiny":false}],"p2team":[{"name":"Cradily","moves":["stealthrock","toxic","gigadrain","recover"],"ability":"Storm Drain","evs":{"hp":85,"atk":85,"def":85,"spa":85,"spd":85,"spe":85},"ivs":{"hp":31,"atk":31,"def":31,"spa":31,"spd":31,"spe":31},"item":"Leftovers","level":81,"shiny":false},{"name":"Sableye","moves":["calmmind","shadowball","recover","darkpulse"],"ability":"Prankster","evs":{"hp":85,"atk":85,"def":85,"spa":85,"spd":85,"spe":85},"ivs":{"hp":31,"atk":31,"def":31,"spa":31,"spd":31,"spe":31},"item":"Sablenite","level":75,"shiny":false},{"name":"Hawlucha","moves":["thunderpunch","highjumpkick","acrobatics","substitute"],"ability":"Unburden","evs":{"hp":85,"atk":85,"def":85,"spa":85,"spd":85,"spe":85},"ivs":{"hp":31,"atk":31,"def":31,"spa":31,"spd":31,"spe":31},"item":"Flying Gem","level":76,"shiny":false},{"name":"Gardevoir","moves":["shadowball","willowisp","moonblast","thunderbolt"],"ability":"Trace","evs":{"hp":85,"atk":85,"def":85,"spa":85,"spd":85,"spe":85},"ivs":{"hp":31,"atk":31,"def":31,"spa":31,"spd":31,"spe":31},"item":"Life Orb","level":79,"shiny":false},{"name":"Vespiquen","moves":["healorder","substitute","defendorder","attackorder"],"ability":"Unnerve","evs":{"hp":81,"atk":89,"def":85,"spa":85,"spd":85,"spe":85},"ivs":{"hp":31,"atk":31,"def":31,"spa":31,"spd":31,"spe":31},"item":"Leftovers","level":83,"shiny":false},{"name":"Golurk","moves":["shadowpunch","rockpolish","earthquake","icepunch"],"ability":"Iron Fist","evs":{"hp":85,"atk":85,"def":85,"spa":85,"spd":85,"spe":85},"ivs":{"hp":31,"atk":31,"def":31,"spa":31,"spd":31,"spe":31},"item":"Life Orb","level":81,"shiny":false}],"log":["|player|p1|Frost555555|102","|player|p2|45DG|1","|gametype|singles","|gen|6","|tier|Random Battle","|rated","|rule|Sleep Clause Mod: Limit one foe put to sleep","|rule|HP Percentage Mod: HP is shown in percentages","|","|start","|switch|p1a: Wormadam|Wormadam, L83, F|235/235","|switch|p2a: Cradily|Cradily, L81, M|272/272","|turn|1","|","|move|p1a: Wormadam|Protect|p1a: Wormadam","|-singleturn|p1a: Wormadam|Protect","|move|p2a: Cradily|Toxic|p1a: Wormadam","|-activate|p1a: Wormadam|Protect","|","|turn|2","|","|move|p2a: Cradily|Stealth Rock|p1a: Wormadam","|-sidestart|p1: Frost555555|move: Stealth Rock","|move|p1a: Wormadam|Toxic|p2a: Cradily","|-status|p2a: Cradily|tox","|","|-damage|p2a: Cradily|255/272 tox|[from] psn","|turn|3","|","|move|p1a: Wormadam|Protect|p1a: Wormadam","|-singleturn|p1a: Wormadam|Protect","|move|p2a: Cradily|Toxic|p1a: Wormadam","|-activate|p1a: Wormadam|Protect","|","|-heal|p2a: Cradily|272/272 tox|[from] item: Leftovers","|-damage|p2a: Cradily|238/272 tox|[from] psn","|turn|4","|","|switch|p1a: Garbodor|Garbodor, L81, F|262/262","|-damage|p1a: Garbodor|230/262|[from] Stealth Rock","|move|p2a: Cradily|Giga Drain|p1a: Garbodor","|-resisted|p1a: Garbodor","|-damage|p1a: Garbodor|194/262","|-heal|p2a: Cradily|256/272 tox|[from] drain|[of] p1a: Garbodor","|","|-heal|p1a: Garbodor|210/262|[from] item: Black Sludge","|-heal|p2a: Cradily|272/272 tox|[from] item: Leftovers","|-damage|p2a: Cradily|221/272 tox|[from] psn","|turn|5","|","|switch|p2a: Gardevoir|Gardevoir, L79, F|237/237","|-ability|p2a: Gardevoir|Aftermath|[from] ability: Trace|[of] p1a: Garbodor","|move|p1a: Garbodor|Toxic Spikes|p2a: Gardevoir","|-sidestart|p2: 45DG|move: Toxic Spikes","|","|-heal|p1a: Garbodor|226/262|[from] item: Black Sludge","|turn|6","|","|move|p2a: Gardevoir|Thunderbolt|p1a: Garbodor","|-damage|p1a: Garbodor|121/262","|-status|p1a: Garbodor|par","|-damage|p2a: Gardevoir|214/237|[from] item: Life Orb","|move|p1a: Garbodor|Toxic Spikes|p2a: Gardevoir","|-sidestart|p2: 45DG|move: Toxic Spikes","|","|-heal|p1a: Garbodor|137/262 par|[from] item: Black Sludge","|turn|7","|","|move|p2a: Gardevoir|Shadow Ball|p1a: Garbodor","|-damage|p1a: Garbodor|49/262 par","|-damage|p2a: Gardevoir|191/237|[from] item: Life Orb","|cant|p1a: Garbodor|par","|","|-heal|p1a: Garbodor|65/262 par|[from] item: Black Sludge","|turn|8","|","|move|p2a: Gardevoir|Thunderbolt|p1a: Garbodor","|-damage|p1a: Garbodor|0 fnt","|-damage|p2a: Gardevoir|168/237|[from] item: Life Orb","|faint|p1a: Garbodor","|","|","|switch|p1a: Wormadam|Wormadam, L83, F|235/235","|-damage|p1a: Wormadam|177/235|[from] Stealth Rock","|turn|9","|","|move|p1a: Wormadam|Protect|p1a: Wormadam","|-singleturn|p1a: Wormadam|Protect","|move|p2a: Gardevoir|Will-O-Wisp|p1a: Wormadam","|-activate|p1a: Wormadam|Protect","|","|-heal|p1a: Wormadam|191/235|[from] item: Leftovers","|turn|10","|","|switch|p2a: Sableye|Sableye, L75, M|199/199","|-status|p2a: Sableye|tox","|move|p1a: Wormadam|Toxic|p2a: Sableye","|-fail|p2a: Sableye|tox","|","|-heal|p1a: Wormadam|205/235|[from] item: Leftovers","|-damage|p2a: Sableye|187/199 tox|[from] psn","|turn|11","|","|move|p2a: Sableye|Dark Pulse|p1a: Wormadam","|-damage|p1a: Wormadam|159/235","|move|p1a: Wormadam|Signal Beam|p2a: Sableye","|-damage|p2a: Sableye|99/199 tox","|","|-heal|p1a: Wormadam|173/235|[from] item: Leftovers","|-damage|p2a: Sableye|75/199 tox|[from] psn","|turn|12","|","|move|p1a: Wormadam|Protect|p1a: Wormadam","|-singleturn|p1a: Wormadam|Protect","|move|p2a: Sableye|Recover|p2a: Sableye","|-heal|p2a: Sableye|175/199 tox","|","|-heal|p1a: Wormadam|187/235|[from] item: Leftovers","|-damage|p2a: Sableye|139/199 tox|[from] psn","|turn|13","|","|move|p2a: Sableye|Calm Mind|p2a: Sableye","|-boost|p2a: Sableye|spa|1","|-boost|p2a: Sableye|spd|1","|move|p1a: Wormadam|Signal Beam|p2a: Sableye","|-crit|p2a: Sableye","|-damage|p2a: Sableye|3/199 tox","|","|-heal|p1a: Wormadam|201/235|[from] item: Leftovers","|-damage|p2a: Sableye|0 fnt|[from] psn","|faint|p2a: Sableye","|","|switch|p2a: Hawlucha|Hawlucha, L76, M|244/244","|turn|14","|","|switch|p1a: Spiritomb|Spiritomb, L79, F|209/209","|-damage|p1a: Spiritomb|183/209|[from] Stealth Rock","|move|p2a: Hawlucha|Substitute|p2a: Hawlucha","|-start|p2a: Hawlucha|Substitute","|-damage|p2a: Hawlucha|183/244","|","|turn|15","|","|move|p2a: Hawlucha|Thunder Punch|p1a: Spiritomb","|-damage|p1a: Spiritomb|146/209","|move|p1a: Spiritomb|Dark Pulse|p2a: Hawlucha","|-resisted|p2a: Hawlucha","|-damage|p2a: Hawlucha|117/244","|-damage|p1a: Spiritomb|126/209|[from] item: Life Orb","|","|turn|16","|","|move|p2a: Hawlucha|Acrobatics|p1a: Spiritomb","|-enditem|p2a: Hawlucha|Flying Gem|[from] gem|[move] Acrobatics","|-damage|p1a: Spiritomb|23/209","|move|p1a: Spiritomb|Pain Split|p2a: Hawlucha","|-sethp|p2a: Hawlucha|70/244|p1a: Spiritomb|70/209|[from] move: Pain Split","|","|turn|17","|","|move|p1a: Spiritomb|Shadow Sneak|p2a: Hawlucha","|-damage|p2a: Hawlucha|6/244","|-damage|p1a: Spiritomb|50/209|[from] item: Life Orb","|move|p2a: Hawlucha|High Jump Kick|p1a: Spiritomb","|-immune|p1a: Spiritomb|[msg]","|-damage|p2a: Hawlucha|0 fnt|[from] highjumpkick","|faint|p2a: Hawlucha","|","|","|switch|p2a: Golurk|Golurk, L81|277/277","|-status|p2a: Golurk|tox","|turn|18","|","|move|p2a: Golurk|Ice Punch|p1a: Spiritomb","|-damage|p1a: Spiritomb|0 fnt","|-damage|p2a: Golurk|250/277 tox|[from] item: Life Orb","|faint|p1a: Spiritomb","|","|-damage|p2a: Golurk|233/277 tox|[from] psn","|","|switch|p1a: Wormadam|Wormadam, L83, F|201/235","|-damage|p1a: Wormadam|143/235|[from] Stealth Rock","|turn|19","|","|move|p1a: Wormadam|Protect|p1a: Wormadam","|-singleturn|p1a: Wormadam|Protect","|move|p2a: Golurk|Rock Polish|p2a: Golurk","|-boost|p2a: Golurk|spe|2","|","|-heal|p1a: Wormadam|157/235|[from] item: Leftovers","|-damage|p2a: Golurk|199/277 tox|[from] psn","|turn|20","|","|move|p2a: Golurk|Earthquake|p1a: Wormadam","|-resisted|p1a: Wormadam","|-damage|p1a: Wormadam|114/235","|-damage|p2a: Golurk|172/277 tox|[from] item: Life Orb","|move|p1a: Wormadam|Synthesis|p1a: Wormadam","|-heal|p1a: Wormadam|231/235","|","|-heal|p1a: Wormadam|235/235|[from] item: Leftovers","|-damage|p2a: Golurk|121/277 tox|[from] psn","|turn|21","|","|move|p2a: Golurk|Shadow Punch|p1a: Wormadam","|-damage|p1a: Wormadam|110/235","|-damage|p2a: Golurk|94/277 tox|[from] item: Life Orb","|move|p1a: Wormadam|Signal Beam|p2a: Golurk","|-resisted|p2a: Golurk","|-damage|p2a: Golurk|55/277 tox","|-start|p2a: Golurk|confusion","|","|-heal|p1a: Wormadam|124/235|[from] item: Leftovers","|-damage|p2a: Golurk|0 fnt|[from] psn","|faint|p2a: Golurk","|","|switch|p2a: Vespiquen|Vespiquen, L83, F|251/251","|-ability|p2a: Vespiquen|Unnerve|p1: Frost555555","|turn|22","|","|move|p2a: Vespiquen|Defend Order|p2a: Vespiquen","|-boost|p2a: Vespiquen|def|1","|-boost|p2a: Vespiquen|spd|1","|move|p1a: Wormadam|Toxic|p2a: Vespiquen","|-status|p2a: Vespiquen|tox","|","|-heal|p1a: Wormadam|138/235|[from] item: Leftovers","|-damage|p2a: Vespiquen|236/251 tox|[from] psn","|turn|23","|","|move|p2a: Vespiquen|Attack Order|p1a: Wormadam","|-supereffective|p1a: Wormadam","|-damage|p1a: Wormadam|0 fnt","|faint|p1a: Wormadam","|","|-heal|p2a: Vespiquen|251/251 tox|[from] item: Leftovers","|-damage|p2a: Vespiquen|221/251 tox|[from] psn","|","|switch|p1a: Aurorus|Aurorus, L81, F|331/331","|-damage|p1a: Aurorus|249/331|[from] Stealth Rock","|turn|24","|","|move|p1a: Aurorus|Hyper Voice|p2a: Vespiquen","|-supereffective|p2a: Vespiquen","|-damage|p2a: Vespiquen|75/251 tox","|move|p2a: Vespiquen|Attack Order|p1a: Aurorus","|-damage|p1a: Aurorus|143/331","|","|-heal|p1a: Aurorus|163/331|[from] item: Leftovers","|-heal|p2a: Vespiquen|90/251 tox|[from] item: Leftovers","|-damage|p2a: Vespiquen|45/251 tox|[from] psn","|turn|25","|","|move|p1a: Aurorus|Hyper Voice|p2a: Vespiquen","|-supereffective|p2a: Vespiquen","|-damage|p2a: Vespiquen|0 fnt","|faint|p2a: Vespiquen","|","|-heal|p1a: Aurorus|183/331|[from] item: Leftovers","|","|switch|p2a: Cradily|Cradily, L81, M|221/272 tox","|turn|26","|","|move|p1a: Aurorus|Hyper Voice|p2a: Cradily","|-supereffective|p2a: Cradily","|-damage|p2a: Cradily|17/272 tox","|move|p2a: Cradily|Giga Drain|p1a: Aurorus","|-supereffective|p1a: Aurorus","|-damage|p1a: Aurorus|55/331","|-heal|p2a: Cradily|81/272 tox|[from] drain|[of] p1a: Aurorus","|","|-heal|p1a: Aurorus|75/331|[from] item: Leftovers","|-heal|p2a: Cradily|98/272 tox|[from] item: Leftovers","|-damage|p2a: Cradily|81/272 tox|[from] psn","|turn|27","|","|move|p1a: Aurorus|Hyper Voice|p2a: Cradily","|-supereffective|p2a: Cradily","|-damage|p2a: Cradily|0 fnt","|faint|p2a: Cradily","|","|-heal|p1a: Aurorus|95/331|[from] item: Leftovers","|","|switch|p2a: Gardevoir|Gardevoir, L79, F|168/237","|-status|p2a: Gardevoir|tox","|-ability|p2a: Gardevoir|Refrigerate|[from] ability: Trace|[of] p1a: Aurorus","|turn|28","|","|move|p2a: Gardevoir|Thunderbolt|p1a: Aurorus","|-damage|p1a: Aurorus|4/331","|-damage|p2a: Gardevoir|145/237 tox|[from] item: Life Orb","|move|p1a: Aurorus|Hyper Voice|p2a: Gardevoir","|-damage|p2a: Gardevoir|48/237 tox","|","|-heal|p1a: Aurorus|24/331|[from] item: Leftovers","|-damage|p2a: Gardevoir|34/237 tox|[from] psn","|turn|29","|","|move|p2a: Gardevoir|Thunderbolt|p1a: Aurorus","|-damage|p1a: Aurorus|0 fnt","|-damage|p2a: Gardevoir|11/237 tox|[from] item: Life Orb","|faint|p1a: Aurorus","|","|-damage|p2a: Gardevoir|0 fnt|[from] psn","|faint|p2a: Gardevoir","|","|win|Frost555555"],"p1rating":{"entryid":615916,"formatid":"randombattle","userid":"frost555555","username":"Frost555555","r":1500,"rd":130,"sigma":0,"rpr":1540.1606143388,"rprd":122.8583080769,"rpsigma":0,"rptime":1440838800,"w":1,"l":0,"t":0,"gxe":55,"acre":1044.584930701,"lacre":1044.584930701,"oldacre":1000},"p2rating":{"entryid":"615664","serverid":"eos","formatid":"randombattle","userid":"45dg","username":"45DG","w":"1","l":1,"t":"0","gxe":50,"r":"1500","rd":"130","sigma":"0","rptime":"1440838800","rpr":1500,"rprd":116.77753930647,"rpsigma":"0","acre":1022.1660277196,"lacre":1022.1660277196,"oldacre":"1040"},"endType":"normal"}