{"seed":[4029,40924,39615,51185],"turns":14,"p1":"All on the map","p2":"Felicita=double d","p1team":[{"name":"Venusaur","species":"Venusaur","item":"venusaurite","ability":"Chlorophyll","moves":["gigadrain","sludgebomb","leechseed","protect"],"nature":"Bold","evs":{"hp":252,"atk":0,"def":124,"spa":68,"spd":4,"spe":60},"shiny":true,"level":50,"ivs":{"hp":31,"atk":31,"def":31,"spa":31,"spd":31,"spe":31}},{"name":"Heatran","species":"Heatran","item":"leftovers","ability":"Flash Fire","moves":["heatwave","earthpower","substitute","protect"],"nature":"Modest","evs":{"hp":244,"atk":0,"def":148,"spa":44,"spd":4,"spe":68},"shiny":true,"level":50,"ivs":{"hp":31,"atk":31,"def":31,"spa":31,"spd":31,"spe":31}},{"name":"Rotom-Wash","species":"Rotom-Wash","item":"sitrusberry","ability":"Levitate","moves":["hydropump","thunderbolt","willowisp","protect"],"nature":"Calm","evs":{"hp":252,"atk":0,"def":44,"spa":4,"spd":76,"spe":132},"shiny":true,"level":50,"ivs":{"hp":31,"atk":31,"def":31,"spa":31,"spd":31,"spe":31}},{"name":"Landorus-Therian","species":"Landorus-Therian","item":"choicescarf","ability":"Intimidate","moves":["uturn","rockslide","earthquake","superpower"],"nature":"Adamant","evs":{"hp":12,"atk":220,"def":92,"spa":0,"spd":4,"spe":180},"shiny":true,"level":50,"ivs":{"hp":31,"atk":31,"def":31,"spa":31,"spd":31,"spe":31}},{"name":"Banette","species":"Banette","item":"banettite","ability":"Frisk","moves":["disable","willowisp","confuseray","protect"],"nature":"Calm","evs":{"hp":252,"atk":0,"def":60,"spa":0,"spd":196,"spe":0},"shiny":true,"level":50,"ivs":{"hp":31,"atk":31,"def":31,"spa":31,"spd":31,"spe":31}},{"name":"Scrafty","species":"Scrafty","item":"assaultvest","ability":"Intimidate","moves":["fakeout","drainpunch","knockoff","snarl"],"nature":"Brave","evs":{"hp":252,"atk":172,"def":80,"spa":0,"spd":4,"spe":0},"ivs":{"hp":31,"atk":31,"def":31,"spa":31,"spd":31,"spe":0},"shiny":true,"level":50}],"p2team":[{"name":"Kangaskhan","species":"Kangaskhan","item":"focussash","ability":"Inner Focus","moves":["fakeout","icywind","helpinghand","sunnyday"],"nature":"Jolly","evs":{"hp":4,"atk":252,"def":0,"spa":0,"spd":0,"spe":252},"level":50,"ivs":{"hp":31,"atk":31,"def":31,"spa":31,"spd":31,"spe":31}},{"name":"Chesnaught","species":"Chesnaught","item":"sitrusberry","ability":"Bulletproof","moves":["feint","lowkick","seedbomb","superfang"],"nature":"Sassy","evs":{"hp":224,"atk":60,"def":44,"spa":0,"spd":180,"spe":0},"level":50,"ivs":{"hp":31,"atk":31,"def":31,"spa":31,"spd":31,"spe":31}},{"name":"Salamence","species":"Salamence","item":"choicescarf","ability":"Intimidate","moves":["dracometeor","hiddenpowerice","fireblast","hydropump"],"nature":"Modest","evs":{"hp":0,"atk":0,"def":0,"spa":252,"spd":4,"spe":252},"ivs":{"hp":31,"atk":30,"def":30,"spa":31,"spd":31,"spe":31},"level":50},{"name":"Greninja","species":"Greninja","item":"lifeorb","ability":"Protean","moves":["protect","icebeam","scald","gunkshot"],"nature":"Hasty","evs":{"hp":0,"atk":4,"def":0,"spa":252,"spd":0,"spe":252},"level":50,"ivs":{"hp":31,"atk":31,"def":31,"spa":31,"spd":31,"spe":31}},{"name":"Aegislash","species":"Aegislash","item":"weaknesspolicy","ability":"Stance Change","moves":["kingsshield","shadowball","substitute","flashcannon"],"nature":"Modest","evs":{"hp":252,"atk":0,"def":0,"spa":252,"spd":0,"spe":0},"level":50,"ivs":{"hp":31,"atk":31,"def":31,"spa":31,"spd":31,"spe":31}},{"name":"Charizard","species":"Charizard","item":"charizarditey","ability":"Blaze","moves":["flamethrower","protect","solarbeam","hiddenpowerground"],"nature":"Modest","evs":{"hp":252,"atk":0,"def":4,"spa":52,"spd":12,"spe":188},"ivs":{"hp":31,"atk":31,"def":31,"spa":30,"spd":30,"spe":31},"level":50}],"log":["|player|p1|All on the map|122","|player|p2|Felicita=double d|40","|gametype|doubles","|gen|6","|tier|Battle Spot Doubles (VGC 2015)","|rated","|clearpoke","|poke|p1|Venusaur, L50, F, shiny","|poke|p1|Heatran, L50, M, shiny","|poke|p1|Rotom-Wash, L50, shiny","|poke|p1|Landorus-Therian, L50, M, shiny","|poke|p1|Banette, L50, F, shiny","|poke|p1|Scrafty, L50, F, shiny","|poke|p2|Kangaskhan, L50, F","|poke|p2|Chesnaught, L50, M","|poke|p2|Salamence, L50, F","|poke|p2|Greninja, L50, F","|poke|p2|Aegislash, L50, F","|poke|p2|Charizard, L50, M","|rule|Species Clause: Limit one of each Pokémon","|rule|Item Clause: Limit one of each item","|teampreview|4","|","|start","|switch|p1a: Banette|Banette, L50, F, shiny|171/171","|switch|p1b: Scrafty|Scrafty, L50, F, shiny|172/172","|switch|p2a: Kangaskhan|Kangaskhan, L50, F|181/181","|switch|p2b: Charizard|Charizard, L50, M|185/185","|-item|p2a: Kangaskhan|Focus Sash|[from] ability: Frisk|[of] p1a: Banette|[identify]","|-item|p2b: Charizard|Charizardite Y|[from] ability: Frisk|[of] p1a: Banette|[identify]","|-ability|p1b: Scrafty|Intimidate","|-unboost|p2a: Kangaskhan|atk|1","|-unboost|p2b: Charizard|atk|1","|turn|1","|","|detailschange|p2b: Charizard|Charizard-Mega-Y, L50, M","|-mega|p2b: Charizard|Charizard|Charizardite Y","|-weather|SunnyDay","|detailschange|p1a: Banette|Banette-Mega, L50, F, shiny","|-mega|p1a: Banette|Banette|Banettite","|move|p2a: Kangaskhan|Fake Out|p1b: Scrafty","|-damage|p1b: Scrafty|156/172","|cant|p1b: Scrafty|flinch","|move|p2b: Charizard|Flamethrower|p1a: Banette","|-damage|p1a: Banette|56/171","|move|p1a: Banette|Will-O-Wisp|p2a: Kangaskhan","|-status|p2a: Kangaskhan|brn","|","|-weather|SunnyDay|[upkeep]","|-damage|p2a: Kangaskhan|159/181 brn|[from] brn","|turn|2","|","|switch|p1b: Landorus-Therian|Landorus-Therian, L50, M, shiny|166/166","|-ability|p1b: Landorus-Therian|Intimidate","|-unboost|p2a: Kangaskhan|atk|1","|-unboost|p2b: Charizard|atk|1","|move|p2a: Kangaskhan|Helping Hand|p2b: Charizard","|-singleturn|p2b: Charizard|Helping Hand|[of] p2a: Kangaskhan","|move|p1a: Banette|Protect|p1a: Banette","|-singleturn|p1a: Banette|Protect","|move|p2b: Charizard|Hidden Power|p1a: Banette","|-activate|p1a: Banette|Protect","|","|-weather|SunnyDay|[upkeep]","|-damage|p2a: Kangaskhan|137/181 brn|[from] brn","|turn|3","|","|move|p2b: Charizard|Protect|p2b: Charizard","|-singleturn|p2b: Charizard|Protect","|move|p1a: Banette|Confuse Ray|p2a: Kangaskhan","|-start|p2a: Kangaskhan|confusion","|move|p1b: Landorus-Therian|Rock Slide|p2b: Charizard","|-damage|p2a: Kangaskhan|89/181 brn","|-activate|p2b: Charizard|Protect","|-activate|p2a: Kangaskhan|confusion","|-damage|p2a: Kangaskhan|83/181 brn|[from] confusion","|","|-weather|SunnyDay|[upkeep]","|-damage|p2a: Kangaskhan|61/181 brn|[from] brn","|turn|4","|","|switch|p2b: Salamence|Salamence, L50, F|170/170","|-ability|p2b: Salamence|Intimidate","|-unboost|p1a: Banette|atk|1","|-unboost|p1b: Landorus-Therian|atk|1","|move|p1a: Banette|Protect|p1a: Banette","|-singleturn|p1a: Banette|Protect","|move|p1b: Landorus-Therian|Rock Slide|p2a: Kangaskhan","|-damage|p2a: Kangaskhan|30/181 brn","|-supereffective|p2b: Salamence","|-damage|p2b: Salamence|110/170","|-end|p2a: Kangaskhan|confusion","|move|p2a: Kangaskhan|Icy Wind|p1b: Landorus-Therian","|-activate|p1a: Banette|Protect","|-supereffective|p1b: Landorus-Therian","|-damage|p1b: Landorus-Therian|134/166","|-unboost|p1b: Landorus-Therian|spe|1","|","|-weather|SunnyDay|[upkeep]","|-damage|p2a: Kangaskhan|8/181 brn|[from] brn","|turn|5","|","|move|p1a: Banette|Will-O-Wisp|p2b: Salamence","|-status|p2b: Salamence|brn","|move|p2b: Salamence|Draco Meteor|p1b: Landorus-Therian","|-damage|p1b: Landorus-Therian|0 fnt","|-unboost|p2b: Salamence|spa|2","|faint|p1b: Landorus-Therian","|move|p2a: Kangaskhan|Icy Wind|p1: Landorus-Therian","|-damage|p1a: Banette|46/171","|-unboost|p1a: Banette|spe|1","|","|-weather|none","|-damage|p2b: Salamence|89/170 brn|[from] brn","|-damage|p2a: Kangaskhan|0 fnt|[from] brn","|faint|p2a: Kangaskhan","|","|switch|p2a: Charizard|Charizard-Mega-Y, L50, M|185/185","|switch|p1b: Heatran|Heatran, L50, M, shiny|197/197","|-weather|SunnyDay","|turn|6","|","|move|p2a: Charizard|Protect|p2a: Charizard","|-singleturn|p2a: Charizard|Protect","|move|p1a: Banette|Disable|p2b: Salamence","|-start|p2b: Salamence|Disable|Draco Meteor","|cant|p2b: Salamence|Disable|Draco Meteor","|move|p1b: Heatran|Heat Wave|p2b: Salamence","|-activate|p2a: Charizard|Protect","|-resisted|p2b: Salamence","|-damage|p2b: Salamence|33/170 brn","|","|-weather|SunnyDay|[upkeep]","|-damage|p2b: Salamence|12/170 brn|[from] brn","|turn|7","|","|switch|p2b: Greninja|Greninja, L50, F|147/147","|move|p1a: Banette|Confuse Ray|p2b: Greninja","|-start|p2b: Greninja|confusion","|move|p2a: Charizard|Hidden Power|p1b: Heatran","|-supereffective|p1b: Heatran","|-damage|p1b: Heatran|41/197","|move|p1b: Heatran|Heat Wave|p2b: Greninja","|-resisted|p2a: Charizard","|-damage|p2a: Charizard|146/185","|-resisted|p2b: Greninja","|-damage|p2b: Greninja|86/147","|","|-weather|SunnyDay|[upkeep]","|-heal|p1b: Heatran|53/197|[from] item: Leftovers","|turn|8","|","|move|p2a: Charizard|Protect|p2a: Charizard","|-singleturn|p2a: Charizard|Protect","|move|p1a: Banette|Disable|p2a: Charizard","|-activate|p2a: Charizard|Protect","|-activate|p2b: Greninja|confusion","|-damage|p2b: Greninja|55/147|[from] confusion","|move|p1b: Heatran|Heat Wave|p2b: Greninja","|-activate|p2a: Charizard|Protect","|-resisted|p2b: Greninja","|-damage|p2b: Greninja|0 fnt","|faint|p2b: Greninja","|","|-weather|SunnyDay|[upkeep]","|-heal|p1b: Heatran|65/197|[from] item: Leftovers","|","|switch|p2b: Salamence|Salamence, L50, F|12/170 brn","|-ability|p2b: Salamence|Intimidate","|-unboost|p1a: Banette|atk|1","|-unboost|p1b: Heatran|atk|1","|turn|9","|","|move|p1a: Banette|Protect|p1a: Banette","|-singleturn|p1a: Banette|Protect","|move|p1b: Heatran|Protect|p1b: Heatran","|-singleturn|p1b: Heatran|Protect","|move|p2b: Salamence|Draco Meteor|p1a: Banette","|-activate|p1a: Banette|Protect","|move|p2a: Charizard|Hidden Power|p1b: Heatran","|-activate|p1b: Heatran|Protect","|","|-weather|SunnyDay|[upkeep]","|-heal|p1b: Heatran|77/197|[from] item: Leftovers","|-damage|p2b: Salamence|0 fnt|[from] brn","|faint|p2b: Salamence","|turn|10","|","|move|p2a: Charizard|Protect|p2a: Charizard","|-singleturn|p2a: Charizard|Protect","|move|p1a: Banette|Disable|p2a: Charizard","|-activate|p2a: Charizard|Protect","|move|p1b: Heatran|Heat Wave|p2a: Charizard","|-activate|p2a: Charizard|Protect","|","|-weather|none","|-heal|p1b: Heatran|89/197|[from] item: Leftovers","|turn|11","|","|move|p1a: Banette|Confuse Ray|p2a: Charizard","|-start|p2a: Charizard|confusion","|-activate|p2a: Charizard|confusion","|move|p2a: Charizard|Flamethrower|p1a: Banette","|-damage|p1a: Banette|0 fnt","|faint|p1a: Banette","|move|p1b: Heatran|Heat Wave|p2a: Charizard","|-miss|p1b: Heatran|p2a: Charizard","|","|-heal|p1b: Heatran|101/197|[from] item: Leftovers","|","|switch|p1a: Scrafty|Scrafty, L50, F, shiny|156/172","|-ability|p1a: Scrafty|Intimidate","|-unboost|p2a: Charizard|atk|1","|turn|12","|","|-activate|p2a: Charizard|confusion","|-damage|p2a: Charizard|132/185|[from] confusion","|move|p1a: Scrafty|Fake Out|p2a: Charizard","|-damage|p2a: Charizard|107/185","|move|p1b: Heatran|Substitute|p1b: Heatran","|-start|p1b: Heatran|Substitute","|-damage|p1b: Heatran|52/197","|","|-heal|p1b: Heatran|64/197|[from] item: Leftovers","|turn|13","|","|-activate|p2a: Charizard|confusion","|-damage|p2a: Charizard|94/185|[from] confusion","|move|p1b: Heatran|Heat Wave|p2a: Charizard","|-resisted|p2a: Charizard","|-damage|p2a: Charizard|58/185","|move|p1a: Scrafty|Snarl|p2a: Charizard","|-damage|p2a: Charizard|42/185","|-unboost|p2a: Charizard|spa|1","|","|-heal|p1b: Heatran|76/197|[from] item: Leftovers","|turn|14","|","|-end|p2a: Charizard|confusion","|move|p2a: Charizard|Flamethrower|p1a: Scrafty","|-damage|p1a: Scrafty|116/172","|move|p1b: Heatran|Heat Wave|p2a: Charizard","|-resisted|p2a: Charizard","|-damage|p2a: Charizard|4/185","|move|p1a: Scrafty|Drain Punch|p2a: Charizard","|-resisted|p2a: Charizard","|-damage|p2a: Charizard|0 fnt","|-heal|p1a: Scrafty|118/172|[from] drain|[of] p2a: Charizard","|faint|p2a: Charizard","|","|win|All on the map"],"p1rating":{"entryid":7474604,"formatid":"battlespotdoublesvgc2015","userid":"allonthemap","username":"All on the map","r":1500,"rd":130,"sigma":0,"rpr":1540.1606143388,"rprd":122.8583080769,"rpsigma":0,"rptime":1438938000,"w":1,"l":0,"t":0,"gxe":55,"acre":1040,"lacre":1040,"oldacre":1000},"p2rating":{"entryid":7474605,"formatid":"battlespotdoublesvgc2015","userid":"felicitadoubled","username":"Felicita=double d","r":1500,"rd":130,"sigma":0,"rpr":1459.8393856612,"rprd":122.8583080769,"rpsigma":0,"rptime":1438938000,"w":0,"l":1,"t":0,"gxe":45,"acre":1000,"lacre":1000,"oldacre":1000},"endType":"normal"}