{"seed":[14500,36,6511,27673],"turns":23,"p1":"rAiN/auReM","p2":"GTX♅Bzumzum","p1team":[{"name":"Kingler","moves":["crabhammer","rockslide","superpower","swordsdance"],"ability":"Sheer Force","evs":{"hp":85,"atk":85,"def":85,"spa":85,"spd":85,"spe":85},"ivs":{"hp":31,"atk":31,"def":31,"spa":31,"spd":31,"spe":31},"item":"Life Orb","level":83,"shiny":false},{"name":"Scrafty","moves":["bulkup","rest","drainpunch","icepunch"],"ability":"Moxie","evs":{"hp":85,"atk":85,"def":85,"spa":85,"spd":85,"spe":85},"ivs":{"hp":31,"atk":31,"def":31,"spa":31,"spd":31,"spe":31},"item":"Chesto Berry","level":79,"shiny":false},{"name":"Mew","moves":["roost","batonpass","nastyplot","psyshock"],"ability":"Synchronize","evs":{"hp":85,"atk":85,"def":85,"spa":85,"spd":85,"spe":85},"ivs":{"hp":31,"atk":31,"def":31,"spa":31,"spd":31,"spe":31},"item":"Leftovers","level":75,"shiny":false},{"name":"Thundurus-Therian","moves":["hiddenpowerflying","thunderbolt","voltswitch","focusblast"],"ability":"Volt Absorb","evs":{"hp":81,"atk":85,"def":85,"spa":89,"spd":85,"spe":85},"ivs":{"hp":30,"atk":30,"def":30,"spa":30,"spd":30,"spe":31},"item":"Choice Scarf","level":76,"shiny":false},{"name":"Tentacruel","moves":["sludgebomb","toxicspikes","protect","scald"],"ability":"Clear Body","evs":{"hp":85,"atk":85,"def":85,"spa":85,"spd":85,"spe":85},"ivs":{"hp":31,"atk":31,"def":31,"spa":31,"spd":31,"spe":31},"item":"Black Sludge","level":77,"shiny":false},{"name":"Reshiram","moves":["roost","toxic","stoneedge","blueflare"],"ability":"Turboblaze","evs":{"hp":85,"atk":85,"def":85,"spa":85,"spd":85,"spe":85},"ivs":{"hp":31,"atk":31,"def":31,"spa":31,"spd":31,"spe":31},"item":"Leftovers","level":73,"shiny":false}],"p2team":[{"name":"Conkeldurr","moves":["drainpunch","bulkup","icepunch","machpunch"],"ability":"Sheer Force","evs":{"hp":85,"atk":85,"def":85,"spa":85,"spd":85,"spe":85},"ivs":{"hp":31,"atk":31,"def":31,"spa":31,"spd":31,"spe":31},"item":"Life Orb","level":75,"shiny":false},{"name":"Leavanny","moves":["knockoff","stickyweb","leafblade","xscissor"],"ability":"Overcoat","evs":{"hp":81,"atk":89,"def":85,"spa":85,"spd":85,"spe":85},"ivs":{"hp":31,"atk":31,"def":31,"spa":31,"spd":31,"spe":31},"item":"Life Orb","level":83,"shiny":false},{"name":"Accelgor","moves":["gigadrain","focusblast","bugbuzz","hiddenpowerrock"],"ability":"Hydration","evs":{"hp":81,"atk":85,"def":85,"spa":89,"spd":85,"spe":85},"ivs":{"hp":31,"atk":31,"def":30,"spa":31,"spd":30,"spe":30},"item":"Choice Specs","level":79,"shiny":false},{"name":"Dunsparce","moves":["bodyslam","bite","rockslide","headbutt"],"ability":"Serene Grace","evs":{"hp":85,"atk":85,"def":85,"spa":85,"spd":85,"spe":85},"ivs":{"hp":31,"atk":31,"def":31,"spa":31,"spd":31,"spe":31},"item":"Life Orb","level":83,"shiny":false},{"name":"Dodrio","moves":["quickattack","knockoff","doubleedge","bravebird"],"ability":"Early Bird","evs":{"hp":85,"atk":85,"def":85,"spa":85,"spd":85,"spe":85},"ivs":{"hp":31,"atk":31,"def":31,"spa":31,"spd":31,"spe":31},"item":"Choice Band","level":83,"shiny":false},{"name":"Vileplume","moves":["hiddenpowerfire","sleeppowder","synthesis","gigadrain"],"ability":"Effect Spore","evs":{"hp":85,"atk":85,"def":85,"spa":85,"spd":85,"spe":85},"ivs":{"hp":31,"atk":30,"def":31,"spa":30,"spd":31,"spe":30},"item":"Black Sludge","level":81,"shiny":false}],"log":["|player|p1|rAiN/auReM|rainaurem.png","|player|p2|GTX♅Bzumzum|225","|gametype|singles","|gen|6","|tier|Random Battle","|rated","|rule|Sleep Clause Mod: Limit one foe put to sleep","|rule|HP Percentage Mod: HP is shown in percentages","|","|start","|switch|p1a: Kingler|Kingler, L83, F|227/227","|switch|p2a: Conkeldurr|Conkeldurr, L75, F|281/281","|turn|1","|","|move|p1a: Kingler|Crabhammer|p2a: Conkeldurr","|-crit|p2a: Conkeldurr","|-damage|p2a: Conkeldurr|11/281","|-damage|p1a: Kingler|205/227|[from] item: Life Orb","|move|p2a: Conkeldurr|Bulk Up|p2a: Conkeldurr","|-boost|p2a: Conkeldurr|atk|1","|-boost|p2a: Conkeldurr|def|1","|","|turn|2","|","|move|p2a: Conkeldurr|Mach Punch|p1a: Kingler","|-damage|p1a: Kingler|126/227","|-damage|p2a: Conkeldurr|0 fnt|[from] item: Life Orb","|faint|p2a: Conkeldurr","|move|p1a: Kingler|Crabhammer|p2: Conkeldurr|[notarget]","|-notarget","|","|","|switch|p2a: Accelgor|Accelgor, L79, M|255/255","|turn|3","|","|move|p2a: Accelgor|Giga Drain|p1a: Kingler","|-supereffective|p1a: Kingler","|-damage|p1a: Kingler|0 fnt","|faint|p1a: Kingler","|","|","|switch|p1a: Thundurus-Therian|Thundurus-Therian, L76, M|244/244","|turn|4","|","|switch|p2a: Dodrio|Dodrio, L83, F|235/235","|move|p1a: Thundurus-Therian|Thunderbolt|p2a: Dodrio","|-supereffective|p2a: Dodrio","|-damage|p2a: Dodrio|0 fnt","|faint|p2a: Dodrio","|","|","|switch|p2a: Dunsparce|Dunsparce, L83, M|302/302","|turn|5","|","|switch|p1a: Scrafty|Scrafty, L79, M|232/232","|move|p2a: Dunsparce|Rock Slide|p1a: Scrafty","|-resisted|p1a: Scrafty","|-damage|p1a: Scrafty|209/232","|-damage|p2a: Dunsparce|272/302|[from] item: Life Orb","|","|turn|6","|","|move|p1a: Scrafty|Bulk Up|p1a: Scrafty","|-boost|p1a: Scrafty|atk|1","|-boost|p1a: Scrafty|def|1","|move|p2a: Dunsparce|Headbutt|p1a: Scrafty","|-crit|p1a: Scrafty","|-damage|p1a: Scrafty|106/232","|-damage|p2a: Dunsparce|242/302|[from] item: Life Orb","|","|turn|7","|","|move|p1a: Scrafty|Drain Punch|p2a: Dunsparce","|-supereffective|p2a: Dunsparce","|-damage|p2a: Dunsparce|0 fnt","|-heal|p1a: Scrafty|227/232|[from] drain|[of] p2a: Dunsparce","|faint|p2a: Dunsparce","|-boost|p1a: Scrafty|atk|1|[from] ability: Moxie","|","|","|switch|p2a: Leavanny|Leavanny, L83, M|259/259","|turn|8","|","|move|p2a: Leavanny|X-Scissor|p1a: Scrafty","|-damage|p1a: Scrafty|157/232","|-damage|p2a: Leavanny|234/259|[from] item: Life Orb","|move|p1a: Scrafty|Ice Punch|p2a: Leavanny","|-supereffective|p2a: Leavanny","|-damage|p2a: Leavanny|48/259","|","|turn|9","|","|move|p2a: Leavanny|Knock Off|p1a: Scrafty","|-resisted|p1a: Scrafty","|-damage|p1a: Scrafty|143/232","|-enditem|p1a: Scrafty|Chesto Berry|[from] move: Knock Off|[of] p2a: Leavanny","|-damage|p2a: Leavanny|23/259|[from] item: Life Orb","|move|p1a: Scrafty|Drain Punch|p2a: Leavanny","|-resisted|p2a: Leavanny","|-damage|p2a: Leavanny|0 fnt","|-heal|p1a: Scrafty|155/232|[from] drain|[of] p2a: Leavanny","|faint|p2a: Leavanny","|-boost|p1a: Scrafty|atk|1|[from] ability: Moxie","|","|","|switch|p2a: Accelgor|Accelgor, L79, M|255/255","|turn|10","|","|move|p2a: Accelgor|Bug Buzz|p1a: Scrafty","|-damage|p1a: Scrafty|38/232","|move|p1a: Scrafty|Drain Punch|p2a: Accelgor","|-resisted|p2a: Accelgor","|-damage|p2a: Accelgor|109/255","|-heal|p1a: Scrafty|111/232|[from] drain|[of] p2a: Accelgor","|","|turn|11","|","|switch|p1a: Tentacruel|Tentacruel, L77, M|250/250","|move|p2a: Accelgor|Bug Buzz|p1a: Tentacruel","|-resisted|p1a: Tentacruel","|-damage|p1a: Tentacruel|199/250","|","|-heal|p1a: Tentacruel|214/250|[from] item: Black Sludge","|turn|12","|","|switch|p2a: Vileplume|Vileplume, L81, M|254/254","|move|p1a: Tentacruel|Sludge Bomb|p2a: Vileplume","|-damage|p2a: Vileplume|185/254","|","|-heal|p1a: Tentacruel|229/250|[from] item: Black Sludge","|-heal|p2a: Vileplume|200/254|[from] item: Black Sludge","|turn|13","|","|switch|p1a: Mew|Mew, L75|274/274","|move|p2a: Vileplume|Giga Drain|p1a: Mew","|-damage|p1a: Mew|195/274","|-heal|p2a: Vileplume|240/254|[from] drain|[of] p1a: Mew","|","|-heal|p1a: Mew|212/274|[from] item: Leftovers","|-heal|p2a: Vileplume|254/254|[from] item: Black Sludge","|turn|14","|","|move|p1a: Mew|Nasty Plot|p1a: Mew","|-boost|p1a: Mew|spa|2","|move|p2a: Vileplume|Sleep Powder|p1a: Mew","|-status|p1a: Mew|slp","|","|-heal|p1a: Mew|229/274 slp|[from] item: Leftovers","|turn|15","|","|cant|p1a: Mew|slp","|move|p2a: Vileplume|Hidden Power|p1a: Mew","|-damage|p1a: Mew|184/274 slp","|","|-heal|p1a: Mew|201/274 slp|[from] item: Leftovers","|turn|16","|","|switch|p2a: Accelgor|Accelgor, L79, M|109/255","|cant|p1a: Mew|slp","|","|-heal|p1a: Mew|218/274 slp|[from] item: Leftovers","|turn|17","|","|switch|p1a: Tentacruel|Tentacruel, L77, M|229/250","|move|p2a: Accelgor|Bug Buzz|p1a: Tentacruel","|-resisted|p1a: Tentacruel","|-damage|p1a: Tentacruel|172/250","|","|-heal|p1a: Tentacruel|187/250|[from] item: Black Sludge","|turn|18","|","|switch|p2a: Vileplume|Vileplume, L81, M|254/254","|move|p1a: Tentacruel|Sludge Bomb|p2a: Vileplume","|-damage|p2a: Vileplume|182/254","|","|-heal|p1a: Tentacruel|202/250|[from] item: Black Sludge","|-heal|p2a: Vileplume|197/254|[from] item: Black Sludge","|turn|19","|","|switch|p1a: Mew|Mew, L75|218/274 slp","|move|p2a: Vileplume|Sleep Powder|p1a: Mew","|-fail|p1a: Mew|slp","|","|-heal|p1a: Mew|235/274 slp|[from] item: Leftovers","|-heal|p2a: Vileplume|212/254|[from] item: Black Sludge","|turn|20","|","|-curestatus|p1a: Mew|slp","|move|p1a: Mew|Psyshock|p2a: Vileplume","|-supereffective|p2a: Vileplume","|-damage|p2a: Vileplume|68/254","|move|p2a: Vileplume|Sleep Powder|p1a: Mew","|-status|p1a: Mew|slp","|","|-heal|p1a: Mew|252/274 slp|[from] item: Leftovers","|-heal|p2a: Vileplume|83/254|[from] item: Black Sludge","|turn|21","|","|switch|p1a: Reshiram|Reshiram, L73|266/266","|-ability|p1a: Reshiram|Turboblaze","|move|p2a: Vileplume|Synthesis|p2a: Vileplume","|-heal|p2a: Vileplume|210/254","|","|-heal|p2a: Vileplume|225/254|[from] item: Black Sludge","|turn|22","|","|move|p1a: Reshiram|Blue Flare|p2a: Vileplume","|-supereffective|p2a: Vileplume","|-damage|p2a: Vileplume|0 fnt","|faint|p2a: Vileplume","|","|","|switch|p2a: Accelgor|Accelgor, L79, M|109/255","|turn|23","|","|move|p2a: Accelgor|Hidden Power|p1a: Reshiram","|-crit|p1a: Reshiram","|-supereffective|p1a: Reshiram","|-damage|p1a: Reshiram|116/266","|move|p1a: Reshiram|Blue Flare|p2a: Accelgor","|-supereffective|p2a: Accelgor","|-damage|p2a: Accelgor|0 fnt","|faint|p2a: Accelgor","|","|win|rAiN/auReM"],"p1rating":{"entryid":"6444477","serverid":"eos","formatid":"randombattle","userid":"rainaurem","username":"Rain ☆ Aurem","w":31,"l":"11","t":"0","gxe":69.1,"r":"1649.9141328965","rd":"57.706669509891","sigma":"0","rptime":"1438246800","rpr":1653.2104734035,"rprd":57.283838790318,"rpsigma":"0","acre":1190.3408511071,"lacre":1190.3408511071,"oldacre":"1177.0833822564"},"p2rating":{"entryid":"6837756","serverid":"eos","formatid":"randombattle","userid":"gtxbzumzum","username":"GTX♅Bzumzum","w":"0","l":6,"t":"0","gxe":31.4,"r":"1376.8649536273","rd":"110.16006130059","sigma":"0","rptime":"1438246800","rpr":1346.7477550188,"rprd":103.46309989551,"rpsigma":"0","acre":1000,"lacre":1000,"oldacre":"1000"},"endType":"normal"}