{"seed":[13834,30996,31653,48711],"turns":24,"p1":"rAiN/auReM","p2":"J'te souleve","p1team":[{"name":"Terrakion","moves":["stoneedge","earthquake","closecombat","stealthrock"],"ability":"Justified","evs":{"hp":85,"atk":85,"def":85,"spa":85,"spd":85,"spe":85},"ivs":{"hp":31,"atk":31,"def":31,"spa":31,"spd":31,"spe":31},"item":"Life Orb","level":76,"shiny":false},{"name":"Milotic","moves":["toxic","recover","dragontail","scald"],"ability":"Competitive","evs":{"hp":85,"atk":85,"def":85,"spa":85,"spd":85,"spe":85},"ivs":{"hp":31,"atk":31,"def":31,"spa":31,"spd":31,"spe":31},"item":"Leftovers","level":77,"shiny":false},{"name":"Carracosta","moves":["stoneedge","aquajet","earthquake","shellsmash"],"ability":"Sturdy","evs":{"hp":85,"atk":85,"def":85,"spa":85,"spd":85,"spe":85},"ivs":{"hp":31,"atk":31,"def":31,"spa":31,"spd":31,"spe":31},"item":"White Herb","level":83,"shiny":false},{"name":"Rotom-Heat","moves":["thunderbolt","voltswitch","willowisp","hiddenpowerice"],"ability":"Levitate","evs":{"hp":81,"atk":85,"def":85,"spa":89,"spd":85,"spe":85},"ivs":{"hp":31,"atk":30,"def":30,"spa":31,"spd":31,"spe":31},"item":"Life Orb","level":77,"shiny":false},{"name":"Steelix","moves":["earthquake","toxic","roar","stealthrock"],"ability":"Rock Head","evs":{"hp":85,"atk":85,"def":85,"spa":85,"spd":85,"spe":85},"ivs":{"hp":31,"atk":31,"def":31,"spa":31,"spd":31,"spe":31},"item":"Steelixite","level":79,"shiny":false},{"name":"Sandslash","moves":["rapidspin","toxic","stealthrock","earthquake"],"ability":"Sand Rush","evs":{"hp":85,"atk":85,"def":85,"spa":85,"spd":85,"spe":85},"ivs":{"hp":31,"atk":31,"def":31,"spa":31,"spd":31,"spe":31},"item":"Leftovers","level":81,"shiny":false}],"p2team":[{"name":"Glaceon","moves":["healbell","wish","toxic","icebeam"],"ability":"Snow Cloak","evs":{"hp":81,"atk":85,"def":85,"spa":89,"spd":85,"spe":85},"ivs":{"hp":31,"atk":31,"def":31,"spa":31,"spd":31,"spe":31},"item":"Focus Sash","level":83,"shiny":false},{"name":"Aegislash","moves":["kingsshield","shadowsneak","sacredsword","flashcannon"],"ability":"Stance Change","evs":{"hp":85,"atk":85,"def":85,"spa":85,"spd":85,"spe":85},"ivs":{"hp":31,"atk":31,"def":31,"spa":31,"spd":31,"spe":31},"item":"Life Orb","level":74,"shiny":false},{"name":"Mismagius","moves":["willowisp","destinybond","taunt","shadowball"],"ability":"Levitate","evs":{"hp":85,"atk":85,"def":85,"spa":85,"spd":85,"spe":85},"ivs":{"hp":31,"atk":31,"def":31,"spa":31,"spd":31,"spe":31},"item":"Leftovers","level":81,"shiny":false},{"name":"Illumise","moves":["encore","thunderbolt","bugbuzz","substitute"],"ability":"Prankster","evs":{"hp":81,"atk":85,"def":85,"spa":89,"spd":85,"spe":85},"ivs":{"hp":31,"atk":31,"def":31,"spa":31,"spd":31,"spe":31},"item":"Leftovers","level":83,"shiny":false},{"name":"Mienshao","moves":["swordsdance","substitute","batonpass","highjumpkick"],"ability":"Regenerator","evs":{"hp":85,"atk":85,"def":85,"spa":85,"spd":85,"spe":85},"ivs":{"hp":31,"atk":31,"def":31,"spa":31,"spd":31,"spe":31},"item":"Leftovers","level":77,"shiny":false},{"name":"Bisharp","moves":["knockoff","substitute","swordsdance","brickbreak"],"ability":"Defiant","evs":{"hp":85,"atk":85,"def":85,"spa":85,"spd":85,"spe":85},"ivs":{"hp":31,"atk":31,"def":31,"spa":31,"spd":31,"spe":31},"item":"Leftovers","level":75,"shiny":false}],"log":["|player|p1|rAiN/auReM|rainaurem.png","|player|p2|J'te souleve|1","|gametype|singles","|gen|6","|tier|Random Battle","|rated","|rule|Sleep Clause Mod: Limit one foe put to sleep","|rule|HP Percentage Mod: HP is shown in percentages","|","|start","|switch|p1a: Terrakion|Terrakion, L76|263/263","|switch|p2a: Glaceon|Glaceon, L83, M|243/243","|turn|1","|","|switch|p2a: Aegislash|Aegislash, L74, F|211/211","|move|p1a: Terrakion|Close Combat|p2a: Aegislash","|-immune|p2a: Aegislash|[msg]","|","|turn|2","|","|switch|p1a: Steelix|Steelix, L79, F|248/248","|move|p2a: Aegislash|King's Shield|p2a: Aegislash","|-fail|p2a: Aegislash","|","|turn|3","|","|detailschange|p1a: Steelix|Steelix-Mega, L79, F","|-mega|p1a: Steelix|Steelix|Steelixite","|move|p2a: Aegislash|King's Shield|p2a: Aegislash","|-singleturn|p2a: Aegislash|Protect","|move|p1a: Steelix|Stealth Rock|p2a: Aegislash","|-sidestart|p2: J'te souleve|move: Stealth Rock","|","|turn|4","|","|switch|p2a: Mienshao|Mienshao, L77, M|227/227","|-damage|p2a: Mienshao|213/227|[from] Stealth Rock","|move|p1a: Steelix|Earthquake|p2a: Mienshao","|-damage|p2a: Mienshao|35/227","|","|-heal|p2a: Mienshao|49/227|[from] item: Leftovers","|turn|5","|","|switch|p1a: Sandslash|Sandslash, L81, F|254/254","|move|p2a: Mienshao|High Jump Kick|p1a: Sandslash","|-damage|p1a: Sandslash|121/254","|","|-heal|p2a: Mienshao|63/227|[from] item: Leftovers","|-heal|p1a: Sandslash|136/254|[from] item: Leftovers","|turn|6","|","|switch|p2a: Bisharp|Bisharp, L75, M|221/221","|-damage|p2a: Bisharp|208/221|[from] Stealth Rock","|move|p1a: Sandslash|Earthquake|p2a: Bisharp","|-supereffective|p2a: Bisharp","|-damage|p2a: Bisharp|0 fnt","|faint|p2a: Bisharp","|","|-heal|p1a: Sandslash|151/254|[from] item: Leftovers","|","|switch|p2a: Mismagius|Mismagius, L81, F|230/230","|-damage|p2a: Mismagius|202/230|[from] Stealth Rock","|turn|7","|","|switch|p1a: Rotom-Heat|Rotom-Heat, L77|203/203","|move|p2a: Mismagius|Will-O-Wisp|p1a: Rotom-Heat","|-immune|p1a: Rotom-Heat|[msg]","|","|-heal|p2a: Mismagius|216/230|[from] item: Leftovers","|turn|8","|","|move|p2a: Mismagius|Shadow Ball|p1a: Rotom-Heat","|-damage|p1a: Rotom-Heat|116/203","|move|p1a: Rotom-Heat|Volt Switch|p2a: Mismagius","|-damage|p2a: Mismagius|134/230","|-damage|p1a: Rotom-Heat|96/203|[from] item: Life Orb","|","|switch|p1a: Milotic|Milotic, L77, F|273/273","|","|-heal|p2a: Mismagius|148/230|[from] item: Leftovers","|turn|9","|","|switch|p2a: Glaceon|Glaceon, L83, M|243/243","|-damage|p2a: Glaceon|183/243|[from] Stealth Rock","|move|p1a: Milotic|Scald|p2a: Glaceon","|-damage|p2a: Glaceon|111/243","|-status|p2a: Glaceon|brn","|","|-damage|p2a: Glaceon|81/243 brn|[from] brn","|turn|10","|","|move|p1a: Milotic|Scald|p2a: Glaceon","|-damage|p2a: Glaceon|6/243 brn","|move|p2a: Glaceon|Wish|p2a: Glaceon","|","|-damage|p2a: Glaceon|0 fnt|[from] brn","|faint|p2a: Glaceon","|","|switch|p2a: Mienshao|Mienshao, L77, M|138/227","|-damage|p2a: Mienshao|124/227|[from] Stealth Rock","|turn|11","|","|move|p2a: Mienshao|Swords Dance|p2a: Mienshao","|-boost|p2a: Mienshao|atk|2","|move|p1a: Milotic|Scald|p2a: Mienshao","|-damage|p2a: Mienshao|24/227","|","|-heal|p2a: Mienshao|145/227|[from] move: Wish|[wisher] Glaceon","|-heal|p2a: Mienshao|159/227|[from] item: Leftovers","|turn|12","|","|move|p2a: Mienshao|High Jump Kick|p1a: Milotic","|-damage|p1a: Milotic|0 fnt","|faint|p1a: Milotic","|","|-heal|p2a: Mienshao|173/227|[from] item: Leftovers","|","|switch|p1a: Carracosta|Carracosta, L83, M|259/259","|turn|13","|","|move|p2a: Mienshao|High Jump Kick|p1a: Carracosta","|-supereffective|p1a: Carracosta","|-activate|p1a: Carracosta|Sturdy","|-damage|p1a: Carracosta|1/259","|move|p1a: Carracosta|Shell Smash|p1a: Carracosta","|-boost|p1a: Carracosta|atk|2","|-boost|p1a: Carracosta|spa|2","|-boost|p1a: Carracosta|spe|2","|-unboost|p1a: Carracosta|def|1","|-unboost|p1a: Carracosta|spd|1","|-enditem|p1a: Carracosta|White Herb","|-restoreboost|p1a: Carracosta|[silent]","|","|-heal|p2a: Mienshao|187/227|[from] item: Leftovers","|turn|14","|","|move|p1a: Carracosta|Aqua Jet|p2a: Mienshao","|-damage|p2a: Mienshao|49/227","|move|p2a: Mienshao|High Jump Kick|p1a: Carracosta","|-supereffective|p1a: Carracosta","|-damage|p1a: Carracosta|0 fnt","|faint|p1a: Carracosta","|","|-heal|p2a: Mienshao|63/227|[from] item: Leftovers","|","|switch|p1a: Terrakion|Terrakion, L76|263/263","|turn|15","|","|move|p1a: Terrakion|Earthquake|p2a: Mienshao","|-damage|p2a: Mienshao|0 fnt","|-damage|p1a: Terrakion|237/263|[from] item: Life Orb","|faint|p2a: Mienshao","|","|","|switch|p2a: Aegislash|Aegislash, L74, F|211/211","|-damage|p2a: Aegislash|198/211|[from] Stealth Rock","|turn|16","|","|switch|p1a: Sandslash|Sandslash, L81, F|151/254","|-formechange|p2a: Aegislash|Aegislash-Blade","|move|p2a: Aegislash|Sacred Sword|p1a: Sandslash","|-damage|p1a: Sandslash|67/254","|-damage|p2a: Aegislash|177/211|[from] item: Life Orb","|","|-heal|p1a: Sandslash|82/254|[from] item: Leftovers","|turn|17","|","|move|p2a: Aegislash|Shadow Sneak|p1a: Sandslash","|-damage|p1a: Sandslash|27/254","|-damage|p2a: Aegislash|156/211|[from] item: Life Orb","|move|p1a: Sandslash|Toxic|p2a: Aegislash","|-immune|p2a: Aegislash|[msg]","|","|-heal|p1a: Sandslash|42/254|[from] item: Leftovers","|turn|18","|","|switch|p1a: Steelix|Steelix-Mega, L79, F|248/248","|move|p2a: Aegislash|Sacred Sword|p1a: Steelix","|-supereffective|p1a: Steelix","|-damage|p1a: Steelix|165/248","|-damage|p2a: Aegislash|135/211|[from] item: Life Orb","|","|turn|19","|","|move|p2a: Aegislash|Sacred Sword|p1a: Steelix","|-supereffective|p1a: Steelix","|-damage|p1a: Steelix|79/248","|-damage|p2a: Aegislash|114/211|[from] item: Life Orb","|move|p1a: Steelix|Earthquake|p2a: Aegislash","|-supereffective|p2a: Aegislash","|-damage|p2a: Aegislash|0 fnt","|faint|p2a: Aegislash","|","|","|switch|p2a: Mismagius|Mismagius, L81, F|148/230","|-damage|p2a: Mismagius|120/230|[from] Stealth Rock","|turn|20","|","|move|p2a: Mismagius|Shadow Ball|p1a: Steelix","|-damage|p1a: Steelix|0 fnt","|faint|p1a: Steelix","|","|-heal|p2a: Mismagius|134/230|[from] item: Leftovers","|","|switch|p1a: Rotom-Heat|Rotom-Heat, L77|96/203","|turn|21","|","|move|p2a: Mismagius|Shadow Ball|p1a: Rotom-Heat","|-damage|p1a: Rotom-Heat|18/203","|move|p1a: Rotom-Heat|Thunderbolt|p2a: Mismagius","|-damage|p2a: Mismagius|33/230","|-damage|p1a: Rotom-Heat|0 fnt|[from] item: Life Orb","|faint|p1a: Rotom-Heat","|","|-heal|p2a: Mismagius|47/230|[from] item: Leftovers","|","|switch|p1a: Terrakion|Terrakion, L76|237/263","|turn|22","|","|move|p2a: Mismagius|Shadow Ball|p1a: Terrakion","|-damage|p1a: Terrakion|146/263","|move|p1a: Terrakion|Stone Edge|p2a: Mismagius|[miss]","|-miss|p1a: Terrakion|p2a: Mismagius","|","|-heal|p2a: Mismagius|61/230|[from] item: Leftovers","|turn|23","|","|move|p2a: Mismagius|Will-O-Wisp|p1a: Terrakion","|-status|p1a: Terrakion|brn","|move|p1a: Terrakion|Stone Edge|p2a: Mismagius","|-damage|p2a: Mismagius|0 fnt","|-damage|p1a: Terrakion|120/263 brn|[from] item: Life Orb","|faint|p2a: Mismagius","|","|-damage|p1a: Terrakion|88/263 brn|[from] brn","|","|switch|p2a: Illumise|Illumise, L83, F|243/243","|-damage|p2a: Illumise|183/243|[from] Stealth Rock","|turn|24","|","|move|p1a: Terrakion|Stone Edge|p2a: Illumise","|-supereffective|p2a: Illumise","|-damage|p2a: Illumise|0 fnt","|-damage|p1a: Terrakion|62/263 brn|[from] item: Life Orb","|faint|p2a: Illumise","|","|win|rAiN/auReM"],"p1rating":{"entryid":"6444477","serverid":"eos","formatid":"randombattle","userid":"rainaurem","username":"Rain ☆ Aurem","w":29,"l":"11","t":"0","gxe":68.1,"r":"1646.395765206","rd":"62.339376444933","sigma":"0","rptime":"1438160400","rpr":1644.2978753762,"rprd":58.302367560961,"rpsigma":"0","acre":1163.0225348392,"lacre":1163.0225348392,"oldacre":"1148.0759887737"},"p2rating":{"entryid":7262375,"formatid":"randombattle","userid":"jtesouleve","username":"J'te souleve","r":1500,"rd":130,"sigma":0,"rpr":1473.9297342731,"rprd":123.16334087893,"rpsigma":0,"rptime":1438160400,"w":0,"l":1,"t":0,"gxe":46.7,"acre":1000,"lacre":1000,"oldacre":1000},"endType":"normal"}