{"seed":[42209,59484,48340,39197],"turns":21,"p1":"rAiN/auReM","p2":"CartmanミLight","p1team":[{"name":"Deoxys-Attack","moves":["icebeam","knockoff","stealthrock","psychoboost"],"ability":"Pressure","evs":{"hp":85,"atk":85,"def":85,"spa":85,"spd":85,"spe":85},"ivs":{"hp":31,"atk":31,"def":31,"spa":31,"spd":31,"spe":31},"item":"Focus Sash","level":73,"shiny":false},{"name":"Chesnaught","moves":["synthesis","spikes","drainpunch","leechseed"],"ability":"Bulletproof","evs":{"hp":85,"atk":85,"def":85,"spa":85,"spd":85,"spe":85},"ivs":{"hp":31,"atk":31,"def":31,"spa":31,"spd":31,"spe":31},"item":"Leftovers","level":77,"shiny":false},{"name":"Steelix","moves":["earthquake","heavyslam","stealthrock","toxic"],"ability":"Sturdy","evs":{"hp":85,"atk":85,"def":85,"spa":85,"spd":85,"spe":85},"ivs":{"hp":31,"atk":31,"def":31,"spa":31,"spd":31,"spe":31},"item":"Steelixite","level":79,"shiny":false},{"name":"Cryogonal","moves":["recover","hiddenpowerground","rapidspin","freezedry"],"ability":"Levitate","evs":{"hp":85,"atk":85,"def":85,"spa":85,"spd":85,"spe":85},"ivs":{"hp":31,"atk":31,"def":31,"spa":30,"spd":30,"spe":31},"item":"Life Orb","level":81,"shiny":false},{"name":"Jynx","moves":["focusblast","lovelykiss","substitute","psyshock"],"ability":"Dry Skin","evs":{"hp":85,"atk":85,"def":85,"spa":85,"spd":85,"spe":85},"ivs":{"hp":31,"atk":31,"def":31,"spa":31,"spd":31,"spe":31},"item":"Leftovers","level":81,"shiny":false},{"name":"Qwilfish","moves":["destinybond","spikes","taunt","waterfall"],"ability":"Intimidate","evs":{"hp":85,"atk":85,"def":85,"spa":85,"spd":85,"spe":85},"ivs":{"hp":31,"atk":31,"def":31,"spa":31,"spd":31,"spe":31},"item":"Black Sludge","level":79,"shiny":false}],"p2team":[{"name":"Kabutops","moves":["aquajet","stoneedge","rapidspin","waterfall"],"ability":"Swift Swim","evs":{"hp":85,"atk":85,"def":85,"spa":85,"spd":85,"spe":85},"ivs":{"hp":31,"atk":31,"def":31,"spa":31,"spd":31,"spe":31},"item":"Assault Vest","level":81,"shiny":false},{"name":"Noivern","moves":["boomburst","taunt","airslash","roost"],"ability":"Infiltrator","evs":{"hp":85,"atk":85,"def":85,"spa":85,"spd":85,"spe":85},"ivs":{"hp":31,"atk":31,"def":31,"spa":31,"spd":31,"spe":31},"item":"Leftovers","level":78,"shiny":false},{"name":"Phione","moves":["raindance","uturn","icebeam","scald"],"ability":"Hydration","evs":{"hp":85,"atk":85,"def":85,"spa":85,"spd":85,"spe":85},"ivs":{"hp":31,"atk":31,"def":31,"spa":31,"spd":31,"spe":31},"item":"Damp Rock","level":83,"shiny":false},{"name":"Ferrothorn","moves":["spikes","protect","leechseed","gyroball"],"ability":"Iron Barbs","evs":{"hp":85,"atk":170,"def":85,"spa":85,"spd":85,"spe":0},"ivs":{"hp":31,"atk":31,"def":31,"spa":31,"spd":31,"spe":0},"item":"Leftovers","level":75,"shiny":false},{"name":"Gogoat","moves":["rockslide","bulkup","substitute","hornleech"],"ability":"Sap Sipper","evs":{"hp":85,"atk":85,"def":85,"spa":85,"spd":85,"spe":85},"ivs":{"hp":31,"atk":31,"def":31,"spa":31,"spd":31,"spe":31},"item":"Leftovers","level":83,"shiny":false},{"name":"Braviary","moves":["return","roost","rockslide","substitute"],"ability":"Sheer Force","evs":{"hp":81,"atk":89,"def":85,"spa":85,"spd":85,"spe":85},"ivs":{"hp":31,"atk":31,"def":31,"spa":31,"spd":31,"spe":31},"item":"Life Orb","level":79,"shiny":false}],"log":["|player|p1|rAiN/auReM|rainaurem.png","|player|p2|CartmanミLight|98","|gametype|singles","|gen|6","|tier|Random Battle","|rated","|rule|Sleep Clause Mod: Limit one foe put to sleep","|rule|HP Percentage Mod: HP is shown in percentages","|","|start","|switch|p1a: Deoxys-Attack|Deoxys-Attack, L73|193/193","|switch|p2a: Kabutops|Kabutops, L81, M|230/230","|-ability|p1a: Deoxys-Attack|Pressure","|turn|1","|","|switch|p1a: Chesnaught|Chesnaught, L77, M|262/262","|move|p2a: Kabutops|Aqua Jet|p1a: Chesnaught","|-resisted|p1a: Chesnaught","|-damage|p1a: Chesnaught|244/262","|","|-heal|p1a: Chesnaught|260/262|[from] item: Leftovers","|turn|2","|","|switch|p2a: Ferrothorn|Ferrothorn, L75, F|235/235","|move|p1a: Chesnaught|Spikes|p2a: Ferrothorn","|-sidestart|p2: CartmanミLight|Spikes","|","|-heal|p1a: Chesnaught|262/262|[from] item: Leftovers","|turn|3","|","|move|p1a: Chesnaught|Spikes|p2a: Ferrothorn","|-sidestart|p2: CartmanミLight|Spikes","|move|p2a: Ferrothorn|Spikes|p1a: Chesnaught","|-sidestart|p1: rAiN/auReM|Spikes","|","|turn|4","|","|switch|p1a: Jynx|Jynx, L81, F|238/238","|-damage|p1a: Jynx|209/238|[from] Spikes","|move|p2a: Ferrothorn|Leech Seed|p1a: Jynx","|-start|p1a: Jynx|move: Leech Seed","|","|-heal|p1a: Jynx|223/238|[from] item: Leftovers","|-damage|p1a: Jynx|194/238|[from] Leech Seed|[of] p2a: Ferrothorn","|turn|5","|","|move|p1a: Jynx|Lovely Kiss|p2a: Ferrothorn","|-status|p2a: Ferrothorn|slp","|cant|p2a: Ferrothorn|slp","|","|-heal|p1a: Jynx|208/238|[from] item: Leftovers","|-damage|p1a: Jynx|179/238|[from] Leech Seed|[of] p2a: Ferrothorn","|turn|6","|","|move|p1a: Jynx|Focus Blast|p2a: Ferrothorn","|-supereffective|p2a: Ferrothorn","|-damage|p2a: Ferrothorn|75/235 slp","|-unboost|p2a: Ferrothorn|spd|1","|-curestatus|p2a: Ferrothorn|slp","|move|p2a: Ferrothorn|Gyro Ball|p1a: Jynx","|-supereffective|p1a: Jynx","|-damage|p1a: Jynx|0 fnt","|faint|p1a: Jynx","|","|-heal|p2a: Ferrothorn|89/235|[from] item: Leftovers","|","|switch|p1a: Cryogonal|Cryogonal, L81|246/246","|turn|7","|","|move|p1a: Cryogonal|Freeze-Dry|p2a: Ferrothorn","|-damage|p2a: Ferrothorn|0 fnt","|-damage|p1a: Cryogonal|222/246|[from] item: Life Orb","|faint|p2a: Ferrothorn","|","|","|switch|p2a: Noivern|Noivern, L78, M|261/261","|turn|8","|","|move|p2a: Noivern|Boomburst|p1a: Cryogonal","|-damage|p1a: Cryogonal|157/246","|move|p1a: Cryogonal|Freeze-Dry|p2a: Noivern","|-supereffective|p2a: Noivern","|-damage|p2a: Noivern|0 fnt","|-damage|p1a: Cryogonal|133/246|[from] item: Life Orb","|faint|p2a: Noivern","|","|","|switch|p2a: Phione|Phione, L83|268/268","|-damage|p2a: Phione|224/268|[from] Spikes","|turn|9","|","|move|p1a: Cryogonal|Freeze-Dry|p2a: Phione","|-supereffective|p2a: Phione","|-damage|p2a: Phione|29/268","|-damage|p1a: Cryogonal|109/246|[from] item: Life Orb","|move|p2a: Phione|U-turn|p1a: Cryogonal","|-damage|p1a: Cryogonal|17/246","|","|switch|p2a: Kabutops|Kabutops, L81, M|230/230","|-damage|p2a: Kabutops|192/230|[from] Spikes","|","|turn|10","|","|move|p2a: Kabutops|Aqua Jet|p1a: Cryogonal","|-damage|p1a: Cryogonal|0 fnt","|faint|p1a: Cryogonal","|","|","|switch|p1a: Chesnaught|Chesnaught, L77, M|262/262","|-damage|p1a: Chesnaught|230/262|[from] Spikes","|turn|11","|","|move|p2a: Kabutops|Rapid Spin|p1a: Chesnaught","|-damage|p1a: Chesnaught|217/262","|-sideend|p2: CartmanミLight|Spikes|[from] move: Rapid Spin|[of] p2a: Kabutops","|move|p1a: Chesnaught|Drain Punch|p2a: Kabutops","|-supereffective|p2a: Kabutops","|-damage|p2a: Kabutops|70/230","|-heal|p1a: Chesnaught|262/262|[from] drain|[of] p2a: Kabutops","|","|turn|12","|","|move|p2a: Kabutops|Stone Edge|p1a: Chesnaught","|-resisted|p1a: Chesnaught","|-damage|p1a: Chesnaught|211/262","|move|p1a: Chesnaught|Drain Punch|p2a: Kabutops","|-supereffective|p2a: Kabutops","|-damage|p2a: Kabutops|0 fnt","|-heal|p1a: Chesnaught|246/262|[from] drain|[of] p2a: Kabutops","|faint|p2a: Kabutops","|","|-heal|p1a: Chesnaught|262/262|[from] item: Leftovers","|","|switch|p2a: Braviary|Braviary, L79, M|287/287","|turn|13","|","|switch|p1a: Steelix|Steelix, L79, M|248/248","|-damage|p1a: Steelix|217/248|[from] Spikes","|move|p2a: Braviary|Return|p1a: Steelix","|-resisted|p1a: Steelix","|-damage|p1a: Steelix|178/248","|-damage|p2a: Braviary|259/287|[from] item: Life Orb","|","|turn|14","|","|detailschange|p1a: Steelix|Steelix-Mega, L79, M","|-mega|p1a: Steelix|Steelix|Steelixite","|move|p2a: Braviary|Substitute|p2a: Braviary","|-start|p2a: Braviary|Substitute","|-damage|p2a: Braviary|188/287","|move|p1a: Steelix|Heavy Slam|p2a: Braviary","|-end|p2a: Braviary|Substitute","|","|turn|15","|","|move|p2a: Braviary|Roost|p2a: Braviary","|-heal|p2a: Braviary|287/287","|move|p1a: Steelix|Heavy Slam|p2a: Braviary","|-damage|p2a: Braviary|121/287","|","|turn|16","|","|switch|p2a: Gogoat|Gogoat, L83, M|340/340","|move|p1a: Steelix|Heavy Slam|p2a: Gogoat","|-damage|p2a: Gogoat|151/340","|","|-heal|p2a: Gogoat|172/340|[from] item: Leftovers","|turn|17","|","|move|p2a: Gogoat|Bulk Up|p2a: Gogoat","|-boost|p2a: Gogoat|atk|1","|-boost|p2a: Gogoat|def|1","|move|p1a: Steelix|Heavy Slam|p2a: Gogoat","|-damage|p2a: Gogoat|61/340","|","|-heal|p2a: Gogoat|82/340|[from] item: Leftovers","|turn|18","|","|move|p2a: Gogoat|Horn Leech|p1a: Steelix","|-damage|p1a: Steelix|114/248","|-heal|p2a: Gogoat|114/340|[from] drain|[of] p1a: Steelix","|move|p1a: Steelix|Heavy Slam|p2a: Gogoat","|-damage|p2a: Gogoat|5/340","|","|-heal|p2a: Gogoat|26/340|[from] item: Leftovers","|turn|19","|","|move|p2a: Gogoat|Horn Leech|p1a: Steelix","|-damage|p1a: Steelix|54/248","|-heal|p2a: Gogoat|56/340|[from] drain|[of] p1a: Steelix","|move|p1a: Steelix|Heavy Slam|p2a: Gogoat","|-damage|p2a: Gogoat|0 fnt","|faint|p2a: Gogoat","|","|","|switch|p2a: Phione|Phione, L83|29/268","|turn|20","|","|move|p2a: Phione|U-turn|p1a: Steelix","|-resisted|p1a: Steelix","|-damage|p1a: Steelix|44/248","|","|switch|p2a: Braviary|Braviary, L79, M|121/287","|move|p1a: Steelix|Earthquake|p2a: Braviary","|-immune|p2a: Braviary|[msg]","|","|turn|21","|","|move|p2a: Braviary|Return|p1a: Steelix","|-resisted|p1a: Steelix","|-damage|p1a: Steelix|9/248","|-damage|p2a: Braviary|93/287|[from] item: Life Orb","|move|p1a: Steelix|Heavy Slam|p2a: Braviary","|-damage|p2a: Braviary|0 fnt","|faint|p2a: Braviary","|","|","|win|rAiN/auReM"],"p1rating":{"entryid":"6444477","serverid":"eos","formatid":"randombattle","userid":"rainaurem","username":"Rain ☆ Aurem","w":30,"l":"11","t":"0","gxe":68.7,"r":"1646.395765206","rd":"62.339376444933","sigma":"0","rptime":"1438160400","rpr":1649.9141328965,"rprd":57.706669509891,"rpsigma":"0","acre":1177.0833822564,"lacre":1177.0833822564,"oldacre":"1163.0225348392"},"p2rating":{"entryid":7263621,"formatid":"randombattle","userid":"cartmanlight","username":"CartmanミLight","r":1500,"rd":130,"sigma":0,"rpr":1473.9297342731,"rprd":123.16334087893,"rpsigma":0,"rptime":1438160400,"w":0,"l":1,"t":0,"gxe":46.7,"acre":1000,"lacre":1000,"oldacre":1000},"endType":"forfeit"}