{"seed":[62335,37323,52943,60949],"turns":26,"p1":"Naten - ⓜⓔⓜⓔⓘⓝⓖ","p2":"Rain<☆》《>☆Sinatra","p1team":[{"name":"Honchkrow","moves":["bravebird","substitute","suckerpunch","superpower"],"ability":"Moxie","evs":{"hp":85,"atk":85,"def":85,"spa":85,"spd":85,"spe":85},"ivs":{"hp":31,"atk":31,"def":31,"spa":31,"spd":31,"spe":31},"item":"Leftovers","level":77,"shiny":false},{"name":"Watchog","moves":["batonpass","swordsdance","hypnosis","return"],"ability":"Analytic","evs":{"hp":85,"atk":85,"def":85,"spa":85,"spd":85,"spe":85},"ivs":{"hp":31,"atk":31,"def":31,"spa":31,"spd":31,"spe":31},"item":"Leftovers","level":83,"shiny":false},{"name":"Crustle","moves":["xscissor","stoneedge","shellsmash","earthquake"],"ability":"Sturdy","evs":{"hp":85,"atk":85,"def":85,"spa":85,"spd":85,"spe":85},"ivs":{"hp":31,"atk":31,"def":31,"spa":31,"spd":31,"spe":31},"item":"White Herb","level":81,"shiny":false},{"name":"Metagross","moves":["agility","zenheadbutt","hammerarm","meteormash"],"ability":"Clear Body","evs":{"hp":85,"atk":85,"def":85,"spa":85,"spd":85,"spe":85},"ivs":{"hp":31,"atk":31,"def":31,"spa":31,"spd":31,"spe":31},"item":"Metagrossite","level":75,"shiny":false},{"name":"Gastrodon","moves":["icebeam","earthquake","scald","clearsmog"],"ability":"Storm Drain","evs":{"hp":85,"atk":85,"def":85,"spa":85,"spd":85,"spe":85},"ivs":{"hp":31,"atk":31,"def":31,"spa":31,"spd":31,"spe":31},"item":"Leftovers","level":79,"shiny":false},{"name":"Crawdaunt","moves":["superpower","swordsdance","crabhammer","knockoff"],"ability":"Adaptability","evs":{"hp":85,"atk":85,"def":85,"spa":85,"spd":85,"spe":85},"ivs":{"hp":31,"atk":31,"def":31,"spa":31,"spd":31,"spe":31},"item":"Life Orb","level":76,"shiny":false}],"p2team":[{"name":"Hitmonchan","moves":["bulkup","drainpunch","firepunch","machpunch"],"ability":"Iron Fist","evs":{"hp":85,"atk":85,"def":85,"spa":85,"spd":85,"spe":85},"ivs":{"hp":31,"atk":31,"def":31,"spa":31,"spd":31,"spe":31},"item":"Life Orb","level":79,"shiny":false},{"name":"Dusknoir","moves":["icepunch","painsplit","willowisp","shadowsneak"],"ability":"Pressure","evs":{"hp":85,"atk":85,"def":85,"spa":85,"spd":85,"spe":85},"ivs":{"hp":31,"atk":31,"def":31,"spa":31,"spd":31,"spe":31},"item":"Leftovers","level":83,"shiny":false},{"name":"Dedenne","moves":["toxic","nuzzle","grassknot","thunderbolt"],"ability":"Cheek Pouch","evs":{"hp":85,"atk":85,"def":85,"spa":85,"spd":85,"spe":85},"ivs":{"hp":31,"atk":31,"def":31,"spa":31,"spd":31,"spe":31},"item":"Petaya Berry","level":83,"shiny":false},{"name":"Giratina","moves":["dragonpulse","roar","willowisp","rest"],"ability":"Pressure","evs":{"hp":85,"atk":85,"def":85,"spa":85,"spd":85,"spe":85},"ivs":{"hp":31,"atk":31,"def":31,"spa":31,"spd":31,"spe":31},"item":"Chesto Berry","level":73,"shiny":false},{"name":"Goodra","moves":["thunderbolt","dracometeor","earthquake","sludgebomb"],"ability":"Sap Sipper","evs":{"hp":85,"atk":85,"def":85,"spa":85,"spd":85,"spe":85},"ivs":{"hp":31,"atk":31,"def":31,"spa":31,"spd":31,"spe":31},"item":"Assault Vest","level":77,"shiny":false},{"name":"Yveltal","moves":["roost","hurricane","suckerpunch","foulplay"],"ability":"Dark Aura","evs":{"hp":81,"atk":89,"def":85,"spa":85,"spd":85,"spe":85},"ivs":{"hp":31,"atk":31,"def":31,"spa":31,"spd":31,"spe":31},"item":"Leftovers","level":73,"shiny":false}],"log":["|player|p1|Naten - ⓜⓔⓜⓔⓘⓝⓖ|naten.png","|player|p2|Rain<☆》《>☆Sinatra|170","|gametype|singles","|gen|6","|tier|Random Battle","|rated","|rule|Sleep Clause Mod: Limit one foe put to sleep","|rule|HP Percentage Mod: HP is shown in percentages","|","|start","|switch|p1a: Honchkrow|Honchkrow, L77, M|281/281","|switch|p2a: Hitmonchan|Hitmonchan, L79, M|209/209","|turn|1","|","|switch|p2a: Dedenne|Dedenne, L83, M|247/247","|move|p1a: Honchkrow|Brave Bird|p2a: Dedenne","|-resisted|p2a: Dedenne","|-damage|p2a: Dedenne|165/247","|-damage|p1a: Honchkrow|254/281|[from] recoil|[of] p2a: Dedenne","|","|-heal|p1a: Honchkrow|271/281|[from] item: Leftovers","|turn|2","|","|switch|p1a: Gastrodon|Gastrodon, L79, M|305/305","|move|p2a: Dedenne|Nuzzle|p1a: Gastrodon","|-immune|p1a: Gastrodon|[msg]","|","|turn|3","|","|move|p2a: Dedenne|Grass Knot|p1a: Gastrodon","|-supereffective|p1a: Gastrodon","|-damage|p1a: Gastrodon|129/305","|move|p1a: Gastrodon|Scald|p2a: Dedenne","|-damage|p2a: Dedenne|77/247","|","|-heal|p1a: Gastrodon|148/305|[from] item: Leftovers","|turn|4","|","|switch|p1a: Metagross|Metagross, L75|244/244","|move|p2a: Dedenne|Grass Knot|p1a: Metagross","|-resisted|p1a: Metagross","|-damage|p1a: Metagross|208/244","|","|turn|5","|","|switch|p2a: Dusknoir|Dusknoir, L83, F|210/210","|-ability|p2a: Dusknoir|Pressure","|detailschange|p1a: Metagross|Metagross-Mega, L75","|-mega|p1a: Metagross|Metagross|Metagrossite","|move|p1a: Metagross|Zen Headbutt|p2a: Dusknoir","|-damage|p2a: Dusknoir|117/210","|","|-heal|p2a: Dusknoir|130/210|[from] item: Leftovers","|turn|6","|","|switch|p1a: Gastrodon|Gastrodon, L79, M|148/305","|move|p2a: Dusknoir|Will-O-Wisp|p1a: Gastrodon","|-status|p1a: Gastrodon|brn","|","|-heal|p2a: Dusknoir|143/210|[from] item: Leftovers","|-heal|p1a: Gastrodon|167/305 brn|[from] item: Leftovers","|-damage|p1a: Gastrodon|129/305 brn|[from] brn","|turn|7","|","|switch|p2a: Goodra|Goodra, L77, F|265/265","|move|p1a: Gastrodon|Scald|p2a: Goodra","|-resisted|p2a: Goodra","|-damage|p2a: Goodra|249/265","|","|-heal|p1a: Gastrodon|148/305 brn|[from] item: Leftovers","|-damage|p1a: Gastrodon|110/305 brn|[from] brn","|turn|8","|","|switch|p1a: Watchog|Watchog, L83, M|235/235","|move|p2a: Goodra|Earthquake|p1a: Watchog","|-damage|p1a: Watchog|156/235","|","|-heal|p1a: Watchog|170/235|[from] item: Leftovers","|turn|9","|","|move|p1a: Watchog|Swords Dance|p1a: Watchog","|-boost|p1a: Watchog|atk|2","|move|p2a: Goodra|Draco Meteor|p1a: Watchog","|-damage|p1a: Watchog|28/235","|-unboost|p2a: Goodra|spa|2","|","|-heal|p1a: Watchog|42/235|[from] item: Leftovers","|turn|10","|","|move|p1a: Watchog|Baton Pass|p1a: Watchog","|","|switch|p1a: Metagross|Metagross-Mega, L75|208/244","|move|p2a: Goodra|Earthquake|p1a: Metagross","|-supereffective|p1a: Metagross","|-damage|p1a: Metagross|112/244","|","|turn|11","|","|move|p1a: Metagross|Agility|p1a: Metagross","|-boost|p1a: Metagross|spe|2","|move|p2a: Goodra|Earthquake|p1a: Metagross","|-supereffective|p1a: Metagross","|-damage|p1a: Metagross|20/244","|","|turn|12","|","|move|p1a: Metagross|Meteor Mash|p2a: Goodra","|-damage|p2a: Goodra|0 fnt","|faint|p2a: Goodra","|","|","|switch|p2a: Giratina|Giratina, L73|339/339","|-ability|p2a: Giratina|Pressure","|turn|13","|","|move|p1a: Metagross|Meteor Mash|p2a: Giratina","|-damage|p2a: Giratina|101/339","|-boost|p1a: Metagross|atk|1","|move|p2a: Giratina|Dragon Pulse|p1a: Metagross","|-resisted|p1a: Metagross","|-damage|p1a: Metagross|0 fnt","|faint|p1a: Metagross","|","|","|switch|p1a: Honchkrow|Honchkrow, L77, M|271/281","|turn|14","|","|move|p2a: Giratina|Will-O-Wisp|p1a: Honchkrow","|-status|p1a: Honchkrow|brn","|move|p1a: Honchkrow|Brave Bird|p2a: Giratina","|-damage|p2a: Giratina|44/339","|-damage|p1a: Honchkrow|252/281 brn|[from] recoil|[of] p2a: Giratina","|","|-heal|p1a: Honchkrow|269/281 brn|[from] item: Leftovers","|-damage|p1a: Honchkrow|234/281 brn|[from] brn","|turn|15","|","|move|p2a: Giratina|Rest|p2a: Giratina","|-status|p2a: Giratina|slp","|-heal|p2a: Giratina|339/339 slp|[silent]","|-status|p2a: Giratina|slp|[from] move: Rest","|-enditem|p2a: Giratina|Chesto Berry|[eat]","|-curestatus|p2a: Giratina|slp","|move|p1a: Honchkrow|Brave Bird|p2a: Giratina","|-damage|p2a: Giratina|278/339","|-damage|p1a: Honchkrow|214/281 brn|[from] recoil|[of] p2a: Giratina","|","|-heal|p1a: Honchkrow|231/281 brn|[from] item: Leftovers","|-damage|p1a: Honchkrow|196/281 brn|[from] brn","|turn|16","|","|move|p2a: Giratina|Dragon Pulse|p1a: Honchkrow","|-crit|p1a: Honchkrow","|-damage|p1a: Honchkrow|25/281 brn","|move|p1a: Honchkrow|Brave Bird|p2a: Giratina","|-damage|p2a: Giratina|223/339","|-damage|p1a: Honchkrow|7/281 brn|[from] recoil|[of] p2a: Giratina","|","|-heal|p1a: Honchkrow|24/281 brn|[from] item: Leftovers","|-damage|p1a: Honchkrow|0 fnt|[from] brn","|faint|p1a: Honchkrow","|","|switch|p1a: Gastrodon|Gastrodon, L79, M|110/305 brn","|turn|17","|","|move|p2a: Giratina|Dragon Pulse|p1a: Gastrodon","|-damage|p1a: Gastrodon|26/305 brn","|move|p1a: Gastrodon|Ice Beam|p2a: Giratina","|-supereffective|p2a: Giratina","|-damage|p2a: Giratina|129/339","|","|-heal|p1a: Gastrodon|45/305 brn|[from] item: Leftovers","|-damage|p1a: Gastrodon|7/305 brn|[from] brn","|turn|18","|","|move|p2a: Giratina|Dragon Pulse|p1a: Gastrodon","|-crit|p1a: Gastrodon","|-damage|p1a: Gastrodon|0 fnt","|faint|p1a: Gastrodon","|","|","|switch|p1a: Crawdaunt|Crawdaunt, L76, M|221/221","|turn|19","|","|move|p2a: Giratina|Will-O-Wisp|p1a: Crawdaunt|[miss]","|-miss|p2a: Giratina|p1a: Crawdaunt","|move|p1a: Crawdaunt|Knock Off|p2a: Giratina","|-supereffective|p2a: Giratina","|-damage|p2a: Giratina|0 fnt","|-damage|p1a: Crawdaunt|199/221|[from] item: Life Orb","|faint|p2a: Giratina","|","|","|switch|p2a: Dedenne|Dedenne, L83, M|77/247","|turn|20","|","|switch|p1a: Watchog|Watchog, L83, M|42/235","|move|p2a: Dedenne|Thunderbolt|p1a: Watchog","|-damage|p1a: Watchog|0 fnt","|faint|p1a: Watchog","|","|","|switch|p1a: Crustle|Crustle, L81, F|246/246","|turn|21","|","|move|p2a: Dedenne|Toxic|p1a: Crustle","|-status|p1a: Crustle|tox","|move|p1a: Crustle|Shell Smash|p1a: Crustle","|-boost|p1a: Crustle|atk|2","|-boost|p1a: Crustle|spa|2","|-boost|p1a: Crustle|spe|2","|-unboost|p1a: Crustle|def|1","|-unboost|p1a: Crustle|spd|1","|-enditem|p1a: Crustle|White Herb","|-restoreboost|p1a: Crustle|[silent]","|","|-damage|p1a: Crustle|231/246 tox|[from] psn","|turn|22","|","|move|p1a: Crustle|Earthquake|p2a: Dedenne","|-crit|p2a: Dedenne","|-supereffective|p2a: Dedenne","|-damage|p2a: Dedenne|0 fnt","|faint|p2a: Dedenne","|","|-damage|p1a: Crustle|201/246 tox|[from] psn","|","|switch|p2a: Hitmonchan|Hitmonchan, L79, M|209/209","|turn|23","|","|move|p1a: Crustle|Earthquake|p2a: Hitmonchan","|-damage|p2a: Hitmonchan|65/209","|move|p2a: Hitmonchan|Drain Punch|p1a: Crustle","|-damage|p1a: Crustle|114/246 tox","|-heal|p2a: Hitmonchan|109/209|[from] drain|[of] p1a: Crustle","|-damage|p2a: Hitmonchan|89/209|[from] item: Life Orb","|","|-damage|p1a: Crustle|69/246 tox|[from] psn","|turn|24","|","|move|p2a: Hitmonchan|Mach Punch|p1a: Crustle","|-damage|p1a: Crustle|18/246 tox","|-damage|p2a: Hitmonchan|69/209|[from] item: Life Orb","|move|p1a: Crustle|Earthquake|p2a: Hitmonchan","|-damage|p2a: Hitmonchan|0 fnt","|faint|p2a: Hitmonchan","|","|-damage|p1a: Crustle|0 fnt|[from] psn","|faint|p1a: Crustle","|","|switch|p2a: Yveltal|Yveltal, L73|304/304","|switch|p1a: Crawdaunt|Crawdaunt, L76, M|199/221","|-ability|p2a: Yveltal|Dark Aura","|turn|25","|","|move|p2a: Yveltal|Hurricane|p1a: Crawdaunt","|-damage|p1a: Crawdaunt|31/221","|move|p1a: Crawdaunt|Swords Dance|p1a: Crawdaunt","|-boost|p1a: Crawdaunt|atk|2","|","|turn|26","|","|move|p2a: Yveltal|Foul Play|p1a: Crawdaunt","|-resisted|p1a: Crawdaunt","|-damage|p1a: Crawdaunt|0 fnt","|faint|p1a: Crawdaunt","|","|win|Rain<☆》《>☆Sinatra"],"p1rating":{"entryid":7262091,"formatid":"randombattle","userid":"naten","username":"Naten - ⓜⓔⓜⓔⓘⓝⓖ","r":1500,"rd":130,"sigma":0,"rpr":1459.8393856612,"rprd":122.8583080769,"rpsigma":0,"rptime":1438160400,"w":0,"l":1,"t":0,"gxe":45,"acre":1000,"lacre":1000,"oldacre":1000},"p2rating":{"entryid":7262092,"formatid":"randombattle","userid":"rainsinatra","username":"Rain<☆》《>☆Sinatra","r":1500,"rd":130,"sigma":0,"rpr":1540.1606143388,"rprd":122.8583080769,"rpsigma":0,"rptime":1438160400,"w":1,"l":0,"t":0,"gxe":55,"acre":1040,"lacre":1040,"oldacre":1000},"endType":"normal"}