{"seed":[49949,14683,12002,33184],"turns":28,"p1":"LP Konohamaru","p2":"rAiN/auReM","p1team":[{"name":"Cryogonal","moves":["hiddenpowerground","toxic","recover","icebeam"],"ability":"Levitate","evs":{"hp":85,"atk":85,"def":85,"spa":85,"spd":85,"spe":85},"ivs":{"hp":31,"atk":31,"def":31,"spa":30,"spd":30,"spe":31},"item":"Focus Sash","level":81,"shiny":false},{"name":"Furfrou","moves":["rest","substitute","cottonguard","return"],"ability":"Fur Coat","evs":{"hp":85,"atk":85,"def":85,"spa":85,"spd":85,"spe":85},"ivs":{"hp":31,"atk":31,"def":31,"spa":31,"spd":31,"spe":31},"item":"Chesto Berry","level":83,"shiny":false},{"name":"Tentacruel","moves":["sludgebomb","rapidspin","scald","knockoff"],"ability":"Clear Body","evs":{"hp":85,"atk":85,"def":85,"spa":85,"spd":85,"spe":85},"ivs":{"hp":31,"atk":31,"def":31,"spa":31,"spd":31,"spe":31},"item":"Assault Vest","level":77,"shiny":false},{"name":"Drifblim","moves":["acrobatics","substitute","willowisp","shadowball"],"ability":"Unburden","evs":{"hp":85,"atk":85,"def":85,"spa":85,"spd":85,"spe":85},"ivs":{"hp":31,"atk":31,"def":31,"spa":31,"spd":31,"spe":31},"item":"Flying Gem","level":83,"shiny":false},{"name":"Greninja","moves":["icebeam","spikes","taunt","toxicspikes"],"ability":"Protean","evs":{"hp":85,"atk":85,"def":85,"spa":85,"spd":85,"spe":85},"ivs":{"hp":31,"atk":31,"def":31,"spa":31,"spd":31,"spe":31},"item":"Leftovers","level":74,"shiny":false},{"name":"Tornadus","moves":["uturn","tailwind","hurricane","heatwave"],"ability":"Prankster","evs":{"hp":85,"atk":85,"def":85,"spa":85,"spd":85,"spe":85},"ivs":{"hp":31,"atk":31,"def":31,"spa":31,"spd":31,"spe":31},"item":"Life Orb","level":78,"shiny":false}],"p2team":[{"name":"Pyroar","moves":["darkpulse","fireblast","willowisp","hypervoice"],"ability":"Unnerve","evs":{"hp":81,"atk":85,"def":85,"spa":89,"spd":85,"spe":85},"ivs":{"hp":31,"atk":31,"def":31,"spa":31,"spd":31,"spe":31},"item":"Life Orb","level":81,"shiny":false},{"name":"Shaymin","moves":["substitute","airslash","seedflare","psychic"],"ability":"Natural Cure","evs":{"hp":85,"atk":85,"def":85,"spa":85,"spd":85,"spe":85},"ivs":{"hp":31,"atk":31,"def":31,"spa":31,"spd":31,"spe":31},"item":"Leftovers","level":77,"shiny":false},{"name":"Archeops","moves":["uturn","pluck","stoneedge","earthquake"],"ability":"Defeatist","evs":{"hp":85,"atk":85,"def":85,"spa":85,"spd":85,"spe":85},"ivs":{"hp":31,"atk":31,"def":31,"spa":31,"spd":31,"spe":31},"item":"Choice Band","level":81,"shiny":false},{"name":"Swanna","moves":["roost","defog","hurricane","icebeam"],"ability":"Hydration","evs":{"hp":81,"atk":85,"def":85,"spa":89,"spd":85,"spe":85},"ivs":{"hp":31,"atk":31,"def":31,"spa":31,"spd":31,"spe":31},"item":"Leftovers","level":83,"shiny":false},{"name":"Ariados","moves":["megahorn","poisonjab","toxicspikes","suckerpunch"],"ability":"Swarm","evs":{"hp":81,"atk":89,"def":85,"spa":85,"spd":85,"spe":85},"ivs":{"hp":31,"atk":31,"def":31,"spa":31,"spd":31,"spe":31},"item":"Life Orb","level":83,"shiny":false},{"name":"Armaldo","moves":["knockoff","toxic","xscissor","swordsdance"],"ability":"Swift Swim","evs":{"hp":81,"atk":89,"def":85,"spa":85,"spd":85,"spe":85},"ivs":{"hp":31,"atk":31,"def":31,"spa":31,"spd":31,"spe":31},"item":"Leftovers","level":83,"shiny":false}],"log":["|player|p1|LP Konohamaru|122","|player|p2|rAiN/auReM|rainaurem.png","|gametype|singles","|gen|6","|tier|Random Battle","|rated","|rule|Sleep Clause Mod: Limit one foe put to sleep","|rule|HP Percentage Mod: HP is shown in percentages","|","|start","|switch|p1a: Cryogonal|Cryogonal, L81|246/246","|switch|p2a: Pyroar|Pyroar, L81, M|271/271","|-ability|p2a: Pyroar|Unnerve|p1: LP Konohamaru","|turn|1","|","|move|p2a: Pyroar|Fire Blast|p1a: Cryogonal|[miss]","|-miss|p2a: Pyroar|p1a: Cryogonal","|move|p1a: Cryogonal|Hidden Power|p2a: Pyroar","|-supereffective|p2a: Pyroar","|-damage|p2a: Pyroar|171/271","|","|turn|2","|","|switch|p1a: Tentacruel|Tentacruel, L77, M|250/250","|move|p2a: Pyroar|Fire Blast|p1a: Tentacruel","|-resisted|p1a: Tentacruel","|-damage|p1a: Tentacruel|210/250","|-damage|p2a: Pyroar|144/271|[from] item: Life Orb","|","|turn|3","|","|switch|p2a: Shaymin|Shaymin, L77|281/281","|move|p1a: Tentacruel|Scald|p2a: Shaymin","|-resisted|p2a: Shaymin","|-damage|p2a: Shaymin|251/281","|","|-heal|p2a: Shaymin|268/281|[from] item: Leftovers","|turn|4","|","|move|p1a: Tentacruel|Sludge Bomb|p2a: Shaymin","|-supereffective|p2a: Shaymin","|-damage|p2a: Shaymin|136/281","|move|p2a: Shaymin|Seed Flare|p1a: Tentacruel","|-damage|p1a: Tentacruel|146/250","|","|-heal|p2a: Shaymin|153/281|[from] item: Leftovers","|turn|5","|","|move|p2a: Shaymin|Seed Flare|p1a: Tentacruel","|-damage|p1a: Tentacruel|79/250","|move|p1a: Tentacruel|Sludge Bomb|p2a: Shaymin","|-supereffective|p2a: Shaymin","|-damage|p2a: Shaymin|13/281","|","|-heal|p2a: Shaymin|30/281|[from] item: Leftovers","|turn|6","|","|move|p2a: Shaymin|Psychic|p1a: Tentacruel","|-supereffective|p1a: Tentacruel","|-damage|p1a: Tentacruel|13/250","|move|p1a: Tentacruel|Sludge Bomb|p2a: Shaymin","|-supereffective|p2a: Shaymin","|-damage|p2a: Shaymin|0 fnt","|faint|p2a: Shaymin","|","|","|switch|p2a: Archeops|Archeops, L81, F|254/254","|turn|7","|","|switch|p1a: Cryogonal|Cryogonal, L81|246/246","|move|p2a: Archeops|U-turn|p1a: Cryogonal","|-damage|p1a: Cryogonal|63/246","|","|switch|p2a: Pyroar|Pyroar, L81, M|144/271","|-ability|p2a: Pyroar|Unnerve|p1: LP Konohamaru","|","|turn|8","|","|switch|p1a: Greninja|Greninja, L74, F|229/229","|move|p2a: Pyroar|Fire Blast|p1a: Greninja","|-resisted|p1a: Greninja","|-damage|p1a: Greninja|130/229","|-damage|p2a: Pyroar|117/271|[from] item: Life Orb","|","|-heal|p1a: Greninja|144/229|[from] item: Leftovers","|turn|9","|","|switch|p2a: Ariados|Ariados, L83, M|251/251","|move|p1a: Greninja|Ice Beam|p2a: Ariados","|-start|p1a: Greninja|typechange|Ice|[from] Protean","|-damage|p2a: Ariados|137/251","|","|-heal|p1a: Greninja|158/229|[from] item: Leftovers","|turn|10","|","|switch|p1a: Tornadus|Tornadus, L78, M|251/251","|move|p2a: Ariados|Poison Jab|p1a: Tornadus","|-damage|p1a: Tornadus|115/251","|-status|p1a: Tornadus|psn","|-damage|p2a: Ariados|112/251|[from] item: Life Orb","|","|-damage|p1a: Tornadus|84/251 psn|[from] psn","|turn|11","|","|move|p2a: Ariados|Sucker Punch|p1a: Tornadus","|-damage|p1a: Tornadus|3/251 psn","|-damage|p2a: Ariados|87/251|[from] item: Life Orb","|move|p1a: Tornadus|Heat Wave|p2a: Ariados","|-supereffective|p2a: Ariados","|-damage|p2a: Ariados|0 fnt","|-damage|p1a: Tornadus|0 fnt|[from] item: Life Orb","|faint|p2a: Ariados","|faint|p1a: Tornadus","|","|","|switch|p2a: Archeops|Archeops, L81, F|254/254","|switch|p1a: Tentacruel|Tentacruel, L77, M|13/250","|turn|12","|","|move|p2a: Archeops|Pluck|p1a: Tentacruel","|-damage|p1a: Tentacruel|0 fnt","|faint|p1a: Tentacruel","|","|","|switch|p1a: Greninja|Greninja, L74, F|158/229","|turn|13","|","|switch|p2a: Swanna|Swanna, L83, M|259/259","|move|p1a: Greninja|Ice Beam|p2a: Swanna","|-start|p1a: Greninja|typechange|Ice|[from] Protean","|-damage|p2a: Swanna|166/259","|-status|p2a: Swanna|frz","|","|-heal|p1a: Greninja|172/229|[from] item: Leftovers","|-heal|p2a: Swanna|182/259 frz|[from] item: Leftovers","|turn|14","|","|move|p1a: Greninja|Ice Beam|p2a: Swanna","|-damage|p2a: Swanna|83/259 frz","|cant|p2a: Swanna|frz","|","|-heal|p1a: Greninja|186/229|[from] item: Leftovers","|-heal|p2a: Swanna|99/259 frz|[from] item: Leftovers","|turn|15","|","|move|p1a: Greninja|Ice Beam|p2a: Swanna","|-damage|p2a: Swanna|0 fnt","|faint|p2a: Swanna","|","|-heal|p1a: Greninja|200/229|[from] item: Leftovers","|","|switch|p2a: Archeops|Archeops, L81, F|254/254","|turn|16","|","|move|p2a: Archeops|Stone Edge|p1a: Greninja","|-supereffective|p1a: Greninja","|-damage|p1a: Greninja|0 fnt","|faint|p1a: Greninja","|","|","|switch|p1a: Cryogonal|Cryogonal, L81|63/246","|turn|17","|","|move|p2a: Archeops|Stone Edge|p1a: Cryogonal","|-supereffective|p1a: Cryogonal","|-damage|p1a: Cryogonal|0 fnt","|faint|p1a: Cryogonal","|","|","|switch|p1a: Drifblim|Drifblim, L83, F|385/385","|turn|18","|","|move|p2a: Archeops|Stone Edge|p1a: Drifblim","|-crit|p1a: Drifblim","|-supereffective|p1a: Drifblim","|-damage|p1a: Drifblim|0 fnt","|faint|p1a: Drifblim","|","|","|switch|p1a: Furfrou|Furfrou, L83, F|260/260","|turn|19","|","|move|p2a: Archeops|Stone Edge|p1a: Furfrou","|-damage|p1a: Furfrou|130/260","|move|p1a: Furfrou|Cotton Guard|p1a: Furfrou","|-boost|p1a: Furfrou|def|3","|","|turn|20","|","|move|p2a: Archeops|Stone Edge|p1a: Furfrou|[miss]","|-miss|p2a: Archeops|p1a: Furfrou","|move|p1a: Furfrou|Return|p2a: Archeops","|-resisted|p2a: Archeops","|-damage|p2a: Archeops|200/254","|","|turn|21","|","|move|p2a: Archeops|Stone Edge|p1a: Furfrou","|-damage|p1a: Furfrou|78/260","|move|p1a: Furfrou|Rest|p1a: Furfrou","|-status|p1a: Furfrou|slp","|-heal|p1a: Furfrou|260/260 slp|[silent]","|-status|p1a: Furfrou|slp|[from] move: Rest","|-enditem|p1a: Furfrou|Chesto Berry|[eat]","|-curestatus|p1a: Furfrou|slp","|","|turn|22","|","|move|p2a: Archeops|Stone Edge|p1a: Furfrou","|-damage|p1a: Furfrou|205/260","|move|p1a: Furfrou|Substitute|p1a: Furfrou","|-start|p1a: Furfrou|Substitute","|-damage|p1a: Furfrou|140/260","|","|turn|23","|","|move|p2a: Archeops|Stone Edge|p1a: Furfrou","|-activate|p1a: Furfrou|Substitute|[damage]","|move|p1a: Furfrou|Return|p2a: Archeops","|-resisted|p2a: Archeops","|-damage|p2a: Archeops|141/254","|","|turn|24","|","|switch|p2a: Armaldo|Armaldo, L83, M|259/259","|move|p1a: Furfrou|Return|p2a: Armaldo","|-crit|p2a: Armaldo","|-resisted|p2a: Armaldo","|-damage|p2a: Armaldo|200/259","|","|-heal|p2a: Armaldo|216/259|[from] item: Leftovers","|turn|25","|","|move|p1a: Furfrou|Cotton Guard|p1a: Furfrou","|-boost|p1a: Furfrou|def|3","|move|p2a: Armaldo|Swords Dance|p2a: Armaldo","|-boost|p2a: Armaldo|atk|2","|","|-heal|p2a: Armaldo|232/259|[from] item: Leftovers","|turn|26","|","|move|p1a: Furfrou|Return|p2a: Armaldo","|-resisted|p2a: Armaldo","|-damage|p2a: Armaldo|189/259","|move|p2a: Armaldo|Swords Dance|p2a: Armaldo","|-boost|p2a: Armaldo|atk|2","|","|-heal|p2a: Armaldo|205/259|[from] item: Leftovers","|turn|27","|","|move|p1a: Furfrou|Return|p2a: Armaldo","|-resisted|p2a: Armaldo","|-damage|p2a: Armaldo|160/259","|move|p2a: Armaldo|Swords Dance|p2a: Armaldo","|-boost|p2a: Armaldo|atk|2","|","|-heal|p2a: Armaldo|176/259|[from] item: Leftovers","|turn|28","|player|p1","|","|win|rAiN/auReM"],"p1rating":{"entryid":7268736,"formatid":"randombattle","userid":"lpkonohamaru","username":"LP Konohamaru","r":1500,"rd":130,"sigma":0,"rpr":1474.2515211921,"rprd":123.1845622021,"rpsigma":0,"rptime":1438246800,"w":0,"l":1,"t":0,"gxe":46.8,"acre":1000,"lacre":1000,"oldacre":1000},"p2rating":{"entryid":"6444477","serverid":"eos","formatid":"randombattle","userid":"rainaurem","username":"Rain ☆ Aurem","w":32,"l":"11","t":"0","gxe":69.7,"r":"1649.9141328965","rd":"57.706669509891","sigma":"0","rptime":"1438246800","rpr":1658.4624072797,"rprd":56.722416403546,"rpsigma":"0","acre":1202.8682674246,"lacre":1202.8682674246,"oldacre":"1190.3408511071"},"endType":"forfeit"}