{"seed":[28603,20299,63378,25197],"turns":36,"p1":"Con-sama","p2":"Lt. Pipsqueak","p1team":[{"name":"Marowak","moves":["bonemerang","substitute","stoneedge","knockoff"],"ability":"Rock Head","evs":{"hp":85,"atk":85,"def":85,"spa":85,"spd":85,"spe":85},"ivs":{"hp":31,"atk":31,"def":31,"spa":31,"spd":31,"spe":31},"item":"Thick Club","level":83,"shiny":false},{"name":"Blissey","moves":["protect","healbell","wish","seismictoss"],"ability":"Natural Cure","evs":{"hp":85,"atk":85,"def":85,"spa":85,"spd":85,"spe":85},"ivs":{"hp":31,"atk":31,"def":31,"spa":31,"spd":31,"spe":31},"item":"Leftovers","level":77,"shiny":false},{"name":"Terrakion","moves":["substitute","closecombat","stealthrock","earthquake"],"ability":"Justified","evs":{"hp":85,"atk":85,"def":85,"spa":85,"spd":85,"spe":85},"ivs":{"hp":31,"atk":31,"def":31,"spa":31,"spd":31,"spe":31},"item":"Leftovers","level":76,"shiny":false},{"name":"Luvdisc","moves":["scald","sweetkiss","protect","toxic"],"ability":"Hydration","evs":{"hp":85,"atk":85,"def":85,"spa":85,"spd":85,"spe":85},"ivs":{"hp":31,"atk":31,"def":31,"spa":31,"spd":31,"spe":31},"item":"Leftovers","level":83,"shiny":false},{"name":"Sigilyph","moves":["cosmicpower","roost","storedpower","psychoshift"],"ability":"Magic Guard","evs":{"hp":85,"atk":85,"def":85,"spa":85,"spd":85,"spe":85},"ivs":{"hp":31,"atk":31,"def":31,"spa":31,"spd":31,"spe":31},"item":"Flame Orb","level":79,"shiny":false},{"name":"Mismagius","moves":["substitute","painsplit","willowisp","shadowball"],"ability":"Levitate","evs":{"hp":85,"atk":85,"def":85,"spa":85,"spd":85,"spe":85},"ivs":{"hp":31,"atk":31,"def":31,"spa":31,"spd":31,"spe":31},"item":"Leftovers","level":81,"shiny":false}],"p2team":[{"name":"Cresselia","moves":["toxic","substitute","moonlight","psychic"],"ability":"Levitate","evs":{"hp":85,"atk":85,"def":85,"spa":85,"spd":85,"spe":85},"ivs":{"hp":31,"atk":31,"def":31,"spa":31,"spd":31,"spe":31},"item":"Leftovers","level":77,"shiny":false},{"name":"Emolga","moves":["roost","chargebeam","batonpass","airslash"],"ability":"Motor Drive","evs":{"hp":85,"atk":85,"def":85,"spa":85,"spd":85,"spe":85},"ivs":{"hp":31,"atk":31,"def":31,"spa":31,"spd":31,"spe":31},"item":"Leftovers","level":83,"shiny":false},{"name":"Magmortar","moves":["thunderbolt","earthquake","hiddenpowerice","fireblast"],"ability":"Vital Spirit","evs":{"hp":85,"atk":85,"def":85,"spa":85,"spd":85,"spe":85},"ivs":{"hp":31,"atk":30,"def":30,"spa":31,"spd":31,"spe":31},"item":"Expert Belt","level":81,"shiny":false},{"name":"Dusknoir","moves":["painsplit","willowisp","substitute","shadowsneak"],"ability":"Frisk","evs":{"hp":85,"atk":85,"def":85,"spa":85,"spd":85,"spe":85},"ivs":{"hp":31,"atk":31,"def":31,"spa":31,"spd":31,"spe":31},"item":"Leftovers","level":83,"shiny":false},{"name":"Latias","moves":["psyshock","roost","dracometeor","hiddenpowerfire"],"ability":"Levitate","evs":{"hp":85,"atk":85,"def":85,"spa":85,"spd":85,"spe":85},"ivs":{"hp":31,"atk":30,"def":31,"spa":30,"spd":31,"spe":30},"item":"Latiasite","level":75,"shiny":false},{"name":"Druddigon","moves":["outrage","dragontail","glare","gunkshot"],"ability":"Sheer Force","evs":{"hp":85,"atk":85,"def":85,"spa":85,"spd":85,"spe":85},"ivs":{"hp":31,"atk":31,"def":31,"spa":31,"spd":31,"spe":31},"item":"Life Orb","level":79,"shiny":false}],"log":["|player|p1|Con-sama|23","|player|p2|Lt. Pipsqueak|265","|gametype|singles","|gen|6","|tier|Random Battle","|rated","|rule|Sleep Clause Mod: Limit one foe put to sleep","|rule|HP Percentage Mod: HP is shown in percentages","|","|start","|switch|p1a: Marowak|Marowak, L83, F|235/235","|switch|p2a: Cresselia|Cresselia, L77, F|311/311","|turn|1","|","|move|p2a: Cresselia|Substitute|p2a: Cresselia","|-start|p2a: Cresselia|Substitute","|-damage|p2a: Cresselia|234/311","|move|p1a: Marowak|Knock Off|p2a: Cresselia","|-crit|p2a: Cresselia","|-supereffective|p2a: Cresselia","|-end|p2a: Cresselia|Substitute","|","|-heal|p2a: Cresselia|253/311|[from] item: Leftovers","|turn|2","|","|switch|p2a: Emolga|Emolga, L83, M|227/227","|move|p1a: Marowak|Knock Off|p2a: Emolga","|-damage|p2a: Emolga|76/227","|-enditem|p2a: Emolga|Leftovers|[from] move: Knock Off|[of] p1a: Marowak","|","|turn|3","|","|move|p2a: Emolga|Air Slash|p1a: Marowak","|-damage|p1a: Marowak|165/235","|cant|p1a: Marowak|flinch","|","|turn|4","|","|move|p2a: Emolga|Roost|p2a: Emolga","|-heal|p2a: Emolga|190/227","|move|p1a: Marowak|Knock Off|p2a: Emolga","|-damage|p2a: Emolga|82/227","|","|turn|5","|","|move|p2a: Emolga|Air Slash|p1a: Marowak","|-damage|p1a: Marowak|96/235","|move|p1a: Marowak|Bonemerang|p2a: Emolga","|-immune|p2a: Emolga|[msg]","|","|turn|6","|","|move|p2a: Emolga|Air Slash|p1a: Marowak","|-damage|p1a: Marowak|23/235","|cant|p1a: Marowak|flinch","|","|turn|7","|","|switch|p1a: Mismagius|Mismagius, L81, M|230/230","|move|p2a: Emolga|Air Slash|p1a: Mismagius","|-damage|p1a: Mismagius|173/230","|","|-heal|p1a: Mismagius|187/230|[from] item: Leftovers","|turn|8","|","|move|p2a: Emolga|Roost|p2a: Emolga","|-heal|p2a: Emolga|196/227","|move|p1a: Mismagius|Shadow Ball|p2a: Emolga","|-damage|p2a: Emolga|73/227","|-unboost|p2a: Emolga|spd|1","|","|-heal|p1a: Mismagius|201/230|[from] item: Leftovers","|turn|9","|","|move|p2a: Emolga|Air Slash|p1a: Mismagius","|-damage|p1a: Mismagius|141/230","|move|p1a: Mismagius|Shadow Ball|p2a: Emolga","|-damage|p2a: Emolga|0 fnt","|faint|p2a: Emolga","|","|-heal|p1a: Mismagius|155/230|[from] item: Leftovers","|","|switch|p2a: Dusknoir|Dusknoir, L83, F|210/210","|-item|p1a: Mismagius|Leftovers|[from] ability: Frisk|[of] p2a: Dusknoir|[identify]","|turn|10","|","|move|p2a: Dusknoir|Shadow Sneak|p1a: Mismagius","|-supereffective|p1a: Mismagius","|-damage|p1a: Mismagius|45/230","|move|p1a: Mismagius|Shadow Ball|p2a: Dusknoir","|-supereffective|p2a: Dusknoir","|-damage|p2a: Dusknoir|78/210","|","|-heal|p1a: Mismagius|59/230|[from] item: Leftovers","|-heal|p2a: Dusknoir|91/210|[from] item: Leftovers","|turn|11","|","|switch|p1a: Blissey|Blissey, L77, F|519/519","|move|p2a: Dusknoir|Shadow Sneak|p1a: Blissey","|-immune|p1a: Blissey|[msg]","|","|-heal|p2a: Dusknoir|104/210|[from] item: Leftovers","|turn|12","|","|switch|p1a: Terrakion|Terrakion, L76|263/263","|move|p2a: Dusknoir|Substitute|p2a: Dusknoir","|-start|p2a: Dusknoir|Substitute","|-damage|p2a: Dusknoir|52/210","|","|-heal|p2a: Dusknoir|65/210|[from] item: Leftovers","|turn|13","|","|move|p1a: Terrakion|Earthquake|p2a: Dusknoir","|-crit|p2a: Dusknoir","|-end|p2a: Dusknoir|Substitute","|move|p2a: Dusknoir|Will-O-Wisp|p1a: Terrakion","|-status|p1a: Terrakion|brn","|","|-heal|p2a: Dusknoir|78/210|[from] item: Leftovers","|-damage|p1a: Terrakion|231/263 brn|[from] brn","|turn|14","|","|switch|p2a: Cresselia|Cresselia, L77, F|253/311","|move|p1a: Terrakion|Earthquake|p2a: Cresselia","|-immune|p2a: Cresselia|[msg]","|","|-heal|p1a: Terrakion|247/263 brn|[from] item: Leftovers","|-heal|p2a: Cresselia|272/311|[from] item: Leftovers","|-damage|p1a: Terrakion|215/263 brn|[from] brn","|turn|15","|","|move|p1a: Terrakion|Close Combat|p2a: Cresselia","|-resisted|p2a: Cresselia","|-damage|p2a: Cresselia|245/311","|-unboost|p1a: Terrakion|def|1","|-unboost|p1a: Terrakion|spd|1","|move|p2a: Cresselia|Substitute|p2a: Cresselia","|-start|p2a: Cresselia|Substitute","|-damage|p2a: Cresselia|168/311","|","|-heal|p1a: Terrakion|231/263 brn|[from] item: Leftovers","|-heal|p2a: Cresselia|187/311|[from] item: Leftovers","|-damage|p1a: Terrakion|199/263 brn|[from] brn","|turn|16","|","|move|p1a: Terrakion|Close Combat|p2a: Cresselia","|-resisted|p2a: Cresselia","|-activate|p2a: Cresselia|Substitute|[damage]","|-unboost|p1a: Terrakion|def|1","|-unboost|p1a: Terrakion|spd|1","|move|p2a: Cresselia|Moonlight|p2a: Cresselia","|-heal|p2a: Cresselia|311/311","|","|-heal|p1a: Terrakion|215/263 brn|[from] item: Leftovers","|-damage|p1a: Terrakion|183/263 brn|[from] brn","|turn|17","|","|switch|p1a: Sigilyph|Sigilyph, L79, F|243/243","|move|p2a: Cresselia|Psychic|p1a: Sigilyph","|-resisted|p1a: Sigilyph","|-damage|p1a: Sigilyph|204/243","|","|-status|p1a: Sigilyph|brn|[from] item: Flame Orb","|turn|18","|","|move|p1a: Sigilyph|Stored Power|p2a: Cresselia","|-resisted|p2a: Cresselia","|-activate|p2a: Cresselia|Substitute|[damage]","|move|p2a: Cresselia|Psychic|p1a: Sigilyph","|-resisted|p1a: Sigilyph","|-damage|p1a: Sigilyph|168/243 brn","|","|turn|19","|","|move|p1a: Sigilyph|Cosmic Power|p1a: Sigilyph","|-boost|p1a: Sigilyph|def|1","|-boost|p1a: Sigilyph|spd|1","|move|p2a: Cresselia|Psychic|p1a: Sigilyph","|-resisted|p1a: Sigilyph","|-damage|p1a: Sigilyph|141/243 brn","|","|turn|20","|","|switch|p2a: Dusknoir|Dusknoir, L83, F|78/210","|-item|p1a: Sigilyph|Flame Orb|[from] ability: Frisk|[of] p2a: Dusknoir|[identify]","|move|p1a: Sigilyph|Cosmic Power|p1a: Sigilyph","|-boost|p1a: Sigilyph|def|1","|-boost|p1a: Sigilyph|spd|1","|","|-heal|p2a: Dusknoir|91/210|[from] item: Leftovers","|turn|21","|","|switch|p1a: Luvdisc|Luvdisc, L83, M|207/207","|move|p2a: Dusknoir|Shadow Sneak|p1a: Luvdisc","|-crit|p1a: Luvdisc","|-damage|p1a: Luvdisc|110/207","|","|-heal|p1a: Luvdisc|122/207|[from] item: Leftovers","|-heal|p2a: Dusknoir|104/210|[from] item: Leftovers","|turn|22","|","|move|p2a: Dusknoir|Shadow Sneak|p1a: Luvdisc","|-damage|p1a: Luvdisc|62/207","|move|p1a: Luvdisc|Scald|p2a: Dusknoir","|-damage|p2a: Dusknoir|68/210","|-status|p2a: Dusknoir|brn","|","|-heal|p1a: Luvdisc|74/207|[from] item: Leftovers","|-heal|p2a: Dusknoir|81/210 brn|[from] item: Leftovers","|-damage|p2a: Dusknoir|55/210 brn|[from] brn","|turn|23","|","|move|p1a: Luvdisc|Protect|p1a: Luvdisc","|-singleturn|p1a: Luvdisc|Protect","|move|p2a: Dusknoir|Shadow Sneak|p1a: Luvdisc","|-activate|p1a: Luvdisc|Protect","|","|-heal|p1a: Luvdisc|86/207|[from] item: Leftovers","|-heal|p2a: Dusknoir|68/210 brn|[from] item: Leftovers","|-damage|p2a: Dusknoir|42/210 brn|[from] brn","|turn|24","|","|move|p1a: Luvdisc|Scald|p2a: Dusknoir","|-damage|p2a: Dusknoir|6/210 brn","|move|p2a: Dusknoir|Will-O-Wisp|p1a: Luvdisc","|-status|p1a: Luvdisc|brn","|","|-heal|p1a: Luvdisc|98/207 brn|[from] item: Leftovers","|-heal|p2a: Dusknoir|19/210 brn|[from] item: Leftovers","|-damage|p1a: Luvdisc|73/207 brn|[from] brn","|-damage|p2a: Dusknoir|0 fnt|[from] brn","|faint|p2a: Dusknoir","|","|switch|p2a: Cresselia|Cresselia, L77, F|311/311","|turn|25","|","|move|p1a: Luvdisc|Protect|p1a: Luvdisc","|-singleturn|p1a: Luvdisc|Protect","|move|p2a: Cresselia|Substitute|p2a: Cresselia","|-start|p2a: Cresselia|Substitute","|-damage|p2a: Cresselia|234/311","|","|-heal|p1a: Luvdisc|85/207 brn|[from] item: Leftovers","|-heal|p2a: Cresselia|253/311|[from] item: Leftovers","|-damage|p1a: Luvdisc|60/207 brn|[from] brn","|turn|26","|","|switch|p1a: Blissey|Blissey, L77, F|519/519","|move|p2a: Cresselia|Psychic|p1a: Blissey","|-damage|p1a: Blissey|464/519","|","|-heal|p2a: Cresselia|272/311|[from] item: Leftovers","|-heal|p1a: Blissey|496/519|[from] item: Leftovers","|turn|27","|","|move|p2a: Cresselia|Toxic|p1a: Blissey","|-status|p1a: Blissey|tox","|move|p1a: Blissey|Seismic Toss|p2a: Cresselia","|-end|p2a: Cresselia|Substitute","|","|-heal|p2a: Cresselia|291/311|[from] item: Leftovers","|-heal|p1a: Blissey|519/519 tox|[from] item: Leftovers","|-damage|p1a: Blissey|487/519 tox|[from] psn","|turn|28","|","|move|p2a: Cresselia|Substitute|p2a: Cresselia","|-start|p2a: Cresselia|Substitute","|-damage|p2a: Cresselia|214/311","|move|p1a: Blissey|Seismic Toss|p2a: Cresselia","|-end|p2a: Cresselia|Substitute","|","|-heal|p2a: Cresselia|233/311|[from] item: Leftovers","|-heal|p1a: Blissey|519/519 tox|[from] item: Leftovers","|-damage|p1a: Blissey|455/519 tox|[from] psn","|turn|29","|","|move|p2a: Cresselia|Substitute|p2a: Cresselia","|-start|p2a: Cresselia|Substitute","|-damage|p2a: Cresselia|156/311","|move|p1a: Blissey|Seismic Toss|p2a: Cresselia","|-end|p2a: Cresselia|Substitute","|","|-heal|p2a: Cresselia|175/311|[from] item: Leftovers","|-heal|p1a: Blissey|487/519 tox|[from] item: Leftovers","|-damage|p1a: Blissey|391/519 tox|[from] psn","|turn|30","|","|move|p2a: Cresselia|Substitute|p2a: Cresselia","|-start|p2a: Cresselia|Substitute","|-damage|p2a: Cresselia|98/311","|move|p1a: Blissey|Seismic Toss|p2a: Cresselia","|-end|p2a: Cresselia|Substitute","|","|-heal|p2a: Cresselia|117/311|[from] item: Leftovers","|-heal|p1a: Blissey|423/519 tox|[from] item: Leftovers","|-damage|p1a: Blissey|295/519 tox|[from] psn","|turn|31","|","|move|p2a: Cresselia|Moonlight|p2a: Cresselia","|-heal|p2a: Cresselia|272/311","|move|p1a: Blissey|Seismic Toss|p2a: Cresselia","|-damage|p2a: Cresselia|195/311","|","|-heal|p2a: Cresselia|214/311|[from] item: Leftovers","|-heal|p1a: Blissey|327/519 tox|[from] item: Leftovers","|-damage|p1a: Blissey|167/519 tox|[from] psn","|turn|32","|","|move|p2a: Cresselia|Substitute|p2a: Cresselia","|-start|p2a: Cresselia|Substitute","|-damage|p2a: Cresselia|137/311","|move|p1a: Blissey|Wish|p1a: Blissey","|","|-heal|p2a: Cresselia|156/311|[from] item: Leftovers","|-heal|p1a: Blissey|199/519 tox|[from] item: Leftovers","|-damage|p1a: Blissey|7/519 tox|[from] psn","|turn|33","|","|move|p1a: Blissey|Protect|p1a: Blissey","|-singleturn|p1a: Blissey|Protect","|move|p2a: Cresselia|Moonlight|p2a: Cresselia","|-heal|p2a: Cresselia|311/311","|","|-heal|p1a: Blissey|266/519 tox|[from] move: Wish|[wisher] Blissey","|-heal|p1a: Blissey|298/519 tox|[from] item: Leftovers","|-damage|p1a: Blissey|74/519 tox|[from] psn","|turn|34","|","|switch|p1a: Marowak|Marowak, L83, F|23/235","|move|p2a: Cresselia|Psychic|p1a: Marowak","|-damage|p1a: Marowak|0 fnt","|faint|p1a: Marowak","|","|","|switch|p1a: Mismagius|Mismagius, L81, M|59/230","|turn|35","|","|move|p1a: Mismagius|Pain Split|p2a: Cresselia","|-fail|p2a: Cresselia","|move|p2a: Cresselia|Psychic|p1a: Mismagius","|-damage|p1a: Mismagius|4/230","|","|-heal|p1a: Mismagius|18/230|[from] item: Leftovers","|turn|36","|","|move|p1a: Mismagius|Shadow Ball|p2a: Cresselia","|-supereffective|p2a: Cresselia","|-end|p2a: Cresselia|Substitute","|move|p2a: Cresselia|Psychic|p1a: Mismagius","|-damage|p1a: Mismagius|0 fnt","|faint|p1a: Mismagius","|","|","|win|Lt. Pipsqueak"],"p1rating":{"entryid":7262978,"formatid":"randombattle","userid":"consama","username":"Con-sama","r":1500,"rd":130,"sigma":0,"rpr":1459.8393856612,"rprd":122.8583080769,"rpsigma":0,"rptime":1438160400,"w":0,"l":1,"t":0,"gxe":45,"acre":1000,"lacre":1000,"oldacre":1000},"p2rating":{"entryid":7262979,"formatid":"randombattle","userid":"ltpipsqueak","username":"Lt. Pipsqueak","r":1500,"rd":130,"sigma":0,"rpr":1540.1606143388,"rprd":122.8583080769,"rpsigma":0,"rptime":1438160400,"w":1,"l":0,"t":0,"gxe":55,"acre":1040,"lacre":1040,"oldacre":1000},"endType":"forfeit"}