{"seed":[7809,38654,45247,7032],"turns":30,"p1":"Traine✘ Jacobot","p2":"GLOCA","p1team":[{"name":"Luvdisc","moves":["scald","toxic","sweetkiss","protect"],"ability":"Hydration","evs":{"hp":85,"atk":85,"def":85,"spa":85,"spd":85,"spe":85},"ivs":{"hp":31,"atk":31,"def":31,"spa":31,"spd":31,"spe":31},"item":"Leftovers","level":83,"shiny":false},{"name":"Delibird","moves":["spikes","aerialace","destinybond","iceshard"],"ability":"Hustle","evs":{"hp":81,"atk":89,"def":85,"spa":85,"spd":85,"spe":85},"ivs":{"hp":31,"atk":31,"def":31,"spa":31,"spd":31,"spe":31},"item":"Leftovers","level":83,"shiny":false},{"name":"Cherrim","moves":["solarbeam","hiddenpowerice","weatherball","sunnyday"],"ability":"Flower Gift","evs":{"hp":85,"atk":85,"def":85,"spa":85,"spd":85,"spe":85},"ivs":{"hp":31,"atk":30,"def":30,"spa":31,"spd":31,"spe":31},"item":"Heat Rock","level":83,"shiny":false},{"name":"Weavile","moves":["iciclecrash","pursuit","lowkick","iceshard"],"ability":"Pickpocket","evs":{"hp":85,"atk":85,"def":85,"spa":85,"spd":85,"spe":85},"ivs":{"hp":31,"atk":31,"def":31,"spa":31,"spd":31,"spe":31},"item":"Choice Band","level":75,"shiny":false},{"name":"Scolipede","moves":["substitute","batonpass","swordsdance","megahorn"],"ability":"Speed Boost","evs":{"hp":81,"atk":89,"def":85,"spa":85,"spd":85,"spe":85},"ivs":{"hp":31,"atk":31,"def":31,"spa":31,"spd":31,"spe":31},"item":"Black Sludge","level":76,"shiny":false},{"name":"Deoxys-Attack","moves":["extremespeed","superpower","psychoboost","stealthrock"],"ability":"Pressure","evs":{"hp":85,"atk":85,"def":85,"spa":85,"spd":85,"spe":85},"ivs":{"hp":31,"atk":31,"def":31,"spa":31,"spd":31,"spe":31},"item":"Life Orb","level":73,"shiny":false}],"p2team":[{"name":"Chesnaught","moves":["woodhammer","spikyshield","drainpunch","leechseed"],"ability":"Bulletproof","evs":{"hp":85,"atk":85,"def":85,"spa":85,"spd":85,"spe":85},"ivs":{"hp":31,"atk":31,"def":31,"spa":31,"spd":31,"spe":31},"item":"Leftovers","level":77,"shiny":false},{"name":"Heatran","moves":["flashcannon","lavaplume","toxic","stealthrock"],"ability":"Flash Fire","evs":{"hp":85,"atk":85,"def":85,"spa":85,"spd":85,"spe":85},"ivs":{"hp":31,"atk":31,"def":31,"spa":31,"spd":31,"spe":31},"item":"Air Balloon","level":75,"shiny":false},{"name":"Swalot","moves":["sludgebomb","earthquake","encore","painsplit"],"ability":"Liquid Ooze","evs":{"hp":85,"atk":85,"def":85,"spa":85,"spd":85,"spe":85},"ivs":{"hp":31,"atk":31,"def":31,"spa":31,"spd":31,"spe":31},"item":"Black Sludge","level":83,"shiny":false},{"name":"Dedenne","moves":["grassknot","nuzzle","toxic","thunderbolt"],"ability":"Cheek Pouch","evs":{"hp":85,"atk":85,"def":85,"spa":85,"spd":85,"spe":85},"ivs":{"hp":31,"atk":31,"def":31,"spa":31,"spd":31,"spe":31},"item":"Petaya Berry","level":83,"shiny":false},{"name":"Noivern","moves":["switcheroo","roost","hurricane","boomburst"],"ability":"Infiltrator","evs":{"hp":85,"atk":85,"def":85,"spa":85,"spd":85,"spe":85},"ivs":{"hp":31,"atk":31,"def":31,"spa":31,"spd":31,"spe":31},"item":"Choice Scarf","level":78,"shiny":false},{"name":"Chandelure","moves":["substitute","shadowball","painsplit","energyball"],"ability":"Infiltrator","evs":{"hp":85,"atk":85,"def":85,"spa":85,"spd":85,"spe":85},"ivs":{"hp":31,"atk":31,"def":31,"spa":31,"spd":31,"spe":31},"item":"Leftovers","level":77,"shiny":false}],"log":["|player|p1|Traine✘ Jacobot|134","|player|p2|GLOCA|265","|gametype|singles","|gen|6","|tier|Random Battle","|rated","|rule|Sleep Clause Mod: Limit one foe put to sleep","|rule|HP Percentage Mod: HP is shown in percentages","|","|start","|switch|p1a: Luvdisc|Luvdisc, L83, F|207/207","|switch|p2a: Chesnaught|Chesnaught, L77, M|262/262","|turn|1","|","|switch|p1a: Delibird|Delibird, L83, F|210/210","|switch|p2a: Noivern|Noivern, L78, F|261/261","|","|turn|2","|","|move|p1a: Delibird|Ice Shard|p2a: Noivern","|-supereffective|p2a: Noivern","|-damage|p2a: Noivern|57/261","|move|p2a: Noivern|Boomburst|p1a: Delibird","|-damage|p1a: Delibird|77/210","|","|-heal|p1a: Delibird|90/210|[from] item: Leftovers","|turn|3","|","|switch|p2a: Dedenne|Dedenne, L83, F|247/247","|move|p1a: Delibird|Ice Shard|p2a: Dedenne","|-damage|p2a: Dedenne|193/247","|","|-heal|p1a: Delibird|103/210|[from] item: Leftovers","|turn|4","|","|switch|p1a: Scolipede|Scolipede, L76, F|215/215","|move|p2a: Dedenne|Thunderbolt|p1a: Scolipede","|-damage|p1a: Scolipede|112/215","|","|-heal|p1a: Scolipede|125/215|[from] item: Black Sludge","|turn|5","|","|switch|p2a: Chandelure|Chandelure, L77, F|219/219","|move|p1a: Scolipede|Swords Dance|p1a: Scolipede","|-boost|p1a: Scolipede|atk|2","|","|-heal|p1a: Scolipede|138/215|[from] item: Black Sludge","|-boost|p1a: Scolipede|spe|1|[from] ability: Speed Boost","|turn|6","|","|move|p1a: Scolipede|Megahorn|p2a: Chandelure","|-resisted|p2a: Chandelure","|-damage|p2a: Chandelure|161/219","|move|p2a: Chandelure|Energy Ball|p1a: Scolipede","|-resisted|p1a: Scolipede","|-damage|p1a: Scolipede|115/215","|","|-heal|p1a: Scolipede|128/215|[from] item: Black Sludge","|-heal|p2a: Chandelure|174/219|[from] item: Leftovers","|-boost|p1a: Scolipede|spe|1|[from] ability: Speed Boost","|turn|7","|","|switch|p2a: Heatran|Heatran, L75, M|260/260","|-item|p2a: Heatran|Air Balloon","|move|p1a: Scolipede|Swords Dance|p1a: Scolipede","|-boost|p1a: Scolipede|atk|2","|","|-heal|p1a: Scolipede|141/215|[from] item: Black Sludge","|-boost|p1a: Scolipede|spe|1|[from] ability: Speed Boost","|turn|8","|","|move|p1a: Scolipede|Baton Pass|p1a: Scolipede","|","|switch|p1a: Weavile|Weavile, L75, M|229/229","|move|p2a: Heatran|Flash Cannon|p1a: Weavile","|-supereffective|p1a: Weavile","|-damage|p1a: Weavile|37/229","|","|turn|9","|","|move|p1a: Weavile|Low Kick|p2a: Heatran","|-supereffective|p2a: Heatran","|-damage|p2a: Heatran|0 fnt","|-enditem|p2a: Heatran|Air Balloon","|faint|p2a: Heatran","|","|","|switch|p2a: Dedenne|Dedenne, L83, F|193/247","|turn|10","|","|move|p1a: Weavile|Low Kick|p2a: Dedenne","|-resisted|p2a: Dedenne","|-damage|p2a: Dedenne|151/247","|move|p2a: Dedenne|Grass Knot|p1a: Weavile","|-damage|p1a: Weavile|0 fnt","|faint|p1a: Weavile","|","|","|switch|p1a: Deoxys-Attack|Deoxys-Attack, L73|193/193","|-ability|p1a: Deoxys-Attack|Pressure","|turn|11","|","|move|p1a: Deoxys-Attack|Extreme Speed|p2a: Dedenne","|-damage|p2a: Dedenne|16/247","|-damage|p1a: Deoxys-Attack|174/193|[from] item: Life Orb","|-heal|p2a: Dedenne|98/247|[from] ability: Cheek Pouch","|-enditem|p2a: Dedenne|Petaya Berry|[eat]","|-boost|p2a: Dedenne|spa|1|[from] item: Petaya Berry","|move|p2a: Dedenne|Toxic|p1a: Deoxys-Attack","|-status|p1a: Deoxys-Attack|tox","|","|-damage|p1a: Deoxys-Attack|162/193 tox|[from] psn","|turn|12","|","|move|p1a: Deoxys-Attack|Extreme Speed|p2a: Dedenne","|-damage|p2a: Dedenne|0 fnt","|-damage|p1a: Deoxys-Attack|143/193 tox|[from] item: Life Orb","|faint|p2a: Dedenne","|","|-damage|p1a: Deoxys-Attack|119/193 tox|[from] psn","|","|switch|p2a: Noivern|Noivern, L78, F|57/261","|turn|13","|","|move|p2a: Noivern|Hurricane|p1a: Deoxys-Attack","|-damage|p1a: Deoxys-Attack|0 fnt","|faint|p1a: Deoxys-Attack","|","|","|switch|p1a: Delibird|Delibird, L83, F|103/210","|turn|14","|","|move|p1a: Delibird|Ice Shard|p2a: Noivern","|-supereffective|p2a: Noivern","|-damage|p2a: Noivern|0 fnt","|faint|p2a: Noivern","|","|-heal|p1a: Delibird|116/210|[from] item: Leftovers","|","|switch|p2a: Chesnaught|Chesnaught, L77, M|262/262","|turn|15","|","|move|p1a: Delibird|Aerial Ace|p2a: Chesnaught","|-supereffective|p2a: Chesnaught","|-damage|p2a: Chesnaught|34/262","|move|p2a: Chesnaught|Wood Hammer|p1a: Delibird","|-resisted|p1a: Delibird","|-damage|p1a: Delibird|20/210","|-damage|p2a: Chesnaught|2/262|[from] recoil|[of] p1a: Delibird","|","|-heal|p1a: Delibird|33/210|[from] item: Leftovers","|-heal|p2a: Chesnaught|18/262|[from] item: Leftovers","|turn|16","|","|move|p1a: Delibird|Ice Shard|p2a: Chesnaught|[miss]","|-miss|p1a: Delibird|p2a: Chesnaught","|move|p2a: Chesnaught|Drain Punch|p1a: Delibird","|-damage|p1a: Delibird|0 fnt","|-heal|p2a: Chesnaught|35/262|[from] drain|[of] p1a: Delibird","|faint|p1a: Delibird","|","|-heal|p2a: Chesnaught|51/262|[from] item: Leftovers","|","|switch|p1a: Scolipede|Scolipede, L76, F|141/215","|turn|17","|","|move|p1a: Scolipede|Megahorn|p2a: Chesnaught","|-damage|p2a: Chesnaught|0 fnt","|faint|p2a: Chesnaught","|","|-heal|p1a: Scolipede|154/215|[from] item: Black Sludge","|-boost|p1a: Scolipede|spe|1|[from] ability: Speed Boost","|","|switch|p2a: Swalot|Swalot, L83, M|302/302","|turn|18","|","|move|p1a: Scolipede|Swords Dance|p1a: Scolipede","|-boost|p1a: Scolipede|atk|2","|move|p2a: Swalot|Sludge Bomb|p1a: Scolipede","|-resisted|p1a: Scolipede","|-damage|p1a: Scolipede|101/215","|","|-heal|p1a: Scolipede|114/215|[from] item: Black Sludge","|-boost|p1a: Scolipede|spe|1|[from] ability: Speed Boost","|turn|19","|","|move|p1a: Scolipede|Megahorn|p2a: Swalot","|-resisted|p2a: Swalot","|-damage|p2a: Swalot|194/302","|move|p2a: Swalot|Earthquake|p1a: Scolipede","|-crit|p1a: Scolipede","|-damage|p1a: Scolipede|20/215","|","|-heal|p1a: Scolipede|33/215|[from] item: Black Sludge","|-heal|p2a: Swalot|212/302|[from] item: Black Sludge","|-boost|p1a: Scolipede|spe|1|[from] ability: Speed Boost","|turn|20","|","|move|p1a: Scolipede|Megahorn|p2a: Swalot","|-resisted|p2a: Swalot","|-damage|p2a: Swalot|105/302","|move|p2a: Swalot|Sludge Bomb|p1a: Scolipede","|-resisted|p1a: Scolipede","|-damage|p1a: Scolipede|0 fnt","|faint|p1a: Scolipede","|","|-heal|p2a: Swalot|123/302|[from] item: Black Sludge","|","|switch|p1a: Cherrim|Cherrim, L83, M|252/252","|turn|21","|","|switch|p2a: Chandelure|Chandelure, L77, F|174/219","|move|p1a: Cherrim|Hidden Power|p2a: Chandelure","|-resisted|p2a: Chandelure","|-damage|p2a: Chandelure|155/219","|","|-heal|p2a: Chandelure|168/219|[from] item: Leftovers","|turn|22","|","|move|p1a: Cherrim|Sunny Day|p1a: Cherrim","|-weather|SunnyDay","|-formechange|p1a: Cherrim|Cherrim-Sunshine|[msg]","|move|p2a: Chandelure|Shadow Ball|p1a: Cherrim","|-damage|p1a: Cherrim|144/252","|-unboost|p1a: Cherrim|spd|1","|","|-weather|SunnyDay|[upkeep]","|-heal|p2a: Chandelure|181/219|[from] item: Leftovers","|turn|23","|","|move|p1a: Cherrim|Solar Beam|p2a: Chandelure|[still]","|-prepare|p1a: Cherrim|Solar Beam|p2a: Chandelure","|-anim|p1a: Cherrim|Solar Beam|p2a: Chandelure","|-resisted|p2a: Chandelure","|-damage|p2a: Chandelure|116/219","|move|p2a: Chandelure|Energy Ball|p1a: Cherrim","|-resisted|p1a: Cherrim","|-damage|p1a: Cherrim|82/252","|","|-weather|SunnyDay|[upkeep]","|-heal|p2a: Chandelure|129/219|[from] item: Leftovers","|turn|24","|","|move|p1a: Cherrim|Solar Beam|p2a: Chandelure|[still]","|-prepare|p1a: Cherrim|Solar Beam|p2a: Chandelure","|-anim|p1a: Cherrim|Solar Beam|p2a: Chandelure","|-resisted|p2a: Chandelure","|-damage|p2a: Chandelure|66/219","|move|p2a: Chandelure|Shadow Ball|p1a: Cherrim","|-damage|p1a: Cherrim|0 fnt","|faint|p1a: Cherrim","|","|-weather|SunnyDay|[upkeep]","|-heal|p2a: Chandelure|79/219|[from] item: Leftovers","|","|switch|p1a: Luvdisc|Luvdisc, L83, F|207/207","|turn|25","|","|move|p1a: Luvdisc|Scald|p2a: Chandelure","|-supereffective|p2a: Chandelure","|-damage|p2a: Chandelure|31/219","|move|p2a: Chandelure|Shadow Ball|p1a: Luvdisc","|-damage|p1a: Luvdisc|83/207","|","|-weather|SunnyDay|[upkeep]","|-heal|p1a: Luvdisc|95/207|[from] item: Leftovers","|-heal|p2a: Chandelure|44/219|[from] item: Leftovers","|turn|26","|","|switch|p2a: Swalot|Swalot, L83, M|123/302","|move|p1a: Luvdisc|Scald|p2a: Swalot","|-damage|p2a: Swalot|96/302","|","|-weather|SunnyDay|[upkeep]","|-heal|p1a: Luvdisc|107/207|[from] item: Leftovers","|-heal|p2a: Swalot|114/302|[from] item: Black Sludge","|turn|27","|","|move|p1a: Luvdisc|Protect|p1a: Luvdisc","|-singleturn|p1a: Luvdisc|Protect","|move|p2a: Swalot|Sludge Bomb|p1a: Luvdisc","|-activate|p1a: Luvdisc|Protect","|","|-weather|SunnyDay|[upkeep]","|-heal|p1a: Luvdisc|119/207|[from] item: Leftovers","|-heal|p2a: Swalot|132/302|[from] item: Black Sludge","|turn|28","|","|move|p1a: Luvdisc|Scald|p2a: Swalot","|-damage|p2a: Swalot|108/302","|-status|p2a: Swalot|brn","|move|p2a: Swalot|Pain Split|p1a: Luvdisc","|-sethp|p1a: Luvdisc|113/207|p2a: Swalot|113/302 brn|[from] move: Pain Split","|","|-weather|SunnyDay|[upkeep]","|-heal|p1a: Luvdisc|125/207|[from] item: Leftovers","|-heal|p2a: Swalot|131/302 brn|[from] item: Black Sludge","|-damage|p2a: Swalot|94/302 brn|[from] brn","|turn|29","|","|move|p1a: Luvdisc|Protect|p1a: Luvdisc","|-singleturn|p1a: Luvdisc|Protect","|move|p2a: Swalot|Earthquake|p1a: Luvdisc","|-activate|p1a: Luvdisc|Protect","|","|-weather|none","|-heal|p1a: Luvdisc|137/207|[from] item: Leftovers","|-heal|p2a: Swalot|112/302 brn|[from] item: Black Sludge","|-damage|p2a: Swalot|75/302 brn|[from] brn","|turn|30","|","|win|Traine✘ Jacobot"],"p1rating":{"entryid":"7260747","serverid":"eos","formatid":"randombattle","userid":"trainejacobot","username":"Traine✘ Jacobot","w":2,"l":"0","t":"0","gxe":59.9,"r":"1500","rd":"130","sigma":"0","rptime":"1438160400","rpr":1579.7775015524,"rprd":116.35137628773,"rpsigma":"0","acre":1070.9316670543,"lacre":1070.9316670543,"oldacre":"1041.0748872661"},"p2rating":{"entryid":7261120,"formatid":"randombattle","userid":"gloca","username":"GLOCA","r":1500,"rd":130,"sigma":0,"rpr":1459.8393856612,"rprd":122.8583080769,"rpsigma":0,"rptime":1438160400,"w":0,"l":1,"t":0,"gxe":45,"acre":1000,"lacre":1000,"oldacre":1000},"endType":"forfeit"}