{"seed":[26555,27235,57711,20920],"turns":15,"p1":"Daniowo","p2":"Traine✘ Fleek","p1team":[{"name":"Chatot","moves":["uturn","hiddenpowerground","heatwave","chatter"],"ability":"Keen Eye","evs":{"hp":85,"atk":85,"def":85,"spa":85,"spd":85,"spe":85},"ivs":{"hp":31,"atk":31,"def":31,"spa":30,"spd":30,"spe":31},"item":"Expert Belt","level":83,"shiny":false},{"name":"Chesnaught","moves":["synthesis","spikyshield","woodhammer","leechseed"],"ability":"Bulletproof","evs":{"hp":85,"atk":85,"def":85,"spa":85,"spd":85,"spe":85},"ivs":{"hp":31,"atk":31,"def":31,"spa":31,"spd":31,"spe":31},"item":"Leftovers","level":77,"shiny":false},{"name":"Deoxys-Defense","moves":["taunt","stealthrock","seismictoss","recover"],"ability":"Pressure","evs":{"hp":85,"atk":85,"def":85,"spa":85,"spd":85,"spe":85},"ivs":{"hp":31,"atk":31,"def":31,"spa":31,"spd":31,"spe":31},"item":"Leftovers","level":73,"shiny":false},{"name":"Diggersby","moves":["knockoff","return","quickattack","uturn"],"ability":"Huge Power","evs":{"hp":85,"atk":85,"def":85,"spa":85,"spd":85,"spe":85},"ivs":{"hp":31,"atk":31,"def":31,"spa":31,"spd":31,"spe":31},"item":"Choice Band","level":76,"shiny":false},{"name":"Toxicroak","moves":["gunkshot","drainpunch","swordsdance","substitute"],"ability":"Dry Skin","evs":{"hp":85,"atk":85,"def":85,"spa":85,"spd":85,"spe":85},"ivs":{"hp":31,"atk":31,"def":31,"spa":31,"spd":31,"spe":31},"item":"Black Sludge","level":77,"shiny":false},{"name":"Mamoswine","moves":["earthquake","iciclecrash","superpower","stealthrock"],"ability":"Thick Fat","evs":{"hp":85,"atk":85,"def":85,"spa":85,"spd":85,"spe":85},"ivs":{"hp":31,"atk":31,"def":31,"spa":31,"spd":31,"spe":31},"item":"Life Orb","level":77,"shiny":false}],"p2team":[{"name":"Heracross","moves":["swordsdance","substitute","closecombat","bulletseed"],"ability":"Moxie","evs":{"hp":85,"atk":85,"def":85,"spa":85,"spd":85,"spe":85},"ivs":{"hp":31,"atk":31,"def":31,"spa":31,"spd":31,"spe":31},"item":"Heracronite","level":76,"shiny":false},{"name":"Cherrim","moves":["energyball","synthesis","hiddenpowerice","sunnyday"],"ability":"Flower Gift","evs":{"hp":85,"atk":85,"def":85,"spa":85,"spd":85,"spe":85},"ivs":{"hp":31,"atk":30,"def":30,"spa":31,"spd":31,"spe":31},"item":"Heat Rock","level":83,"shiny":false},{"name":"Vanilluxe","moves":["explosion","hiddenpowerground","icebeam","autotomize"],"ability":"Ice Body","evs":{"hp":85,"atk":85,"def":85,"spa":85,"spd":85,"spe":85},"ivs":{"hp":31,"atk":31,"def":31,"spa":30,"spd":30,"spe":31},"item":"Life Orb","level":83,"shiny":false},{"name":"Zangoose","moves":["facade","swordsdance","knockoff","closecombat"],"ability":"Toxic Boost","evs":{"hp":85,"atk":85,"def":85,"spa":85,"spd":85,"spe":85},"ivs":{"hp":31,"atk":31,"def":31,"spa":31,"spd":31,"spe":31},"item":"Toxic Orb","level":81,"shiny":false},{"name":"Kyurem","moves":["outrage","earthpower","dragonpulse","icebeam"],"ability":"Pressure","evs":{"hp":85,"atk":85,"def":85,"spa":85,"spd":85,"spe":85},"ivs":{"hp":31,"atk":31,"def":31,"spa":31,"spd":31,"spe":31},"item":"Expert Belt","level":78,"shiny":false},{"name":"Galvantula","moves":["stickyweb","gigadrain","thunder","voltswitch"],"ability":"Compound Eyes","evs":{"hp":85,"atk":85,"def":85,"spa":85,"spd":85,"spe":85},"ivs":{"hp":31,"atk":31,"def":31,"spa":31,"spd":31,"spe":31},"item":"Life Orb","level":77,"shiny":false}],"log":["|player|p1|Daniowo|101","|player|p2|Traine✘ Fleek|94","|gametype|singles","|gen|6","|tier|Random Battle","|rated","|rule|Sleep Clause Mod: Limit one foe put to sleep","|rule|HP Percentage Mod: HP is shown in percentages","|","|start","|switch|p1a: Chatot|Chatot, L83, M|262/262","|switch|p2a: Heracross|Heracross, L76, M|247/247","|turn|1","|","|switch|p1a: Deoxys-Defense|Deoxys-Defense, L73|193/193","|-ability|p1a: Deoxys-Defense|Pressure","|switch|p2a: Galvantula|Galvantula, L77, M|234/234","|","|turn|2","|","|move|p2a: Galvantula|Sticky Web|p1a: Deoxys-Defense","|-sidestart|p1: Daniowo|move: Sticky Web","|move|p1a: Deoxys-Defense|Seismic Toss|p2a: Galvantula","|-damage|p2a: Galvantula|161/234","|","|turn|3","|","|move|p2a: Galvantula|Volt Switch|p1a: Deoxys-Defense","|-damage|p1a: Deoxys-Defense|138/193","|-damage|p2a: Galvantula|138/234|[from] item: Life Orb","|","|switch|p2a: Vanilluxe|Vanilluxe, L83, F|254/254","|move|p1a: Deoxys-Defense|Stealth Rock|p2a: Vanilluxe","|-sidestart|p2: Traine✘ Fleek|move: Stealth Rock","|","|-heal|p1a: Deoxys-Defense|150/193|[from] item: Leftovers","|turn|4","|","|switch|p1a: Toxicroak|Toxicroak, L77, M|254/254","|-activate|p1a: Toxicroak|move: Sticky Web","|-unboost|p1a: Toxicroak|spe|1","|move|p2a: Vanilluxe|Autotomize|p2a: Vanilluxe","|-boost|p2a: Vanilluxe|spe|2","|-start|p2a: Vanilluxe|Autotomize","|","|turn|5","|","|move|p2a: Vanilluxe|Hidden Power|p1a: Toxicroak","|-supereffective|p1a: Toxicroak","|-damage|p1a: Toxicroak|88/254","|-damage|p2a: Vanilluxe|229/254|[from] item: Life Orb","|move|p1a: Toxicroak|Gunk Shot|p2a: Vanilluxe","|-damage|p2a: Vanilluxe|112/254","|-status|p2a: Vanilluxe|psn","|","|-heal|p1a: Toxicroak|103/254|[from] item: Black Sludge","|-damage|p2a: Vanilluxe|81/254 psn|[from] psn","|turn|6","|","|move|p2a: Vanilluxe|Hidden Power|p1a: Toxicroak","|-supereffective|p1a: Toxicroak","|-damage|p1a: Toxicroak|0 fnt","|-damage|p2a: Vanilluxe|56/254 psn|[from] item: Life Orb","|faint|p1a: Toxicroak","|","|-damage|p2a: Vanilluxe|25/254 psn|[from] psn","|","|switch|p1a: Deoxys-Defense|Deoxys-Defense, L73|150/193","|-activate|p1a: Deoxys-Defense|move: Sticky Web","|-unboost|p1a: Deoxys-Defense|spe|1","|-ability|p1a: Deoxys-Defense|Pressure","|turn|7","|","|move|p2a: Vanilluxe|Explosion|p1a: Deoxys-Defense","|-damage|p1a: Deoxys-Defense|0 fnt","|faint|p2a: Vanilluxe","|faint|p1a: Deoxys-Defense","|","|","|switch|p2a: Cherrim|Cherrim, L83, M|252/252","|switch|p1a: Chesnaught|Chesnaught, L77, M|262/262","|-damage|p2a: Cherrim|221/252|[from] Stealth Rock","|-activate|p1a: Chesnaught|move: Sticky Web","|-unboost|p1a: Chesnaught|spe|1","|turn|8","|","|move|p2a: Cherrim|Sunny Day|p2a: Cherrim","|-weather|SunnyDay","|-formechange|p2a: Cherrim|Cherrim-Sunshine|[msg]","|move|p1a: Chesnaught|Leech Seed|p2a: Cherrim","|-immune|p2a: Cherrim|[msg]","|","|-weather|SunnyDay|[upkeep]","|turn|9","|","|switch|p1a: Diggersby|Diggersby, L76, F|254/254","|-activate|p1a: Diggersby|move: Sticky Web","|-unboost|p1a: Diggersby|spe|1","|move|p2a: Cherrim|Hidden Power|p1a: Diggersby","|-supereffective|p1a: Diggersby","|-damage|p1a: Diggersby|152/254","|","|-weather|SunnyDay|[upkeep]","|turn|10","|","|move|p2a: Cherrim|Energy Ball|p1a: Diggersby","|-supereffective|p1a: Diggersby","|-damage|p1a: Diggersby|0 fnt","|faint|p1a: Diggersby","|","|-weather|SunnyDay|[upkeep]","|","|switch|p1a: Mamoswine|Mamoswine, L77, F|296/296","|-activate|p1a: Mamoswine|move: Sticky Web","|-unboost|p1a: Mamoswine|spe|1","|turn|11","|","|move|p2a: Cherrim|Energy Ball|p1a: Mamoswine","|-supereffective|p1a: Mamoswine","|-damage|p1a: Mamoswine|30/296","|move|p1a: Mamoswine|Icicle Crash|p2a: Cherrim","|-supereffective|p2a: Cherrim","|-damage|p2a: Cherrim|0 fnt","|-damage|p1a: Mamoswine|1/296|[from] item: Life Orb","|faint|p2a: Cherrim","|","|-weather|SunnyDay|[upkeep]","|","|switch|p2a: Galvantula|Galvantula, L77, M|138/234","|-damage|p2a: Galvantula|80/234|[from] Stealth Rock","|turn|12","|","|move|p2a: Galvantula|Giga Drain|p1a: Mamoswine","|-supereffective|p1a: Mamoswine","|-damage|p1a: Mamoswine|0 fnt","|-heal|p2a: Galvantula|81/234|[from] drain|[of] p1a: Mamoswine","|-damage|p2a: Galvantula|58/234|[from] item: Life Orb","|faint|p1a: Mamoswine","|","|-weather|SunnyDay|[upkeep]","|","|switch|p1a: Chatot|Chatot, L83, M|262/262","|turn|13","|","|move|p2a: Galvantula|Thunder|p1a: Chatot","|-supereffective|p1a: Chatot","|-damage|p1a: Chatot|0 fnt","|-damage|p2a: Galvantula|35/234|[from] item: Life Orb","|faint|p1a: Chatot","|","|-weather|SunnyDay|[upkeep]","|","|switch|p1a: Chesnaught|Chesnaught, L77, M|262/262","|-activate|p1a: Chesnaught|move: Sticky Web","|-unboost|p1a: Chesnaught|spe|1","|turn|14","|","|move|p2a: Galvantula|Thunder|p1a: Chesnaught","|-resisted|p1a: Chesnaught","|-damage|p1a: Chesnaught|178/262","|-damage|p2a: Galvantula|12/234|[from] item: Life Orb","|move|p1a: Chesnaught|Wood Hammer|p2a: Galvantula","|-resisted|p2a: Galvantula","|-damage|p2a: Galvantula|0 fnt","|-damage|p1a: Chesnaught|174/262|[from] recoil|[of] p2a: Galvantula","|faint|p2a: Galvantula","|","|-weather|SunnyDay|[upkeep]","|-heal|p1a: Chesnaught|190/262|[from] item: Leftovers","|","|switch|p2a: Kyurem|Kyurem, L78|323/323","|-damage|p2a: Kyurem|243/323|[from] Stealth Rock","|-ability|p2a: Kyurem|Pressure","|turn|15","|","|move|p2a: Kyurem|Ice Beam|p1a: Chesnaught","|-supereffective|p1a: Chesnaught","|-damage|p1a: Chesnaught|0 fnt","|faint|p1a: Chesnaught","|","|win|Traine✘ Fleek"],"p1rating":{"entryid":7270041,"formatid":"randombattle","userid":"daniowo","username":"Daniowo","r":1500,"rd":130,"sigma":0,"rpr":1448.586831608,"rprd":122.90997023943,"rpsigma":0,"rptime":1438246800,"w":0,"l":1,"t":0,"gxe":43.6,"acre":1000,"lacre":1000,"oldacre":1000},"p2rating":{"entryid":"7079022","serverid":"eos","formatid":"randombattle","userid":"trainefleek","username":"Traine✘ Fleek","w":2,"l":"5","t":"0","gxe":40,"r":1388.1137156853,"rd":100.32660962212,"sigma":"0","rptime":1438246800,"rpr":1420.5233171028,"rprd":97.203322175234,"rpsigma":"0","acre":1040,"lacre":1040,"oldacre":"1000"},"endType":"normal"}