{"seed":[43691,9078,22860,62383],"turns":19,"p1":"Liquid Stranger","p2":"Traine✘ Jacobot","p1team":[{"name":"Magmortar","moves":["substitute","focusblast","hiddenpowerice","fireblast"],"ability":"Vital Spirit","evs":{"hp":85,"atk":85,"def":85,"spa":85,"spd":85,"spe":85},"ivs":{"hp":31,"atk":30,"def":30,"spa":31,"spd":31,"spe":31},"item":"Leftovers","level":81,"shiny":false},{"name":"Kyogre","moves":["thunder","icebeam","calmmind","rest"],"ability":"Drizzle","evs":{"hp":85,"atk":85,"def":85,"spa":85,"spd":85,"spe":85},"ivs":{"hp":31,"atk":31,"def":31,"spa":31,"spd":31,"spe":31},"item":"Blue Orb","level":73,"shiny":false},{"name":"Tropius","moves":["leechseed","gigadrain","protect","toxic"],"ability":"Harvest","evs":{"hp":81,"atk":85,"def":85,"spa":89,"spd":85,"spe":85},"ivs":{"hp":31,"atk":31,"def":31,"spa":31,"spd":31,"spe":31},"item":"Sitrus Berry","level":83,"shiny":false},{"name":"Furfrou","moves":["uturn","cottonguard","return","toxic"],"ability":"Fur Coat","evs":{"hp":85,"atk":85,"def":85,"spa":85,"spd":85,"spe":85},"ivs":{"hp":31,"atk":31,"def":31,"spa":31,"spd":31,"spe":31},"item":"Leftovers","level":83,"shiny":false},{"name":"Jynx","moves":["psyshock","trick","lovelykiss","icebeam"],"ability":"Dry Skin","evs":{"hp":85,"atk":85,"def":85,"spa":85,"spd":85,"spe":85},"ivs":{"hp":31,"atk":31,"def":31,"spa":31,"spd":31,"spe":31},"item":"Choice Scarf","level":81,"shiny":false},{"name":"Froslass","moves":["icebeam","thunderwave","spikes","taunt"],"ability":"Snow Cloak","evs":{"hp":85,"atk":85,"def":85,"spa":85,"spd":85,"spe":85},"ivs":{"hp":31,"atk":31,"def":31,"spa":31,"spd":31,"spe":31},"item":"Leftovers","level":78,"shiny":false}],"p2team":[{"name":"Donphan","moves":["rapidspin","stealthrock","earthquake","knockoff"],"ability":"Sturdy","evs":{"hp":85,"atk":85,"def":85,"spa":85,"spd":85,"spe":85},"ivs":{"hp":31,"atk":31,"def":31,"spa":31,"spd":31,"spe":31},"item":"Leftovers","level":77,"shiny":false},{"name":"Stantler","moves":["megahorn","doubleedge","suckerpunch","jumpkick"],"ability":"Sap Sipper","evs":{"hp":85,"atk":85,"def":85,"spa":85,"spd":85,"spe":85},"ivs":{"hp":31,"atk":31,"def":31,"spa":31,"spd":31,"spe":31},"item":"Life Orb","level":83,"shiny":false},{"name":"Metagross","moves":["agility","zenheadbutt","meteormash","icepunch"],"ability":"Clear Body","evs":{"hp":85,"atk":85,"def":85,"spa":85,"spd":85,"spe":85},"ivs":{"hp":31,"atk":31,"def":31,"spa":31,"spd":31,"spe":31},"item":"Metagrossite","level":75,"shiny":false},{"name":"Electrode","moves":["thunderbolt","signalbeam","foulplay","hiddenpowergrass"],"ability":"Soundproof","evs":{"hp":85,"atk":85,"def":85,"spa":85,"spd":85,"spe":85},"ivs":{"hp":31,"atk":30,"def":31,"spa":30,"spd":31,"spe":31},"item":"Expert Belt","level":83,"shiny":false},{"name":"Mienshao","moves":["batonpass","highjumpkick","swordsdance","stoneedge"],"ability":"Regenerator","evs":{"hp":85,"atk":85,"def":85,"spa":85,"spd":85,"spe":85},"ivs":{"hp":31,"atk":31,"def":31,"spa":31,"spd":31,"spe":31},"item":"Leftovers","level":77,"shiny":false},{"name":"Archeops","moves":["uturn","stoneedge","earthquake","pluck"],"ability":"Defeatist","evs":{"hp":85,"atk":85,"def":85,"spa":85,"spd":85,"spe":85},"ivs":{"hp":31,"atk":31,"def":31,"spa":31,"spd":31,"spe":31},"item":"Choice Band","level":81,"shiny":false}],"log":["|player|p1|Liquid Stranger|92","|player|p2|Traine✘ Jacobot|134","|gametype|singles","|gen|6","|tier|Random Battle","|rated","|rule|Sleep Clause Mod: Limit one foe put to sleep","|rule|HP Percentage Mod: HP is shown in percentages","|","|start","|switch|p1a: Magmortar|Magmortar, L81, F|254/254","|switch|p2a: Donphan|Donphan, L77, M|265/265","|turn|1","|","|switch|p1a: Tropius|Tropius, L83, M|299/299","|move|p2a: Donphan|Earthquake|p1a: Tropius","|-immune|p1a: Tropius|[msg]","|","|turn|2","|","|move|p1a: Tropius|Leech Seed|p2a: Donphan","|-start|p2a: Donphan|move: Leech Seed","|move|p2a: Donphan|Stealth Rock|p1a: Tropius","|-sidestart|p1: Liquid Stranger|move: Stealth Rock","|","|-damage|p2a: Donphan|232/265|[from] Leech Seed|[of] p1a: Tropius","|turn|3","|","|move|p1a: Tropius|Giga Drain|p2a: Donphan","|-supereffective|p2a: Donphan","|-damage|p2a: Donphan|38/265","|move|p2a: Donphan|Knock Off|p1a: Tropius","|-damage|p1a: Tropius|222/299","|-enditem|p1a: Tropius|Sitrus Berry|[from] move: Knock Off|[of] p2a: Donphan","|","|-heal|p2a: Donphan|54/265|[from] item: Leftovers","|-damage|p2a: Donphan|21/265|[from] Leech Seed|[of] p1a: Tropius","|-heal|p1a: Tropius|255/299|[silent]","|turn|4","|","|switch|p2a: Metagross|Metagross, L75|244/244","|move|p1a: Tropius|Protect|p1a: Tropius","|-fail|p1a: Tropius","|","|turn|5","|","|detailschange|p2a: Metagross|Metagross-Mega, L75","|-mega|p2a: Metagross|Metagross|Metagrossite","|move|p2a: Metagross|Ice Punch|p1a: Tropius","|-supereffective|p1a: Tropius","|-damage|p1a: Tropius|0 fnt","|faint|p1a: Tropius","|","|","|switch|p1a: Kyogre|Kyogre, L73|266/266","|-damage|p1a: Kyogre|233/266|[from] Stealth Rock","|detailschange|p1a: Kyogre|Kyogre-Primal, L73","|message|Kyogre's Primal Reversion! It reverted to its primal form!","|-weather|PrimordialSea","|turn|6","|","|move|p2a: Metagross|Zen Headbutt|p1a: Kyogre","|-damage|p1a: Kyogre|86/266","|move|p1a: Kyogre|Calm Mind|p1a: Kyogre","|-boost|p1a: Kyogre|spa|1","|-boost|p1a: Kyogre|spd|1","|","|-weather|PrimordialSea|[upkeep]","|turn|7","|","|move|p2a: Metagross|Zen Headbutt|p1a: Kyogre|[miss]","|-miss|p2a: Metagross|p1a: Kyogre","|move|p1a: Kyogre|Thunder|p2a: Metagross","|-damage|p2a: Metagross|113/244","|","|-weather|PrimordialSea|[upkeep]","|turn|8","|","|-weather|none","|switch|p1a: Furfrou|Furfrou, L83, M|260/260","|-damage|p1a: Furfrou|228/260|[from] Stealth Rock","|move|p2a: Metagross|Zen Headbutt|p1a: Furfrou","|-damage|p1a: Furfrou|149/260","|","|-heal|p1a: Furfrou|165/260|[from] item: Leftovers","|turn|9","|","|move|p1a: Furfrou|Cotton Guard|p1a: Furfrou","|-boost|p1a: Furfrou|def|3","|move|p2a: Metagross|Meteor Mash|p1a: Furfrou","|-damage|p1a: Furfrou|123/260","|","|-heal|p1a: Furfrou|139/260|[from] item: Leftovers","|turn|10","|","|switch|p2a: Electrode|Electrode, L83|235/235","|move|p1a: Furfrou|Return|p2a: Electrode","|-damage|p2a: Electrode|121/235","|","|-heal|p1a: Furfrou|155/260|[from] item: Leftovers","|turn|11","|","|move|p2a: Electrode|Foul Play|p1a: Furfrou","|-damage|p1a: Furfrou|140/260","|move|p1a: Furfrou|Return|p2a: Electrode","|-damage|p2a: Electrode|18/235","|","|-heal|p1a: Furfrou|156/260|[from] item: Leftovers","|turn|12","|","|move|p2a: Electrode|Thunderbolt|p1a: Furfrou","|-damage|p1a: Furfrou|72/260","|move|p1a: Furfrou|Cotton Guard|p1a: Furfrou","|-boost|p1a: Furfrou|def|3","|","|-heal|p1a: Furfrou|88/260|[from] item: Leftovers","|turn|13","|","|move|p2a: Electrode|Thunderbolt|p1a: Furfrou","|-crit|p1a: Furfrou","|-damage|p1a: Furfrou|0 fnt","|faint|p1a: Furfrou","|","|","|switch|p1a: Magmortar|Magmortar, L81, F|254/254","|-damage|p1a: Magmortar|191/254|[from] Stealth Rock","|turn|14","|","|move|p2a: Electrode|Thunderbolt|p1a: Magmortar","|-damage|p1a: Magmortar|104/254","|move|p1a: Magmortar|Hidden Power|p2a: Electrode","|-damage|p2a: Electrode|0 fnt","|faint|p2a: Electrode","|","|-heal|p1a: Magmortar|119/254|[from] item: Leftovers","|","|switch|p2a: Archeops|Archeops, L81, M|254/254","|turn|15","|","|move|p2a: Archeops|Stone Edge|p1a: Magmortar","|-supereffective|p1a: Magmortar","|-damage|p1a: Magmortar|0 fnt","|faint|p1a: Magmortar","|","|","|switch|p1a: Froslass|Froslass, L78, F|237/237","|-damage|p1a: Froslass|178/237|[from] Stealth Rock","|turn|16","|","|move|p2a: Archeops|Stone Edge|p1a: Froslass","|-supereffective|p1a: Froslass","|-damage|p1a: Froslass|0 fnt","|faint|p1a: Froslass","|","|","|switch|p1a: Jynx|Jynx, L81, F|238/238","|-damage|p1a: Jynx|179/238|[from] Stealth Rock","|turn|17","|","|move|p1a: Jynx|Ice Beam|p2a: Archeops","|-supereffective|p2a: Archeops","|-damage|p2a: Archeops|0 fnt","|faint|p2a: Archeops","|","|","|switch|p2a: Stantler|Stantler, L83, F|257/257","|turn|18","|","|move|p1a: Jynx|Ice Beam|p2a: Stantler","|-damage|p2a: Stantler|130/257","|move|p2a: Stantler|Megahorn|p1a: Jynx","|-supereffective|p1a: Jynx","|-damage|p1a: Jynx|0 fnt","|-damage|p2a: Stantler|105/257|[from] item: Life Orb","|faint|p1a: Jynx","|","|","|switch|p1a: Kyogre|Kyogre-Primal, L73|86/266","|-damage|p1a: Kyogre|53/266|[from] Stealth Rock","|-weather|PrimordialSea","|turn|19","|","|move|p2a: Stantler|Double-Edge|p1a: Kyogre","|-crit|p1a: Kyogre","|-damage|p1a: Kyogre|0 fnt","|-damage|p2a: Stantler|88/257|[from] recoil|[of] p1a: Kyogre","|-damage|p2a: Stantler|63/257|[from] item: Life Orb","|faint|p1a: Kyogre","|-weather|none","|","|win|Traine✘ Jacobot"],"p1rating":{"entryid":"7128950","serverid":"eos","formatid":"randombattle","userid":"liquidstranger","username":"Liquid Stranger","w":"9","l":11,"t":"0","gxe":47.4,"r":"1556.5379307097","rd":"77.723185424475","sigma":"0","rptime":"1438160400","rpr":1479.9464024165,"rprd":70.674946031983,"rpsigma":"0","acre":1000,"lacre":1000,"oldacre":"1009.3386004448"},"p2rating":{"entryid":7260747,"formatid":"randombattle","userid":"trainejacobot","username":"Traine✘ Jacobot","r":1500,"rd":130,"sigma":0,"rpr":1548.39635973,"rprd":122.36233538856,"rpsigma":0,"rptime":1438160400,"w":1,"l":0,"t":0,"gxe":56,"acre":1041.0748872661,"lacre":1041.0748872661,"oldacre":1000},"endType":"normal"}