{"seed":[54498,38516,26959,63970],"turns":17,"p1":"throbing meatloaf","p2":"whiteskttlz","p1team":[{"name":"Seviper","moves":["coil","poisonjab","earthquake","suckerpunch"],"ability":"Shed Skin","evs":{"hp":85,"atk":85,"def":85,"spa":85,"spd":85,"spe":85},"ivs":{"hp":31,"atk":31,"def":31,"spa":31,"spd":31,"spe":31},"item":"Life Orb","level":83,"shiny":false},{"name":"Klinklang","moves":["substitute","shiftgear","wildcharge","geargrind"],"ability":"Clear Body","evs":{"hp":85,"atk":85,"def":85,"spa":85,"spd":85,"spe":85},"ivs":{"hp":31,"atk":31,"def":31,"spa":31,"spd":31,"spe":31},"item":"Leftovers","level":81,"shiny":false},{"name":"Relicanth","moves":["earthquake","headsmash","stealthrock","toxic"],"ability":"Rock Head","evs":{"hp":85,"atk":85,"def":85,"spa":85,"spd":85,"spe":85},"ivs":{"hp":31,"atk":31,"def":31,"spa":31,"spd":31,"spe":31},"item":"Air Balloon","level":83,"shiny":false},{"name":"Sandslash","moves":["toxic","knockoff","earthquake","swordsdance"],"ability":"Sand Rush","evs":{"hp":85,"atk":85,"def":85,"spa":85,"spd":85,"spe":85},"ivs":{"hp":31,"atk":31,"def":31,"spa":31,"spd":31,"spe":31},"item":"Leftovers","level":81,"shiny":false},{"name":"Kingdra","moves":["dracometeor","waterfall","ironhead","raindance"],"ability":"Swift Swim","evs":{"hp":85,"atk":85,"def":85,"spa":85,"spd":85,"spe":85},"ivs":{"hp":31,"atk":31,"def":31,"spa":31,"spd":31,"spe":31},"item":"Damp Rock","level":78,"shiny":false},{"name":"Darmanitan","moves":["superpower","uturn","earthquake","flareblitz"],"ability":"Sheer Force","evs":{"hp":81,"atk":89,"def":85,"spa":85,"spd":85,"spe":85},"ivs":{"hp":31,"atk":31,"def":31,"spa":31,"spd":31,"spe":31},"item":"Life Orb","level":77,"shiny":false}],"p2team":[{"name":"Breloom","moves":["machpunch","bulletseed","rocktomb","spore"],"ability":"Technician","evs":{"hp":85,"atk":85,"def":85,"spa":85,"spd":85,"spe":85},"ivs":{"hp":31,"atk":31,"def":31,"spa":31,"spd":31,"spe":31},"item":"Life Orb","level":75,"shiny":false},{"name":"Seviper","moves":["suckerpunch","coil","earthquake","poisonjab"],"ability":"Infiltrator","evs":{"hp":85,"atk":85,"def":85,"spa":85,"spd":85,"spe":85},"ivs":{"hp":31,"atk":31,"def":31,"spa":31,"spd":31,"spe":31},"item":"Life Orb","level":83,"shiny":false},{"name":"Espeon","moves":["substitute","shadowball","psyshock","dazzlinggleam"],"ability":"Magic Bounce","evs":{"hp":85,"atk":85,"def":85,"spa":85,"spd":85,"spe":85},"ivs":{"hp":31,"atk":31,"def":31,"spa":31,"spd":31,"spe":31},"item":"Leftovers","level":77,"shiny":false},{"name":"Parasect","moves":["leechseed","seedbomb","knockoff","spore"],"ability":"Dry Skin","evs":{"hp":85,"atk":85,"def":85,"spa":85,"spd":85,"spe":85},"ivs":{"hp":31,"atk":31,"def":31,"spa":31,"spd":31,"spe":31},"item":"Leftovers","level":83,"shiny":false},{"name":"Mismagius","moves":["nastyplot","painsplit","shadowball","dazzlinggleam"],"ability":"Levitate","evs":{"hp":85,"atk":85,"def":85,"spa":85,"spd":85,"spe":85},"ivs":{"hp":31,"atk":31,"def":31,"spa":31,"spd":31,"spe":31},"item":"Leftovers","level":81,"shiny":false},{"name":"Sandslash","moves":["swordsdance","earthquake","knockoff","toxic"],"ability":"Sand Rush","evs":{"hp":85,"atk":85,"def":85,"spa":85,"spd":85,"spe":85},"ivs":{"hp":31,"atk":31,"def":31,"spa":31,"spd":31,"spe":31},"item":"Leftovers","level":81,"shiny":false}],"log":["|player|p1|throbing meatloaf|265","|player|p2|whiteskttlz|101","|gametype|singles","|gen|6","|tier|Random Battle","|rated","|rule|Sleep Clause Mod: Limit one foe put to sleep","|rule|HP Percentage Mod: HP is shown in percentages","|","|start","|switch|p1a: Seviper|Seviper, L83, M|257/257","|switch|p2a: Breloom|Breloom, L75, M|214/214","|turn|1","|","|move|p1a: Seviper|Sucker Punch|p2a: Breloom","|-fail|p1a: Seviper","|move|p2a: Breloom|Spore|p1a: Seviper","|-status|p1a: Seviper|slp","|","|-activate|p1a: Seviper|ability: Shed Skin","|-curestatus|p1a: Seviper|slp","|turn|2","|","|switch|p2a: Sandslash|Sandslash, L81, M|254/254","|move|p1a: Seviper|Earthquake|p2a: Sandslash","|-crit|p2a: Sandslash","|-damage|p2a: Sandslash|128/254","|-damage|p1a: Seviper|232/257|[from] item: Life Orb","|","|-heal|p2a: Sandslash|143/254|[from] item: Leftovers","|turn|3","|","|move|p1a: Seviper|Sucker Punch|p2a: Sandslash","|-damage|p2a: Sandslash|77/254","|-damage|p1a: Seviper|207/257|[from] item: Life Orb","|move|p2a: Sandslash|Earthquake|p1a: Seviper","|-supereffective|p1a: Seviper","|-damage|p1a: Seviper|0 fnt","|faint|p1a: Seviper","|","|-heal|p2a: Sandslash|92/254|[from] item: Leftovers","|","|switch|p1a: Sandslash|Sandslash, L81, M|254/254","|turn|4","|","|move|p1a: Sandslash|Swords Dance|p1a: Sandslash","|-boost|p1a: Sandslash|atk|2","|move|p2a: Sandslash|Toxic|p1a: Sandslash","|-status|p1a: Sandslash|tox","|","|-heal|p2a: Sandslash|107/254|[from] item: Leftovers","|-damage|p1a: Sandslash|239/254 tox|[from] psn","|turn|5","|","|move|p2a: Sandslash|Knock Off|p1a: Sandslash","|-damage|p1a: Sandslash|179/254 tox","|-enditem|p1a: Sandslash|Leftovers|[from] move: Knock Off|[of] p2a: Sandslash","|move|p1a: Sandslash|Earthquake|p2a: Sandslash","|-damage|p2a: Sandslash|0 fnt","|faint|p2a: Sandslash","|","|-damage|p1a: Sandslash|149/254 tox|[from] psn","|","|switch|p2a: Parasect|Parasect, L83, M|235/235","|turn|6","|","|move|p1a: Sandslash|Earthquake|p2a: Parasect","|-resisted|p2a: Parasect","|-damage|p2a: Parasect|185/235","|move|p2a: Parasect|Seed Bomb|p1a: Sandslash","|-supereffective|p1a: Sandslash","|-damage|p1a: Sandslash|0 fnt","|faint|p1a: Sandslash","|","|-heal|p2a: Parasect|199/235|[from] item: Leftovers","|","|switch|p1a: Darmanitan|Darmanitan, L77, M|287/287","|turn|7","|","|move|p1a: Darmanitan|Flare Blitz|p2a: Parasect","|-supereffective|p2a: Parasect","|-damage|p2a: Parasect|0 fnt","|-damage|p1a: Darmanitan|221/287|[from] recoil|[of] p2a: Parasect","|faint|p2a: Parasect","|","|","|switch|p2a: Seviper|Seviper, L83, F|257/257","|turn|8","|","|switch|p1a: Kingdra|Kingdra, L78, F|245/245","|move|p2a: Seviper|Earthquake|p1a: Kingdra","|-damage|p1a: Kingdra|157/245","|-damage|p2a: Seviper|232/257|[from] item: Life Orb","|","|turn|9","|","|move|p1a: Kingdra|Draco Meteor|p2a: Seviper","|-damage|p2a: Seviper|73/257","|-unboost|p1a: Kingdra|spa|2","|move|p2a: Seviper|Coil|p2a: Seviper","|-boost|p2a: Seviper|atk|1","|-boost|p2a: Seviper|def|1","|-boost|p2a: Seviper|accuracy|1","|","|turn|10","|","|move|p2a: Seviper|Sucker Punch|p1a: Kingdra","|-damage|p1a: Kingdra|40/245","|-damage|p2a: Seviper|48/257|[from] item: Life Orb","|move|p1a: Kingdra|Waterfall|p2a: Seviper","|-damage|p2a: Seviper|0 fnt","|faint|p2a: Seviper","|","|","|switch|p2a: Breloom|Breloom, L75, M|214/214","|turn|11","|","|switch|p1a: Klinklang|Klinklang, L81|230/230","|move|p2a: Breloom|Mach Punch|p1a: Klinklang","|-supereffective|p1a: Klinklang","|-damage|p1a: Klinklang|97/230","|-damage|p2a: Breloom|193/214|[from] item: Life Orb","|","|-heal|p1a: Klinklang|111/230|[from] item: Leftovers","|turn|12","|","|switch|p1a: Darmanitan|Darmanitan, L77, M|221/287","|move|p2a: Breloom|Mach Punch|p1a: Darmanitan","|-damage|p1a: Darmanitan|91/287","|-damage|p2a: Breloom|172/214|[from] item: Life Orb","|","|turn|13","|","|move|p2a: Breloom|Mach Punch|p1a: Darmanitan","|-damage|p1a: Darmanitan|0 fnt","|-damage|p2a: Breloom|151/214|[from] item: Life Orb","|faint|p1a: Darmanitan","|","|","|switch|p1a: Relicanth|Relicanth, L83, F|302/302","|-item|p1a: Relicanth|Air Balloon","|turn|14","|","|move|p2a: Breloom|Spore|p1a: Relicanth","|-status|p1a: Relicanth|slp","|cant|p1a: Relicanth|slp","|","|turn|15","|","|move|p2a: Breloom|Bullet Seed|p1a: Relicanth","|-supereffective|p1a: Relicanth","|-damage|p1a: Relicanth|146/302 slp","|-enditem|p1a: Relicanth|Air Balloon","|-supereffective|p1a: Relicanth","|-damage|p1a: Relicanth|0 fnt","|-hitcount|p1a: Relicanth|2","|-damage|p2a: Breloom|130/214|[from] item: Life Orb","|faint|p1a: Relicanth","|","|","|switch|p1a: Klinklang|Klinklang, L81|111/230","|turn|16","|","|move|p2a: Breloom|Mach Punch|p1a: Klinklang","|-supereffective|p1a: Klinklang","|-damage|p1a: Klinklang|0 fnt","|-damage|p2a: Breloom|109/214|[from] item: Life Orb","|faint|p1a: Klinklang","|","|","|switch|p1a: Kingdra|Kingdra, L78, F|40/245","|turn|17","|","|move|p2a: Breloom|Mach Punch|p1a: Kingdra","|-damage|p1a: Kingdra|0 fnt","|-damage|p2a: Breloom|88/214|[from] item: Life Orb","|faint|p1a: Kingdra","|","|win|whiteskttlz"],"p1rating":{"entryid":7613037,"formatid":"randombattle","userid":"throbingmeatloaf","username":"throbing meatloaf","r":1500,"rd":130,"sigma":0,"rpr":1459.8393856612,"rprd":122.8583080769,"rpsigma":0,"rptime":1439456400,"w":0,"l":1,"t":0,"gxe":45,"acre":1000,"lacre":1000,"oldacre":1000},"p2rating":{"entryid":7613038,"formatid":"randombattle","userid":"whiteskttlz","username":"whiteskttlz","r":1500,"rd":130,"sigma":0,"rpr":1540.1606143388,"rprd":122.8583080769,"rpsigma":0,"rptime":1439456400,"w":1,"l":0,"t":0,"gxe":55,"acre":1040,"lacre":1040,"oldacre":1000},"endType":"normal"}