{"seed":[52431,11691,62438,16609],"turns":31,"p1":"whiteskttlz","p2":"Blasmery","p1team":[{"name":"Krookodile","moves":["knockoff","pursuit","earthquake","superpower"],"ability":"Intimidate","evs":{"hp":85,"atk":85,"def":85,"spa":85,"spd":85,"spe":85},"ivs":{"hp":31,"atk":31,"def":31,"spa":31,"spd":31,"spe":31},"item":"Choice Scarf","level":77,"shiny":false},{"name":"Tornadus","moves":["tailwind","bulkup","knockoff","acrobatics"],"ability":"Prankster","evs":{"hp":85,"atk":85,"def":85,"spa":85,"spd":85,"spe":85},"ivs":{"hp":31,"atk":31,"def":31,"spa":31,"spd":31,"spe":31},"item":"Flying Gem","level":78,"shiny":false},{"name":"Palkia","moves":["dragontail","thunderwave","dracometeor","hydropump"],"ability":"Pressure","evs":{"hp":85,"atk":85,"def":85,"spa":85,"spd":85,"spe":85},"ivs":{"hp":31,"atk":31,"def":31,"spa":31,"spd":31,"spe":31},"item":"Lustrous Orb","level":73,"shiny":false},{"name":"Gardevoir","moves":["taunt","psyshock","willowisp","hypervoice"],"ability":"Trace","evs":{"hp":85,"atk":85,"def":85,"spa":85,"spd":85,"spe":85},"ivs":{"hp":31,"atk":31,"def":31,"spa":31,"spd":31,"spe":31},"item":"Gardevoirite","level":75,"shiny":false},{"name":"Fearow","moves":["doubleedge","drillpeck","uturn","pursuit"],"ability":"Keen Eye","evs":{"hp":81,"atk":89,"def":85,"spa":85,"spd":85,"spe":85},"ivs":{"hp":31,"atk":31,"def":31,"spa":31,"spd":31,"spe":31},"item":"Choice Scarf","level":83,"shiny":false},{"name":"Cherrim","moves":["synthesis","hiddenpowerice","energyball","sunnyday"],"ability":"Flower Gift","evs":{"hp":85,"atk":85,"def":85,"spa":85,"spd":85,"spe":85},"ivs":{"hp":31,"atk":30,"def":30,"spa":31,"spd":31,"spe":31},"item":"Heat Rock","level":83,"shiny":false}],"p2team":[{"name":"Audino","moves":["calmmind","wish","dazzlinggleam","hypervoice"],"ability":"Regenerator","evs":{"hp":85,"atk":85,"def":85,"spa":85,"spd":85,"spe":85},"ivs":{"hp":31,"atk":31,"def":31,"spa":31,"spd":31,"spe":31},"item":"Audinite","level":81,"shiny":false},{"name":"Sharpedo","moves":["crunch","protect","earthquake","destinybond"],"ability":"Speed Boost","evs":{"hp":85,"atk":85,"def":85,"spa":85,"spd":85,"spe":85},"ivs":{"hp":31,"atk":31,"def":31,"spa":31,"spd":31,"spe":31},"item":"Leftovers","level":77,"shiny":false},{"name":"Giratina-Origin","moves":["shadowsneak","shadowball","willowisp","dragontail"],"ability":"Levitate","evs":{"hp":85,"atk":85,"def":85,"spa":85,"spd":85,"spe":85},"ivs":{"hp":31,"atk":31,"def":31,"spa":31,"spd":31,"spe":31},"item":"Griseous Orb","level":73,"shiny":false},{"name":"Floatzel","moves":["bulkup","batonpass","taunt","waterfall"],"ability":"Water Veil","evs":{"hp":85,"atk":85,"def":85,"spa":85,"spd":85,"spe":85},"ivs":{"hp":31,"atk":31,"def":31,"spa":31,"spd":31,"spe":31},"item":"Leftovers","level":83,"shiny":false},{"name":"Ledian","moves":["roost","toxic","uturn","knockoff"],"ability":"Early Bird","evs":{"hp":85,"atk":85,"def":85,"spa":85,"spd":85,"spe":85},"ivs":{"hp":31,"atk":31,"def":31,"spa":31,"spd":31,"spe":31},"item":"Leftovers","level":83,"shiny":false},{"name":"Meloetta","moves":["shadowball","hypervoice","focusblast","calmmind"],"ability":"Serene Grace","evs":{"hp":85,"atk":85,"def":85,"spa":85,"spd":85,"spe":85},"ivs":{"hp":31,"atk":31,"def":31,"spa":31,"spd":31,"spe":31},"item":"Leftovers","level":79,"shiny":false}],"log":["|player|p1|whiteskttlz|101","|player|p2|Blasmery|34","|gametype|singles","|gen|6","|tier|Random Battle","|rated","|rule|Sleep Clause Mod: Limit one foe put to sleep","|rule|HP Percentage Mod: HP is shown in percentages","|","|start","|switch|p1a: Krookodile|Krookodile, L77, M|273/273","|switch|p2a: Audino|Audino, L81, M|299/299","|-ability|p1a: Krookodile|Intimidate","|-unboost|p2a: Audino|atk|1","|turn|1","|","|detailschange|p2a: Audino|Audino-Mega, L81, M","|-mega|p2a: Audino|Audino|Audinite","|move|p1a: Krookodile|Superpower|p2a: Audino","|-damage|p2a: Audino|234/299","|-unboost|p1a: Krookodile|atk|1","|-unboost|p1a: Krookodile|def|1","|move|p2a: Audino|Dazzling Gleam|p1a: Krookodile","|-supereffective|p1a: Krookodile","|-damage|p1a: Krookodile|103/273","|","|turn|2","|","|switch|p1a: Gardevoir|Gardevoir, L75, F|226/226","|-ability|p1a: Gardevoir|Healer|[from] ability: Trace|[of] p2a: Audino","|move|p2a: Audino|Dazzling Gleam|p1a: Gardevoir","|-damage|p1a: Gardevoir|168/226","|","|turn|3","|","|move|p1a: Gardevoir|Taunt|p2a: Audino","|-start|p2a: Audino|move: Taunt","|cant|p2a: Audino|move: Taunt|Calm Mind","|","|turn|4","|","|move|p1a: Gardevoir|Will-O-Wisp|p2a: Audino","|-status|p2a: Audino|brn","|move|p2a: Audino|Hyper Voice|p1a: Gardevoir","|-damage|p1a: Gardevoir|101/226","|","|-damage|p2a: Audino|197/299 brn|[from] brn","|turn|5","|","|switch|p2a: Meloetta|Meloetta, L79|288/288","|detailschange|p1a: Gardevoir|Gardevoir-Mega, L75, F","|-mega|p1a: Gardevoir|Gardevoir|Gardevoirite","|move|p1a: Gardevoir|Hyper Voice|p2a: Meloetta","|-damage|p2a: Meloetta|165/288","|","|-heal|p2a: Meloetta|183/288|[from] item: Leftovers","|turn|6","|","|move|p1a: Gardevoir|Hyper Voice|p2a: Meloetta","|-crit|p2a: Meloetta","|-damage|p2a: Meloetta|12/288","|move|p2a: Meloetta|Shadow Ball|p1a: Gardevoir","|-supereffective|p1a: Gardevoir","|-damage|p1a: Gardevoir|0 fnt","|faint|p1a: Gardevoir","|","|-heal|p2a: Meloetta|30/288|[from] item: Leftovers","|","|switch|p1a: Fearow|Fearow, L83, M|243/243","|turn|7","|","|move|p1a: Fearow|Pursuit|p2a: Meloetta","|-supereffective|p2a: Meloetta","|-damage|p2a: Meloetta|0 fnt","|faint|p2a: Meloetta","|","|","|switch|p2a: Sharpedo|Sharpedo, L77, F|234/234","|turn|8","|","|switch|p1a: Cherrim|Cherrim, L83, M|252/252","|move|p2a: Sharpedo|Protect|p2a: Sharpedo","|-fail|p2a: Sharpedo","|","|-boost|p2a: Sharpedo|spe|1|[from] ability: Speed Boost","|turn|9","|","|move|p2a: Sharpedo|Protect|p2a: Sharpedo","|-singleturn|p2a: Sharpedo|Protect","|move|p1a: Cherrim|Sunny Day|p1a: Cherrim","|-weather|SunnyDay","|-formechange|p1a: Cherrim|Cherrim-Sunshine|[msg]","|","|-weather|SunnyDay|[upkeep]","|-boost|p2a: Sharpedo|spe|1|[from] ability: Speed Boost","|turn|10","|","|move|p2a: Sharpedo|Crunch|p1a: Cherrim","|-damage|p1a: Cherrim|144/252","|move|p1a: Cherrim|Energy Ball|p2a: Sharpedo","|-supereffective|p2a: Sharpedo","|-damage|p2a: Sharpedo|0 fnt","|faint|p2a: Sharpedo","|","|-weather|SunnyDay|[upkeep]","|","|switch|p2a: Ledian|Ledian, L83, F|227/227","|turn|11","|","|switch|p1a: Krookodile|Krookodile, L77, M|103/273","|-ability|p1a: Krookodile|Intimidate","|-unboost|p2a: Ledian|atk|1","|move|p2a: Ledian|Knock Off|p1a: Krookodile","|-resisted|p1a: Krookodile","|-damage|p1a: Krookodile|90/273","|-enditem|p1a: Krookodile|Choice Scarf|[from] move: Knock Off|[of] p2a: Ledian","|","|-weather|SunnyDay|[upkeep]","|turn|12","|","|move|p2a: Ledian|U-turn|p1a: Krookodile","|-supereffective|p1a: Krookodile","|-damage|p1a: Krookodile|34/273","|","|switch|p2a: Floatzel|Floatzel, L83, M|277/277","|move|p1a: Krookodile|Knock Off|p2a: Floatzel","|-damage|p2a: Floatzel|124/277","|-enditem|p2a: Floatzel|Leftovers|[from] move: Knock Off|[of] p1a: Krookodile","|","|-weather|SunnyDay|[upkeep]","|turn|13","|","|move|p2a: Floatzel|Waterfall|p1a: Krookodile","|-supereffective|p1a: Krookodile","|-damage|p1a: Krookodile|0 fnt","|faint|p1a: Krookodile","|","|-weather|SunnyDay|[upkeep]","|","|switch|p1a: Fearow|Fearow, L83, M|243/243","|turn|14","|","|switch|p2a: Giratina-Origin|Giratina-Origin, L73|339/339","|move|p1a: Fearow|Drill Peck|p2a: Giratina-Origin","|-damage|p2a: Giratina-Origin|258/339","|","|-weather|SunnyDay|[upkeep]","|turn|15","|","|move|p1a: Fearow|Drill Peck|p2a: Giratina-Origin","|-damage|p2a: Giratina-Origin|168/339","|move|p2a: Giratina-Origin|Will-O-Wisp|p1a: Fearow","|-status|p1a: Fearow|brn","|","|-weather|SunnyDay|[upkeep]","|-damage|p1a: Fearow|213/243 brn|[from] brn","|turn|16","|","|switch|p2a: Ledian|Ledian, L83, F|227/227","|move|p1a: Fearow|Drill Peck|p2a: Ledian","|-supereffective|p2a: Ledian","|-damage|p2a: Ledian|103/227","|","|-weather|none","|-heal|p2a: Ledian|117/227|[from] item: Leftovers","|-damage|p1a: Fearow|183/243 brn|[from] brn","|turn|17","|","|switch|p2a: Audino|Audino-Mega, L81, M|197/299 brn","|move|p1a: Fearow|Drill Peck|p2a: Audino","|-damage|p2a: Audino|167/299 brn","|","|-damage|p1a: Fearow|153/243 brn|[from] brn","|-damage|p2a: Audino|130/299 brn|[from] brn","|turn|18","|","|switch|p1a: Tornadus|Tornadus, L78, M|251/251","|move|p2a: Audino|Wish|p2a: Audino","|","|-damage|p2a: Audino|93/299 brn|[from] brn","|turn|19","|","|move|p1a: Tornadus|Acrobatics|p2a: Audino","|-enditem|p1a: Tornadus|Flying Gem|[from] gem|[move] Acrobatics","|-damage|p2a: Audino|0 fnt","|faint|p2a: Audino","|","|","|switch|p2a: Floatzel|Floatzel, L83, M|124/277","|turn|20","|","|move|p2a: Floatzel|Bulk Up|p2a: Floatzel","|-boost|p2a: Floatzel|atk|1","|-boost|p2a: Floatzel|def|1","|move|p1a: Tornadus|Acrobatics|p2a: Floatzel","|-damage|p2a: Floatzel|16/277","|","|turn|21","|","|move|p2a: Floatzel|Waterfall|p1a: Tornadus","|-damage|p1a: Tornadus|88/251","|cant|p1a: Tornadus|flinch","|","|turn|22","|","|move|p2a: Floatzel|Waterfall|p1a: Tornadus","|-damage|p1a: Tornadus|0 fnt","|faint|p1a: Tornadus","|","|","|switch|p1a: Fearow|Fearow, L83, M|153/243 brn","|turn|23","|","|move|p1a: Fearow|Drill Peck|p2a: Floatzel","|-crit|p2a: Floatzel","|-damage|p2a: Floatzel|0 fnt","|faint|p2a: Floatzel","|","|-damage|p1a: Fearow|123/243 brn|[from] brn","|","|switch|p2a: Giratina-Origin|Giratina-Origin, L73|168/339","|turn|24","|","|move|p1a: Fearow|Drill Peck|p2a: Giratina-Origin","|-damage|p2a: Giratina-Origin|129/339","|move|p2a: Giratina-Origin|Dragon Tail|p1a: Fearow","|-damage|p1a: Fearow|36/243 brn","|drag|p1a: Cherrim|Cherrim, L83, M|144/252","|","|turn|25","|","|move|p1a: Cherrim|Hidden Power|p2a: Giratina-Origin","|-supereffective|p2a: Giratina-Origin","|-damage|p2a: Giratina-Origin|55/339","|move|p2a: Giratina-Origin|Shadow Ball|p1a: Cherrim","|-damage|p1a: Cherrim|36/252","|-unboost|p1a: Cherrim|spd|1","|","|turn|26","|","|move|p2a: Giratina-Origin|Shadow Sneak|p1a: Cherrim","|-damage|p1a: Cherrim|0 fnt","|faint|p1a: Cherrim","|","|","|switch|p1a: Fearow|Fearow, L83, M|36/243 brn","|turn|27","|","|move|p1a: Fearow|Pursuit|p2a: Giratina-Origin","|-supereffective|p2a: Giratina-Origin","|-damage|p2a: Giratina-Origin|26/339","|move|p2a: Giratina-Origin|Dragon Tail|p1a: Fearow","|-damage|p1a: Fearow|0 fnt","|faint|p1a: Fearow","|","|","|switch|p1a: Palkia|Palkia, L73|252/252","|-ability|p1a: Palkia|Pressure","|turn|28","|","|move|p2a: Giratina-Origin|Shadow Sneak|p1a: Palkia","|-damage|p1a: Palkia|201/252","|move|p1a: Palkia|Dragon Tail|p2a: Giratina-Origin","|-supereffective|p2a: Giratina-Origin","|-damage|p2a: Giratina-Origin|0 fnt","|faint|p2a: Giratina-Origin","|","|","|switch|p2a: Ledian|Ledian, L83, F|117/227","|turn|29","|","|move|p2a: Ledian|Roost|p2a: Ledian","|-heal|p2a: Ledian|227/227","|move|p1a: Palkia|Thunder Wave|p2a: Ledian","|-status|p2a: Ledian|par","|","|turn|30","|","|move|p1a: Palkia|Hydro Pump|p2a: Ledian","|-damage|p2a: Ledian|94/227 par","|move|p2a: Ledian|Toxic|p1a: Palkia","|-status|p1a: Palkia|tox","|","|-heal|p2a: Ledian|108/227 par|[from] item: Leftovers","|-damage|p1a: Palkia|186/252 tox|[from] psn","|turn|31","|","|move|p1a: Palkia|Draco Meteor|p2a: Ledian","|-damage|p2a: Ledian|0 fnt","|-unboost|p1a: Palkia|spa|2","|faint|p2a: Ledian","|","|win|whiteskttlz"],"p1rating":{"entryid":"7613038","serverid":"eos","formatid":"randombattle","userid":"whiteskttlz","username":"whiteskttlz","w":2,"l":"0","t":"0","gxe":61.1,"r":"1500","rd":"130","sigma":"0","rptime":"1439456400","rpr":1590.0710949231,"rprd":117.31759795097,"rpsigma":"0","acre":1084.5850622563,"lacre":1084.5850622563,"oldacre":"1040"},"p2rating":{"entryid":"7539355","serverid":"eos","formatid":"randombattle","userid":"blasmery","username":"Blasmery","w":"8","l":2,"t":"0","gxe":65.7,"r":"1654.769514576","rd":"90.455644001616","sigma":"0","rptime":"1439456400","rpr":1625.9257138553,"rprd":88.312954465688,"rpsigma":"0","acre":1119.0954139881,"lacre":1119.0954139881,"oldacre":"1151.8785480001"},"endType":"normal"}