{"seed":[26383,25669,15841,62774],"turns":19,"p1":"Crystal Webs","p2":"Omega111","p1team":[{"name":"Tornadus-Therian","moves":["airslash","heatwave","superpower","uturn"],"ability":"Regenerator","evs":{"hp":85,"atk":85,"def":85,"spa":85,"spd":85,"spe":85},"ivs":{"hp":31,"atk":31,"def":31,"spa":31,"spd":31,"spe":31},"item":"Expert Belt","level":75,"shiny":false},{"name":"Purugly","moves":["return","uturn","knockoff","suckerpunch"],"ability":"Thick Fat","evs":{"hp":85,"atk":85,"def":85,"spa":85,"spd":85,"spe":85},"ivs":{"hp":31,"atk":31,"def":31,"spa":31,"spd":31,"spe":31},"item":"Life Orb","level":83,"shiny":false},{"name":"Cobalion","moves":["hiddenpowerice","voltswitch","ironhead","closecombat"],"ability":"Justified","evs":{"hp":85,"atk":85,"def":85,"spa":85,"spd":85,"spe":85},"ivs":{"hp":31,"atk":30,"def":30,"spa":31,"spd":31,"spe":31},"item":"Assault Vest","level":77,"shiny":false},{"name":"Sandslash","moves":["toxic","rapidspin","earthquake","knockoff"],"ability":"Sand Rush","evs":{"hp":85,"atk":85,"def":85,"spa":85,"spd":85,"spe":85},"ivs":{"hp":31,"atk":31,"def":31,"spa":31,"spd":31,"spe":31},"item":"Life Orb","level":81,"shiny":false},{"name":"Diggersby","moves":["return","earthquake","quickattack","knockoff"],"ability":"Huge Power","evs":{"hp":85,"atk":85,"def":85,"spa":85,"spd":85,"spe":85},"ivs":{"hp":31,"atk":31,"def":31,"spa":31,"spd":31,"spe":31},"item":"Choice Band","level":76,"shiny":false},{"name":"Pachirisu","moves":["toxic","nuzzle","superfang","thunderbolt"],"ability":"Volt Absorb","evs":{"hp":85,"atk":85,"def":85,"spa":85,"spd":85,"spe":85},"ivs":{"hp":31,"atk":31,"def":31,"spa":31,"spd":31,"spe":31},"item":"Air Balloon","level":83,"shiny":false}],"p2team":[{"name":"Octillery","moves":["hydropump","fireblast","energyball","waterspout"],"ability":"Suction Cups","evs":{"hp":85,"atk":85,"def":85,"spa":85,"spd":85,"spe":85},"ivs":{"hp":31,"atk":31,"def":31,"spa":31,"spd":31,"spe":31},"item":"Choice Specs","level":83,"shiny":false},{"name":"Entei","moves":["flareblitz","stoneedge","extremespeed","bulldoze"],"ability":"Flash Fire","evs":{"hp":81,"atk":89,"def":85,"spa":85,"spd":85,"spe":85},"ivs":{"hp":31,"atk":31,"def":31,"spa":31,"spd":31,"spe":31},"item":"Choice Band","level":77,"shiny":false},{"name":"Arbok","moves":["aquatail","rest","coil","gunkshot"],"ability":"Shed Skin","evs":{"hp":85,"atk":85,"def":85,"spa":85,"spd":85,"spe":85},"ivs":{"hp":31,"atk":31,"def":31,"spa":31,"spd":31,"spe":31},"item":"Black Sludge","level":83,"shiny":false},{"name":"Granbull","moves":["thunderwave","earthquake","healbell","playrough"],"ability":"Intimidate","evs":{"hp":85,"atk":85,"def":85,"spa":85,"spd":85,"spe":85},"ivs":{"hp":31,"atk":31,"def":31,"spa":31,"spd":31,"spe":31},"item":"Leftovers","level":81,"shiny":false},{"name":"Deoxys","moves":["firepunch","taunt","spikes","psychoboost"],"ability":"Pressure","evs":{"hp":85,"atk":85,"def":85,"spa":85,"spd":85,"spe":85},"ivs":{"hp":31,"atk":31,"def":31,"spa":31,"spd":31,"spe":31},"item":"Leftovers","level":73,"shiny":false},{"name":"Mismagius","moves":["shadowball","dazzlinggleam","painsplit","substitute"],"ability":"Levitate","evs":{"hp":85,"atk":85,"def":85,"spa":85,"spd":85,"spe":85},"ivs":{"hp":31,"atk":31,"def":31,"spa":31,"spd":31,"spe":31},"item":"Leftovers","level":81,"shiny":false}],"log":["|player|p1|Crystal Webs|236","|player|p2|Omega111|101","|gametype|singles","|gen|6","|tier|Random Battle","|rated","|rule|Sleep Clause Mod: Limit one foe put to sleep","|rule|HP Percentage Mod: HP is shown in percentages","|","|start","|switch|p1a: Tornadus-Therian|Tornadus-Therian, L75, M|242/242","|switch|p2a: Octillery|Octillery, L83, M|260/260","|turn|1","|","|move|p1a: Tornadus-Therian|U-turn|p2a: Octillery","|-damage|p2a: Octillery|210/260","|","|switch|p1a: Pachirisu|Pachirisu, L83, F|235/235","|-item|p1a: Pachirisu|Air Balloon","|move|p2a: Octillery|Hydro Pump|p1a: Pachirisu","|-damage|p1a: Pachirisu|37/235","|-enditem|p1a: Pachirisu|Air Balloon","|","|turn|2","|","|move|p1a: Pachirisu|Nuzzle|p2a: Octillery","|-supereffective|p2a: Octillery","|-damage|p2a: Octillery|180/260","|-status|p2a: Octillery|par","|cant|p2a: Octillery|par","|","|turn|3","|","|move|p1a: Pachirisu|Thunderbolt|p2a: Octillery","|-supereffective|p2a: Octillery","|-damage|p2a: Octillery|46/260 par","|cant|p2a: Octillery|par","|","|turn|4","|","|move|p1a: Pachirisu|Thunderbolt|p2a: Octillery","|-supereffective|p2a: Octillery","|-damage|p2a: Octillery|0 fnt","|faint|p2a: Octillery","|","|","|switch|p2a: Mismagius|Mismagius, L81, F|230/230","|turn|5","|","|move|p2a: Mismagius|Substitute|p2a: Mismagius","|-start|p2a: Mismagius|Substitute","|-damage|p2a: Mismagius|173/230","|move|p1a: Pachirisu|Thunderbolt|p2a: Mismagius","|-activate|p2a: Mismagius|Substitute|[damage]","|","|-heal|p2a: Mismagius|187/230|[from] item: Leftovers","|turn|6","|","|move|p2a: Mismagius|Shadow Ball|p1a: Pachirisu","|-damage|p1a: Pachirisu|0 fnt","|faint|p1a: Pachirisu","|","|-heal|p2a: Mismagius|201/230|[from] item: Leftovers","|","|switch|p1a: Purugly|Purugly, L83, F|254/254","|turn|7","|","|move|p1a: Purugly|Sucker Punch|p2a: Mismagius","|-supereffective|p2a: Mismagius","|-end|p2a: Mismagius|Substitute","|-damage|p1a: Purugly|229/254|[from] item: Life Orb","|move|p2a: Mismagius|Dazzling Gleam|p1a: Purugly","|-damage|p1a: Purugly|158/254","|","|-heal|p2a: Mismagius|215/230|[from] item: Leftovers","|turn|8","|","|switch|p2a: Granbull|Granbull, L81, F|278/278","|-ability|p2a: Granbull|Intimidate","|-unboost|p1a: Purugly|atk|1","|move|p1a: Purugly|Knock Off|p2a: Granbull","|-resisted|p2a: Granbull","|-damage|p2a: Granbull|251/278","|-enditem|p2a: Granbull|Leftovers|[from] move: Knock Off|[of] p1a: Purugly","|-damage|p1a: Purugly|133/254|[from] item: Life Orb","|","|turn|9","|","|move|p1a: Purugly|Return|p2a: Granbull","|-damage|p2a: Granbull|157/278","|-damage|p1a: Purugly|108/254|[from] item: Life Orb","|move|p2a: Granbull|Thunder Wave|p1a: Purugly","|-status|p1a: Purugly|par","|","|turn|10","|","|move|p2a: Granbull|Play Rough|p1a: Purugly|[miss]","|-miss|p2a: Granbull|p1a: Purugly","|move|p1a: Purugly|U-turn|p2a: Granbull","|-resisted|p2a: Granbull","|-damage|p2a: Granbull|136/278","|-damage|p1a: Purugly|83/254 par|[from] item: Life Orb","|","|switch|p1a: Cobalion|Cobalion, L77|267/267","|","|turn|11","|","|move|p1a: Cobalion|Iron Head|p2a: Granbull","|-crit|p2a: Granbull","|-supereffective|p2a: Granbull","|-damage|p2a: Granbull|0 fnt","|faint|p2a: Granbull","|","|","|switch|p2a: Entei|Entei, L77|303/303","|turn|12","|","|move|p1a: Cobalion|Close Combat|p2a: Entei","|-damage|p2a: Entei|195/303","|-unboost|p1a: Cobalion|def|1","|-unboost|p1a: Cobalion|spd|1","|move|p2a: Entei|Flare Blitz|p1a: Cobalion","|-supereffective|p1a: Cobalion","|-damage|p1a: Cobalion|0 fnt","|-damage|p2a: Entei|107/303|[from] recoil|[of] p1a: Cobalion","|faint|p1a: Cobalion","|","|","|switch|p1a: Tornadus-Therian|Tornadus-Therian, L75, M|242/242","|turn|13","|","|move|p1a: Tornadus-Therian|Air Slash|p2a: Entei","|-damage|p2a: Entei|23/303","|move|p2a: Entei|Flare Blitz|p1a: Tornadus-Therian","|-damage|p1a: Tornadus-Therian|14/242","|-damage|p2a: Entei|0 fnt|[from] recoil|[of] p1a: Tornadus-Therian","|faint|p2a: Entei","|","|","|switch|p2a: Deoxys|Deoxys, L73|193/193","|-ability|p2a: Deoxys|Pressure","|turn|14","|","|move|p2a: Deoxys|Fire Punch|p1a: Tornadus-Therian","|-damage|p1a: Tornadus-Therian|0 fnt","|faint|p1a: Tornadus-Therian","|","|","|switch|p1a: Diggersby|Diggersby, L76, F|254/254","|turn|15","|","|move|p2a: Deoxys|Psycho Boost|p1a: Diggersby","|-damage|p1a: Diggersby|70/254","|-unboost|p2a: Deoxys|spa|2","|move|p1a: Diggersby|Knock Off|p2a: Deoxys","|-supereffective|p2a: Deoxys","|-damage|p2a: Deoxys|0 fnt","|-enditem|p2a: Deoxys|Leftovers|[from] move: Knock Off|[of] p1a: Diggersby","|faint|p2a: Deoxys","|","|","|switch|p2a: Mismagius|Mismagius, L81, F|215/230","|turn|16","|","|move|p2a: Mismagius|Dazzling Gleam|p1a: Diggersby","|-damage|p1a: Diggersby|0 fnt","|faint|p1a: Diggersby","|","|-heal|p2a: Mismagius|229/230|[from] item: Leftovers","|","|switch|p1a: Sandslash|Sandslash, L81, M|254/254","|turn|17","|","|move|p2a: Mismagius|Substitute|p2a: Mismagius","|-start|p2a: Mismagius|Substitute","|-damage|p2a: Mismagius|172/230","|move|p1a: Sandslash|Knock Off|p2a: Mismagius","|-supereffective|p2a: Mismagius","|-end|p2a: Mismagius|Substitute","|-damage|p1a: Sandslash|229/254|[from] item: Life Orb","|","|-heal|p2a: Mismagius|186/230|[from] item: Leftovers","|turn|18","|","|move|p2a: Mismagius|Shadow Ball|p1a: Sandslash","|-damage|p1a: Sandslash|108/254","|-unboost|p1a: Sandslash|spd|1","|move|p1a: Sandslash|Knock Off|p2a: Mismagius","|-crit|p2a: Mismagius","|-supereffective|p2a: Mismagius","|-damage|p2a: Mismagius|0 fnt","|-enditem|p2a: Mismagius|Leftovers|[from] move: Knock Off|[of] p1a: Sandslash","|-damage|p1a: Sandslash|83/254|[from] item: Life Orb","|faint|p2a: Mismagius","|","|","|switch|p2a: Arbok|Arbok, L83, M|235/235","|turn|19","|player|p1","|","|win|Omega111"],"p1rating":{"entryid":"7517953","serverid":"eos","formatid":"randombattle","userid":"crystalwebs","username":"Crystal Webs","w":"1","l":2,"t":"0","gxe":47.7,"r":"1459.8393856612","rd":"123.40150317887","sigma":"0","rptime":"1439456400","rpr":1482.1596229688,"rprd":112.89148259756,"rpsigma":"0","acre":1032.4869643243,"lacre":1032.4869643243,"oldacre":"1053.1984281373"},"p2rating":{"entryid":7613622,"formatid":"randombattle","userid":"omega111","username":"Omega111","r":1500,"rd":130,"sigma":0,"rpr":1536.1041714771,"rprd":122.83902418724,"rpsigma":0,"rptime":1439456400,"w":1,"l":0,"t":0,"gxe":54.5,"acre":1046.0772756726,"lacre":1046.0772756726,"oldacre":1000},"endType":"forfeit"}