{"seed":[55410,54067,26540,14095],"turns":31,"p1":"xRickyx","p2":"ki09k09k","p1team":[{"name":"Rapidash","moves":["morningsun","drillrun","flareblitz","wildcharge"],"ability":"Flash Fire","evs":{"hp":81,"atk":89,"def":85,"spa":85,"spd":85,"spe":85},"ivs":{"hp":31,"atk":31,"def":31,"spa":31,"spd":31,"spe":31},"item":"Life Orb","level":83,"shiny":false},{"name":"Accelgor","moves":["yawn","bugbuzz","gigadrain","spikes"],"ability":"Hydration","evs":{"hp":81,"atk":85,"def":85,"spa":89,"spd":85,"spe":85},"ivs":{"hp":31,"atk":31,"def":31,"spa":31,"spd":31,"spe":31},"item":"Leftovers","level":79,"shiny":false},{"name":"Vivillon","moves":["hurricane","quiverdance","sleeppowder","bugbuzz"],"ability":"Compound Eyes","evs":{"hp":81,"atk":85,"def":85,"spa":89,"spd":85,"spe":85},"ivs":{"hp":31,"atk":31,"def":31,"spa":31,"spd":31,"spe":31},"item":"Leftovers","level":81,"shiny":false},{"name":"Granbull","moves":["thunderwave","earthquake","crunch","playrough"],"ability":"Intimidate","evs":{"hp":85,"atk":85,"def":85,"spa":85,"spd":85,"spe":85},"ivs":{"hp":31,"atk":31,"def":31,"spa":31,"spd":31,"spe":31},"item":"Life Orb","level":81,"shiny":false},{"name":"Celebi","moves":["recover","psychic","earthpower","uturn"],"ability":"Natural Cure","evs":{"hp":85,"atk":85,"def":85,"spa":85,"spd":85,"spe":85},"ivs":{"hp":31,"atk":31,"def":31,"spa":31,"spd":31,"spe":31},"item":"Leftovers","level":75,"shiny":false},{"name":"Venusaur","moves":["earthquake","gigadrain","sleeppowder","hiddenpowerfire"],"ability":"Overgrow","evs":{"hp":85,"atk":85,"def":85,"spa":85,"spd":85,"spe":85},"ivs":{"hp":31,"atk":30,"def":31,"spa":30,"spd":31,"spe":30},"item":"Venusaurite","level":75,"shiny":false}],"p2team":[{"name":"Gigalith","moves":["superpower","explosion","stoneedge","stealthrock"],"ability":"Sturdy","evs":{"hp":85,"atk":85,"def":85,"spa":85,"spd":85,"spe":85},"ivs":{"hp":31,"atk":31,"def":31,"spa":31,"spd":31,"spe":31},"item":"Custap Berry","level":83,"shiny":false},{"name":"Froslass","moves":["shadowball","thunderwave","taunt","destinybond"],"ability":"Cursed Body","evs":{"hp":85,"atk":85,"def":85,"spa":85,"spd":85,"spe":85},"ivs":{"hp":31,"atk":31,"def":31,"spa":31,"spd":31,"spe":31},"item":"Leftovers","level":78,"shiny":false},{"name":"Drapion","moves":["swordsdance","aquatail","poisonjab","knockoff"],"ability":"Sniper","evs":{"hp":85,"atk":85,"def":85,"spa":85,"spd":85,"spe":85},"ivs":{"hp":31,"atk":31,"def":31,"spa":31,"spd":31,"spe":31},"item":"Life Orb","level":79,"shiny":false},{"name":"Honchkrow","moves":["heatwave","superpower","suckerpunch","roost"],"ability":"Moxie","evs":{"hp":85,"atk":85,"def":85,"spa":85,"spd":85,"spe":85},"ivs":{"hp":31,"atk":31,"def":31,"spa":31,"spd":31,"spe":31},"item":"Life Orb","level":77,"shiny":false},{"name":"Manaphy","moves":["icebeam","tailglow","energyball","surf"],"ability":"Hydration","evs":{"hp":85,"atk":85,"def":85,"spa":85,"spd":85,"spe":85},"ivs":{"hp":31,"atk":31,"def":31,"spa":31,"spd":31,"spe":31},"item":"Leftovers","level":75,"shiny":false},{"name":"Shaymin-Sky","moves":["airslash","substitute","earthpower","seedflare"],"ability":"Serene Grace","evs":{"hp":85,"atk":85,"def":85,"spa":85,"spd":85,"spe":85},"ivs":{"hp":31,"atk":31,"def":31,"spa":31,"spd":31,"spe":31},"item":"Leftovers","level":73,"shiny":false}],"log":["|player|p1|xRickyx|286","|player|p2|ki09k09k|266","|gametype|singles","|gen|6","|tier|Random Battle","|rated","|rule|Sleep Clause Mod: Limit one foe put to sleep","|rule|HP Percentage Mod: HP is shown in percentages","|","|start","|switch|p1a: Rapidash|Rapidash, L83, M|243/243","|switch|p2a: Gigalith|Gigalith, L83, M|277/277","|turn|1","|","|switch|p1a: Venusaur|Venusaur, L75, F|244/244","|move|p2a: Gigalith|Stone Edge|p1a: Venusaur","|-damage|p1a: Venusaur|93/244","|","|turn|2","|","|switch|p2a: Honchkrow|Honchkrow, L77, F|281/281","|detailschange|p1a: Venusaur|Venusaur-Mega, L75, F","|-mega|p1a: Venusaur|Venusaur|Venusaurite","|move|p1a: Venusaur|Giga Drain|p2a: Honchkrow","|-resisted|p2a: Honchkrow","|-damage|p2a: Honchkrow|221/281","|-heal|p1a: Venusaur|123/244|[from] drain|[of] p2a: Honchkrow","|","|turn|3","|","|switch|p1a: Granbull|Granbull, L81, M|278/278","|-ability|p1a: Granbull|Intimidate","|-unboost|p2a: Honchkrow|atk|1","|move|p2a: Honchkrow|Heat Wave|p1a: Granbull","|-damage|p1a: Granbull|171/278","|-damage|p2a: Honchkrow|193/281|[from] item: Life Orb","|","|turn|4","|","|switch|p2a: Gigalith|Gigalith, L83, M|277/277","|move|p1a: Granbull|Thunder Wave|p2a: Gigalith","|-status|p2a: Gigalith|par","|","|turn|5","|","|move|p1a: Granbull|Earthquake|p2a: Gigalith","|-supereffective|p2a: Gigalith","|-damage|p2a: Gigalith|131/277 par","|-damage|p1a: Granbull|144/278|[from] item: Life Orb","|cant|p2a: Gigalith|par","|","|turn|6","|","|switch|p2a: Shaymin-Sky|Shaymin-Sky, L73|266/266","|move|p1a: Granbull|Earthquake|p2a: Shaymin-Sky","|-immune|p2a: Shaymin-Sky|[msg]","|","|turn|7","|","|move|p2a: Shaymin-Sky|Substitute|p2a: Shaymin-Sky","|-start|p2a: Shaymin-Sky|Substitute","|-damage|p2a: Shaymin-Sky|200/266","|move|p1a: Granbull|Thunder Wave|p2a: Shaymin-Sky","|-fail|p2a: Shaymin-Sky","|","|-heal|p2a: Shaymin-Sky|216/266|[from] item: Leftovers","|turn|8","|","|move|p2a: Shaymin-Sky|Seed Flare|p1a: Granbull","|-crit|p1a: Granbull","|-damage|p1a: Granbull|0 fnt","|faint|p1a: Granbull","|","|-heal|p2a: Shaymin-Sky|232/266|[from] item: Leftovers","|","|switch|p1a: Rapidash|Rapidash, L83, M|243/243","|turn|9","|","|move|p2a: Shaymin-Sky|Earth Power|p1a: Rapidash","|-supereffective|p1a: Rapidash","|-damage|p1a: Rapidash|119/243","|move|p1a: Rapidash|Flare Blitz|p2a: Shaymin-Sky","|-crit|p2a: Shaymin-Sky","|-supereffective|p2a: Shaymin-Sky","|-end|p2a: Shaymin-Sky|Substitute","|-damage|p1a: Rapidash|97/243|[from] recoil|[of] p2a: Shaymin-Sky","|-damage|p1a: Rapidash|73/243|[from] item: Life Orb","|","|-heal|p2a: Shaymin-Sky|248/266|[from] item: Leftovers","|turn|10","|","|switch|p1a: Accelgor|Accelgor, L79, M|255/255","|move|p2a: Shaymin-Sky|Earth Power|p1a: Accelgor","|-resisted|p1a: Accelgor","|-damage|p1a: Accelgor|216/255","|","|-heal|p1a: Accelgor|231/255|[from] item: Leftovers","|-heal|p2a: Shaymin-Sky|264/266|[from] item: Leftovers","|turn|11","|","|switch|p2a: Gigalith|Gigalith, L83, M|131/277 par","|move|p1a: Accelgor|Bug Buzz|p2a: Gigalith","|-damage|p2a: Gigalith|35/277 par","|","|-heal|p1a: Accelgor|246/255|[from] item: Leftovers","|turn|12","|-enditem|p2a: Gigalith|Custap Berry|[eat]","|-activate|p2a: Gigalith|Custap Berry","|","|cant|p2a: Gigalith|par","|move|p1a: Accelgor|Giga Drain|p2a: Gigalith","|-supereffective|p2a: Gigalith","|-damage|p2a: Gigalith|0 fnt","|-heal|p1a: Accelgor|255/255|[from] drain|[of] p2a: Gigalith","|faint|p2a: Gigalith","|","|","|switch|p2a: Honchkrow|Honchkrow, L77, F|193/281","|turn|13","|","|move|p1a: Accelgor|Bug Buzz|p2a: Honchkrow","|-damage|p2a: Honchkrow|67/281","|move|p2a: Honchkrow|Heat Wave|p1a: Accelgor","|-supereffective|p1a: Accelgor","|-damage|p1a: Accelgor|39/255","|-damage|p2a: Honchkrow|39/281|[from] item: Life Orb","|","|-heal|p1a: Accelgor|54/255|[from] item: Leftovers","|turn|14","|","|switch|p1a: Rapidash|Rapidash, L83, M|73/243","|move|p2a: Honchkrow|Sucker Punch|p1a: Rapidash","|-fail|p2a: Honchkrow","|","|turn|15","|","|move|p1a: Rapidash|Morning Sun|p1a: Rapidash","|-heal|p1a: Rapidash|194/243","|move|p2a: Honchkrow|Roost|p2a: Honchkrow","|-heal|p2a: Honchkrow|180/281","|","|turn|16","|","|switch|p2a: Manaphy|Manaphy, L75|274/274","|move|p1a: Rapidash|Wild Charge|p2a: Manaphy","|-supereffective|p2a: Manaphy","|-damage|p2a: Manaphy|97/274","|-damage|p1a: Rapidash|150/243|[from] recoil|[of] p2a: Manaphy","|-damage|p1a: Rapidash|126/243|[from] item: Life Orb","|","|-heal|p2a: Manaphy|114/274|[from] item: Leftovers","|turn|17","|","|move|p1a: Rapidash|Wild Charge|p2a: Manaphy","|-supereffective|p2a: Manaphy","|-damage|p2a: Manaphy|0 fnt","|-damage|p1a: Rapidash|97/243|[from] recoil|[of] p2a: Manaphy","|-damage|p1a: Rapidash|73/243|[from] item: Life Orb","|faint|p2a: Manaphy","|","|","|switch|p2a: Drapion|Drapion, L79, M|240/240","|turn|18","|","|move|p1a: Rapidash|Drill Run|p2a: Drapion","|-supereffective|p2a: Drapion","|-damage|p2a: Drapion|115/240","|-damage|p1a: Rapidash|49/243|[from] item: Life Orb","|move|p2a: Drapion|Swords Dance|p2a: Drapion","|-boost|p2a: Drapion|atk|2","|","|turn|19","|","|move|p1a: Rapidash|Drill Run|p2a: Drapion","|-supereffective|p2a: Drapion","|-damage|p2a: Drapion|0 fnt","|-damage|p1a: Rapidash|25/243|[from] item: Life Orb","|faint|p2a: Drapion","|","|","|switch|p2a: Honchkrow|Honchkrow, L77, F|180/281","|turn|20","|","|move|p1a: Rapidash|Morning Sun|p1a: Rapidash","|-heal|p1a: Rapidash|146/243","|move|p2a: Honchkrow|Superpower|p1a: Rapidash","|-damage|p1a: Rapidash|20/243","|-unboost|p2a: Honchkrow|atk|1","|-unboost|p2a: Honchkrow|def|1","|-damage|p2a: Honchkrow|152/281|[from] item: Life Orb","|","|turn|21","|","|move|p1a: Rapidash|Morning Sun|p1a: Rapidash","|-heal|p1a: Rapidash|141/243","|move|p2a: Honchkrow|Superpower|p1a: Rapidash","|-damage|p1a: Rapidash|59/243","|-unboost|p2a: Honchkrow|atk|1","|-unboost|p2a: Honchkrow|def|1","|-damage|p2a: Honchkrow|124/281|[from] item: Life Orb","|","|turn|22","|","|switch|p2a: Shaymin-Sky|Shaymin-Sky, L73|264/266","|move|p1a: Rapidash|Morning Sun|p1a: Rapidash","|-heal|p1a: Rapidash|180/243","|","|-heal|p2a: Shaymin-Sky|266/266|[from] item: Leftovers","|turn|23","|","|move|p2a: Shaymin-Sky|Air Slash|p1a: Rapidash","|-damage|p1a: Rapidash|93/243","|cant|p1a: Rapidash|flinch","|","|turn|24","|","|switch|p1a: Accelgor|Accelgor, L79, M|54/255","|move|p2a: Shaymin-Sky|Earth Power|p1a: Accelgor","|-resisted|p1a: Accelgor","|-damage|p1a: Accelgor|15/255","|","|-heal|p1a: Accelgor|30/255|[from] item: Leftovers","|turn|25","|","|move|p1a: Accelgor|Bug Buzz|p2a: Shaymin-Sky","|-damage|p2a: Shaymin-Sky|163/266","|move|p2a: Shaymin-Sky|Air Slash|p1a: Accelgor","|-crit|p1a: Accelgor","|-supereffective|p1a: Accelgor","|-damage|p1a: Accelgor|0 fnt","|faint|p1a: Accelgor","|","|-heal|p2a: Shaymin-Sky|179/266|[from] item: Leftovers","|","|switch|p1a: Rapidash|Rapidash, L83, M|93/243","|turn|26","|","|move|p2a: Shaymin-Sky|Earth Power|p1a: Rapidash","|-supereffective|p1a: Rapidash","|-damage|p1a: Rapidash|0 fnt","|faint|p1a: Rapidash","|","|-heal|p2a: Shaymin-Sky|195/266|[from] item: Leftovers","|","|switch|p1a: Vivillon|Vivillon, L81, F|261/261","|turn|27","|","|move|p2a: Shaymin-Sky|Air Slash|p1a: Vivillon","|-supereffective|p1a: Vivillon","|-damage|p1a: Vivillon|37/261","|cant|p1a: Vivillon|flinch","|","|-heal|p2a: Shaymin-Sky|211/266|[from] item: Leftovers","|-heal|p1a: Vivillon|53/261|[from] item: Leftovers","|turn|28","|","|move|p2a: Shaymin-Sky|Air Slash|p1a: Vivillon","|-supereffective|p1a: Vivillon","|-damage|p1a: Vivillon|0 fnt","|faint|p1a: Vivillon","|","|-heal|p2a: Shaymin-Sky|227/266|[from] item: Leftovers","|","|switch|p1a: Venusaur|Venusaur-Mega, L75, F|123/244","|turn|29","|","|move|p2a: Shaymin-Sky|Air Slash|p1a: Venusaur","|-supereffective|p1a: Venusaur","|-damage|p1a: Venusaur|0 fnt","|faint|p1a: Venusaur","|","|-heal|p2a: Shaymin-Sky|243/266|[from] item: Leftovers","|","|switch|p1a: Celebi|Celebi, L75|274/274","|turn|30","|","|move|p2a: Shaymin-Sky|Air Slash|p1a: Celebi","|-supereffective|p1a: Celebi","|-damage|p1a: Celebi|124/274","|move|p1a: Celebi|Psychic|p2a: Shaymin-Sky","|-damage|p2a: Shaymin-Sky|144/266","|","|-heal|p2a: Shaymin-Sky|160/266|[from] item: Leftovers","|-heal|p1a: Celebi|141/274|[from] item: Leftovers","|turn|31","|","|move|p2a: Shaymin-Sky|Air Slash|p1a: Celebi","|-crit|p1a: Celebi","|-supereffective|p1a: Celebi","|-damage|p1a: Celebi|0 fnt","|faint|p1a: Celebi","|","|win|ki09k09k"],"p1rating":{"entryid":"7210059","serverid":"eos","formatid":"randombattle","userid":"xrickyx","username":"xRickyx","w":"1","l":1,"t":"0","gxe":49.8,"r":1540.1606143388,"rd":125.72823279221,"sigma":"0","rptime":1439456400,"rpr":1498.2603783819,"rprd":119.30175058329,"rpsigma":"0","acre":1022.1660277196,"lacre":1022.1660277196,"oldacre":"1040"},"p2rating":{"entryid":7607864,"formatid":"randombattle","userid":"ki09k09k","username":"ki09k09k","r":1500,"rd":130,"sigma":0,"rpr":1540.1606143388,"rprd":122.8583080769,"rpsigma":0,"rptime":1439456400,"w":1,"l":0,"t":0,"gxe":55,"acre":1044.584930701,"lacre":1044.584930701,"oldacre":1000},"endType":"normal"}