{"seed":[36674,40866,37459,41717],"turns":19,"p1":"GTX♅bookman","p2":"danfoda","p1team":[{"name":"Gligar","moves":["roost","defog","stealthrock","earthquake"],"ability":"Immunity","evs":{"hp":85,"atk":85,"def":85,"spa":85,"spd":85,"spe":85},"ivs":{"hp":31,"atk":31,"def":31,"spa":31,"spd":31,"spe":31},"item":"Eviolite","level":77,"shiny":false},{"name":"Snorlax","moves":["earthquake","bodyslam","curse","firepunch"],"ability":"Thick Fat","evs":{"hp":85,"atk":85,"def":85,"spa":85,"spd":85,"spe":85},"ivs":{"hp":31,"atk":31,"def":31,"spa":31,"spd":31,"spe":31},"item":"Leftovers","level":77,"shiny":false},{"name":"Rotom-Mow","moves":["leafstorm","trick","willowisp","thunderbolt"],"ability":"Levitate","evs":{"hp":85,"atk":85,"def":85,"spa":85,"spd":85,"spe":85},"ivs":{"hp":31,"atk":31,"def":31,"spa":31,"spd":31,"spe":31},"item":"Choice Scarf","level":79,"shiny":false},{"name":"Stunfisk","moves":["scald","sleeptalk","rest","earthpower"],"ability":"Static","evs":{"hp":85,"atk":85,"def":85,"spa":85,"spd":85,"spe":85},"ivs":{"hp":31,"atk":31,"def":31,"spa":31,"spd":31,"spe":31},"item":"Leftovers","level":83,"shiny":false},{"name":"Weavile","moves":["swordsdance","iceshard","lowkick","knockoff"],"ability":"Pickpocket","evs":{"hp":85,"atk":85,"def":85,"spa":85,"spd":85,"spe":85},"ivs":{"hp":31,"atk":31,"def":31,"spa":31,"spd":31,"spe":31},"item":"Life Orb","level":75,"shiny":false},{"name":"Swoobat","moves":["storedpower","calmmind","airslash","substitute"],"ability":"Simple","evs":{"hp":85,"atk":85,"def":85,"spa":85,"spd":85,"spe":85},"ivs":{"hp":31,"atk":31,"def":31,"spa":31,"spd":31,"spe":31},"item":"Leftovers","level":83,"shiny":false}],"p2team":[{"name":"Regirock","moves":["drainpunch","curse","rockslide","rest"],"ability":"Sturdy","evs":{"hp":85,"atk":85,"def":85,"spa":85,"spd":85,"spe":85},"ivs":{"hp":31,"atk":31,"def":31,"spa":31,"spd":31,"spe":31},"item":"Chesto Berry","level":81,"shiny":false},{"name":"Azelf","moves":["stealthrock","taunt","fireblast","psyshock"],"ability":"Levitate","evs":{"hp":85,"atk":85,"def":85,"spa":85,"spd":85,"spe":85},"ivs":{"hp":31,"atk":31,"def":31,"spa":31,"spd":31,"spe":31},"item":"Leftovers","level":77,"shiny":false},{"name":"Xerneas","moves":["moonblast","psyshock","closecombat","thunder"],"ability":"Fairy Aura","evs":{"hp":85,"atk":85,"def":85,"spa":85,"spd":85,"spe":85},"ivs":{"hp":31,"atk":31,"def":31,"spa":31,"spd":31,"spe":31},"item":"Assault Vest","level":73,"shiny":false},{"name":"Claydol","moves":["toxic","stealthrock","psychic","earthquake"],"ability":"Levitate","evs":{"hp":85,"atk":85,"def":85,"spa":85,"spd":85,"spe":85},"ivs":{"hp":31,"atk":31,"def":31,"spa":31,"spd":31,"spe":31},"item":"Leftovers","level":81,"shiny":false},{"name":"Swampert","moves":["waterfall","earthquake","icepunch","raindance"],"ability":"Torrent","evs":{"hp":85,"atk":85,"def":85,"spa":85,"spd":85,"spe":85},"ivs":{"hp":31,"atk":31,"def":31,"spa":31,"spd":31,"spe":31},"item":"Swampertite","level":77,"shiny":false},{"name":"Sharpedo","moves":["crunch","icebeam","protect","earthquake"],"ability":"Speed Boost","evs":{"hp":85,"atk":85,"def":85,"spa":85,"spd":85,"spe":85},"ivs":{"hp":31,"atk":31,"def":31,"spa":31,"spd":31,"spe":31},"item":"Life Orb","level":77,"shiny":false}],"log":["|player|p1|GTX♅bookman|151","|player|p2|danfoda|80","|gametype|singles","|gen|6","|tier|Random Battle","|rated","|rule|Sleep Clause Mod: Limit one foe put to sleep","|rule|HP Percentage Mod: HP is shown in percentages","|","|start","|switch|p1a: Gligar|Gligar, L77, F|227/227","|switch|p2a: Regirock|Regirock, L81|262/262","|turn|1","|","|move|p1a: Gligar|Stealth Rock|p2a: Regirock","|-sidestart|p2: danfoda|move: Stealth Rock","|move|p2a: Regirock|Rock Slide|p1a: Gligar","|-damage|p1a: Gligar|178/227","|","|turn|2","|","|move|p1a: Gligar|Earthquake|p2a: Regirock","|-supereffective|p2a: Regirock","|-damage|p2a: Regirock|184/262","|move|p2a: Regirock|Rock Slide|p1a: Gligar","|-damage|p1a: Gligar|127/227","|","|turn|3","|","|move|p1a: Gligar|Earthquake|p2a: Regirock","|-supereffective|p2a: Regirock","|-damage|p2a: Regirock|112/262","|move|p2a: Regirock|Rock Slide|p1a: Gligar","|-damage|p1a: Gligar|78/227","|","|turn|4","|","|move|p1a: Gligar|Earthquake|p2a: Regirock","|-supereffective|p2a: Regirock","|-damage|p2a: Regirock|28/262","|move|p2a: Regirock|Rock Slide|p1a: Gligar","|-damage|p1a: Gligar|24/227","|","|turn|5","|","|move|p1a: Gligar|Earthquake|p2a: Regirock","|-crit|p2a: Regirock","|-supereffective|p2a: Regirock","|-damage|p2a: Regirock|0 fnt","|faint|p2a: Regirock","|","|","|switch|p2a: Sharpedo|Sharpedo, L77, M|234/234","|-damage|p2a: Sharpedo|205/234|[from] Stealth Rock","|turn|6","|","|move|p2a: Sharpedo|Crunch|p1a: Gligar","|-damage|p1a: Gligar|0 fnt","|-damage|p2a: Sharpedo|182/234|[from] item: Life Orb","|faint|p1a: Gligar","|","|-boost|p2a: Sharpedo|spe|1|[from] ability: Speed Boost","|","|switch|p1a: Stunfisk|Stunfisk, L83, M|317/317","|turn|7","|","|move|p2a: Sharpedo|Earthquake|p1a: Stunfisk","|-supereffective|p1a: Stunfisk","|-damage|p1a: Stunfisk|112/317","|-damage|p2a: Sharpedo|159/234|[from] item: Life Orb","|move|p1a: Stunfisk|Earth Power|p2a: Sharpedo","|-damage|p2a: Sharpedo|2/234","|","|-heal|p1a: Stunfisk|131/317|[from] item: Leftovers","|-boost|p2a: Sharpedo|spe|1|[from] ability: Speed Boost","|turn|8","|","|move|p2a: Sharpedo|Earthquake|p1a: Stunfisk","|-supereffective|p1a: Stunfisk","|-damage|p1a: Stunfisk|0 fnt","|-damage|p2a: Sharpedo|0 fnt|[from] item: Life Orb","|faint|p1a: Stunfisk","|faint|p2a: Sharpedo","|","|","|switch|p2a: Swampert|Swampert, L77, M|281/281","|switch|p1a: Snorlax|Snorlax, L77, F|373/373","|-damage|p2a: Swampert|264/281|[from] Stealth Rock","|turn|9","|","|detailschange|p2a: Swampert|Swampert-Mega, L77, M","|-mega|p2a: Swampert|Swampert|Swampertite","|move|p2a: Swampert|Earthquake|p1a: Snorlax","|-damage|p1a: Snorlax|217/373","|move|p1a: Snorlax|Body Slam|p2a: Swampert","|-damage|p2a: Swampert|185/281","|","|-heal|p1a: Snorlax|240/373|[from] item: Leftovers","|turn|10","|","|move|p2a: Swampert|Waterfall|p1a: Snorlax","|-damage|p1a: Snorlax|93/373","|cant|p1a: Snorlax|flinch","|","|-heal|p1a: Snorlax|116/373|[from] item: Leftovers","|turn|11","|","|move|p2a: Swampert|Waterfall|p1a: Snorlax","|-damage|p1a: Snorlax|0 fnt","|faint|p1a: Snorlax","|","|","|switch|p1a: Rotom-Mow|Rotom-Mow, L79|209/209","|turn|12","|","|move|p1a: Rotom-Mow|Leaf Storm|p2a: Swampert","|-supereffective|p2a: Swampert","|-damage|p2a: Swampert|0 fnt","|-unboost|p1a: Rotom-Mow|spa|2","|faint|p2a: Swampert","|","|","|switch|p2a: Azelf|Azelf, L77|242/242","|-damage|p2a: Azelf|212/242|[from] Stealth Rock","|turn|13","|","|move|p1a: Rotom-Mow|Leaf Storm|p2a: Azelf","|-damage|p2a: Azelf|131/242","|-unboost|p1a: Rotom-Mow|spa|2","|move|p2a: Azelf|Fire Blast|p1a: Rotom-Mow|[miss]","|-miss|p2a: Azelf|p1a: Rotom-Mow","|","|-heal|p2a: Azelf|146/242|[from] item: Leftovers","|turn|14","|","|move|p1a: Rotom-Mow|Leaf Storm|p2a: Azelf","|-damage|p2a: Azelf|92/242","|-unboost|p1a: Rotom-Mow|spa|2","|move|p2a: Azelf|Fire Blast|p1a: Rotom-Mow","|-supereffective|p1a: Rotom-Mow","|-damage|p1a: Rotom-Mow|57/209","|","|-heal|p2a: Azelf|107/242|[from] item: Leftovers","|turn|15","|","|move|p1a: Rotom-Mow|Leaf Storm|p2a: Azelf","|-damage|p2a: Azelf|65/242","|move|p2a: Azelf|Fire Blast|p1a: Rotom-Mow","|-supereffective|p1a: Rotom-Mow","|-damage|p1a: Rotom-Mow|0 fnt","|faint|p1a: Rotom-Mow","|","|-heal|p2a: Azelf|80/242|[from] item: Leftovers","|","|switch|p1a: Weavile|Weavile, L75, M|229/229","|turn|16","|","|move|p1a: Weavile|Ice Shard|p2a: Azelf","|-damage|p2a: Azelf|12/242","|-damage|p1a: Weavile|207/229|[from] item: Life Orb","|move|p2a: Azelf|Fire Blast|p1a: Weavile","|-supereffective|p1a: Weavile","|-damage|p1a: Weavile|39/229","|-status|p1a: Weavile|brn","|","|-heal|p2a: Azelf|27/242|[from] item: Leftovers","|-damage|p1a: Weavile|11/229 brn|[from] brn","|turn|17","|","|move|p1a: Weavile|Ice Shard|p2a: Azelf","|-damage|p2a: Azelf|0 fnt","|-damage|p1a: Weavile|0 fnt|[from] item: Life Orb","|faint|p2a: Azelf","|faint|p1a: Weavile","|","|","|switch|p1a: Swoobat|Swoobat, L83, F|247/247","|switch|p2a: Claydol|Claydol, L81|230/230","|-damage|p2a: Claydol|216/230|[from] Stealth Rock","|turn|18","|","|move|p1a: Swoobat|Air Slash|p2a: Claydol","|-damage|p2a: Claydol|158/230","|move|p2a: Claydol|Stealth Rock|p1a: Swoobat","|-sidestart|p1: GTX♅bookman|move: Stealth Rock","|","|-heal|p2a: Claydol|172/230|[from] item: Leftovers","|turn|19","|","|win|GTX♅bookman"],"p1rating":{"entryid":"6888133","serverid":"eos","formatid":"randombattle","userid":"gtxbookman","username":"Gtx Bookman","w":16,"l":"31","t":"0","gxe":37.2,"r":1390.2938525853,"rd":54.489542529941,"sigma":"0","rptime":1439456400,"rpr":1400.2439599457,"rprd":53.970546464554,"rpsigma":"0","acre":1054.2221656368,"lacre":1054.2221656368,"oldacre":"1019.1353591147"},"p2rating":{"entryid":7611366,"formatid":"randombattle","userid":"danfoda","username":"danfoda","r":1500,"rd":130,"sigma":0,"rpr":1445.8634077653,"rprd":122.52238066782,"rpsigma":0,"rptime":1439456400,"w":0,"l":1,"t":0,"gxe":43.3,"acre":1000,"lacre":1000,"oldacre":1000},"endType":"forfeit"}