{"seed":[65005,9779,58656,48070],"turns":20,"p1":"Sagras","p2":"GTX♅bookman","p1team":[{"name":"Minun","moves":["batonpass","nastyplot","substitute","thunderbolt"],"ability":"Volt Absorb","evs":{"hp":85,"atk":85,"def":85,"spa":85,"spd":85,"spe":85},"ivs":{"hp":31,"atk":31,"def":31,"spa":31,"spd":31,"spe":31},"item":"Leftovers","level":83,"shiny":false},{"name":"Chansey","moves":["stealthrock","wish","thunderwave","seismictoss"],"ability":"Natural Cure","evs":{"hp":85,"atk":85,"def":85,"spa":85,"spd":85,"spe":85},"ivs":{"hp":31,"atk":31,"def":31,"spa":31,"spd":31,"spe":31},"item":"Eviolite","level":75,"shiny":false},{"name":"Tyrantrum","moves":["dragondance","outrage","earthquake","stoneedge"],"ability":"Strong Jaw","evs":{"hp":85,"atk":85,"def":85,"spa":85,"spd":85,"spe":85},"ivs":{"hp":31,"atk":31,"def":31,"spa":31,"spd":31,"spe":31},"item":"Lum Berry","level":79,"shiny":false},{"name":"Gardevoir","moves":["willowisp","taunt","psyshock","hypervoice"],"ability":"Trace","evs":{"hp":85,"atk":85,"def":85,"spa":85,"spd":85,"spe":85},"ivs":{"hp":31,"atk":31,"def":31,"spa":31,"spd":31,"spe":31},"item":"Gardevoirite","level":75,"shiny":false},{"name":"Braviary","moves":["roost","substitute","return","superpower"],"ability":"Defiant","evs":{"hp":81,"atk":89,"def":85,"spa":85,"spd":85,"spe":85},"ivs":{"hp":31,"atk":31,"def":31,"spa":31,"spd":31,"spe":31},"item":"Leftovers","level":79,"shiny":false},{"name":"Aurorus","moves":["stealthrock","freezedry","thunderbolt","blizzard"],"ability":"Snow Warning","evs":{"hp":81,"atk":85,"def":85,"spa":89,"spd":85,"spe":85},"ivs":{"hp":31,"atk":31,"def":31,"spa":31,"spd":31,"spe":31},"item":"Leftovers","level":81,"shiny":false}],"p2team":[{"name":"Garbodor","moves":["toxic","toxicspikes","haze","gunkshot"],"ability":"Aftermath","evs":{"hp":85,"atk":85,"def":85,"spa":85,"spd":85,"spe":85},"ivs":{"hp":31,"atk":31,"def":31,"spa":31,"spd":31,"spe":31},"item":"Focus Sash","level":81,"shiny":false},{"name":"Spinda","moves":["trickroom","return","superpower","suckerpunch"],"ability":"Contrary","evs":{"hp":170,"atk":85,"def":85,"spa":85,"spd":85,"spe":0},"ivs":{"hp":31,"atk":31,"def":31,"spa":31,"spd":31,"spe":0},"item":"Life Orb","level":83,"shiny":false},{"name":"Heatran","moves":["earthpower","stealthrock","lavaplume","toxic"],"ability":"Flash Fire","evs":{"hp":85,"atk":85,"def":85,"spa":85,"spd":85,"spe":85},"ivs":{"hp":31,"atk":31,"def":31,"spa":31,"spd":31,"spe":31},"item":"Air Balloon","level":75,"shiny":false},{"name":"Accelgor","moves":["gigadrain","yawn","bugbuzz","spikes"],"ability":"Hydration","evs":{"hp":81,"atk":85,"def":85,"spa":89,"spd":85,"spe":85},"ivs":{"hp":31,"atk":31,"def":31,"spa":31,"spd":31,"spe":31},"item":"Leftovers","level":79,"shiny":false},{"name":"Bellossom","moves":["synthesis","hiddenpowerfire","gigadrain","sunnyday"],"ability":"Chlorophyll","evs":{"hp":85,"atk":85,"def":85,"spa":85,"spd":85,"spe":85},"ivs":{"hp":31,"atk":30,"def":31,"spa":30,"spd":31,"spe":30},"item":"Heat Rock","level":83,"shiny":false},{"name":"Staraptor","moves":["bravebird","quickattack","roost","uturn"],"ability":"Reckless","evs":{"hp":85,"atk":85,"def":85,"spa":85,"spd":85,"spe":85},"ivs":{"hp":31,"atk":31,"def":31,"spa":31,"spd":31,"spe":31},"item":"Life Orb","level":76,"shiny":false}],"log":["|player|p1|Sagras|148","|player|p2|GTX♅bookman|151","|gametype|singles","|gen|6","|tier|Random Battle","|rated","|rule|Sleep Clause Mod: Limit one foe put to sleep","|rule|HP Percentage Mod: HP is shown in percentages","|","|start","|switch|p1a: Minun|Minun, L83, M|235/235","|switch|p2a: Garbodor|Garbodor, L81, F|262/262","|turn|1","|","|move|p1a: Minun|Nasty Plot|p1a: Minun","|-boost|p1a: Minun|spa|2","|move|p2a: Garbodor|Gunk Shot|p1a: Minun","|-damage|p1a: Minun|75/235","|","|-heal|p1a: Minun|89/235|[from] item: Leftovers","|turn|2","|","|move|p1a: Minun|Baton Pass|p1a: Minun","|","|switch|p1a: Gardevoir|Gardevoir, L75, F|226/226","|-ability|p1a: Gardevoir|Aftermath|[from] ability: Trace|[of] p2a: Garbodor","|move|p2a: Garbodor|Gunk Shot|p1a: Gardevoir|[miss]","|-miss|p2a: Garbodor|p1a: Gardevoir","|","|turn|3","|","|detailschange|p1a: Gardevoir|Gardevoir-Mega, L75, F","|-mega|p1a: Gardevoir|Gardevoir|Gardevoirite","|move|p2a: Garbodor|Toxic|p1a: Gardevoir","|-status|p1a: Gardevoir|tox","|move|p1a: Gardevoir|Psyshock|p2a: Garbodor","|-supereffective|p2a: Garbodor","|-enditem|p2a: Garbodor|Focus Sash","|-damage|p2a: Garbodor|1/262","|","|-damage|p1a: Gardevoir|212/226 tox|[from] psn","|turn|4","|","|move|p1a: Gardevoir|Psyshock|p2a: Garbodor","|-supereffective|p2a: Garbodor","|-damage|p2a: Garbodor|0 fnt","|faint|p2a: Garbodor","|","|-damage|p1a: Gardevoir|184/226 tox|[from] psn","|","|switch|p2a: Heatran|Heatran, L75, F|260/260","|-item|p2a: Heatran|Air Balloon","|turn|5","|","|move|p1a: Gardevoir|Psyshock|p2a: Heatran","|-resisted|p2a: Heatran","|-damage|p2a: Heatran|154/260","|-enditem|p2a: Heatran|Air Balloon","|move|p2a: Heatran|Lava Plume|p1a: Gardevoir","|-crit|p1a: Gardevoir","|-damage|p1a: Gardevoir|81/226 tox","|","|-damage|p1a: Gardevoir|39/226 tox|[from] psn","|turn|6","|","|move|p1a: Gardevoir|Hyper Voice|p2a: Heatran","|-resisted|p2a: Heatran","|-damage|p2a: Heatran|82/260","|move|p2a: Heatran|Lava Plume|p1a: Gardevoir","|-crit|p1a: Gardevoir","|-damage|p1a: Gardevoir|0 fnt","|faint|p1a: Gardevoir","|","|","|switch|p1a: Tyrantrum|Tyrantrum, L79, F|259/259","|turn|7","|","|move|p2a: Heatran|Stealth Rock|p1a: Tyrantrum","|-sidestart|p1: Sagras|move: Stealth Rock","|move|p1a: Tyrantrum|Stone Edge|p2a: Heatran","|-damage|p2a: Heatran|0 fnt","|faint|p2a: Heatran","|","|","|switch|p2a: Spinda|Spinda, L83, M|253/253","|turn|8","|","|move|p2a: Spinda|Sucker Punch|p1a: Tyrantrum","|-damage|p1a: Tyrantrum|215/259","|-damage|p2a: Spinda|228/253|[from] item: Life Orb","|move|p1a: Tyrantrum|Earthquake|p2a: Spinda","|-damage|p2a: Spinda|126/253","|","|turn|9","|","|move|p1a: Tyrantrum|Stone Edge|p2a: Spinda","|-damage|p2a: Spinda|0 fnt","|faint|p2a: Spinda","|","|","|switch|p2a: Accelgor|Accelgor, L79, F|255/255","|turn|10","|","|move|p2a: Accelgor|Giga Drain|p1a: Tyrantrum","|-damage|p1a: Tyrantrum|142/259","|move|p1a: Tyrantrum|Outrage|p2a: Accelgor","|-damage|p2a: Accelgor|0 fnt","|faint|p2a: Accelgor","|","|","|switch|p2a: Staraptor|Staraptor, L76, M|254/254","|turn|11","|","|move|p2a: Staraptor|Brave Bird|p1a: Tyrantrum","|-resisted|p1a: Tyrantrum","|-damage|p1a: Tyrantrum|60/259","|-damage|p2a: Staraptor|227/254|[from] recoil|[of] p1a: Tyrantrum","|-damage|p2a: Staraptor|202/254|[from] item: Life Orb","|move|p1a: Tyrantrum|Outrage|p2a: Staraptor|[from]lockedmove","|-damage|p2a: Staraptor|16/254","|-start|p1a: Tyrantrum|confusion|[fatigue]","|-enditem|p1a: Tyrantrum|Lum Berry|[eat]","|-end|p1a: Tyrantrum|confusion","|","|turn|12","|","|move|p2a: Staraptor|Brave Bird|p1a: Tyrantrum","|-resisted|p1a: Tyrantrum","|-damage|p1a: Tyrantrum|0 fnt","|-damage|p2a: Staraptor|0 fnt|[from] recoil|[of] p1a: Tyrantrum","|faint|p1a: Tyrantrum","|faint|p2a: Staraptor","|","|","|switch|p2a: Bellossom|Bellossom, L83, M|260/260","|switch|p1a: Chansey|Chansey, L75, F|499/499","|-damage|p1a: Chansey|437/499|[from] Stealth Rock","|turn|13","|","|move|p2a: Bellossom|Hidden Power|p1a: Chansey","|-damage|p1a: Chansey|412/499","|move|p1a: Chansey|Seismic Toss|p2a: Bellossom","|-damage|p2a: Bellossom|185/260","|","|turn|14","|","|move|p2a: Bellossom|Giga Drain|p1a: Chansey","|-damage|p1a: Chansey|367/499","|-heal|p2a: Bellossom|208/260|[from] drain|[of] p1a: Chansey","|move|p1a: Chansey|Seismic Toss|p2a: Bellossom","|-damage|p2a: Bellossom|133/260","|","|turn|15","|","|move|p2a: Bellossom|Giga Drain|p1a: Chansey","|-damage|p1a: Chansey|318/499","|-heal|p2a: Bellossom|158/260|[from] drain|[of] p1a: Chansey","|move|p1a: Chansey|Thunder Wave|p2a: Bellossom","|-status|p2a: Bellossom|par","|","|turn|16","|","|switch|p1a: Braviary|Braviary, L79, M|287/287","|-damage|p1a: Braviary|216/287|[from] Stealth Rock","|move|p2a: Bellossom|Giga Drain|p1a: Braviary","|-resisted|p1a: Braviary","|-damage|p1a: Braviary|168/287","|-heal|p2a: Bellossom|182/260 par|[from] drain|[of] p1a: Braviary","|","|-heal|p1a: Braviary|185/287|[from] item: Leftovers","|turn|17","|","|move|p1a: Braviary|Return|p2a: Bellossom","|-damage|p2a: Bellossom|70/260 par","|move|p2a: Bellossom|Giga Drain|p1a: Braviary","|-resisted|p1a: Braviary","|-damage|p1a: Braviary|140/287","|-heal|p2a: Bellossom|93/260 par|[from] drain|[of] p1a: Braviary","|","|-heal|p1a: Braviary|157/287|[from] item: Leftovers","|turn|18","|","|move|p1a: Braviary|Roost|p1a: Braviary","|-heal|p1a: Braviary|287/287","|move|p2a: Bellossom|Giga Drain|p1a: Braviary","|-damage|p1a: Braviary|196/287","|-heal|p2a: Bellossom|139/260 par|[from] drain|[of] p1a: Braviary","|","|-heal|p1a: Braviary|213/287|[from] item: Leftovers","|turn|19","|","|move|p1a: Braviary|Superpower|p2a: Bellossom","|-damage|p2a: Bellossom|51/260 par","|-unboost|p1a: Braviary|atk|1","|-unboost|p1a: Braviary|def|1","|cant|p2a: Bellossom|par","|","|-heal|p1a: Braviary|230/287|[from] item: Leftovers","|turn|20","|","|move|p1a: Braviary|Superpower|p2a: Bellossom","|-damage|p2a: Bellossom|0 fnt","|-unboost|p1a: Braviary|atk|1","|-unboost|p1a: Braviary|def|1","|faint|p2a: Bellossom","|","|win|Sagras"],"p1rating":{"entryid":7611745,"formatid":"randombattle","userid":"sagras","username":"Sagras","r":1500,"rd":130,"sigma":0,"rpr":1529.7982221525,"rprd":122.64244498874,"rpsigma":0,"rptime":1439456400,"w":1,"l":0,"t":0,"gxe":53.7,"acre":1046.192365305,"lacre":1046.192365305,"oldacre":1000},"p2rating":{"entryid":"6888133","serverid":"eos","formatid":"randombattle","userid":"gtxbookman","username":"Gtx Bookman","w":"16","l":32,"t":"0","gxe":36.5,"r":"1390.2938525853","rd":"54.489542529941","sigma":"0","rptime":"1439456400","rpr":1394.6120846385,"rprd":53.46610322448,"rpsigma":"0","acre":1033.2816365003,"lacre":1033.2816365003,"oldacre":"1054.2221656368"},"endType":"normal"}