{"seed":[13437,46589,11903,2525],"turns":20,"p1":"Emg GL Linket","p2":"Accurate u'll win","p1team":[{"name":"Carracosta","moves":["shellsmash","earthquake","aquajet","stoneedge"],"ability":"Sturdy","evs":{"hp":85,"atk":85,"def":85,"spa":85,"spd":85,"spe":85},"ivs":{"hp":31,"atk":31,"def":31,"spa":31,"spd":31,"spe":31},"item":"White Herb","level":83,"shiny":false},{"name":"Sawk","moves":["bulkup","icepunch","closecombat","poisonjab"],"ability":"Mold Breaker","evs":{"hp":85,"atk":85,"def":85,"spa":85,"spd":85,"spe":85},"ivs":{"hp":31,"atk":31,"def":31,"spa":31,"spd":31,"spe":31},"item":"Life Orb","level":81,"shiny":false},{"name":"Serperior","moves":["leechseed","glare","substitute","leafstorm"],"ability":"Contrary","evs":{"hp":85,"atk":85,"def":85,"spa":85,"spd":85,"spe":85},"ivs":{"hp":31,"atk":31,"def":31,"spa":31,"spd":31,"spe":31},"item":"Leftovers","level":75,"shiny":false},{"name":"Stantler","moves":["doubleedge","megahorn","suckerpunch","jumpkick"],"ability":"Intimidate","evs":{"hp":85,"atk":85,"def":85,"spa":85,"spd":85,"spe":85},"ivs":{"hp":31,"atk":31,"def":31,"spa":31,"spd":31,"spe":31},"item":"Life Orb","level":83,"shiny":false},{"name":"Skarmory","moves":["bravebird","stealthrock","defog","roost"],"ability":"Sturdy","evs":{"hp":85,"atk":85,"def":85,"spa":85,"spd":85,"spe":85},"ivs":{"hp":31,"atk":31,"def":31,"spa":31,"spd":31,"spe":31},"item":"Leftovers","level":75,"shiny":false},{"name":"Lunatone","moves":["earthpower","rockpolish","icebeam","psychic"],"ability":"Levitate","evs":{"hp":85,"atk":85,"def":85,"spa":85,"spd":85,"spe":85},"ivs":{"hp":31,"atk":31,"def":31,"spa":31,"spd":31,"spe":31},"item":"Life Orb","level":83,"shiny":false}],"p2team":[{"name":"Gengar","moves":["protect","disable","destinybond","sludgewave"],"ability":"Levitate","evs":{"hp":85,"atk":85,"def":85,"spa":85,"spd":85,"spe":85},"ivs":{"hp":31,"atk":31,"def":31,"spa":31,"spd":31,"spe":31},"item":"Gengarite","level":73,"shiny":false},{"name":"Donphan","moves":["iceshard","rapidspin","earthquake","stoneedge"],"ability":"Sturdy","evs":{"hp":85,"atk":85,"def":85,"spa":85,"spd":85,"spe":85},"ivs":{"hp":31,"atk":31,"def":31,"spa":31,"spd":31,"spe":31},"item":"Assault Vest","level":77,"shiny":false},{"name":"Klefki","moves":["thunderwave","lightscreen","reflect","playrough"],"ability":"Prankster","evs":{"hp":85,"atk":85,"def":85,"spa":85,"spd":85,"spe":85},"ivs":{"hp":31,"atk":31,"def":31,"spa":31,"spd":31,"spe":31},"item":"Light Clay","level":75,"shiny":false},{"name":"Jolteon","moves":["thunderbolt","hiddenpowerice","voltswitch","signalbeam"],"ability":"Volt Absorb","evs":{"hp":85,"atk":85,"def":85,"spa":85,"spd":85,"spe":85},"ivs":{"hp":31,"atk":30,"def":30,"spa":31,"spd":31,"spe":31},"item":"Choice Specs","level":79,"shiny":false},{"name":"Emolga","moves":["chargebeam","roost","batonpass","encore"],"ability":"Motor Drive","evs":{"hp":85,"atk":85,"def":85,"spa":85,"spd":85,"spe":85},"ivs":{"hp":31,"atk":31,"def":31,"spa":31,"spd":31,"spe":31},"item":"Leftovers","level":83,"shiny":false},{"name":"Mightyena","moves":["suckerpunch","irontail","crunch","firefang"],"ability":"Moxie","evs":{"hp":85,"atk":85,"def":85,"spa":85,"spd":85,"spe":85},"ivs":{"hp":31,"atk":31,"def":31,"spa":31,"spd":31,"spe":31},"item":"Expert Belt","level":83,"shiny":false}],"log":["|player|p1|Emg GL Linket|265","|player|p2|Accurate u'll win|23","|gametype|singles","|gen|6","|tier|Random Battle","|rated","|rule|Sleep Clause Mod: Limit one foe put to sleep","|rule|HP Percentage Mod: HP is shown in percentages","|","|start","|switch|p1a: Carracosta|Carracosta, L83, M|259/259","|switch|p2a: Gengar|Gengar, L73, F|208/208","|turn|1","|","|switch|p1a: Skarmory|Skarmory, L75, F|221/221","|detailschange|p2a: Gengar|Gengar-Mega, L73, F","|-mega|p2a: Gengar|Gengar|Gengarite","|move|p2a: Gengar|Protect|p2a: Gengar","|-fail|p2a: Gengar","|","|turn|2","|","|switch|p2a: Jolteon|Jolteon, L79, M|232/232","|move|p1a: Skarmory|Stealth Rock|p2a: Jolteon","|-sidestart|p2: Accurate u'll win|move: Stealth Rock","|","|turn|3","|","|move|p2a: Jolteon|Volt Switch|p1a: Skarmory","|-supereffective|p1a: Skarmory","|-ability|p1a: Skarmory|Sturdy","|-damage|p1a: Skarmory|1/221","|","|switch|p2a: Mightyena|Mightyena, L83, F|252/252","|-damage|p2a: Mightyena|221/252|[from] Stealth Rock","|move|p1a: Skarmory|Brave Bird|p2a: Mightyena","|-damage|p2a: Mightyena|113/252","|-damage|p1a: Skarmory|0 fnt|[from] recoil|[of] p2a: Mightyena","|faint|p1a: Skarmory","|","|","|switch|p1a: Stantler|Stantler, L83, M|257/257","|-ability|p1a: Stantler|Intimidate","|-unboost|p2a: Mightyena|atk|1","|turn|4","|","|move|p1a: Stantler|Megahorn|p2a: Mightyena","|-crit|p2a: Mightyena","|-supereffective|p2a: Mightyena","|-damage|p2a: Mightyena|0 fnt","|-damage|p1a: Stantler|232/257|[from] item: Life Orb","|faint|p2a: Mightyena","|","|","|switch|p2a: Gengar|Gengar-Mega, L73, F|208/208","|-damage|p2a: Gengar|182/208|[from] Stealth Rock","|turn|5","|","|move|p1a: Stantler|Sucker Punch|p2a: Gengar","|-fail|p1a: Stantler","|move|p2a: Gengar|Disable|p1a: Stantler","|-start|p1a: Stantler|Disable|Sucker Punch","|","|turn|6","|","|move|p2a: Gengar|Sludge Wave|p1a: Stantler","|-damage|p1a: Stantler|79/257","|move|p1a: Stantler|Megahorn|p2a: Gengar","|-crit|p2a: Gengar","|-resisted|p2a: Gengar","|-damage|p2a: Gengar|137/208","|-damage|p1a: Stantler|54/257|[from] item: Life Orb","|","|turn|7","|","|move|p2a: Gengar|Sludge Wave|p1a: Stantler","|-damage|p1a: Stantler|0 fnt","|faint|p1a: Stantler","|","|","|switch|p1a: Lunatone|Lunatone, L83|252/252","|turn|8","|","|move|p2a: Gengar|Destiny Bond|p2a: Gengar","|-singlemove|p2a: Gengar|Destiny Bond","|move|p1a: Lunatone|Psychic|p2a: Gengar","|-supereffective|p2a: Gengar","|-damage|p2a: Gengar|0 fnt","|-damage|p1a: Lunatone|227/252|[from] item: Life Orb","|faint|p2a: Gengar","|-activate|p2a: Gengar|Destiny Bond","|faint|p1a: Lunatone","|","|","|switch|p2a: Jolteon|Jolteon, L79, M|232/232","|switch|p1a: Sawk|Sawk, L81, M|254/254","|-damage|p2a: Jolteon|203/232|[from] Stealth Rock","|-ability|p1a: Sawk|Mold Breaker","|turn|9","|","|move|p2a: Jolteon|Volt Switch|p1a: Sawk","|-damage|p1a: Sawk|128/254","|","|switch|p2a: Donphan|Donphan, L77, M|265/265","|-damage|p2a: Donphan|249/265|[from] Stealth Rock","|move|p1a: Sawk|Close Combat|p2a: Donphan","|-damage|p2a: Donphan|77/265","|-unboost|p1a: Sawk|def|1","|-unboost|p1a: Sawk|spd|1","|-damage|p1a: Sawk|103/254|[from] item: Life Orb","|","|turn|10","|","|move|p2a: Donphan|Ice Shard|p1a: Sawk","|-damage|p1a: Sawk|54/254","|move|p1a: Sawk|Ice Punch|p2a: Donphan","|-supereffective|p2a: Donphan","|-damage|p2a: Donphan|0 fnt","|-damage|p1a: Sawk|29/254|[from] item: Life Orb","|faint|p2a: Donphan","|","|","|switch|p2a: Emolga|Emolga, L83, M|227/227","|-damage|p2a: Emolga|171/227|[from] Stealth Rock","|turn|11","|","|move|p2a: Emolga|Charge Beam|p1a: Sawk","|-damage|p1a: Sawk|0 fnt","|faint|p1a: Sawk","|","|-heal|p2a: Emolga|185/227|[from] item: Leftovers","|","|switch|p1a: Serperior|Serperior, L75, F|236/236","|turn|12","|","|move|p2a: Emolga|Charge Beam|p1a: Serperior|[miss]","|-miss|p2a: Emolga|p1a: Serperior","|move|p1a: Serperior|Leaf Storm|p2a: Emolga","|-resisted|p2a: Emolga","|-damage|p2a: Emolga|122/227","|-boost|p1a: Serperior|spa|2","|","|-heal|p2a: Emolga|136/227|[from] item: Leftovers","|turn|13","|","|move|p2a: Emolga|Encore|p1a: Serperior","|-start|p1a: Serperior|Encore","|move|p1a: Serperior|Leaf Storm|p2a: Emolga","|-resisted|p2a: Emolga","|-damage|p2a: Emolga|16/227","|-boost|p1a: Serperior|spa|2","|","|-heal|p2a: Emolga|30/227|[from] item: Leftovers","|turn|14","|","|move|p2a: Emolga|Charge Beam|p1a: Serperior","|-resisted|p1a: Serperior","|-damage|p1a: Serperior|212/236","|-boost|p2a: Emolga|spa|1","|move|p1a: Serperior|Leaf Storm|p2a: Emolga","|-resisted|p2a: Emolga","|-damage|p2a: Emolga|0 fnt","|-boost|p1a: Serperior|spa|2","|faint|p2a: Emolga","|","|-heal|p1a: Serperior|226/236|[from] item: Leftovers","|","|switch|p2a: Klefki|Klefki, L75, M|209/209","|-damage|p2a: Klefki|196/209|[from] Stealth Rock","|turn|15","|","|move|p2a: Klefki|Light Screen|p2a: Klefki","|-sidestart|p2: Accurate u'll win|move: Light Screen","|move|p1a: Serperior|Leaf Storm|p2a: Klefki","|-resisted|p2a: Klefki","|-damage|p2a: Klefki|88/209","|","|-heal|p1a: Serperior|236/236|[from] item: Leftovers","|-end|p1a: Serperior|Encore","|turn|16","|","|move|p2a: Klefki|Thunder Wave|p1a: Serperior","|-status|p1a: Serperior|par","|move|p1a: Serperior|Glare|p2a: Klefki","|-status|p2a: Klefki|par","|","|turn|17","|","|move|p1a: Serperior|Substitute|p1a: Serperior","|-start|p1a: Serperior|Substitute","|-damage|p1a: Serperior|177/236 par","|move|p2a: Klefki|Play Rough|p1a: Serperior","|-end|p1a: Serperior|Substitute","|","|-heal|p1a: Serperior|191/236 par|[from] item: Leftovers","|turn|18","|","|cant|p1a: Serperior|par","|move|p2a: Klefki|Play Rough|p1a: Serperior","|-damage|p1a: Serperior|116/236 par","|","|-heal|p1a: Serperior|130/236 par|[from] item: Leftovers","|turn|19","|","|move|p1a: Serperior|Leaf Storm|p2a: Klefki","|-resisted|p2a: Klefki","|-damage|p2a: Klefki|0 fnt","|faint|p2a: Klefki","|","|-heal|p1a: Serperior|144/236 par|[from] item: Leftovers","|","|switch|p2a: Jolteon|Jolteon, L79, M|203/232","|-damage|p2a: Jolteon|174/232|[from] Stealth Rock","|turn|20","|","|move|p2a: Jolteon|Thunderbolt|p1a: Serperior","|-resisted|p1a: Serperior","|-damage|p1a: Serperior|66/236 par","|move|p1a: Serperior|Leaf Storm|p2a: Jolteon","|-damage|p2a: Jolteon|0 fnt","|faint|p2a: Jolteon","|","|win|Emg GL Linket"],"p1rating":{"entryid":"7099396","serverid":"eos","formatid":"randombattle","userid":"emggllinket","username":"Emg GL Linket","w":13,"l":"12","t":"0","gxe":51.5,"r":"1499.6707958821","rd":"66.627449216471","sigma":"0","rptime":"1439456400","rpr":1511.1322530277,"rprd":65.604579625288,"rpsigma":"0","acre":1126.2929008714,"lacre":1126.2929008714,"oldacre":"1108.8807108471"},"p2rating":{"entryid":7601905,"formatid":"randombattle","userid":"accurateullwin","username":"Accurate u'll win","r":1500,"rd":130,"sigma":0,"rpr":1457.9951989452,"rprd":122.07724382103,"rpsigma":0,"rptime":1439456400,"w":0,"l":1,"t":0,"gxe":44.8,"acre":1000,"lacre":1000,"oldacre":1000},"endType":"normal"}