{"seed":[7401,51752,47415,42804],"turns":12,"p1":"E4 Terror","p2":"V Ares V","p1team":[{"name":"Meloetta","moves":["relicsong","closecombat","knockoff","return"],"ability":"Serene Grace","evs":{"hp":85,"atk":85,"def":85,"spa":85,"spd":85,"spe":85},"ivs":{"hp":31,"atk":31,"def":31,"spa":31,"spd":31,"spe":31},"item":"Life Orb","level":79,"shiny":false},{"name":"Kingdra","moves":["dracometeor","outrage","waterfall","dragondance"],"ability":"Swift Swim","evs":{"hp":85,"atk":85,"def":85,"spa":85,"spd":85,"spe":85},"ivs":{"hp":31,"atk":31,"def":31,"spa":31,"spd":31,"spe":31},"item":"Lum Berry","level":78,"shiny":false},{"name":"Scolipede","moves":["poisonjab","spikes","rockslide","megahorn"],"ability":"Speed Boost","evs":{"hp":81,"atk":89,"def":85,"spa":85,"spd":85,"spe":85},"ivs":{"hp":31,"atk":31,"def":31,"spa":31,"spd":31,"spe":31},"item":"Life Orb","level":76,"shiny":false},{"name":"Arcanine","moves":["willowisp","morningsun","roar","flareblitz"],"ability":"Intimidate","evs":{"hp":85,"atk":85,"def":85,"spa":85,"spd":85,"spe":85},"ivs":{"hp":31,"atk":31,"def":31,"spa":31,"spd":31,"spe":31},"item":"Leftovers","level":77,"shiny":false},{"name":"Primeape","moves":["encore","uturn","earthquake","closecombat"],"ability":"Defiant","evs":{"hp":85,"atk":85,"def":85,"spa":85,"spd":85,"spe":85},"ivs":{"hp":31,"atk":31,"def":31,"spa":31,"spd":31,"spe":31},"item":"Life Orb","level":81,"shiny":false},{"name":"Cloyster","moves":["spikes","rockblast","iciclespear","iceshard"],"ability":"Skill Link","evs":{"hp":81,"atk":89,"def":85,"spa":85,"spd":85,"spe":85},"ivs":{"hp":31,"atk":31,"def":31,"spa":31,"spd":31,"spe":31},"item":"Life Orb","level":77,"shiny":false}],"p2team":[{"name":"Whiscash","moves":["earthquake","dragondance","waterfall","zenheadbutt"],"ability":"Hydration","evs":{"hp":85,"atk":85,"def":85,"spa":85,"spd":85,"spe":85},"ivs":{"hp":31,"atk":31,"def":31,"spa":31,"spd":31,"spe":31},"item":"Life Orb","level":83,"shiny":false},{"name":"Castform","moves":["sunnyday","icebeam","weatherball","solarbeam"],"ability":"Forecast","evs":{"hp":81,"atk":85,"def":85,"spa":89,"spd":85,"spe":85},"ivs":{"hp":31,"atk":31,"def":31,"spa":31,"spd":31,"spe":31},"item":"Heat Rock","level":83,"shiny":false},{"name":"Porygon-Z","moves":["icebeam","nastyplot","thunderbolt","triattack"],"ability":"Download","evs":{"hp":85,"atk":85,"def":85,"spa":85,"spd":85,"spe":85},"ivs":{"hp":31,"atk":31,"def":31,"spa":31,"spd":31,"spe":31},"item":"Life Orb","level":77,"shiny":false},{"name":"Beedrill","moves":["xscissor","knockoff","swordsdance","drillrun"],"ability":"Swarm","evs":{"hp":85,"atk":85,"def":85,"spa":85,"spd":85,"spe":85},"ivs":{"hp":31,"atk":31,"def":31,"spa":31,"spd":31,"spe":31},"item":"Beedrillite","level":77,"shiny":false},{"name":"Crobat","moves":["taunt","roost","defog","bravebird"],"ability":"Infiltrator","evs":{"hp":85,"atk":85,"def":85,"spa":85,"spd":85,"spe":85},"ivs":{"hp":31,"atk":31,"def":31,"spa":31,"spd":31,"spe":31},"item":"Black Sludge","level":77,"shiny":false},{"name":"Greninja","moves":["toxicspikes","icebeam","uturn","darkpulse"],"ability":"Protean","evs":{"hp":85,"atk":85,"def":85,"spa":85,"spd":85,"spe":85},"ivs":{"hp":31,"atk":31,"def":31,"spa":31,"spd":31,"spe":31},"item":"Life Orb","level":74,"shiny":false}],"log":["|player|p1|E4 Terror|293","|player|p2|V Ares V|2","|gametype|singles","|gen|6","|tier|Random Battle","|rated","|rule|Sleep Clause Mod: Limit one foe put to sleep","|rule|HP Percentage Mod: HP is shown in percentages","|","|start","|switch|p1a: Meloetta|Meloetta, L79|288/288","|switch|p2a: Whiscash|Whiscash, L83, M|318/318","|turn|1","|","|move|p1a: Meloetta|Relic Song|p2a: Whiscash","|-damage|p2a: Whiscash|189/318","|-damage|p1a: Meloetta|260/288|[from] item: Life Orb","|-formechange|p1a: Meloetta|Meloetta-Pirouette|[msg]","|move|p2a: Whiscash|Dragon Dance|p2a: Whiscash","|-boost|p2a: Whiscash|atk|1","|-boost|p2a: Whiscash|spe|1","|","|turn|2","|","|move|p1a: Meloetta|Return|p2a: Whiscash","|-damage|p2a: Whiscash|20/318","|-damage|p1a: Meloetta|232/288|[from] item: Life Orb","|move|p2a: Whiscash|Zen Headbutt|p1a: Meloetta","|-supereffective|p1a: Meloetta","|-damage|p1a: Meloetta|42/288","|-damage|p2a: Whiscash|0 fnt|[from] item: Life Orb","|faint|p2a: Whiscash","|","|","|switch|p2a: Beedrill|Beedrill, L77, F|227/227","|turn|3","|","|detailschange|p2a: Beedrill|Beedrill-Mega, L77, F","|-mega|p2a: Beedrill|Beedrill|Beedrillite","|move|p1a: Meloetta|Return|p2a: Beedrill","|-damage|p2a: Beedrill|0 fnt","|-damage|p1a: Meloetta|14/288|[from] item: Life Orb","|faint|p2a: Beedrill","|","|","|switch|p2a: Crobat|Crobat, L77, F|257/257","|turn|4","|","|move|p1a: Meloetta|Return|p2a: Crobat","|-damage|p2a: Crobat|78/257","|-damage|p1a: Meloetta|0 fnt|[from] item: Life Orb","|faint|p1a: Meloetta","|move|p2a: Crobat|Roost|p2a: Crobat","|-heal|p2a: Crobat|207/257","|","|-heal|p2a: Crobat|223/257|[from] item: Black Sludge","|","|switch|p1a: Cloyster|Cloyster, L77, M|203/203","|turn|5","|","|move|p2a: Crobat|Defog|p1a: Cloyster","|-unboost|p1a: Cloyster|evasion|1","|move|p1a: Cloyster|Icicle Spear|p2a: Crobat","|-supereffective|p2a: Crobat","|-damage|p2a: Crobat|150/257","|-crit|p2a: Crobat","|-supereffective|p2a: Crobat","|-damage|p2a: Crobat|49/257","|-supereffective|p2a: Crobat","|-damage|p2a: Crobat|0 fnt","|-hitcount|p2a: Crobat|3","|-damage|p1a: Cloyster|183/203|[from] item: Life Orb","|faint|p2a: Crobat","|","|","|switch|p2a: Castform|Castform, L83, M|251/251","|turn|6","|","|move|p2a: Castform|Sunny Day|p2a: Castform","|-weather|SunnyDay","|-formechange|p2a: Castform|Castform-Sunny|[msg]","|move|p1a: Cloyster|Rock Blast|p2a: Castform","|-supereffective|p2a: Castform","|-damage|p2a: Castform|199/251","|-supereffective|p2a: Castform","|-damage|p2a: Castform|150/251","|-supereffective|p2a: Castform","|-damage|p2a: Castform|106/251","|-supereffective|p2a: Castform","|-damage|p2a: Castform|57/251","|-supereffective|p2a: Castform","|-damage|p2a: Castform|10/251","|-hitcount|p2a: Castform|5","|-damage|p1a: Cloyster|163/203|[from] item: Life Orb","|","|-weather|SunnyDay|[upkeep]","|turn|7","|","|move|p1a: Cloyster|Ice Shard|p2a: Castform","|-resisted|p2a: Castform","|-damage|p2a: Castform|0 fnt","|-damage|p1a: Cloyster|143/203|[from] item: Life Orb","|faint|p2a: Castform","|","|-weather|SunnyDay|[upkeep]","|","|switch|p2a: Porygon-Z|Porygon-Z, L77|257/257","|-boost|p2a: Porygon-Z|spa|1|[from] ability: Download","|turn|8","|","|move|p2a: Porygon-Z|Thunderbolt|p1a: Cloyster","|-supereffective|p1a: Cloyster","|-damage|p1a: Cloyster|0 fnt","|-damage|p2a: Porygon-Z|232/257|[from] item: Life Orb","|faint|p1a: Cloyster","|","|-weather|SunnyDay|[upkeep]","|","|switch|p1a: Primeape|Primeape, L81, F|238/238","|turn|9","|","|move|p1a: Primeape|Close Combat|p2a: Porygon-Z","|-supereffective|p2a: Porygon-Z","|-damage|p2a: Porygon-Z|0 fnt","|-unboost|p1a: Primeape|def|1","|-unboost|p1a: Primeape|spd|1","|-damage|p1a: Primeape|215/238|[from] item: Life Orb","|faint|p2a: Porygon-Z","|","|-weather|SunnyDay|[upkeep]","|","|switch|p2a: Greninja|Greninja, L74, M|229/229","|turn|10","|","|move|p2a: Greninja|U-turn|p1a: Primeape","|-start|p2a: Greninja|typechange|Bug|[from] Protean","|-resisted|p1a: Primeape","|-damage|p1a: Primeape|145/238","|-damage|p2a: Greninja|207/229|[from] item: Life Orb","|move|p1a: Primeape|Close Combat|p2a: Greninja","|-resisted|p2a: Greninja","|-damage|p2a: Greninja|90/229","|-unboost|p1a: Primeape|def|1","|-unboost|p1a: Primeape|spd|1","|-damage|p1a: Primeape|122/238|[from] item: Life Orb","|","|-weather|SunnyDay|[upkeep]","|turn|11","|","|move|p2a: Greninja|Ice Beam|p1a: Primeape","|-start|p2a: Greninja|typechange|Ice|[from] Protean","|-damage|p1a: Primeape|0 fnt","|-damage|p2a: Greninja|68/229|[from] item: Life Orb","|faint|p1a: Primeape","|","|-weather|SunnyDay|[upkeep]","|","|switch|p1a: Arcanine|Arcanine, L77, F|265/265","|-ability|p1a: Arcanine|Intimidate","|-unboost|p2a: Greninja|atk|1","|turn|12","|","|move|p2a: Greninja|Dark Pulse|p1a: Arcanine","|-start|p2a: Greninja|typechange|Dark|[from] Protean","|-damage|p1a: Arcanine|160/265","|-damage|p2a: Greninja|46/229|[from] item: Life Orb","|move|p1a: Arcanine|Flare Blitz|p2a: Greninja","|-damage|p2a: Greninja|0 fnt","|-damage|p1a: Arcanine|145/265|[from] recoil|[of] p2a: Greninja","|faint|p2a: Greninja","|","|win|E4 Terror"],"p1rating":{"entryid":7601322,"formatid":"randombattle","userid":"e4terror","username":"E4 Terror","r":1500,"rd":130,"sigma":0,"rpr":1540.1606143388,"rprd":122.8583080769,"rpsigma":0,"rptime":1439456400,"w":1,"l":0,"t":0,"gxe":55,"acre":1040,"lacre":1040,"oldacre":1000},"p2rating":{"entryid":7601323,"formatid":"randombattle","userid":"varesv","username":"V Ares V","r":1500,"rd":130,"sigma":0,"rpr":1459.8393856612,"rprd":122.8583080769,"rpsigma":0,"rptime":1439456400,"w":0,"l":1,"t":0,"gxe":45,"acre":1000,"lacre":1000,"oldacre":1000},"endType":"normal"}