{"seed":[50238,46963,40522,45872],"turns":18,"p1":"Crystal Webs","p2":"Emg GL Linket","p1team":[{"name":"Stunfisk","moves":["earthpower","sleeptalk","rest","discharge"],"ability":"Static","evs":{"hp":85,"atk":85,"def":85,"spa":85,"spd":85,"spe":85},"ivs":{"hp":31,"atk":31,"def":31,"spa":31,"spd":31,"spe":31},"item":"Leftovers","level":83,"shiny":false},{"name":"Beedrill","moves":["xscissor","swordsdance","knockoff","drillrun"],"ability":"Swarm","evs":{"hp":85,"atk":85,"def":85,"spa":85,"spd":85,"spe":85},"ivs":{"hp":31,"atk":31,"def":31,"spa":31,"spd":31,"spe":31},"item":"Beedrillite","level":77,"shiny":false},{"name":"Tornadus","moves":["hurricane","tailwind","heatwave","superpower"],"ability":"Prankster","evs":{"hp":85,"atk":85,"def":85,"spa":85,"spd":85,"spe":85},"ivs":{"hp":31,"atk":31,"def":31,"spa":31,"spd":31,"spe":31},"item":"Life Orb","level":78,"shiny":false},{"name":"Swampert","moves":["roar","stealthrock","earthquake","scald"],"ability":"Torrent","evs":{"hp":85,"atk":85,"def":85,"spa":85,"spd":85,"spe":85},"ivs":{"hp":31,"atk":31,"def":31,"spa":31,"spd":31,"spe":31},"item":"Leftovers","level":77,"shiny":false},{"name":"Staraptor","moves":["closecombat","roost","doubleedge","bravebird"],"ability":"Intimidate","evs":{"hp":85,"atk":85,"def":85,"spa":85,"spd":85,"spe":85},"ivs":{"hp":31,"atk":31,"def":31,"spa":31,"spd":31,"spe":31},"item":"Life Orb","level":76,"shiny":false},{"name":"Slowking","moves":["fireblast","nastyplot","toxic","scald"],"ability":"Regenerator","evs":{"hp":85,"atk":85,"def":85,"spa":85,"spd":85,"spe":85},"ivs":{"hp":31,"atk":31,"def":31,"spa":31,"spd":31,"spe":31},"item":"Leftovers","level":77,"shiny":false}],"p2team":[{"name":"Eelektross","moves":["thunderbolt","voltswitch","acidspray","gigadrain"],"ability":"Levitate","evs":{"hp":85,"atk":85,"def":85,"spa":85,"spd":85,"spe":85},"ivs":{"hp":31,"atk":31,"def":31,"spa":31,"spd":31,"spe":31},"item":"Expert Belt","level":79,"shiny":false},{"name":"Pinsir","moves":["earthquake","quickattack","closecombat","return"],"ability":"Mold Breaker","evs":{"hp":81,"atk":89,"def":85,"spa":85,"spd":85,"spe":85},"ivs":{"hp":31,"atk":31,"def":31,"spa":31,"spd":31,"spe":31},"item":"Pinsirite","level":76,"shiny":false},{"name":"Camerupt","moves":["hiddenpowergrass","stealthrock","stoneedge","earthpower"],"ability":"Solid Rock","evs":{"hp":85,"atk":85,"def":85,"spa":85,"spd":85,"spe":85},"ivs":{"hp":31,"atk":30,"def":31,"spa":30,"spd":31,"spe":31},"item":"Life Orb","level":79,"shiny":false},{"name":"Blastoise","moves":["dragontail","icebeam","scald","rapidspin"],"ability":"Torrent","evs":{"hp":85,"atk":85,"def":85,"spa":85,"spd":85,"spe":85},"ivs":{"hp":31,"atk":31,"def":31,"spa":31,"spd":31,"spe":31},"item":"Assault Vest","level":79,"shiny":false},{"name":"Malamar","moves":["psychocut","superpower","substitute","rockslide"],"ability":"Contrary","evs":{"hp":85,"atk":85,"def":85,"spa":85,"spd":85,"spe":85},"ivs":{"hp":31,"atk":31,"def":31,"spa":31,"spd":31,"spe":31},"item":"Leftovers","level":81,"shiny":false},{"name":"Walrein","moves":["icebeam","toxic","roar","surf"],"ability":"Thick Fat","evs":{"hp":85,"atk":85,"def":85,"spa":85,"spd":85,"spe":85},"ivs":{"hp":31,"atk":31,"def":31,"spa":31,"spd":31,"spe":31},"item":"Leftovers","level":83,"shiny":false}],"log":["|player|p1|Crystal Webs|236","|player|p2|Emg GL Linket|1","|gametype|singles","|gen|6","|tier|Random Battle","|rated","|rule|Sleep Clause Mod: Limit one foe put to sleep","|rule|HP Percentage Mod: HP is shown in percentages","|","|start","|switch|p1a: Stunfisk|Stunfisk, L83, M|317/317","|switch|p2a: Eelektross|Eelektross, L79, F|264/264","|turn|1","|","|switch|p1a: Beedrill|Beedrill, L77, F|227/227","|move|p2a: Eelektross|Giga Drain|p1a: Beedrill","|-crit|p1a: Beedrill","|-resisted|p1a: Beedrill","|-damage|p1a: Beedrill|205/227","|","|turn|2","|","|switch|p2a: Camerupt|Camerupt, L79, M|240/240","|detailschange|p1a: Beedrill|Beedrill-Mega, L77, F","|-mega|p1a: Beedrill|Beedrill|Beedrillite","|move|p1a: Beedrill|Swords Dance|p1a: Beedrill","|-boost|p1a: Beedrill|atk|2","|","|turn|3","|","|move|p1a: Beedrill|Drill Run|p2a: Camerupt","|-supereffective|p2a: Camerupt","|-damage|p2a: Camerupt|0 fnt","|faint|p2a: Camerupt","|","|","|switch|p2a: Pinsir|Pinsir, L76, M|223/223","|-ability|p2a: Pinsir|Mold Breaker","|turn|4","|","|detailschange|p2a: Pinsir|Pinsir-Mega, L76, M","|-mega|p2a: Pinsir|Pinsir|Pinsirite","|move|p2a: Pinsir|Quick Attack|p1a: Beedrill","|-supereffective|p1a: Beedrill","|-damage|p1a: Beedrill|0 fnt","|faint|p1a: Beedrill","|","|","|switch|p1a: Tornadus|Tornadus, L78, M|251/251","|turn|5","|","|switch|p2a: Walrein|Walrein, L83, F|318/318","|move|p1a: Tornadus|Hurricane|p2a: Walrein","|-damage|p2a: Walrein|145/318","|-damage|p1a: Tornadus|226/251|[from] item: Life Orb","|","|-heal|p2a: Walrein|164/318|[from] item: Leftovers","|turn|6","|","|move|p1a: Tornadus|Superpower|p2a: Walrein","|-supereffective|p2a: Walrein","|-damage|p2a: Walrein|0 fnt","|-unboost|p1a: Tornadus|atk|1","|-unboost|p1a: Tornadus|def|1","|-damage|p1a: Tornadus|201/251|[from] item: Life Orb","|faint|p2a: Walrein","|","|","|switch|p2a: Eelektross|Eelektross, L79, F|264/264","|turn|7","|","|move|p1a: Tornadus|Heat Wave|p2a: Eelektross","|-damage|p2a: Eelektross|167/264","|-damage|p1a: Tornadus|176/251|[from] item: Life Orb","|move|p2a: Eelektross|Thunderbolt|p1a: Tornadus","|-supereffective|p1a: Tornadus","|-damage|p1a: Tornadus|0 fnt","|faint|p1a: Tornadus","|","|","|switch|p1a: Staraptor|Staraptor, L76, M|254/254","|-ability|p1a: Staraptor|Intimidate","|-unboost|p2a: Eelektross|atk|1","|turn|8","|","|move|p1a: Staraptor|Double-Edge|p2a: Eelektross","|-damage|p2a: Eelektross|0 fnt","|-damage|p1a: Staraptor|199/254|[from] recoil|[of] p2a: Eelektross","|-damage|p1a: Staraptor|174/254|[from] item: Life Orb","|faint|p2a: Eelektross","|","|","|switch|p2a: Blastoise|Blastoise, L79, M|254/254","|turn|9","|","|move|p1a: Staraptor|Brave Bird|p2a: Blastoise","|-damage|p2a: Blastoise|105/254","|-damage|p1a: Staraptor|125/254|[from] recoil|[of] p2a: Blastoise","|-damage|p1a: Staraptor|100/254|[from] item: Life Orb","|move|p2a: Blastoise|Ice Beam|p1a: Staraptor","|-supereffective|p1a: Staraptor","|-damage|p1a: Staraptor|0 fnt","|faint|p1a: Staraptor","|","|","|switch|p1a: Stunfisk|Stunfisk, L83, M|317/317","|turn|10","|","|move|p2a: Blastoise|Scald|p1a: Stunfisk","|-supereffective|p1a: Stunfisk","|-damage|p1a: Stunfisk|191/317","|move|p1a: Stunfisk|Discharge|p2a: Blastoise","|-supereffective|p2a: Blastoise","|-damage|p2a: Blastoise|13/254","|","|-heal|p1a: Stunfisk|210/317|[from] item: Leftovers","|turn|11","|","|move|p2a: Blastoise|Scald|p1a: Stunfisk","|-supereffective|p1a: Stunfisk","|-damage|p1a: Stunfisk|22/317","|move|p1a: Stunfisk|Earth Power|p2a: Blastoise","|-damage|p2a: Blastoise|0 fnt","|faint|p2a: Blastoise","|","|-heal|p1a: Stunfisk|41/317|[from] item: Leftovers","|","|switch|p2a: Malamar|Malamar, L81, F|272/272","|turn|12","|","|move|p2a: Malamar|Superpower|p1a: Stunfisk","|-damage|p1a: Stunfisk|0 fnt","|-boost|p2a: Malamar|atk|1","|-boost|p2a: Malamar|def|1","|faint|p1a: Stunfisk","|","|","|switch|p1a: Swampert|Swampert, L77, M|281/281","|turn|13","|","|move|p2a: Malamar|Superpower|p1a: Swampert","|-damage|p1a: Swampert|148/281","|-boost|p2a: Malamar|atk|1","|-boost|p2a: Malamar|def|1","|move|p1a: Swampert|Scald|p2a: Malamar","|-damage|p2a: Malamar|194/272","|","|-heal|p2a: Malamar|211/272|[from] item: Leftovers","|-heal|p1a: Swampert|165/281|[from] item: Leftovers","|turn|14","|","|move|p2a: Malamar|Superpower|p1a: Swampert","|-damage|p1a: Swampert|14/281","|-boost|p2a: Malamar|atk|1","|-boost|p2a: Malamar|def|1","|move|p1a: Swampert|Scald|p2a: Malamar","|-damage|p2a: Malamar|109/272","|","|-heal|p2a: Malamar|126/272|[from] item: Leftovers","|-heal|p1a: Swampert|31/281|[from] item: Leftovers","|turn|15","|","|move|p2a: Malamar|Superpower|p1a: Swampert","|-damage|p1a: Swampert|0 fnt","|-boost|p2a: Malamar|atk|1","|-boost|p2a: Malamar|def|1","|faint|p1a: Swampert","|","|-heal|p2a: Malamar|143/272|[from] item: Leftovers","|","|switch|p1a: Slowking|Slowking, L77, F|273/273","|turn|16","|","|move|p2a: Malamar|Psycho Cut|p1a: Slowking","|-resisted|p1a: Slowking","|-damage|p1a: Slowking|159/273","|move|p1a: Slowking|Nasty Plot|p1a: Slowking","|-boost|p1a: Slowking|spa|2","|","|-heal|p2a: Malamar|160/272|[from] item: Leftovers","|-heal|p1a: Slowking|176/273|[from] item: Leftovers","|turn|17","|","|move|p2a: Malamar|Psycho Cut|p1a: Slowking","|-resisted|p1a: Slowking","|-damage|p1a: Slowking|59/273","|move|p1a: Slowking|Scald|p2a: Malamar","|-damage|p2a: Malamar|0 fnt","|faint|p2a: Malamar","|","|-heal|p1a: Slowking|76/273|[from] item: Leftovers","|","|switch|p2a: Pinsir|Pinsir-Mega, L76, M|223/223","|turn|18","|","|move|p2a: Pinsir|Return|p1a: Slowking","|-damage|p1a: Slowking|0 fnt","|faint|p1a: Slowking","|","|win|Emg GL Linket"],"p1rating":{"entryid":"7517953","serverid":"eos","formatid":"randombattle","userid":"crystalwebs","username":"Crystal Webs","w":"1","l":3,"t":"0","gxe":43.8,"r":"1459.8393856612","rd":"123.40150317887","sigma":"0","rptime":"1439456400","rpr":1451.1475782536,"rprd":107.6476631654,"rpsigma":"0","acre":1022.8334206117,"lacre":1022.8334206117,"oldacre":"1032.4869643243"},"p2rating":{"entryid":"7099396","serverid":"eos","formatid":"randombattle","userid":"emggllinket","username":"Emg GL Linket","w":16,"l":"12","t":"0","gxe":55.3,"r":"1499.6707958821","rd":"66.627449216471","sigma":"0","rptime":"1439456400","rpr":1540.6166553107,"rprd":62.794578072077,"rpsigma":"0","acre":1176.0528184912,"lacre":1176.0528184912,"oldacre":"1159.8262422578"},"endType":"normal"}