{"seed":[6507,33912,32910,15549],"turns":18,"p1":"pablogamepro","p2":"Reds are","p1team":[{"name":"Kyogre","moves":["thunder","scald","waterspout","icebeam"],"ability":"Drizzle","evs":{"hp":85,"atk":85,"def":85,"spa":85,"spd":85,"spe":85},"ivs":{"hp":31,"atk":31,"def":31,"spa":31,"spd":31,"spe":31},"item":"Choice Scarf","level":73,"shiny":false},{"name":"Yanmega","moves":["gigadrain","bugbuzz","uturn","airslash"],"ability":"Speed Boost","evs":{"hp":81,"atk":85,"def":85,"spa":89,"spd":85,"spe":85},"ivs":{"hp":31,"atk":31,"def":31,"spa":31,"spd":31,"spe":31},"item":"Expert Belt","level":78,"shiny":false},{"name":"Reshiram","moves":["blueflare","flamecharge","stoneedge","roost"],"ability":"Turboblaze","evs":{"hp":85,"atk":85,"def":85,"spa":85,"spd":85,"spe":85},"ivs":{"hp":31,"atk":31,"def":31,"spa":31,"spd":31,"spe":31},"item":"Leftovers","level":73,"shiny":false},{"name":"Ferrothorn","moves":["stealthrock","gyroball","powerwhip","spikes"],"ability":"Iron Barbs","evs":{"hp":85,"atk":170,"def":85,"spa":85,"spd":85,"spe":0},"ivs":{"hp":31,"atk":31,"def":31,"spa":31,"spd":31,"spe":0},"item":"Rocky Helmet","level":75,"shiny":false},{"name":"Mew","moves":["nastyplot","batonpass","roost","psyshock"],"ability":"Synchronize","evs":{"hp":85,"atk":85,"def":85,"spa":85,"spd":85,"spe":85},"ivs":{"hp":31,"atk":31,"def":31,"spa":31,"spd":31,"spe":31},"item":"Leftovers","level":75,"shiny":false},{"name":"Donphan","moves":["stoneedge","rapidspin","stealthrock","earthquake"],"ability":"Sturdy","evs":{"hp":85,"atk":85,"def":85,"spa":85,"spd":85,"spe":85},"ivs":{"hp":31,"atk":31,"def":31,"spa":31,"spd":31,"spe":31},"item":"Leftovers","level":77,"shiny":false}],"p2team":[{"name":"Archeops","moves":["earthquake","uturn","rockslide","pluck"],"ability":"Defeatist","evs":{"hp":85,"atk":85,"def":85,"spa":85,"spd":85,"spe":85},"ivs":{"hp":31,"atk":31,"def":31,"spa":31,"spd":31,"spe":31},"item":"Choice Band","level":81,"shiny":false},{"name":"Watchog","moves":["batonpass","hypnosis","return","substitute"],"ability":"Analytic","evs":{"hp":85,"atk":85,"def":85,"spa":85,"spd":85,"spe":85},"ivs":{"hp":31,"atk":31,"def":31,"spa":31,"spd":31,"spe":31},"item":"Leftovers","level":83,"shiny":false},{"name":"Kingler","moves":["xscissor","agility","knockoff","crabhammer"],"ability":"Hyper Cutter","evs":{"hp":85,"atk":85,"def":85,"spa":85,"spd":85,"spe":85},"ivs":{"hp":31,"atk":31,"def":31,"spa":31,"spd":31,"spe":31},"item":"Life Orb","level":83,"shiny":false},{"name":"Virizion","moves":["stoneedge","swordsdance","leafblade","substitute"],"ability":"Justified","evs":{"hp":85,"atk":85,"def":85,"spa":85,"spd":85,"spe":85},"ivs":{"hp":31,"atk":31,"def":31,"spa":31,"spd":31,"spe":31},"item":"Leftovers","level":79,"shiny":false},{"name":"Lanturn","moves":["healbell","thunderwave","voltswitch","scald"],"ability":"Volt Absorb","evs":{"hp":85,"atk":85,"def":85,"spa":85,"spd":85,"spe":85},"ivs":{"hp":31,"atk":31,"def":31,"spa":31,"spd":31,"spe":31},"item":"Air Balloon","level":81,"shiny":false},{"name":"Jynx","moves":["psychic","focusblast","trick","substitute"],"ability":"Dry Skin","evs":{"hp":85,"atk":85,"def":85,"spa":85,"spd":85,"spe":85},"ivs":{"hp":31,"atk":31,"def":31,"spa":31,"spd":31,"spe":31},"item":"Choice Scarf","level":81,"shiny":false}],"log":["|player|p1|pablogamepro|209","|player|p2|Reds are|101","|gametype|singles","|gen|6","|tier|Random Battle","|rated","|rule|Sleep Clause Mod: Limit one foe put to sleep","|rule|HP Percentage Mod: HP is shown in percentages","|","|start","|switch|p1a: Kyogre|Kyogre, L73|266/266","|switch|p2a: Archeops|Archeops, L81, F|254/254","|-weather|RainDance","|turn|1","|","|move|p1a: Kyogre|Water Spout|p2a: Archeops","|-supereffective|p2a: Archeops","|-damage|p2a: Archeops|0 fnt","|faint|p2a: Archeops","|","|-weather|RainDance|[upkeep]","|","|switch|p2a: Lanturn|Lanturn, L81, M|335/335","|-item|p2a: Lanturn|Air Balloon","|turn|2","|","|move|p1a: Kyogre|Water Spout|p2a: Lanturn","|-resisted|p2a: Lanturn","|-damage|p2a: Lanturn|198/335","|-enditem|p2a: Lanturn|Air Balloon","|move|p2a: Lanturn|Volt Switch|p1a: Kyogre","|-supereffective|p1a: Kyogre","|-damage|p1a: Kyogre|170/266","|","|switch|p2a: Virizion|Virizion, L79|273/273","|","|-weather|RainDance|[upkeep]","|turn|3","|","|switch|p1a: Reshiram|Reshiram, L73|266/266","|-ability|p1a: Reshiram|Turboblaze","|move|p2a: Virizion|Leaf Blade|p1a: Reshiram","|-resisted|p1a: Reshiram","|-damage|p1a: Reshiram|245/266","|","|-weather|RainDance|[upkeep]","|-heal|p1a: Reshiram|261/266|[from] item: Leftovers","|turn|4","|","|switch|p2a: Jynx|Jynx, L81, F|238/238","|move|p1a: Reshiram|Blue Flare|p2a: Jynx","|-supereffective|p2a: Jynx","|-damage|p2a: Jynx|92/238","|-status|p2a: Jynx|brn","|","|-weather|RainDance|[upkeep]","|-heal|p2a: Jynx|121/238 brn|[from] ability: Dry Skin","|-heal|p1a: Reshiram|266/266|[from] item: Leftovers","|-damage|p2a: Jynx|92/238 brn|[from] brn","|turn|5","|","|move|p2a: Jynx|Psychic|p1a: Reshiram","|-damage|p1a: Reshiram|176/266","|-unboost|p1a: Reshiram|spd|1","|move|p1a: Reshiram|Blue Flare|p2a: Jynx","|-supereffective|p2a: Jynx","|-damage|p2a: Jynx|0 fnt","|faint|p2a: Jynx","|","|-weather|none","|-heal|p1a: Reshiram|192/266|[from] item: Leftovers","|","|switch|p2a: Watchog|Watchog, L83, M|235/235","|turn|6","|","|move|p2a: Watchog|Hypnosis|p1a: Reshiram|[miss]","|-miss|p2a: Watchog|p1a: Reshiram","|move|p1a: Reshiram|Roost|p1a: Reshiram","|-heal|p1a: Reshiram|266/266","|","|turn|7","|","|move|p2a: Watchog|Hypnosis|p1a: Reshiram","|-status|p1a: Reshiram|slp","|cant|p1a: Reshiram|slp","|","|turn|8","|","|move|p2a: Watchog|Return|p1a: Reshiram","|-damage|p1a: Reshiram|173/266 slp","|cant|p1a: Reshiram|slp","|","|-heal|p1a: Reshiram|189/266 slp|[from] item: Leftovers","|turn|9","|","|move|p2a: Watchog|Return|p1a: Reshiram","|-damage|p1a: Reshiram|89/266 slp","|-curestatus|p1a: Reshiram|slp","|move|p1a: Reshiram|Blue Flare|p2a: Watchog","|-damage|p2a: Watchog|51/235","|","|-heal|p2a: Watchog|65/235|[from] item: Leftovers","|-heal|p1a: Reshiram|105/266|[from] item: Leftovers","|turn|10","|","|move|p2a: Watchog|Return|p1a: Reshiram","|-damage|p1a: Reshiram|0 fnt","|faint|p1a: Reshiram","|","|-heal|p2a: Watchog|79/235|[from] item: Leftovers","|","|switch|p1a: Donphan|Donphan, L77, F|265/265","|turn|11","|","|move|p2a: Watchog|Baton Pass|p2a: Watchog","|","|switch|p2a: Kingler|Kingler, L83, F|227/227","|move|p1a: Donphan|Earthquake|p2a: Kingler","|-damage|p2a: Kingler|133/227","|","|turn|12","|","|switch|p1a: Ferrothorn|Ferrothorn, L75, M|235/235","|move|p2a: Kingler|Crabhammer|p1a: Ferrothorn","|-resisted|p1a: Ferrothorn","|-damage|p1a: Ferrothorn|170/235","|-damage|p2a: Kingler|105/227|[from] ability: Iron Barbs|[of] p1a: Ferrothorn","|-damage|p2a: Kingler|68/227|[from] item: Rocky Helmet|[of] p1a: Ferrothorn","|-damage|p2a: Kingler|46/227|[from] item: Life Orb","|","|turn|13","|","|move|p2a: Kingler|X-Scissor|p1a: Ferrothorn","|-damage|p1a: Ferrothorn|91/235","|-damage|p2a: Kingler|18/227|[from] ability: Iron Barbs|[of] p1a: Ferrothorn","|-damage|p2a: Kingler|0 fnt|[from] item: Rocky Helmet|[of] p1a: Ferrothorn","|faint|p2a: Kingler","|move|p1a: Ferrothorn|Power Whip|p2: Kingler|[notarget]","|-notarget","|","|","|switch|p2a: Lanturn|Lanturn, L81, M|198/335","|turn|14","|","|move|p2a: Lanturn|Scald|p1a: Ferrothorn","|-resisted|p1a: Ferrothorn","|-damage|p1a: Ferrothorn|61/235","|move|p1a: Ferrothorn|Power Whip|p2a: Lanturn","|-supereffective|p2a: Lanturn","|-damage|p2a: Lanturn|0 fnt","|faint|p2a: Lanturn","|","|","|switch|p2a: Virizion|Virizion, L79|273/273","|turn|15","|","|move|p2a: Virizion|Stone Edge|p1a: Ferrothorn","|-crit|p1a: Ferrothorn","|-resisted|p1a: Ferrothorn","|-damage|p1a: Ferrothorn|24/235","|move|p1a: Ferrothorn|Gyro Ball|p2a: Virizion","|-damage|p2a: Virizion|102/273","|","|-heal|p2a: Virizion|119/273|[from] item: Leftovers","|turn|16","|","|move|p2a: Virizion|Leaf Blade|p1a: Ferrothorn","|-resisted|p1a: Ferrothorn","|-damage|p1a: Ferrothorn|7/235","|-damage|p2a: Virizion|85/273|[from] ability: Iron Barbs|[of] p1a: Ferrothorn","|-damage|p2a: Virizion|40/273|[from] item: Rocky Helmet|[of] p1a: Ferrothorn","|move|p1a: Ferrothorn|Gyro Ball|p2a: Virizion","|-damage|p2a: Virizion|0 fnt","|faint|p2a: Virizion","|","|","|switch|p2a: Watchog|Watchog, L83, M|79/235","|turn|17","|","|move|p2a: Watchog|Return|p1a: Ferrothorn","|-resisted|p1a: Ferrothorn","|-damage|p1a: Ferrothorn|0 fnt","|-damage|p2a: Watchog|50/235|[from] ability: Iron Barbs|[of] p1a: Ferrothorn","|-damage|p2a: Watchog|11/235|[from] item: Rocky Helmet|[of] p1a: Ferrothorn","|faint|p1a: Ferrothorn","|","|-heal|p2a: Watchog|25/235|[from] item: Leftovers","|","|switch|p1a: Yanmega|Yanmega, L78, F|261/261","|turn|18","|","|move|p1a: Yanmega|Air Slash|p2a: Watchog","|-damage|p2a: Watchog|0 fnt","|faint|p2a: Watchog","|","|win|pablogamepro"],"p1rating":{"entryid":7615374,"formatid":"randombattle","userid":"pablogamepro","username":"pablogamepro","r":1500,"rd":130,"sigma":0,"rpr":1540.1606143388,"rprd":122.8583080769,"rpsigma":0,"rptime":1439456400,"w":1,"l":0,"t":0,"gxe":55,"acre":1045.3398776986,"lacre":1045.3398776986,"oldacre":1000},"p2rating":{"entryid":"7615195","serverid":"eos","formatid":"randombattle","userid":"redsare","username":"Reds are","w":"1","l":1,"t":"0","gxe":50.6,"r":"1500","rd":"130","sigma":"0","rptime":"1439456400","rpr":1504.9905559427,"rprd":116.7864182241,"rpsigma":"0","acre":1027.391769629,"lacre":1027.391769629,"oldacre":"1046.6601013933"},"endType":"normal"}