{"seed":[38788,11236,1955,9728],"turns":20,"p1":"V Brickbreaker","p2":"Reds are","p1team":[{"name":"Cherrim","moves":["hiddenpowerice","weatherball","energyball","sunnyday"],"ability":"Flower Gift","evs":{"hp":85,"atk":85,"def":85,"spa":85,"spd":85,"spe":85},"ivs":{"hp":31,"atk":30,"def":30,"spa":31,"spd":31,"spe":31},"item":"Heat Rock","level":83,"shiny":false},{"name":"Staraptor","moves":["roost","doubleedge","quickattack","bravebird"],"ability":"Intimidate","evs":{"hp":85,"atk":85,"def":85,"spa":85,"spd":85,"spe":85},"ivs":{"hp":31,"atk":31,"def":31,"spa":31,"spd":31,"spe":31},"item":"Life Orb","level":76,"shiny":false},{"name":"Heracross","moves":["substitute","rockblast","swordsdance","pinmissile"],"ability":"Moxie","evs":{"hp":85,"atk":85,"def":85,"spa":85,"spd":85,"spe":85},"ivs":{"hp":31,"atk":31,"def":31,"spa":31,"spd":31,"spe":31},"item":"Heracronite","level":76,"shiny":false},{"name":"Spiritomb","moves":["calmmind","sleeptalk","rest","darkpulse"],"ability":"Infiltrator","evs":{"hp":85,"atk":85,"def":85,"spa":85,"spd":85,"spe":85},"ivs":{"hp":31,"atk":31,"def":31,"spa":31,"spd":31,"spe":31},"item":"Leftovers","level":79,"shiny":false},{"name":"Luvdisc","moves":["scald","protect","icebeam","sweetkiss"],"ability":"Hydration","evs":{"hp":85,"atk":85,"def":85,"spa":85,"spd":85,"spe":85},"ivs":{"hp":31,"atk":31,"def":31,"spa":31,"spd":31,"spe":31},"item":"Leftovers","level":83,"shiny":false},{"name":"Raikou","moves":["calmmind","aurasphere","thunderbolt","substitute"],"ability":"Volt Absorb","evs":{"hp":85,"atk":85,"def":85,"spa":85,"spd":85,"spe":85},"ivs":{"hp":31,"atk":31,"def":31,"spa":31,"spd":31,"spe":31},"item":"Leftovers","level":75,"shiny":false}],"p2team":[{"name":"Gallade","moves":["closecombat","substitute","knockoff","zenheadbutt"],"ability":"Justified","evs":{"hp":85,"atk":85,"def":85,"spa":85,"spd":85,"spe":85},"ivs":{"hp":31,"atk":31,"def":31,"spa":31,"spd":31,"spe":31},"item":"Galladite","level":76,"shiny":false},{"name":"Dragalge","moves":["dracometeor","focusblast","scald","toxicspikes"],"ability":"Adaptability","evs":{"hp":85,"atk":85,"def":85,"spa":85,"spd":85,"spe":85},"ivs":{"hp":31,"atk":31,"def":31,"spa":31,"spd":31,"spe":31},"item":"Life Orb","level":77,"shiny":false},{"name":"Arceus-Fairy","moves":["calmmind","willowisp","thunderbolt","judgment"],"ability":"Multitype","evs":{"hp":85,"atk":85,"def":85,"spa":85,"spd":85,"spe":85},"ivs":{"hp":31,"atk":31,"def":31,"spa":31,"spd":31,"spe":31},"item":"Pixie Plate","level":73,"shiny":false},{"name":"Basculin-Blue-Striped","moves":["aquajet","zenheadbutt","waterfall","crunch"],"ability":"Mold Breaker","evs":{"hp":85,"atk":85,"def":85,"spa":85,"spd":85,"spe":85},"ivs":{"hp":31,"atk":31,"def":31,"spa":31,"spd":31,"spe":31},"item":"Choice Band","level":83,"shiny":false},{"name":"Poliwrath","moves":["raindance","scald","focusblast","rest"],"ability":"Swift Swim","evs":{"hp":85,"atk":85,"def":85,"spa":85,"spd":85,"spe":85},"ivs":{"hp":31,"atk":31,"def":31,"spa":31,"spd":31,"spe":31},"item":"Chesto Berry","level":81,"shiny":false},{"name":"Pyroar","moves":["fireblast","sunnyday","solarbeam","hypervoice"],"ability":"Unnerve","evs":{"hp":81,"atk":85,"def":85,"spa":89,"spd":85,"spe":85},"ivs":{"hp":31,"atk":31,"def":31,"spa":31,"spd":31,"spe":31},"item":"Heat Rock","level":81,"shiny":false}],"log":["|player|p1|V Brickbreaker|220","|player|p2|Reds are|101","|gametype|singles","|gen|6","|tier|Random Battle","|rated","|rule|Sleep Clause Mod: Limit one foe put to sleep","|rule|HP Percentage Mod: HP is shown in percentages","|","|start","|switch|p1a: Cherrim|Cherrim, L83, M|252/252","|switch|p2a: Gallade|Gallade, L76, M|228/228","|turn|1","|","|switch|p2a: Pyroar|Pyroar, L81, F|271/271","|-ability|p2a: Pyroar|Unnerve|p1: V Brickbreaker","|move|p1a: Cherrim|Sunny Day|p1a: Cherrim","|-weather|SunnyDay","|-formechange|p1a: Cherrim|Cherrim-Sunshine|[msg]","|","|-weather|SunnyDay|[upkeep]","|turn|2","|","|switch|p1a: Raikou|Raikou, L75|259/259","|move|p2a: Pyroar|Fire Blast|p1a: Raikou|[miss]","|-miss|p2a: Pyroar|p1a: Raikou","|","|-weather|SunnyDay|[upkeep]","|turn|3","|","|switch|p2a: Dragalge|Dragalge, L77, M|227/227","|move|p1a: Raikou|Calm Mind|p1a: Raikou","|-boost|p1a: Raikou|spa|1","|-boost|p1a: Raikou|spd|1","|","|-weather|SunnyDay|[upkeep]","|turn|4","|","|move|p1a: Raikou|Thunderbolt|p2a: Dragalge","|-resisted|p2a: Dragalge","|-damage|p2a: Dragalge|175/227","|move|p2a: Dragalge|Draco Meteor|p1a: Raikou","|-damage|p1a: Raikou|111/259","|-unboost|p2a: Dragalge|spa|2","|-damage|p2a: Dragalge|153/227|[from] item: Life Orb","|","|-weather|SunnyDay|[upkeep]","|-heal|p1a: Raikou|127/259|[from] item: Leftovers","|turn|5","|","|move|p1a: Raikou|Calm Mind|p1a: Raikou","|-boost|p1a: Raikou|spa|1","|-boost|p1a: Raikou|spd|1","|move|p2a: Dragalge|Toxic Spikes|p1a: Raikou","|-sidestart|p1: V Brickbreaker|move: Toxic Spikes","|","|-weather|SunnyDay|[upkeep]","|-heal|p1a: Raikou|143/259|[from] item: Leftovers","|turn|6","|","|move|p1a: Raikou|Thunderbolt|p2a: Dragalge","|-resisted|p2a: Dragalge","|-damage|p2a: Dragalge|78/227","|move|p2a: Dragalge|Toxic Spikes|p1a: Raikou","|-sidestart|p1: V Brickbreaker|move: Toxic Spikes","|","|-weather|SunnyDay|[upkeep]","|-heal|p1a: Raikou|159/259|[from] item: Leftovers","|turn|7","|","|move|p1a: Raikou|Thunderbolt|p2a: Dragalge","|-resisted|p2a: Dragalge","|-damage|p2a: Dragalge|3/227","|move|p2a: Dragalge|Draco Meteor|p1a: Raikou","|-damage|p1a: Raikou|107/259","|-unboost|p2a: Dragalge|spa|2","|-damage|p2a: Dragalge|0 fnt|[from] item: Life Orb","|faint|p2a: Dragalge","|","|-weather|SunnyDay|[upkeep]","|-heal|p1a: Raikou|123/259|[from] item: Leftovers","|","|switch|p2a: Gallade|Gallade, L76, M|228/228","|turn|8","|","|detailschange|p2a: Gallade|Gallade-Mega, L76, M","|-mega|p2a: Gallade|Gallade|Galladite","|move|p1a: Raikou|Thunderbolt|p2a: Gallade","|-damage|p2a: Gallade|78/228","|move|p2a: Gallade|Close Combat|p1a: Raikou","|-damage|p1a: Raikou|0 fnt","|-unboost|p2a: Gallade|def|1","|-unboost|p2a: Gallade|spd|1","|faint|p1a: Raikou","|","|-weather|none","|","|switch|p1a: Staraptor|Staraptor, L76, F|254/254","|-ability|p1a: Staraptor|Intimidate","|-unboost|p2a: Gallade|atk|1","|turn|9","|","|switch|p2a: Pyroar|Pyroar, L81, F|271/271","|-ability|p2a: Pyroar|Unnerve|p1: V Brickbreaker","|move|p1a: Staraptor|Quick Attack|p2a: Pyroar","|-damage|p2a: Pyroar|203/271","|-damage|p1a: Staraptor|229/254|[from] item: Life Orb","|","|turn|10","|","|move|p2a: Pyroar|Fire Blast|p1a: Staraptor|[miss]","|-miss|p2a: Pyroar|p1a: Staraptor","|move|p1a: Staraptor|Double-Edge|p2a: Pyroar","|-damage|p2a: Pyroar|11/271","|-damage|p1a: Staraptor|166/254|[from] recoil|[of] p2a: Pyroar","|-damage|p1a: Staraptor|141/254|[from] item: Life Orb","|","|turn|11","|","|move|p1a: Staraptor|Quick Attack|p2a: Pyroar","|-crit|p2a: Pyroar","|-damage|p2a: Pyroar|0 fnt","|-damage|p1a: Staraptor|116/254|[from] item: Life Orb","|faint|p2a: Pyroar","|","|","|switch|p2a: Poliwrath|Poliwrath, L81, M|278/278","|turn|12","|","|move|p1a: Staraptor|Brave Bird|p2a: Poliwrath","|-supereffective|p2a: Poliwrath","|-damage|p2a: Poliwrath|0 fnt","|-damage|p1a: Staraptor|24/254|[from] recoil|[of] p2a: Poliwrath","|-damage|p1a: Staraptor|0 fnt|[from] item: Life Orb","|faint|p2a: Poliwrath","|faint|p1a: Staraptor","|","|","|switch|p2a: Arceus-Fairy|Arceus-Fairy, L73|296/296","|switch|p1a: Heracross|Heracross, L76, F|247/247","|-status|p1a: Heracross|tox","|turn|13","|","|detailschange|p1a: Heracross|Heracross-Mega, L76, F","|-mega|p1a: Heracross|Heracross|Heracronite","|move|p2a: Arceus-Fairy|Judgment|p1a: Heracross","|-supereffective|p1a: Heracross","|-damage|p1a: Heracross|5/247 tox","|move|p1a: Heracross|Rock Blast|p2a: Arceus-Fairy","|-damage|p2a: Arceus-Fairy|275/296","|-damage|p2a: Arceus-Fairy|254/296","|-damage|p2a: Arceus-Fairy|229/296","|-damage|p2a: Arceus-Fairy|205/296","|-damage|p2a: Arceus-Fairy|181/296","|-hitcount|p2a: Arceus-Fairy|5","|","|-damage|p1a: Heracross|0 fnt|[from] psn","|faint|p1a: Heracross","|","|switch|p1a: Spiritomb|Spiritomb, L79, M|209/209","|-status|p1a: Spiritomb|tox","|turn|14","|","|move|p2a: Arceus-Fairy|Judgment|p1a: Spiritomb","|-supereffective|p1a: Spiritomb","|-damage|p1a: Spiritomb|0 fnt","|faint|p1a: Spiritomb","|","|","|switch|p1a: Luvdisc|Luvdisc, L83, M|207/207","|-status|p1a: Luvdisc|tox","|turn|15","|","|move|p2a: Arceus-Fairy|Thunderbolt|p1a: Luvdisc","|-supereffective|p1a: Luvdisc","|-damage|p1a: Luvdisc|51/207 tox","|move|p1a: Luvdisc|Sweet Kiss|p2a: Arceus-Fairy","|-start|p2a: Arceus-Fairy|confusion","|","|-heal|p1a: Luvdisc|63/207 tox|[from] item: Leftovers","|-damage|p1a: Luvdisc|51/207 tox|[from] psn","|turn|16","|","|switch|p2a: Basculin-Blue-Stripe|Basculin-Blue-Striped, L83, M|252/252","|-ability|p2a: Basculin-Blue-Stripe|Mold Breaker","|move|p1a: Luvdisc|Scald|p2a: Basculin-Blue-Stripe","|-resisted|p2a: Basculin-Blue-Stripe","|-damage|p2a: Basculin-Blue-Stripe|222/252","|","|-heal|p1a: Luvdisc|63/207 tox|[from] item: Leftovers","|-damage|p1a: Luvdisc|39/207 tox|[from] psn","|turn|17","|","|move|p2a: Basculin-Blue-Stripe|Aqua Jet|p1a: Luvdisc","|-resisted|p1a: Luvdisc","|-damage|p1a: Luvdisc|0 fnt","|faint|p1a: Luvdisc","|","|","|switch|p1a: Cherrim|Cherrim, L83, M|252/252","|-status|p1a: Cherrim|tox","|turn|18","|","|move|p2a: Basculin-Blue-Stripe|Aqua Jet|p1a: Cherrim","|-resisted|p1a: Cherrim","|-damage|p1a: Cherrim|216/252 tox","|move|p1a: Cherrim|Energy Ball|p2a: Basculin-Blue-Stripe","|-supereffective|p2a: Basculin-Blue-Stripe","|-damage|p2a: Basculin-Blue-Stripe|0 fnt","|faint|p2a: Basculin-Blue-Stripe","|","|-damage|p1a: Cherrim|201/252 tox|[from] psn","|","|switch|p2a: Gallade|Gallade-Mega, L76, M|78/228","|turn|19","|","|move|p2a: Gallade|Zen Headbutt|p1a: Cherrim","|-damage|p1a: Cherrim|69/252 tox","|move|p1a: Cherrim|Energy Ball|p2a: Gallade","|-damage|p2a: Gallade|3/228","|","|-damage|p1a: Cherrim|39/252 tox|[from] psn","|turn|20","|","|move|p2a: Gallade|Knock Off|p1a: Cherrim","|-damage|p1a: Cherrim|0 fnt","|-enditem|p1a: Cherrim|Heat Rock|[from] move: Knock Off|[of] p2a: Gallade","|faint|p1a: Cherrim","|","|win|Reds are"],"p1rating":{"entryid":"7571416","serverid":"eos","formatid":"randombattle","userid":"vbrickbreaker","username":"V Brickbreaker","w":"1","l":1,"t":"0","gxe":50.9,"r":"1548.3562382172","rd":"123.0824098358","sigma":"0","rptime":"1439456400","rpr":1507.2298347007,"rprd":117.06278983927,"rpsigma":"0","acre":1036.5102754092,"lacre":1036.5102754092,"oldacre":"1058.3925613889"},"p2rating":{"entryid":7615195,"formatid":"randombattle","userid":"redsare","username":"Reds are","r":1500,"rd":130,"sigma":0,"rpr":1545.6912819252,"rprd":122.86864761055,"rpsigma":0,"rptime":1439456400,"w":1,"l":0,"t":0,"gxe":55.7,"acre":1046.6601013933,"lacre":1046.6601013933,"oldacre":1000},"endType":"normal"}