{"seed":[62262,16667,27659,3922],"turns":19,"p1":"Blasmery","p2":"Crystal Webs","p1team":[{"name":"Furret","moves":["uturn","doubleedge","aquatail","firepunch"],"ability":"Frisk","evs":{"hp":85,"atk":85,"def":85,"spa":85,"spd":85,"spe":85},"ivs":{"hp":31,"atk":31,"def":31,"spa":31,"spd":31,"spe":31},"item":"Choice Band","level":83,"shiny":false},{"name":"Meloetta","moves":["closecombat","return","relicsong","knockoff"],"ability":"Serene Grace","evs":{"hp":85,"atk":85,"def":85,"spa":85,"spd":85,"spe":85},"ivs":{"hp":31,"atk":31,"def":31,"spa":31,"spd":31,"spe":31},"item":"Life Orb","level":79,"shiny":false},{"name":"Aromatisse","moves":["moonblast","reflect","lightscreen","wish"],"ability":"Aroma Veil","evs":{"hp":85,"atk":85,"def":85,"spa":85,"spd":85,"spe":85},"ivs":{"hp":31,"atk":31,"def":31,"spa":31,"spd":31,"spe":31},"item":"Light Clay","level":79,"shiny":false},{"name":"Golurk","moves":["earthquake","icepunch","rockpolish","dynamicpunch"],"ability":"No Guard","evs":{"hp":85,"atk":85,"def":85,"spa":85,"spd":85,"spe":85},"ivs":{"hp":31,"atk":31,"def":31,"spa":31,"spd":31,"spe":31},"item":"Life Orb","level":81,"shiny":false},{"name":"Wailord","moves":["waterspout","icebeam","hiddenpowergrass","hydropump"],"ability":"Water Veil","evs":{"hp":85,"atk":85,"def":85,"spa":85,"spd":85,"spe":85},"ivs":{"hp":31,"atk":30,"def":31,"spa":30,"spd":31,"spe":31},"item":"Choice Specs","level":83,"shiny":false},{"name":"Seismitoad","moves":["knockoff","sludgewave","scald","toxic"],"ability":"Water Absorb","evs":{"hp":85,"atk":85,"def":85,"spa":85,"spd":85,"spe":85},"ivs":{"hp":31,"atk":31,"def":31,"spa":31,"spd":31,"spe":31},"item":"Life Orb","level":79,"shiny":false}],"p2team":[{"name":"Pachirisu","moves":["uturn","toxic","nuzzle","thunderbolt"],"ability":"Volt Absorb","evs":{"hp":85,"atk":85,"def":85,"spa":85,"spd":85,"spe":85},"ivs":{"hp":31,"atk":31,"def":31,"spa":31,"spd":31,"spe":31},"item":"Life Orb","level":83,"shiny":false},{"name":"Hoopa","moves":["psyshock","shadowball","trick","focusblast"],"ability":"Magician","evs":{"hp":85,"atk":85,"def":85,"spa":85,"spd":85,"spe":85},"ivs":{"hp":31,"atk":31,"def":31,"spa":31,"spd":31,"spe":31},"item":"Choice Scarf","level":75,"shiny":false},{"name":"Rotom-Fan","moves":["trick","voltswitch","thunderbolt","willowisp"],"ability":"Levitate","evs":{"hp":85,"atk":85,"def":85,"spa":85,"spd":85,"spe":85},"ivs":{"hp":31,"atk":31,"def":31,"spa":31,"spd":31,"spe":31},"item":"Air Balloon","level":81,"shiny":false},{"name":"Florges","moves":["protect","moonblast","wish","toxic"],"ability":"Symbiosis","evs":{"hp":85,"atk":85,"def":85,"spa":85,"spd":85,"spe":85},"ivs":{"hp":31,"atk":31,"def":31,"spa":31,"spd":31,"spe":31},"item":"Leftovers","level":77,"shiny":false},{"name":"Ludicolo","moves":["gigadrain","scald","raindance","focusblast"],"ability":"Swift Swim","evs":{"hp":85,"atk":85,"def":85,"spa":85,"spd":85,"spe":85},"ivs":{"hp":31,"atk":31,"def":31,"spa":31,"spd":31,"spe":31},"item":"Damp Rock","level":81,"shiny":false},{"name":"Tornadus","moves":["heatwave","uturn","taunt","acrobatics"],"ability":"Prankster","evs":{"hp":85,"atk":85,"def":85,"spa":85,"spd":85,"spe":85},"ivs":{"hp":31,"atk":31,"def":31,"spa":31,"spd":31,"spe":31},"item":"Flying Gem","level":78,"shiny":false}],"log":["|player|p1|Blasmery|34","|player|p2|Crystal Webs|236","|gametype|singles","|gen|6","|tier|Random Battle","|rated","|rule|Sleep Clause Mod: Limit one foe put to sleep","|rule|HP Percentage Mod: HP is shown in percentages","|","|start","|switch|p1a: Furret|Furret, L83, F|277/277","|switch|p2a: Pachirisu|Pachirisu, L83, F|235/235","|-item|p2a: Pachirisu|Life Orb|[from] ability: Frisk|[of] p1a: Furret|[identify]","|turn|1","|","|move|p2a: Pachirisu|Nuzzle|p1a: Furret","|-damage|p1a: Furret|252/277","|-status|p1a: Furret|par","|-damage|p2a: Pachirisu|212/235|[from] item: Life Orb","|move|p1a: Furret|U-turn|p2a: Pachirisu","|-damage|p2a: Pachirisu|145/235","|","|switch|p1a: Seismitoad|Seismitoad, L79, M|295/295","|","|turn|2","|","|move|p2a: Pachirisu|U-turn|p1a: Seismitoad","|-damage|p1a: Seismitoad|250/295","|-damage|p2a: Pachirisu|122/235|[from] item: Life Orb","|","|switch|p2a: Ludicolo|Ludicolo, L81, M|262/262","|move|p1a: Seismitoad|Sludge Wave|p2a: Ludicolo","|-supereffective|p2a: Ludicolo","|-damage|p2a: Ludicolo|137/262","|-damage|p1a: Seismitoad|221/295|[from] item: Life Orb","|","|turn|3","|","|move|p1a: Seismitoad|Knock Off|p2a: Ludicolo","|-crit|p2a: Ludicolo","|-damage|p2a: Ludicolo|0 fnt","|-enditem|p2a: Ludicolo|Damp Rock|[from] move: Knock Off|[of] p1a: Seismitoad","|-damage|p1a: Seismitoad|192/295|[from] item: Life Orb","|faint|p2a: Ludicolo","|","|","|switch|p2a: Tornadus|Tornadus, L78, M|251/251","|turn|4","|","|move|p2a: Tornadus|Acrobatics|p1a: Seismitoad","|-enditem|p2a: Tornadus|Flying Gem|[from] gem|[move] Acrobatics","|-damage|p1a: Seismitoad|2/295","|move|p1a: Seismitoad|Knock Off|p2a: Tornadus","|-damage|p2a: Tornadus|180/251","|-damage|p1a: Seismitoad|0 fnt|[from] item: Life Orb","|faint|p1a: Seismitoad","|","|","|switch|p1a: Wailord|Wailord, L83, F|418/418","|turn|5","|","|move|p2a: Tornadus|Acrobatics|p1a: Wailord","|-damage|p1a: Wailord|225/418","|move|p1a: Wailord|Ice Beam|p2a: Tornadus","|-supereffective|p2a: Tornadus","|-damage|p2a: Tornadus|0 fnt","|faint|p2a: Tornadus","|","|","|switch|p2a: Pachirisu|Pachirisu, L83, F|122/235","|turn|6","|","|move|p2a: Pachirisu|Thunderbolt|p1a: Wailord","|-supereffective|p1a: Wailord","|-damage|p1a: Wailord|0 fnt","|-damage|p2a: Pachirisu|99/235|[from] item: Life Orb","|faint|p1a: Wailord","|","|","|switch|p1a: Golurk|Golurk, L81|277/277","|turn|7","|","|move|p2a: Pachirisu|U-turn|p1a: Golurk","|-resisted|p1a: Golurk","|-damage|p1a: Golurk|258/277","|-damage|p2a: Pachirisu|76/235|[from] item: Life Orb","|","|switch|p2a: Rotom-Fan|Rotom-Fan, L81|214/214","|-item|p2a: Rotom-Fan|Air Balloon","|move|p1a: Golurk|Earthquake|p2a: Rotom-Fan","|-immune|p2a: Rotom-Fan|[msg]","|","|turn|8","|","|move|p2a: Rotom-Fan|Trick|p1a: Golurk","|-activate|p2a: Rotom-Fan|move: Trick|[of] p1a: Golurk","|-item|p1a: Golurk|Air Balloon","|-item|p1a: Golurk|Air Balloon|[from] move: Trick","|-item|p2a: Rotom-Fan|Life Orb|[from] move: Trick","|move|p1a: Golurk|Ice Punch|p2a: Rotom-Fan","|-supereffective|p2a: Rotom-Fan","|-damage|p2a: Rotom-Fan|106/214","|","|turn|9","|","|move|p2a: Rotom-Fan|Will-O-Wisp|p1a: Golurk","|-status|p1a: Golurk|brn","|move|p1a: Golurk|Ice Punch|p2a: Rotom-Fan","|-supereffective|p2a: Rotom-Fan","|-damage|p2a: Rotom-Fan|52/214","|","|-damage|p1a: Golurk|224/277 brn|[from] brn","|turn|10","|","|move|p2a: Rotom-Fan|Trick|p1a: Golurk","|-activate|p2a: Rotom-Fan|move: Trick|[of] p1a: Golurk","|-item|p1a: Golurk|Life Orb|[from] move: Trick","|-item|p2a: Rotom-Fan|Air Balloon","|-item|p2a: Rotom-Fan|Air Balloon|[from] move: Trick","|move|p1a: Golurk|Ice Punch|p2a: Rotom-Fan","|-supereffective|p2a: Rotom-Fan","|-damage|p2a: Rotom-Fan|0 fnt","|-enditem|p2a: Rotom-Fan|Air Balloon","|-damage|p1a: Golurk|197/277 brn|[from] item: Life Orb","|faint|p2a: Rotom-Fan","|","|-damage|p1a: Golurk|163/277 brn|[from] brn","|","|switch|p2a: Florges|Florges, L77, F|247/247","|turn|11","|","|move|p2a: Florges|Moonblast|p1a: Golurk","|-damage|p1a: Golurk|67/277 brn","|move|p1a: Golurk|Earthquake|p2a: Florges","|-damage|p2a: Florges|150/247","|-damage|p1a: Golurk|40/277 brn|[from] item: Life Orb","|","|-heal|p2a: Florges|165/247|[from] item: Leftovers","|-damage|p1a: Golurk|6/277 brn|[from] brn","|turn|12","|","|move|p2a: Florges|Wish|p2a: Florges","|move|p1a: Golurk|Ice Punch|p2a: Florges","|-damage|p2a: Florges|118/247","|-damage|p1a: Golurk|0 fnt|[from] item: Life Orb","|faint|p1a: Golurk","|","|-heal|p2a: Florges|133/247|[from] item: Leftovers","|","|switch|p1a: Aromatisse|Aromatisse, L79, M|289/289","|turn|13","|","|move|p2a: Florges|Toxic|p1a: Aromatisse","|-status|p1a: Aromatisse|tox","|move|p1a: Aromatisse|Light Screen|p1a: Aromatisse","|-sidestart|p1: Blasmery|move: Light Screen","|","|-heal|p2a: Florges|247/247|[from] move: Wish|[wisher] Florges","|-damage|p1a: Aromatisse|271/289 tox|[from] psn","|turn|14","|","|move|p2a: Florges|Moonblast|p1a: Aromatisse","|-damage|p1a: Aromatisse|217/289 tox","|move|p1a: Aromatisse|Moonblast|p2a: Florges","|-damage|p2a: Florges|186/247","|","|-heal|p2a: Florges|201/247|[from] item: Leftovers","|-damage|p1a: Aromatisse|181/289 tox|[from] psn","|turn|15","|","|move|p2a: Florges|Moonblast|p1a: Aromatisse","|-damage|p1a: Aromatisse|134/289 tox","|move|p1a: Aromatisse|Moonblast|p2a: Florges","|-crit|p2a: Florges","|-damage|p2a: Florges|113/247","|","|-heal|p2a: Florges|128/247|[from] item: Leftovers","|-damage|p1a: Aromatisse|80/289 tox|[from] psn","|turn|16","|","|move|p2a: Florges|Wish|p2a: Florges","|move|p1a: Aromatisse|Moonblast|p2a: Florges","|-damage|p2a: Florges|70/247","|-unboost|p2a: Florges|spa|1","|","|-heal|p2a: Florges|85/247|[from] item: Leftovers","|-damage|p1a: Aromatisse|8/289 tox|[from] psn","|turn|17","|","|move|p2a: Florges|Moonblast|p1a: Aromatisse","|-damage|p1a: Aromatisse|0 fnt","|faint|p1a: Aromatisse","|","|-heal|p2a: Florges|208/247|[from] move: Wish|[wisher] Florges","|-heal|p2a: Florges|223/247|[from] item: Leftovers","|","|switch|p1a: Furret|Furret, L83, F|252/277 par","|-item|p2a: Florges|Leftovers|[from] ability: Frisk|[of] p1a: Furret|[identify]","|turn|18","|","|move|p2a: Florges|Toxic|p1a: Furret","|-fail|p1a: Furret","|cant|p1a: Furret|par","|","|-heal|p2a: Florges|238/247|[from] item: Leftovers","|turn|19","|player|p1","|","|win|Crystal Webs"],"p1rating":{"entryid":"7539355","serverid":"eos","formatid":"randombattle","userid":"blasmery","username":"Blasmery","w":"8","l":3,"t":"0","gxe":62.6,"r":"1654.769514576","rd":"90.455644001616","sigma":"0","rptime":"1439456400","rpr":1599.6617482638,"rprd":86.315656317845,"rpsigma":"0","acre":1085.8463964023,"lacre":1085.8463964023,"oldacre":"1119.0954139881"},"p2rating":{"entryid":"7517953","serverid":"eos","formatid":"randombattle","userid":"crystalwebs","username":"Crystal Webs","w":1,"l":"1","t":"0","gxe":52.2,"r":1459.8393856612,"rd":123.40150317887,"sigma":"0","rptime":1439456400,"rpr":1517.6121594831,"rprd":118.2903221044,"rpsigma":"0","acre":1053.1984281373,"lacre":1053.1984281373,"oldacre":"1000"},"endType":"forfeit"}