{"seed":[10788,10159,40463,6079],"turns":39,"p1":"Logic","p2":"Kаmina","p1team":[{"name":"Manaphy","species":"Manaphy","item":"leftovers","ability":"Hydration","moves":["calmmind","raindance","rest","scald"],"nature":"Bold","evs":{"hp":240,"atk":0,"def":148,"spa":0,"spd":0,"spe":120},"ivs":{"hp":31,"atk":0,"def":31,"spa":31,"spd":31,"spe":31}},{"name":"Manectric","species":"Manectric","item":"manectite","ability":"Static","moves":["thunderbolt","hiddenpowerice","flamethrower","voltswitch"],"nature":"Timid","evs":{"hp":0,"atk":0,"def":0,"spa":252,"spd":4,"spe":252},"ivs":{"hp":31,"atk":30,"def":30,"spa":31,"spd":31,"spe":31}},{"name":"Latios","species":"Latios","item":"lifeorb","ability":"Levitate","moves":["dracometeor","psyshock","recover","defog"],"nature":"Timid","evs":{"hp":0,"atk":0,"def":0,"spa":252,"spd":4,"spe":252},"ivs":{"hp":29,"atk":0,"def":31,"spa":31,"spd":31,"spe":31}},{"name":"Ferrothorn","species":"Ferrothorn","item":"leftovers","ability":"Iron Barbs","moves":["stealthrock","leechseed","powerwhip","gyroball"],"nature":"Relaxed","evs":{"hp":252,"atk":0,"def":148,"spa":0,"spd":108,"spe":0},"ivs":{"hp":31,"atk":31,"def":31,"spa":31,"spd":31,"spe":0}},{"name":"Landorus-Therian","species":"Landorus-Therian","item":"leftovers","ability":"Intimidate","moves":["rockpolish","swordsdance","stoneedge","earthquake"],"nature":"Adamant","evs":{"hp":168,"atk":84,"def":0,"spa":0,"spd":24,"spe":232},"ivs":{"hp":31,"atk":31,"def":31,"spa":31,"spd":31,"spe":31}},{"name":"Clefable","species":"Clefable","item":"leftovers","ability":"Magic Guard","moves":["thunderwave","calmmind","moonblast","softboiled"],"nature":"Sassy","evs":{"hp":252,"atk":0,"def":188,"spa":0,"spd":68,"spe":0},"gender":"F","ivs":{"hp":31,"atk":31,"def":31,"spa":31,"spd":31,"spe":16}}],"p2team":[{"name":"Medicham","species":"Medicham","item":"medichamite","ability":"Pure Power","moves":["highjumpkick","fakeout","zenheadbutt","bulletpunch"],"nature":"Adamant","evs":{"hp":16,"atk":240,"def":0,"spa":0,"spd":0,"spe":252},"gender":"F","ivs":{"hp":31,"atk":31,"def":31,"spa":31,"spd":31,"spe":31}},{"name":"Latias","species":"Latias","item":"lifeorb","ability":"Levitate","moves":["dracometeor","defog","psyshock","roost"],"nature":"Timid","evs":{"hp":72,"atk":0,"def":0,"spa":184,"spd":0,"spe":252},"ivs":{"hp":31,"atk":0,"def":31,"spa":31,"spd":31,"spe":31}},{"name":"Suicune","species":"Suicune","item":"leftovers","ability":"Pressure","moves":["scald","calmmind","rest","sleeptalk"],"nature":"Bold","evs":{"hp":252,"atk":0,"def":240,"spa":0,"spd":16,"spe":0},"ivs":{"hp":31,"atk":0,"def":31,"spa":31,"spd":31,"spe":31}},{"name":"Klefki","species":"Klefki","item":"leftovers","ability":"Prankster","moves":["dazzlinggleam","spikes","magnetrise","thunderwave"],"nature":"Calm","evs":{"hp":252,"atk":0,"def":44,"spa":0,"spd":212,"spe":0},"gender":"F","ivs":{"hp":31,"atk":0,"def":31,"spa":31,"spd":31,"spe":31}},{"name":"Gliscor","species":"Gliscor","item":"toxicorb","ability":"Poison Heal","moves":["knockoff","swordsdance","earthquake","roost"],"nature":"Careful","evs":{"hp":244,"atk":0,"def":28,"spa":0,"spd":160,"spe":76},"gender":"M","shiny":true,"ivs":{"hp":31,"atk":31,"def":31,"spa":31,"spd":31,"spe":31}},{"name":"Heatran","species":"Heatran","item":"leftovers","ability":"Flash Fire","moves":["stealthrock","stoneedge","lavaplume","taunt"],"nature":"Calm","evs":{"hp":248,"atk":0,"def":0,"spa":0,"spd":176,"spe":84},"gender":"M","ivs":{"hp":31,"atk":31,"def":31,"spa":31,"spd":31,"spe":31}}],"log":["|player|p1|Logic|logic.gif","|player|p2|Kаmina|3","|gametype|singles","|gen|6","|tier|OU","|rated","|clearpoke","|poke|p1|Manaphy","|poke|p1|Manectric, M","|poke|p1|Latios, M","|poke|p1|Ferrothorn, M","|poke|p1|Landorus-Therian, M","|poke|p1|Clefable, F","|poke|p2|Medicham, F","|poke|p2|Latias, F","|poke|p2|Suicune","|poke|p2|Klefki, F","|poke|p2|Gliscor, M, shiny","|poke|p2|Heatran, M","|rule|Swagger Clause: Swagger is banned","|rule|Baton Pass Clause: Limit one Baton Passer, can't pass Spe and other stats simultaneously","|rule|Sleep Clause Mod: Limit one foe put to sleep","|rule|Species Clause: Limit one of each Pokémon","|rule|OHKO Clause: OHKO moves are banned","|rule|Moody Clause: Moody is banned","|rule|Evasion Moves Clause: Evasion moves are banned","|rule|Endless Battle Clause: Forcing endless battles is banned","|rule|HP Percentage Mod: HP is shown in percentages","|teampreview","|","|start","|switch|p1a: Manectric|Manectric, M|281/281","|switch|p2a: Medicham|Medicham, F|265/265","|turn|1","|","|detailschange|p1a: Manectric|Manectric-Mega, M","|-mega|p1a: Manectric|Manectric|Manectite","|-ability|p1a: Manectric|Intimidate","|-unboost|p2a: Medicham|atk|1","|detailschange|p2a: Medicham|Medicham-Mega, F","|-mega|p2a: Medicham|Medicham|Medichamite","|move|p2a: Medicham|Fake Out|p1a: Manectric","|-damage|p1a: Manectric|209/281","|cant|p1a: Manectric|flinch","|","|turn|2","|","|switch|p2a: Gliscor|Gliscor, M, shiny|352/352","|move|p1a: Manectric|Volt Switch|p2a: Gliscor","|-immune|p2a: Gliscor|[msg]","|","|-status|p2a: Gliscor|tox|[from] item: Toxic Orb","|turn|3","|","|switch|p1a: Ferrothorn|Ferrothorn, M|352/352","|move|p2a: Gliscor|Earthquake|p1a: Ferrothorn","|-damage|p1a: Ferrothorn|276/352","|","|-heal|p1a: Ferrothorn|298/352|[from] item: Leftovers","|turn|4","|","|move|p2a: Gliscor|Knock Off|p1a: Ferrothorn","|-damage|p1a: Ferrothorn|247/352","|-damage|p2a: Gliscor|308/352 tox|[from] ability: Iron Barbs|[of] p1a: Ferrothorn","|-enditem|p1a: Ferrothorn|Leftovers|[from] move: Knock Off|[of] p2a: Gliscor","|move|p1a: Ferrothorn|Stealth Rock|p2a: Gliscor","|-sidestart|p2: Kаmina|move: Stealth Rock","|","|-heal|p2a: Gliscor|352/352 tox|[from] ability: Poison Heal","|turn|5","|","|move|p2a: Gliscor|Swords Dance|p2a: Gliscor","|-boost|p2a: Gliscor|atk|2","|move|p1a: Ferrothorn|Leech Seed|p2a: Gliscor","|-start|p2a: Gliscor|move: Leech Seed","|","|-damage|p2a: Gliscor|308/352 tox|[from] Leech Seed|[of] p1a: Ferrothorn","|-heal|p1a: Ferrothorn|291/352|[silent]","|-heal|p2a: Gliscor|352/352 tox|[from] ability: Poison Heal","|turn|6","|","|switch|p1a: Landorus-Therian|Landorus-Therian, M|361/361","|-ability|p1a: Landorus-Therian|Intimidate","|-unboost|p2a: Gliscor|atk|1","|move|p2a: Gliscor|Knock Off|p1a: Landorus-Therian","|-damage|p1a: Landorus-Therian|245/361","|-enditem|p1a: Landorus-Therian|Leftovers|[from] move: Knock Off|[of] p2a: Gliscor","|","|-damage|p2a: Gliscor|308/352 tox|[from] Leech Seed|[of] p1a: Landorus-Therian","|-heal|p1a: Landorus-Therian|289/361|[silent]","|-heal|p2a: Gliscor|352/352 tox|[from] ability: Poison Heal","|turn|7","|","|switch|p2a: Suicune|Suicune|404/404","|-damage|p2a: Suicune|354/404|[from] Stealth Rock","|-ability|p2a: Suicune|Pressure","|move|p1a: Landorus-Therian|Swords Dance|p1a: Landorus-Therian","|-boost|p1a: Landorus-Therian|atk|2","|","|-heal|p2a: Suicune|379/404|[from] item: Leftovers","|turn|8","|","|move|p1a: Landorus-Therian|Earthquake|p2a: Suicune","|-crit|p2a: Suicune","|-damage|p2a: Suicune|24/404","|move|p2a: Suicune|Scald|p1a: Landorus-Therian","|-supereffective|p1a: Landorus-Therian","|-damage|p1a: Landorus-Therian|91/361","|","|-heal|p2a: Suicune|49/404|[from] item: Leftovers","|turn|9","|","|move|p1a: Landorus-Therian|Stone Edge|p2a: Suicune","|-damage|p2a: Suicune|0 fnt","|faint|p2a: Suicune","|","|","|switch|p2a: Medicham|Medicham-Mega, F|265/265","|-damage|p2a: Medicham|249/265|[from] Stealth Rock","|turn|10","|","|switch|p1a: Ferrothorn|Ferrothorn, M|291/352","|move|p2a: Medicham|Fake Out|p1a: Ferrothorn","|-resisted|p1a: Ferrothorn","|-damage|p1a: Ferrothorn|263/352","|-damage|p2a: Medicham|216/265|[from] ability: Iron Barbs|[of] p1a: Ferrothorn","|","|turn|11","|","|switch|p2a: Heatran|Heatran, M|385/385","|-damage|p2a: Heatran|337/385|[from] Stealth Rock","|switch|p1a: Clefable|Clefable, F|394/394","|","|-heal|p2a: Heatran|361/385|[from] item: Leftovers","|turn|12","|","|switch|p1a: Manaphy|Manaphy|401/401","|move|p2a: Heatran|Stealth Rock|p1a: Manaphy","|-sidestart|p1: Logic|move: Stealth Rock","|","|-heal|p2a: Heatran|385/385|[from] item: Leftovers","|turn|13","|","|switch|p2a: Latias|Latias, F|319/319","|-damage|p2a: Latias|280/319|[from] Stealth Rock","|move|p1a: Manaphy|Calm Mind|p1a: Manaphy","|-boost|p1a: Manaphy|spa|1","|-boost|p1a: Manaphy|spd|1","|","|turn|14","|","|move|p2a: Latias|Psyshock|p1a: Manaphy","|-damage|p1a: Manaphy|268/401","|-damage|p2a: Latias|249/319|[from] item: Life Orb","|move|p1a: Manaphy|Rain Dance|p1a: Manaphy","|-weather|RainDance","|","|-weather|RainDance|[upkeep]","|-heal|p1a: Manaphy|293/401|[from] item: Leftovers","|turn|15","|","|move|p2a: Latias|Psyshock|p1a: Manaphy","|-damage|p1a: Manaphy|175/401","|-damage|p2a: Latias|218/319|[from] item: Life Orb","|move|p1a: Manaphy|Rest|p1a: Manaphy","|-status|p1a: Manaphy|slp","|-heal|p1a: Manaphy|401/401 slp|[silent]","|-status|p1a: Manaphy|slp|[from] move: Rest","|","|-weather|RainDance|[upkeep]","|-curestatus|p1a: Manaphy|slp","|turn|16","|","|move|p2a: Latias|Psyshock|p1a: Manaphy","|-damage|p1a: Manaphy|280/401","|-damage|p2a: Latias|187/319|[from] item: Life Orb","|move|p1a: Manaphy|Scald|p2a: Latias","|-resisted|p2a: Latias","|-damage|p2a: Latias|109/319","|","|-weather|RainDance|[upkeep]","|-heal|p1a: Manaphy|305/401|[from] item: Leftovers","|turn|17","|","|move|p2a: Latias|Roost|p2a: Latias","|-heal|p2a: Latias|269/319","|move|p1a: Manaphy|Rest|p1a: Manaphy","|-status|p1a: Manaphy|slp","|-heal|p1a: Manaphy|401/401 slp|[silent]","|-status|p1a: Manaphy|slp|[from] move: Rest","|","|-weather|RainDance|[upkeep]","|-curestatus|p1a: Manaphy|slp","|turn|18","|","|move|p2a: Latias|Psyshock|p1a: Manaphy","|-damage|p1a: Manaphy|271/401","|-damage|p2a: Latias|238/319|[from] item: Life Orb","|move|p1a: Manaphy|Scald|p2a: Latias","|-resisted|p2a: Latias","|-damage|p2a: Latias|159/319","|-status|p2a: Latias|brn","|","|-weather|none","|-heal|p1a: Manaphy|296/401|[from] item: Leftovers","|-damage|p2a: Latias|120/319 brn|[from] brn","|turn|19","|","|switch|p2a: Medicham|Medicham-Mega, F|216/265","|-damage|p2a: Medicham|200/265|[from] Stealth Rock","|move|p1a: Manaphy|Rain Dance|p1a: Manaphy","|-weather|RainDance","|","|-weather|RainDance|[upkeep]","|-heal|p1a: Manaphy|321/401|[from] item: Leftovers","|turn|20","|","|move|p2a: Medicham|Fake Out|p1a: Manaphy","|-damage|p1a: Manaphy|250/401","|cant|p1a: Manaphy|flinch","|","|-weather|RainDance|[upkeep]","|-heal|p1a: Manaphy|275/401|[from] item: Leftovers","|turn|21","|","|move|p2a: Medicham|High Jump Kick|p1a: Manaphy","|-damage|p1a: Manaphy|0 fnt","|faint|p1a: Manaphy","|","|-weather|RainDance|[upkeep]","|","|switch|p1a: Manectric|Manectric-Mega, M|209/281","|-damage|p1a: Manectric|174/281|[from] Stealth Rock","|-ability|p1a: Manectric|Intimidate","|-unboost|p2a: Medicham|atk|1","|turn|22","|","|switch|p2a: Heatran|Heatran, M|385/385","|-damage|p2a: Heatran|337/385|[from] Stealth Rock","|move|p1a: Manectric|Hidden Power|p2a: Heatran","|-resisted|p2a: Heatran","|-damage|p2a: Heatran|325/385","|","|-weather|RainDance|[upkeep]","|-heal|p2a: Heatran|349/385|[from] item: Leftovers","|turn|23","|","|move|p1a: Manectric|Volt Switch|p2a: Heatran","|-damage|p2a: Heatran|259/385","|","|switch|p1a: Clefable|Clefable, F|394/394","|move|p2a: Heatran|Lava Plume|p1a: Clefable","|-damage|p1a: Clefable|342/394","|","|-weather|none","|-heal|p2a: Heatran|283/385|[from] item: Leftovers","|-heal|p1a: Clefable|366/394|[from] item: Leftovers","|turn|24","|","|move|p2a: Heatran|Taunt|p1a: Clefable","|-start|p1a: Clefable|move: Taunt","|cant|p1a: Clefable|move: Taunt|Thunder Wave","|","|-heal|p2a: Heatran|307/385|[from] item: Leftovers","|-heal|p1a: Clefable|390/394|[from] item: Leftovers","|turn|25","|","|switch|p1a: Latios|Latios, M|299/299","|-damage|p1a: Latios|262/299|[from] Stealth Rock","|move|p2a: Heatran|Lava Plume|p1a: Latios","|-resisted|p1a: Latios","|-damage|p1a: Latios|212/299","|","|-heal|p2a: Heatran|331/385|[from] item: Leftovers","|turn|26","|","|move|p1a: Latios|Defog|p2a: Heatran","|-unboost|p2a: Heatran|evasion|1","|-sideend|p2: Kаmina|Stealth Rock|[from] move: Defog|[of] p2a: Heatran","|-sideend|p1: Logic|Stealth Rock|[from] move: Defog|[of] p1a: Latios","|move|p2a: Heatran|Lava Plume|p1a: Latios","|-resisted|p1a: Latios","|-damage|p1a: Latios|162/299","|","|-heal|p2a: Heatran|355/385|[from] item: Leftovers","|turn|27","|","|switch|p1a: Landorus-Therian|Landorus-Therian, M|91/361","|-ability|p1a: Landorus-Therian|Intimidate","|-unboost|p2a: Heatran|atk|1","|move|p2a: Heatran|Stealth Rock|p1a: Landorus-Therian","|-sidestart|p1: Logic|move: Stealth Rock","|","|-heal|p2a: Heatran|379/385|[from] item: Leftovers","|turn|28","|","|switch|p2a: Gliscor|Gliscor, M, shiny|352/352 tox","|move|p1a: Landorus-Therian|Earthquake|p2a: Gliscor","|-immune|p2a: Gliscor|[msg]","|","|turn|29","|","|switch|p1a: Ferrothorn|Ferrothorn, M|263/352","|-damage|p1a: Ferrothorn|241/352|[from] Stealth Rock","|move|p2a: Gliscor|Swords Dance|p2a: Gliscor","|-boost|p2a: Gliscor|atk|2","|","|turn|30","|","|move|p2a: Gliscor|Earthquake|p1a: Ferrothorn","|-damage|p1a: Ferrothorn|94/352","|move|p1a: Ferrothorn|Stealth Rock|p2a: Gliscor","|-sidestart|p2: Kаmina|move: Stealth Rock","|","|turn|31","|","|move|p2a: Gliscor|Earthquake|p1a: Ferrothorn","|-crit|p1a: Ferrothorn","|-damage|p1a: Ferrothorn|0 fnt","|faint|p1a: Ferrothorn","|","|","|switch|p1a: Manectric|Manectric-Mega, M|174/281","|-damage|p1a: Manectric|139/281|[from] Stealth Rock","|-ability|p1a: Manectric|Intimidate","|-unboost|p2a: Gliscor|atk|1","|turn|32","|","|move|p1a: Manectric|Hidden Power|p2a: Gliscor","|-supereffective|p2a: Gliscor","|-damage|p2a: Gliscor|52/352 tox","|move|p2a: Gliscor|Earthquake|p1a: Manectric","|-supereffective|p1a: Manectric","|-damage|p1a: Manectric|0 fnt","|faint|p1a: Manectric","|","|-heal|p2a: Gliscor|96/352 tox|[from] ability: Poison Heal","|","|switch|p1a: Latios|Latios, M|162/299","|-damage|p1a: Latios|125/299|[from] Stealth Rock","|turn|33","|","|move|p1a: Latios|Psyshock|p2a: Gliscor","|-damage|p2a: Gliscor|0 fnt","|-damage|p1a: Latios|96/299|[from] item: Life Orb","|faint|p2a: Gliscor","|","|","|switch|p2a: Medicham|Medicham-Mega, F|200/265","|-damage|p2a: Medicham|184/265|[from] Stealth Rock","|turn|34","|","|switch|p1a: Clefable|Clefable, F|390/394","|move|p2a: Medicham|Fake Out|p1a: Clefable","|-damage|p1a: Clefable|307/394","|","|-heal|p1a: Clefable|331/394|[from] item: Leftovers","|turn|35","|","|switch|p2a: Klefki|Klefki, F|318/318","|-damage|p2a: Klefki|299/318|[from] Stealth Rock","|move|p1a: Clefable|Thunder Wave|p2a: Klefki","|-status|p2a: Klefki|par","|","|-heal|p1a: Clefable|355/394|[from] item: Leftovers","|-heal|p2a: Klefki|318/318 par|[from] item: Leftovers","|turn|36","|","|switch|p2a: Heatran|Heatran, M|379/385","|-damage|p2a: Heatran|331/385|[from] Stealth Rock","|move|p1a: Clefable|Calm Mind|p1a: Clefable","|-boost|p1a: Clefable|spa|1","|-boost|p1a: Clefable|spd|1","|","|-heal|p2a: Heatran|355/385|[from] item: Leftovers","|-heal|p1a: Clefable|379/394|[from] item: Leftovers","|turn|37","|","|switch|p1a: Landorus-Therian|Landorus-Therian, M|91/361","|-damage|p1a: Landorus-Therian|46/361|[from] Stealth Rock","|-ability|p1a: Landorus-Therian|Intimidate","|-unboost|p2a: Heatran|atk|1","|move|p2a: Heatran|Taunt|p1a: Landorus-Therian","|-start|p1a: Landorus-Therian|move: Taunt","|","|-heal|p2a: Heatran|379/385|[from] item: Leftovers","|turn|38","|","|switch|p2a: Latias|Latias, F|120/319 brn","|-damage|p2a: Latias|81/319 brn|[from] Stealth Rock","|move|p1a: Landorus-Therian|Stone Edge|p2a: Latias|[miss]","|-miss|p1a: Landorus-Therian|p2a: Latias","|","|-damage|p2a: Latias|42/319 brn|[from] brn","|turn|39","|","|win|Kаmina"],"p1rating":{"entryid":"2182","serverid":"eos","formatid":"ou","userid":"logic","username":"Logic","w":"7","l":3,"t":"0","gxe":60.4,"r":"1528.1351692769","rd":"102.83219891053","sigma":"0","rptime":"1439888400","rpr":1581.9860795996,"rprd":87.784937462149,"rpsigma":"0","acre":1120.7419329398,"lacre":1120.7419329398,"oldacre":"1156.2858492313"},"p2rating":{"entryid":60057,"formatid":"ou","userid":"kmina","username":"Kаmina","r":1500,"rd":130,"sigma":0,"rpr":1544.2312328917,"rprd":122.52271119399,"rpsigma":0,"rptime":1439888400,"w":1,"l":0,"t":0,"gxe":55.5,"acre":1056.8702660663,"lacre":1056.8702660663,"oldacre":1000},"endType":"forfeit"}