{"seed":[45074,59434,52993,63260],"turns":29,"p1":"Logic","p2":"Neziro","p1team":[{"name":"Manaphy","species":"Manaphy","item":"leftovers","ability":"Hydration","moves":["calmmind","raindance","rest","scald"],"nature":"Bold","evs":{"hp":240,"atk":0,"def":148,"spa":0,"spd":0,"spe":120},"ivs":{"hp":31,"atk":0,"def":31,"spa":31,"spd":31,"spe":31}},{"name":"Manectric","species":"Manectric","item":"manectite","ability":"Static","moves":["thunderbolt","hiddenpowerice","flamethrower","voltswitch"],"nature":"Timid","evs":{"hp":0,"atk":0,"def":0,"spa":252,"spd":4,"spe":252},"ivs":{"hp":31,"atk":30,"def":30,"spa":31,"spd":31,"spe":31}},{"name":"Latios","species":"Latios","item":"lifeorb","ability":"Levitate","moves":["dracometeor","psyshock","recover","defog"],"nature":"Timid","evs":{"hp":0,"atk":0,"def":0,"spa":252,"spd":4,"spe":252},"ivs":{"hp":29,"atk":0,"def":31,"spa":31,"spd":31,"spe":31}},{"name":"Ferrothorn","species":"Ferrothorn","item":"leftovers","ability":"Iron Barbs","moves":["stealthrock","leechseed","powerwhip","gyroball"],"nature":"Relaxed","evs":{"hp":252,"atk":0,"def":148,"spa":0,"spd":108,"spe":0},"ivs":{"hp":31,"atk":31,"def":31,"spa":31,"spd":31,"spe":0}},{"name":"Landorus-Therian","species":"Landorus-Therian","item":"leftovers","ability":"Intimidate","moves":["rockpolish","swordsdance","stoneedge","earthquake"],"nature":"Adamant","evs":{"hp":168,"atk":84,"def":0,"spa":0,"spd":24,"spe":232},"ivs":{"hp":31,"atk":31,"def":31,"spa":31,"spd":31,"spe":31}},{"name":"Clefable","species":"Clefable","item":"leftovers","ability":"Magic Guard","moves":["thunderwave","calmmind","moonblast","softboiled"],"nature":"Sassy","evs":{"hp":252,"atk":0,"def":188,"spa":0,"spd":68,"spe":0},"gender":"F","ivs":{"hp":31,"atk":31,"def":31,"spa":31,"spd":31,"spe":16}}],"p2team":[{"name":"Chandelure","species":"Chandelure","item":"shellbell","ability":"Flash Fire","moves":["energyball","willowisp","shadowball","flamethrower"],"nature":"Modest","evs":{"hp":248,"atk":0,"def":0,"spa":252,"spd":8,"spe":0},"gender":"M","ivs":{"hp":31,"atk":31,"def":31,"spa":31,"spd":31,"spe":31}},{"name":"Sableye","species":"Sableye","item":"lumberry","ability":"Prankster","moves":["confuseray","recover","willowisp","taunt"],"nature":"Calm","evs":{"hp":248,"atk":0,"def":50,"spa":0,"spd":200,"spe":0},"gender":"M","ivs":{"hp":31,"atk":31,"def":31,"spa":31,"spd":31,"spe":31}},{"name":"Gengar","species":"Gengar","item":"blacksludge","ability":"Levitate","moves":["toxic","shadowball","substitute","disable"],"nature":"Timid","evs":{"hp":0,"atk":0,"def":0,"spa":252,"spd":4,"spe":252},"gender":"M","ivs":{"hp":31,"atk":31,"def":31,"spa":31,"spd":31,"spe":31}},{"name":"Dusknoir","species":"Dusknoir","item":"leftovers","ability":"Frisk","moves":["trickroom","shadowpunch","icepunch","curse"],"nature":"Lonely","evs":{"hp":252,"atk":252,"def":0,"spa":4,"spd":0,"spe":0},"gender":"M","ivs":{"hp":31,"atk":31,"def":31,"spa":31,"spd":31,"spe":0}},{"name":"Banette","species":"Banette","item":"banettite","ability":"Cursed Body","moves":["phantomforce","protect","suckerpunch","destinybond"],"nature":"Impish","evs":{"hp":252,"atk":0,"def":56,"spa":0,"spd":0,"spe":200},"gender":"M","ivs":{"hp":31,"atk":31,"def":31,"spa":31,"spd":31,"spe":31}},{"name":"Trevenant","species":"Trevenant","item":"sitrusberry","ability":"Harvest","moves":["leechseed","focusblast","shadowball","gigadrain"],"nature":"Modest","evs":{"hp":248,"atk":0,"def":0,"spa":252,"spd":8,"spe":0},"gender":"M","ivs":{"hp":31,"atk":31,"def":31,"spa":31,"spd":31,"spe":31}}],"log":["|player|p1|Logic|logic.gif","|player|p2|Neziro|144","|gametype|singles","|gen|6","|tier|OU","|rated","|clearpoke","|poke|p1|Manaphy","|poke|p1|Manectric, F","|poke|p1|Latios, M","|poke|p1|Ferrothorn, F","|poke|p1|Landorus-Therian, M","|poke|p1|Clefable, F","|poke|p2|Chandelure, M","|poke|p2|Sableye, M","|poke|p2|Gengar, M","|poke|p2|Dusknoir, M","|poke|p2|Banette, M","|poke|p2|Trevenant, M","|rule|Swagger Clause: Swagger is banned","|rule|Baton Pass Clause: Limit one Baton Passer, can't pass Spe and other stats simultaneously","|rule|Sleep Clause Mod: Limit one foe put to sleep","|rule|Species Clause: Limit one of each Pokémon","|rule|OHKO Clause: OHKO moves are banned","|rule|Moody Clause: Moody is banned","|rule|Evasion Moves Clause: Evasion moves are banned","|rule|Endless Battle Clause: Forcing endless battles is banned","|rule|HP Percentage Mod: HP is shown in percentages","|teampreview","|","|start","|switch|p1a: Manectric|Manectric, F|281/281","|switch|p2a: Sableye|Sableye, M|303/303","|turn|1","|","|detailschange|p1a: Manectric|Manectric-Mega, F","|-mega|p1a: Manectric|Manectric|Manectite","|-ability|p1a: Manectric|Intimidate","|-unboost|p2a: Sableye|atk|1","|move|p2a: Sableye|Taunt|p1a: Manectric","|-start|p1a: Manectric|move: Taunt","|move|p1a: Manectric|Volt Switch|p2a: Sableye","|-damage|p2a: Sableye|165/303","|","|switch|p1a: Clefable|Clefable, F|394/394","|","|turn|2","|","|move|p2a: Sableye|Confuse Ray|p1a: Clefable","|-start|p1a: Clefable|confusion","|-activate|p1a: Clefable|confusion","|-damage|p1a: Clefable|371/394|[from] confusion","|","|-heal|p1a: Clefable|394/394|[from] item: Leftovers","|turn|3","|","|switch|p1a: Manectric|Manectric-Mega, F|281/281","|-ability|p1a: Manectric|Intimidate","|-unboost|p2a: Sableye|atk|1","|move|p2a: Sableye|Will-O-Wisp|p1a: Manectric","|-status|p1a: Manectric|brn","|","|-damage|p1a: Manectric|246/281 brn|[from] brn","|turn|4","|","|move|p2a: Sableye|Confuse Ray|p1a: Manectric","|-start|p1a: Manectric|confusion","|-activate|p1a: Manectric|confusion","|-damage|p1a: Manectric|233/281 brn|[from] confusion","|","|-damage|p1a: Manectric|198/281 brn|[from] brn","|turn|5","|","|move|p2a: Sableye|Recover|p2a: Sableye","|-heal|p2a: Sableye|303/303","|-end|p1a: Manectric|confusion","|move|p1a: Manectric|Volt Switch|p2a: Sableye","|-damage|p2a: Sableye|170/303","|","|switch|p1a: Manaphy|Manaphy|401/401","|","|turn|6","|","|move|p2a: Sableye|Confuse Ray|p1a: Manaphy","|-start|p1a: Manaphy|confusion","|-activate|p1a: Manaphy|confusion","|-damage|p1a: Manaphy|381/401|[from] confusion","|","|-heal|p1a: Manaphy|401/401|[from] item: Leftovers","|turn|7","|","|move|p2a: Sableye|Will-O-Wisp|p1a: Manaphy","|-status|p1a: Manaphy|brn","|-activate|p1a: Manaphy|confusion","|move|p1a: Manaphy|Rain Dance|p1a: Manaphy","|-weather|RainDance","|","|-weather|RainDance|[upkeep]","|-curestatus|p1a: Manaphy|brn","|turn|8","|","|move|p2a: Sableye|Recover|p2a: Sableye","|-heal|p2a: Sableye|303/303","|-activate|p1a: Manaphy|confusion","|-damage|p1a: Manaphy|380/401|[from] confusion","|","|-weather|RainDance|[upkeep]","|-heal|p1a: Manaphy|401/401|[from] item: Leftovers","|turn|9","|","|switch|p2a: Trevenant|Trevenant, M|373/373","|-activate|p1a: Manaphy|confusion","|-damage|p1a: Manaphy|381/401|[from] confusion","|","|-weather|RainDance|[upkeep]","|-heal|p1a: Manaphy|401/401|[from] item: Leftovers","|turn|10","|","|switch|p1a: Ferrothorn|Ferrothorn, F|352/352","|move|p2a: Trevenant|Leech Seed|p1a: Ferrothorn","|-immune|p1a: Ferrothorn|[msg]","|","|-weather|RainDance|[upkeep]","|turn|11","|","|switch|p2a: Dusknoir|Dusknoir, M|294/294","|-item|p1a: Ferrothorn|Leftovers|[from] ability: Frisk|[of] p2a: Dusknoir|[identify]","|move|p1a: Ferrothorn|Stealth Rock|p2a: Dusknoir","|-sidestart|p2: Neziro|move: Stealth Rock","|","|-weather|none","|turn|12","|","|switch|p1a: Clefable|Clefable, F|394/394","|move|p2a: Dusknoir|Trick Room|p2a: Dusknoir","|-fieldstart|move: Trick Room|[of] p2a: Dusknoir","|","|turn|13","|","|move|p2a: Dusknoir|Curse|p1a: Clefable","|-start|p1a: Clefable|Curse|[of] p2a: Dusknoir","|-damage|p2a: Dusknoir|147/294","|move|p1a: Clefable|Calm Mind|p1a: Clefable","|-boost|p1a: Clefable|spa|1","|-boost|p1a: Clefable|spd|1","|","|-heal|p2a: Dusknoir|165/294|[from] item: Leftovers","|turn|14","|","|switch|p2a: Gengar|Gengar, M|261/261","|-damage|p2a: Gengar|229/261|[from] Stealth Rock","|move|p1a: Clefable|Moonblast|p2a: Gengar","|-resisted|p2a: Gengar","|-damage|p2a: Gengar|133/261","|","|-heal|p2a: Gengar|149/261|[from] item: Black Sludge","|turn|15","|","|switch|p1a: Ferrothorn|Ferrothorn, F|352/352","|move|p2a: Gengar|Disable|p1a: Ferrothorn","|-fail|p1a: Ferrothorn","|","|-heal|p2a: Gengar|165/261|[from] item: Black Sludge","|turn|16","|","|move|p1a: Ferrothorn|Gyro Ball|p2a: Gengar","|-crit|p2a: Gengar","|-damage|p2a: Gengar|0 fnt","|faint|p2a: Gengar","|","|-fieldend|move: Trick Room","|","|switch|p2a: Sableye|Sableye, M|303/303","|-damage|p2a: Sableye|266/303|[from] Stealth Rock","|turn|17","|","|switch|p1a: Clefable|Clefable, F|394/394","|move|p2a: Sableye|Will-O-Wisp|p1a: Clefable","|-status|p1a: Clefable|brn","|","|turn|18","|","|move|p2a: Sableye|Taunt|p1a: Clefable","|-start|p1a: Clefable|move: Taunt","|move|p1a: Clefable|Moonblast|p2a: Sableye","|-supereffective|p2a: Sableye","|-damage|p2a: Sableye|54/303","|-unboost|p2a: Sableye|spa|1","|","|turn|19","|","|move|p2a: Sableye|Recover|p2a: Sableye","|-heal|p2a: Sableye|206/303","|move|p1a: Clefable|Moonblast|p2a: Sableye","|-supereffective|p2a: Sableye","|-damage|p2a: Sableye|0 fnt","|faint|p2a: Sableye","|","|","|switch|p2a: Trevenant|Trevenant, M|373/373","|-damage|p2a: Trevenant|327/373|[from] Stealth Rock","|turn|20","|","|move|p2a: Trevenant|Leech Seed|p1a: Clefable","|-start|p1a: Clefable|move: Leech Seed","|move|p1a: Clefable|Moonblast|p2a: Trevenant","|-damage|p2a: Trevenant|201/373","|","|-end|p1a: Clefable|move: Taunt","|turn|21","|","|move|p2a: Trevenant|Shadow Ball|p1a: Clefable","|-damage|p1a: Clefable|303/394 brn","|move|p1a: Clefable|Calm Mind|p1a: Clefable","|-boost|p1a: Clefable|spa|1","|-boost|p1a: Clefable|spd|1","|","|-heal|p1a: Clefable|327/394 brn|[from] item: Leftovers","|turn|22","|","|move|p2a: Trevenant|Giga Drain|p1a: Clefable","|-damage|p1a: Clefable|273/394 brn","|-heal|p2a: Trevenant|228/373|[from] drain|[of] p1a: Clefable","|move|p1a: Clefable|Soft-Boiled|p1a: Clefable","|-heal|p1a: Clefable|394/394 brn","|","|turn|23","|","|switch|p2a: Banette|Banette, M|332/332","|-damage|p2a: Banette|291/332|[from] Stealth Rock","|move|p1a: Clefable|Moonblast|p2a: Banette","|-damage|p2a: Banette|72/332","|-unboost|p2a: Banette|spa|1","|","|turn|24","|","|detailschange|p2a: Banette|Banette-Mega, M","|-mega|p2a: Banette|Banette|Banettite","|move|p2a: Banette|Protect|p2a: Banette","|-singleturn|p2a: Banette|Protect","|move|p1a: Clefable|Moonblast|p2a: Banette","|-activate|p2a: Banette|Protect","|","|turn|25","|","|move|p2a: Banette|Destiny Bond|p2a: Banette","|-singlemove|p2a: Banette|Destiny Bond","|move|p1a: Clefable|Moonblast|p2a: Banette","|-damage|p2a: Banette|0 fnt","|faint|p2a: Banette","|-activate|p2a: Banette|Destiny Bond","|faint|p1a: Clefable","|","|","|switch|p1a: Manectric|Manectric-Mega, F|198/281 brn","|switch|p2a: Trevenant|Trevenant, M|228/373","|-ability|p1a: Manectric|Intimidate","|-unboost|p2a: Trevenant|atk|1","|-damage|p2a: Trevenant|182/373|[from] Stealth Rock","|-enditem|p2a: Trevenant|Sitrus Berry|[eat]","|-heal|p2a: Trevenant|275/373|[from] item: Sitrus Berry","|turn|26","|","|move|p1a: Manectric|Flamethrower|p2a: Trevenant","|-supereffective|p2a: Trevenant","|-damage|p2a: Trevenant|0 fnt","|faint|p2a: Trevenant","|","|-damage|p1a: Manectric|163/281 brn|[from] brn","|","|switch|p2a: Dusknoir|Dusknoir, M|165/294","|-damage|p2a: Dusknoir|129/294|[from] Stealth Rock","|-item|p1a: Manectric|Manectite|[from] ability: Frisk|[of] p2a: Dusknoir|[identify]","|turn|27","|","|switch|p2a: Chandelure|Chandelure, M|323/323","|-damage|p2a: Chandelure|243/323|[from] Stealth Rock","|move|p1a: Manectric|Thunderbolt|p2a: Chandelure","|-damage|p2a: Chandelure|56/323","|","|-damage|p1a: Manectric|128/281 brn|[from] brn","|turn|28","|","|move|p1a: Manectric|Thunderbolt|p2a: Chandelure","|-damage|p2a: Chandelure|0 fnt","|faint|p2a: Chandelure","|","|-damage|p1a: Manectric|93/281 brn|[from] brn","|","|switch|p2a: Dusknoir|Dusknoir, M|129/294","|-damage|p2a: Dusknoir|93/294|[from] Stealth Rock","|-item|p1a: Manectric|Manectite|[from] ability: Frisk|[of] p2a: Dusknoir|[identify]","|turn|29","|","|move|p1a: Manectric|Thunderbolt|p2a: Dusknoir","|-damage|p2a: Dusknoir|0 fnt","|faint|p2a: Dusknoir","|","|win|Logic"],"p1rating":{"entryid":"2182","serverid":"eos","formatid":"ou","userid":"logic","username":"Logic","w":4,"l":"2","t":"0","gxe":56.6,"r":"1528.1351692769","rd":"102.83219891053","sigma":"0","rptime":"1439888400","rpr":1552.3644672633,"rprd":99.205998715556,"rpsigma":"0","acre":1106.9586739539,"lacre":1106.9586739539,"oldacre":"1086.5323956285"},"p2rating":{"entryid":47366,"formatid":"ou","userid":"neziro","username":"Neziro","r":1500,"rd":130,"sigma":0,"rpr":1462.0805485679,"rprd":122.52271119399,"rpsigma":0,"rptime":1439888400,"w":0,"l":1,"t":0,"gxe":45.3,"acre":1000,"lacre":1000,"oldacre":1000},"endType":"normal"}