{"seed":[56756,10302,44879,24871],"turns":32,"p1":"Logic","p2":"Bunki.G","p1team":[{"name":"Manaphy","species":"Manaphy","item":"leftovers","ability":"Hydration","moves":["calmmind","raindance","rest","scald"],"nature":"Bold","evs":{"hp":240,"atk":0,"def":148,"spa":0,"spd":0,"spe":120},"ivs":{"hp":31,"atk":0,"def":31,"spa":31,"spd":31,"spe":31}},{"name":"Manectric","species":"Manectric","item":"manectite","ability":"Static","moves":["thunderbolt","hiddenpowerice","flamethrower","voltswitch"],"nature":"Timid","evs":{"hp":0,"atk":0,"def":0,"spa":252,"spd":4,"spe":252},"ivs":{"hp":31,"atk":30,"def":30,"spa":31,"spd":31,"spe":31}},{"name":"Latios","species":"Latios","item":"lifeorb","ability":"Levitate","moves":["dracometeor","psyshock","recover","defog"],"nature":"Timid","evs":{"hp":0,"atk":0,"def":0,"spa":252,"spd":4,"spe":252},"ivs":{"hp":29,"atk":0,"def":31,"spa":31,"spd":31,"spe":31}},{"name":"Ferrothorn","species":"Ferrothorn","item":"leftovers","ability":"Iron Barbs","moves":["stealthrock","leechseed","powerwhip","gyroball"],"nature":"Relaxed","evs":{"hp":252,"atk":0,"def":148,"spa":0,"spd":108,"spe":0},"ivs":{"hp":31,"atk":31,"def":31,"spa":31,"spd":31,"spe":0}},{"name":"Landorus-Therian","species":"Landorus-Therian","item":"leftovers","ability":"Intimidate","moves":["rockpolish","swordsdance","stoneedge","earthquake"],"nature":"Adamant","evs":{"hp":168,"atk":84,"def":0,"spa":0,"spd":24,"spe":232},"ivs":{"hp":31,"atk":31,"def":31,"spa":31,"spd":31,"spe":31}},{"name":"Clefable","species":"Clefable","item":"leftovers","ability":"Magic Guard","moves":["thunderwave","calmmind","moonblast","softboiled"],"nature":"Sassy","evs":{"hp":252,"atk":0,"def":188,"spa":0,"spd":68,"spe":0},"gender":"F","ivs":{"hp":31,"atk":31,"def":31,"spa":31,"spd":31,"spe":16}}],"p2team":[{"name":"Breloom","species":"Breloom","item":"toxicorb","ability":"Poison Heal","moves":["bulkup","spore","drainpunch","seedbomb"],"nature":"Adamant","evs":{"hp":248,"atk":252,"def":0,"spa":0,"spd":8,"spe":0},"shiny":true,"ivs":{"hp":31,"atk":31,"def":31,"spa":31,"spd":31,"spe":31}},{"name":"Celebi","species":"Celebi","item":"leftovers","ability":"Natural Cure","moves":["batonpass","calmmind","gigadrain","psychic"],"nature":"Modest","evs":{"hp":220,"atk":0,"def":0,"spa":252,"spd":0,"spe":36},"ivs":{"hp":31,"atk":31,"def":31,"spa":31,"spd":31,"spe":31}},{"name":"Ferrothorn","species":"Ferrothorn","item":"focussash","ability":"Iron Barbs","moves":["stealthrock","thunderwave","powerwhip","knockoff"],"nature":"Adamant","evs":{"hp":248,"atk":252,"def":0,"spa":0,"spd":8,"spe":0},"shiny":true,"ivs":{"hp":31,"atk":31,"def":31,"spa":31,"spd":31,"spe":31}},{"name":"Serperior","species":"Serperior","item":"lifeorb","ability":"Contrary","moves":["leafstorm","hiddenpowerfire","gigadrain","toxic"],"nature":"Timid","evs":{"hp":0,"atk":0,"def":0,"spa":252,"spd":4,"spe":252},"ivs":{"hp":31,"atk":30,"def":31,"spa":30,"spd":31,"spe":30},"shiny":true},{"name":"Venusaur","species":"Venusaur","item":"venusaurite","ability":"Overgrow","moves":["sludgebomb","gigadrain","hiddenpowerfire","leechseed"],"nature":"Modest","evs":{"hp":248,"atk":0,"def":0,"spa":252,"spd":8,"spe":0},"ivs":{"hp":31,"atk":30,"def":31,"spa":30,"spd":31,"spe":30},"shiny":true},{"name":"Shaymin","species":"Shaymin","item":"leftovers","ability":"Natural Cure","moves":["airslash","seedflare","substitute","leechseed"],"nature":"Calm","evs":{"hp":248,"atk":0,"def":0,"spa":8,"spd":252,"spe":0},"shiny":true,"ivs":{"hp":31,"atk":31,"def":31,"spa":31,"spd":31,"spe":31}}],"log":["|player|p1|Logic|logic.gif","|player|p2|Bunki.G|102","|gametype|singles","|gen|6","|tier|OU","|rated","|clearpoke","|poke|p1|Manaphy","|poke|p1|Manectric, F","|poke|p1|Latios, M","|poke|p1|Ferrothorn, M","|poke|p1|Landorus-Therian, M","|poke|p1|Clefable, F","|poke|p2|Breloom, M, shiny","|poke|p2|Celebi","|poke|p2|Ferrothorn, M, shiny","|poke|p2|Serperior, M, shiny","|poke|p2|Venusaur, M, shiny","|poke|p2|Shaymin, shiny","|rule|Swagger Clause: Swagger is banned","|rule|Baton Pass Clause: Limit one Baton Passer, can't pass Spe and other stats simultaneously","|rule|Sleep Clause Mod: Limit one foe put to sleep","|rule|Species Clause: Limit one of each Pokémon","|rule|OHKO Clause: OHKO moves are banned","|rule|Moody Clause: Moody is banned","|rule|Evasion Moves Clause: Evasion moves are banned","|rule|Endless Battle Clause: Forcing endless battles is banned","|rule|HP Percentage Mod: HP is shown in percentages","|teampreview","|","|start","|switch|p1a: Manectric|Manectric, F|281/281","|switch|p2a: Ferrothorn|Ferrothorn, M, shiny|351/351","|turn|1","|","|detailschange|p1a: Manectric|Manectric-Mega, F","|-mega|p1a: Manectric|Manectric|Manectite","|-ability|p1a: Manectric|Intimidate","|-unboost|p2a: Ferrothorn|atk|1","|move|p1a: Manectric|Flamethrower|p2a: Ferrothorn","|-supereffective|p2a: Ferrothorn","|-enditem|p2a: Ferrothorn|Focus Sash","|-damage|p2a: Ferrothorn|1/351","|move|p2a: Ferrothorn|Knock Off|p1a: Manectric","|-damage|p1a: Manectric|224/281","|","|turn|2","|","|move|p1a: Manectric|Flamethrower|p2a: Ferrothorn","|-supereffective|p2a: Ferrothorn","|-damage|p2a: Ferrothorn|0 fnt","|faint|p2a: Ferrothorn","|","|","|switch|p2a: Venusaur|Venusaur, M, shiny|363/363","|turn|3","|","|detailschange|p2a: Venusaur|Venusaur-Mega, M, shiny","|-mega|p2a: Venusaur|Venusaur|Venusaurite","|move|p1a: Manectric|Volt Switch|p2a: Venusaur","|-resisted|p2a: Venusaur","|-damage|p2a: Venusaur|305/363","|","|switch|p1a: Ferrothorn|Ferrothorn, M|352/352","|move|p2a: Venusaur|Leech Seed|p1a: Ferrothorn","|-immune|p1a: Ferrothorn|[msg]","|","|turn|4","|","|move|p2a: Venusaur|Hidden Power|p1a: Ferrothorn","|-supereffective|p1a: Ferrothorn","|-damage|p1a: Ferrothorn|100/352","|move|p1a: Ferrothorn|Stealth Rock|p2a: Venusaur","|-sidestart|p2: Bunki.G|move: Stealth Rock","|","|-heal|p1a: Ferrothorn|122/352|[from] item: Leftovers","|turn|5","|","|move|p2a: Venusaur|Hidden Power|p1a: Ferrothorn","|-supereffective|p1a: Ferrothorn","|-damage|p1a: Ferrothorn|0 fnt","|faint|p1a: Ferrothorn","|","|","|switch|p1a: Latios|Latios, M|299/299","|turn|6","|","|move|p1a: Latios|Psyshock|p2a: Venusaur","|-supereffective|p2a: Venusaur","|-damage|p2a: Venusaur|0 fnt","|-damage|p1a: Latios|270/299|[from] item: Life Orb","|faint|p2a: Venusaur","|","|","|switch|p2a: Celebi|Celebi|396/396","|-damage|p2a: Celebi|347/396|[from] Stealth Rock","|turn|7","|","|move|p1a: Latios|Draco Meteor|p2a: Celebi","|-damage|p2a: Celebi|53/396","|-unboost|p1a: Latios|spa|2","|-damage|p1a: Latios|241/299|[from] item: Life Orb","|move|p2a: Celebi|Calm Mind|p2a: Celebi","|-boost|p2a: Celebi|spa|1","|-boost|p2a: Celebi|spd|1","|","|-heal|p2a: Celebi|77/396|[from] item: Leftovers","|turn|8","|","|move|p1a: Latios|Draco Meteor|p2a: Celebi","|-damage|p2a: Celebi|0 fnt","|-unboost|p1a: Latios|spa|2","|-damage|p1a: Latios|212/299|[from] item: Life Orb","|faint|p2a: Celebi","|","|","|switch|p2a: Shaymin|Shaymin, shiny|403/403","|-damage|p2a: Shaymin|353/403|[from] Stealth Rock","|turn|9","|","|switch|p1a: Manaphy|Manaphy|401/401","|move|p2a: Shaymin|Substitute|p2a: Shaymin","|-start|p2a: Shaymin|Substitute","|-damage|p2a: Shaymin|253/403","|","|-heal|p2a: Shaymin|278/403|[from] item: Leftovers","|turn|10","|","|switch|p1a: Latios|Latios, M|212/299","|move|p2a: Shaymin|Leech Seed|p1a: Latios","|-start|p1a: Latios|move: Leech Seed","|","|-heal|p2a: Shaymin|303/403|[from] item: Leftovers","|-damage|p1a: Latios|175/299|[from] Leech Seed|[of] p2a: Shaymin","|-heal|p2a: Shaymin|340/403|[silent]","|turn|11","|","|move|p1a: Latios|Psyshock|p2a: Shaymin","|-end|p2a: Shaymin|Substitute","|-damage|p1a: Latios|146/299|[from] item: Life Orb","|move|p2a: Shaymin|Air Slash|p1a: Latios","|-damage|p1a: Latios|86/299","|","|-heal|p2a: Shaymin|365/403|[from] item: Leftovers","|-damage|p1a: Latios|49/299|[from] Leech Seed|[of] p2a: Shaymin","|-heal|p2a: Shaymin|402/403|[silent]","|turn|12","|","|move|p1a: Latios|Draco Meteor|p2a: Shaymin","|-damage|p2a: Shaymin|186/403","|-unboost|p1a: Latios|spa|2","|-damage|p1a: Latios|20/299|[from] item: Life Orb","|move|p2a: Shaymin|Substitute|p2a: Shaymin","|-start|p2a: Shaymin|Substitute","|-damage|p2a: Shaymin|86/403","|","|-heal|p2a: Shaymin|111/403|[from] item: Leftovers","|-damage|p1a: Latios|0 fnt|[from] Leech Seed|[of] p2a: Shaymin","|-heal|p2a: Shaymin|131/403|[silent]","|faint|p1a: Latios","|","|switch|p1a: Clefable|Clefable, F|394/394","|turn|13","|","|move|p2a: Shaymin|Leech Seed|p1a: Clefable","|-start|p1a: Clefable|move: Leech Seed","|move|p1a: Clefable|Moonblast|p2a: Shaymin","|-activate|p2a: Shaymin|Substitute|[damage]","|","|-heal|p2a: Shaymin|156/403|[from] item: Leftovers","|turn|14","|","|move|p2a: Shaymin|Air Slash|p1a: Clefable","|-damage|p1a: Clefable|337/394","|cant|p1a: Clefable|flinch","|","|-heal|p2a: Shaymin|181/403|[from] item: Leftovers","|-heal|p1a: Clefable|361/394|[from] item: Leftovers","|turn|15","|","|switch|p1a: Manectric|Manectric-Mega, F|224/281","|-ability|p1a: Manectric|Intimidate","|-activate|p2a: Shaymin|Substitute|ability: Intimidate|[of] p1a: Manectric","|move|p2a: Shaymin|Seed Flare|p1a: Manectric","|-damage|p1a: Manectric|53/281","|","|-heal|p2a: Shaymin|206/403|[from] item: Leftovers","|turn|16","|","|move|p1a: Manectric|Volt Switch|p2a: Shaymin","|-resisted|p2a: Shaymin","|-end|p2a: Shaymin|Substitute","|","|switch|p1a: Clefable|Clefable, F|361/394","|move|p2a: Shaymin|Seed Flare|p1a: Clefable","|-damage|p1a: Clefable|225/394","|","|-heal|p2a: Shaymin|231/403|[from] item: Leftovers","|-heal|p1a: Clefable|249/394|[from] item: Leftovers","|turn|17","|","|switch|p1a: Landorus-Therian|Landorus-Therian, M|361/361","|-ability|p1a: Landorus-Therian|Intimidate","|-unboost|p2a: Shaymin|atk|1","|move|p2a: Shaymin|Substitute|p2a: Shaymin","|-start|p2a: Shaymin|Substitute","|-damage|p2a: Shaymin|131/403","|","|-heal|p2a: Shaymin|156/403|[from] item: Leftovers","|turn|18","|","|move|p1a: Landorus-Therian|Stone Edge|p2a: Shaymin","|-end|p2a: Shaymin|Substitute","|move|p2a: Shaymin|Air Slash|p1a: Landorus-Therian","|-damage|p1a: Landorus-Therian|292/361","|","|-heal|p1a: Landorus-Therian|314/361|[from] item: Leftovers","|-heal|p2a: Shaymin|181/403|[from] item: Leftovers","|turn|19","|","|move|p1a: Landorus-Therian|Stone Edge|p2a: Shaymin","|-damage|p2a: Shaymin|62/403","|move|p2a: Shaymin|Seed Flare|p1a: Landorus-Therian|[miss]","|-miss|p2a: Shaymin|p1a: Landorus-Therian","|","|-heal|p1a: Landorus-Therian|336/361|[from] item: Leftovers","|-heal|p2a: Shaymin|87/403|[from] item: Leftovers","|turn|20","|","|move|p1a: Landorus-Therian|Stone Edge|p2a: Shaymin","|-crit|p2a: Shaymin","|-damage|p2a: Shaymin|0 fnt","|faint|p2a: Shaymin","|","|-heal|p1a: Landorus-Therian|358/361|[from] item: Leftovers","|","|switch|p2a: Breloom|Breloom, M, shiny|323/323","|-damage|p2a: Breloom|303/323|[from] Stealth Rock","|turn|21","|","|switch|p1a: Manaphy|Manaphy|401/401","|move|p2a: Breloom|Spore|p1a: Manaphy","|-status|p1a: Manaphy|slp","|","|-status|p2a: Breloom|tox|[from] item: Toxic Orb","|turn|22","|","|switch|p1a: Landorus-Therian|Landorus-Therian, M|358/361","|-ability|p1a: Landorus-Therian|Intimidate","|-unboost|p2a: Breloom|atk|1","|move|p2a: Breloom|Bulk Up|p2a: Breloom","|-boost|p2a: Breloom|atk|1","|-boost|p2a: Breloom|def|1","|","|-heal|p1a: Landorus-Therian|361/361|[from] item: Leftovers","|-heal|p2a: Breloom|323/323 tox|[from] ability: Poison Heal","|turn|23","|","|switch|p1a: Clefable|Clefable, F|249/394","|move|p2a: Breloom|Bulk Up|p2a: Breloom","|-boost|p2a: Breloom|atk|1","|-boost|p2a: Breloom|def|1","|","|-heal|p1a: Clefable|273/394|[from] item: Leftovers","|turn|24","|","|move|p2a: Breloom|Seed Bomb|p1a: Clefable","|-damage|p1a: Clefable|11/394","|move|p1a: Clefable|Moonblast|p2a: Breloom","|-supereffective|p2a: Breloom","|-damage|p2a: Breloom|3/323 tox","|","|-heal|p1a: Clefable|35/394|[from] item: Leftovers","|-heal|p2a: Breloom|43/323 tox|[from] ability: Poison Heal","|turn|25","|","|switch|p1a: Manaphy|Manaphy|401/401 slp","|move|p2a: Breloom|Drain Punch|p1a: Manaphy","|-damage|p1a: Manaphy|224/401 slp","|-heal|p2a: Breloom|132/323 tox|[from] drain|[of] p1a: Manaphy","|","|-heal|p1a: Manaphy|249/401 slp|[from] item: Leftovers","|-heal|p2a: Breloom|172/323 tox|[from] ability: Poison Heal","|turn|26","|","|switch|p1a: Landorus-Therian|Landorus-Therian, M|361/361","|-ability|p1a: Landorus-Therian|Intimidate","|-unboost|p2a: Breloom|atk|1","|move|p2a: Breloom|Drain Punch|p1a: Landorus-Therian","|-resisted|p1a: Landorus-Therian","|-damage|p1a: Landorus-Therian|277/361","|-heal|p2a: Breloom|214/323 tox|[from] drain|[of] p1a: Landorus-Therian","|","|-heal|p1a: Landorus-Therian|299/361|[from] item: Leftovers","|-heal|p2a: Breloom|254/323 tox|[from] ability: Poison Heal","|turn|27","|","|move|p1a: Landorus-Therian|Swords Dance|p1a: Landorus-Therian","|-boost|p1a: Landorus-Therian|atk|2","|move|p2a: Breloom|Bulk Up|p2a: Breloom","|-boost|p2a: Breloom|atk|1","|-boost|p2a: Breloom|def|1","|","|-heal|p1a: Landorus-Therian|321/361|[from] item: Leftovers","|-heal|p2a: Breloom|294/323 tox|[from] ability: Poison Heal","|turn|28","|","|move|p1a: Landorus-Therian|Swords Dance|p1a: Landorus-Therian","|-boost|p1a: Landorus-Therian|atk|2","|move|p2a: Breloom|Seed Bomb|p1a: Landorus-Therian","|-damage|p1a: Landorus-Therian|47/361","|","|-heal|p1a: Landorus-Therian|69/361|[from] item: Leftovers","|-heal|p2a: Breloom|323/323 tox|[from] ability: Poison Heal","|turn|29","|","|move|p1a: Landorus-Therian|Earthquake|p2a: Breloom","|-resisted|p2a: Breloom","|-damage|p2a: Breloom|183/323 tox","|move|p2a: Breloom|Drain Punch|p1a: Landorus-Therian","|-resisted|p1a: Landorus-Therian","|-damage|p1a: Landorus-Therian|0 fnt","|-heal|p2a: Breloom|218/323 tox|[from] drain|[of] p1a: Landorus-Therian","|faint|p1a: Landorus-Therian","|","|-heal|p2a: Breloom|258/323 tox|[from] ability: Poison Heal","|","|switch|p1a: Manectric|Manectric-Mega, F|53/281","|-ability|p1a: Manectric|Intimidate","|-unboost|p2a: Breloom|atk|1","|turn|30","|","|move|p1a: Manectric|Flamethrower|p2a: Breloom","|-crit|p2a: Breloom","|-supereffective|p2a: Breloom","|-damage|p2a: Breloom|0 fnt","|faint|p2a: Breloom","|","|","|switch|p2a: Serperior|Serperior, M, shiny|291/291","|-damage|p2a: Serperior|255/291|[from] Stealth Rock","|turn|31","|","|move|p1a: Manectric|Volt Switch|p2a: Serperior","|-resisted|p2a: Serperior","|-damage|p2a: Serperior|192/291","|","|switch|p1a: Clefable|Clefable, F|35/394","|move|p2a: Serperior|Leaf Storm|p1a: Clefable","|-damage|p1a: Clefable|0 fnt","|-boost|p2a: Serperior|spa|2","|-damage|p2a: Serperior|163/291|[from] item: Life Orb","|faint|p1a: Clefable","|","|","|switch|p1a: Manectric|Manectric-Mega, F|53/281","|-ability|p1a: Manectric|Intimidate","|-boost|p2a: Serperior|atk|1","|turn|32","|","|move|p1a: Manectric|Flamethrower|p2a: Serperior","|-supereffective|p2a: Serperior","|-damage|p2a: Serperior|0 fnt","|faint|p2a: Serperior","|","|win|Logic"],"p1rating":{"entryid":"2182","serverid":"eos","formatid":"ou","userid":"logic","username":"Logic","w":8,"l":"3","t":"0","gxe":62.3,"r":"1528.1351692769","rd":"102.83219891053","sigma":"0","rptime":"1439888400","rpr":1597.2104632196,"rprd":85.496516511687,"rpsigma":"0","acre":1137.3875034389,"lacre":1137.3875034389,"oldacre":"1120.7419329398"},"p2rating":{"entryid":61492,"formatid":"ou","userid":"bunkig","username":"Bunki.G","r":1500,"rd":130,"sigma":0,"rpr":1462.0805485679,"rprd":122.52271119399,"rpsigma":0,"rptime":1439888400,"w":0,"l":1,"t":0,"gxe":45.3,"acre":1000,"lacre":1000,"oldacre":1000},"endType":"normal"}