{"seed":[11675,30975,40534,64082],"turns":21,"p1":"Apex Infinite","p2":"Apex✦ Warmachine","p1team":[{"name":"Surprise Mofo","species":"zoroark","item":"focussash","ability":"Illusion","moves":["darkpulse","flamethrower","nastyplot","uturn"],"nature":"Timid","evs":{"hp":0,"atk":0,"def":0,"spa":252,"spd":4,"spe":252},"ivs":{"hp":31,"atk":31,"def":31,"spa":31,"spd":31,"spe":31}},{"name":"Reptar Mofo","species":"tyranitar","item":"tyranitarite","ability":"Sand Stream","moves":["earthquake","crunch","dragondance","rockslide"],"nature":"Adamant","evs":{"hp":0,"atk":252,"def":0,"spa":0,"spd":4,"spe":252},"ivs":{"hp":31,"atk":31,"def":31,"spa":31,"spd":31,"spe":31}},{"name":"Gladiator Mofo","species":"bisharp","item":"lifeorb","ability":"Defiant","moves":["swordsdance","ironhead","suckerpunch","knockoff"],"nature":"Jolly","evs":{"hp":0,"atk":252,"def":0,"spa":0,"spd":4,"spe":252},"ivs":{"hp":31,"atk":31,"def":31,"spa":31,"spd":31,"spe":31}},{"name":"Illuminate Mofo","species":"hydreigon","item":"choicescarf","ability":"Levitate","moves":["earthpower","flamethrower","dragonpulse","darkpulse"],"nature":"Timid","evs":{"hp":0,"atk":0,"def":0,"spa":252,"spd":4,"spe":252},"ivs":{"hp":31,"atk":31,"def":31,"spa":31,"spd":31,"spe":31}},{"name":"Shiny Mofo","species":"sableye","item":"leftovers","ability":"Prankster","moves":["willowisp","recover","shadowsneak","taunt"],"nature":"Careful","evs":{"hp":248,"atk":0,"def":8,"spa":0,"spd":252,"spe":0},"ivs":{"hp":31,"atk":31,"def":31,"spa":31,"spd":31,"spe":31}},{"name":"Burd Mofo","species":"mandibuzz","item":"leftovers","ability":"Overcoat","moves":["bravebird","roost","whirlwind","toxic"],"nature":"Impish","evs":{"hp":248,"atk":8,"def":252,"spa":0,"spd":0,"spe":0},"ivs":{"hp":31,"atk":31,"def":31,"spa":31,"spd":31,"spe":31}}],"p2team":[{"name":"Diancie","species":"Diancie","item":"diancite","ability":"Clear Body","moves":["diamondstorm","earthpower","moonblast","rockpolish"],"nature":"Timid","evs":{"hp":48,"atk":4,"def":0,"spa":252,"spd":0,"spe":204},"ivs":{"hp":31,"atk":31,"def":31,"spa":31,"spd":31,"spe":31}},{"name":"Slurpuff","species":"Slurpuff","item":"sitrusberry","ability":"Unburden","moves":["playrough","drainpunch","protect","bellydrum"],"nature":"Adamant","evs":{"hp":4,"atk":252,"def":0,"spa":0,"spd":72,"spe":180},"ivs":{"hp":31,"atk":31,"def":31,"spa":31,"spd":31,"spe":31}},{"name":"Azumarill","species":"Azumarill","item":"sitrusberry","ability":"Huge Power","moves":["aquajet","icepunch","playrough","bellydrum"],"nature":"Adamant","evs":{"hp":4,"atk":252,"def":0,"spa":0,"spd":0,"spe":252},"ivs":{"hp":31,"atk":31,"def":31,"spa":31,"spd":31,"spe":31}},{"name":"Togekiss","species":"Togekiss","item":"leftovers","ability":"Serene Grace","moves":["thunderwave","roost","airslash","dazzlinggleam"],"nature":"Calm","evs":{"hp":120,"atk":0,"def":0,"spa":252,"spd":0,"spe":136},"ivs":{"hp":31,"atk":31,"def":31,"spa":31,"spd":31,"spe":31}},{"name":"Sylveon","species":"Sylveon","item":"wiseglasses","ability":"Pixilate","moves":["hypervoice","shadowball","hiddenpowerfire","healbell"],"nature":"Modest","evs":{"hp":112,"atk":0,"def":0,"spa":252,"spd":0,"spe":144},"ivs":{"hp":31,"atk":30,"def":31,"spa":30,"spd":31,"spe":30}},{"name":"Klefki","species":"Klefki","item":"lightclay","ability":"Prankster","moves":["reflect","lightscreen","thunderwave","toxic"],"nature":"Sassy","evs":{"hp":0,"atk":0,"def":252,"spa":4,"spd":252,"spe":0},"ivs":{"hp":31,"atk":31,"def":31,"spa":31,"spd":31,"spe":31}}],"log":["|player|p1|Apex Infinite|265","|player|p2|Apex✦ Warmachine|293","|gametype|singles","|gen|6","|tier|Monotype","|rated","|rule|Baton Pass Clause: Limit one Baton Passer, can't pass Spe and other stats simultaneously","|rule|Swagger Clause: Swagger is banned","|rule|Same Type Clause: Pokémon in a team must share a type","|clearpoke","|poke|p1|Zoroark, F","|poke|p1|Tyranitar, M","|poke|p1|Bisharp, M","|poke|p1|Hydreigon, F","|poke|p1|Sableye, F","|poke|p1|Mandibuzz, F","|poke|p2|Diancie","|poke|p2|Slurpuff, M","|poke|p2|Azumarill, F","|poke|p2|Togekiss, M","|poke|p2|Sylveon, M","|poke|p2|Klefki, M","|rule|Sleep Clause Mod: Limit one foe put to sleep","|rule|Species Clause: Limit one of each Pokémon","|rule|OHKO Clause: OHKO moves are banned","|rule|Moody Clause: Moody is banned","|rule|Evasion Moves Clause: Evasion moves are banned","|rule|Endless Battle Clause: Forcing endless battles is banned","|rule|HP Percentage Mod: HP is shown in percentages","|teampreview","|","|start","|switch|p1a: Gladiator Mofo|Bisharp, M|261/261","|switch|p2a: Sylveon|Sylveon, M|359/359","|turn|1","|","|move|p1a: Gladiator Mofo|Nasty Plot|p1a: Gladiator Mofo","|-boost|p1a: Gladiator Mofo|spa|2","|move|p2a: Sylveon|Hyper Voice|p1a: Gladiator Mofo","|-supereffective|p1a: Gladiator Mofo","|-enditem|p1a: Gladiator Mofo|Focus Sash","|replace|p1a: Surprise Mofo|Zoroark, F|261/261","|-damage|p1a: Surprise Mofo|1/261","|","|turn|2","|","|move|p1a: Surprise Mofo|Flamethrower|p2a: Sylveon","|-damage|p2a: Sylveon|190/359","|move|p2a: Sylveon|Hyper Voice|p1a: Surprise Mofo","|-crit|p1a: Surprise Mofo","|-supereffective|p1a: Surprise Mofo","|-damage|p1a: Surprise Mofo|0 fnt","|faint|p1a: Surprise Mofo","|","|","|switch|p1a: Gladiator Mofo|Bisharp, M|271/271","|turn|3","|","|move|p1a: Gladiator Mofo|Iron Head|p2a: Sylveon","|-supereffective|p2a: Sylveon","|-damage|p2a: Sylveon|0 fnt","|-damage|p1a: Gladiator Mofo|244/271|[from] item: Life Orb","|faint|p2a: Sylveon","|","|","|switch|p2a: Klefki|Klefki, M|255/255","|turn|4","|","|switch|p1a: Shiny Mofo|Sableye, F|303/303","|move|p2a: Klefki|Reflect|p2a: Klefki","|-sidestart|p2: Apex✦ Warmachine|Reflect","|","|turn|5","|","|move|p2a: Klefki|Thunder Wave|p1a: Shiny Mofo","|-status|p1a: Shiny Mofo|par","|move|p1a: Shiny Mofo|Taunt|p2a: Klefki","|-start|p2a: Klefki|move: Taunt","|","|turn|6","|","|switch|p2a: Togekiss|Togekiss, M|341/341","|cant|p1a: Shiny Mofo|par","|","|turn|7","|","|move|p1a: Shiny Mofo|Taunt|p2a: Togekiss","|-start|p2a: Togekiss|move: Taunt","|move|p2a: Togekiss|Air Slash|p1a: Shiny Mofo","|-damage|p1a: Shiny Mofo|176/303 par","|","|-heal|p1a: Shiny Mofo|194/303 par|[from] item: Leftovers","|turn|8","|","|move|p1a: Shiny Mofo|Will-O-Wisp|p2a: Togekiss","|-status|p2a: Togekiss|brn","|move|p2a: Togekiss|Air Slash|p1a: Shiny Mofo","|-damage|p1a: Shiny Mofo|67/303 par","|","|-heal|p1a: Shiny Mofo|85/303 par|[from] item: Leftovers","|-damage|p2a: Togekiss|299/341 brn|[from] brn","|turn|9","|","|switch|p1a: Reptar Mofo|Tyranitar, M|341/341","|-weather|Sandstorm","|move|p2a: Togekiss|Dazzling Gleam|p1a: Reptar Mofo","|-supereffective|p1a: Reptar Mofo","|-damage|p1a: Reptar Mofo|167/341","|","|-weather|Sandstorm|[upkeep]","|-damage|p2a: Togekiss|278/341 brn|[from] sandstorm","|-heal|p2a: Togekiss|299/341 brn|[from] item: Leftovers","|-damage|p2a: Togekiss|257/341 brn|[from] brn","|-end|p2a: Togekiss|move: Taunt","|turn|10","|","|detailschange|p1a: Reptar Mofo|Tyranitar-Mega, M","|-mega|p1a: Reptar Mofo|Tyranitar|Tyranitarite","|move|p2a: Togekiss|Dazzling Gleam|p1a: Reptar Mofo","|-supereffective|p1a: Reptar Mofo","|-damage|p1a: Reptar Mofo|17/341","|move|p1a: Reptar Mofo|Dragon Dance|p1a: Reptar Mofo","|-boost|p1a: Reptar Mofo|atk|1","|-boost|p1a: Reptar Mofo|spe|1","|","|-weather|Sandstorm|[upkeep]","|-damage|p2a: Togekiss|236/341 brn|[from] sandstorm","|-heal|p2a: Togekiss|257/341 brn|[from] item: Leftovers","|-damage|p2a: Togekiss|215/341 brn|[from] brn","|turn|11","|","|move|p1a: Reptar Mofo|Rock Slide|p2a: Togekiss","|-supereffective|p2a: Togekiss","|-damage|p2a: Togekiss|0 fnt","|faint|p2a: Togekiss","|","|-weather|Sandstorm|[upkeep]","|-sideend|p2: Apex✦ Warmachine|Reflect","|","|switch|p2a: Azumarill|Azumarill, F|342/342","|turn|12","|","|move|p2a: Azumarill|Aqua Jet|p1a: Reptar Mofo","|-supereffective|p1a: Reptar Mofo","|-damage|p1a: Reptar Mofo|0 fnt","|faint|p1a: Reptar Mofo","|","|-weather|Sandstorm|[upkeep]","|-damage|p2a: Azumarill|321/342|[from] sandstorm","|","|switch|p1a: Shiny Mofo|Sableye, F|85/303 par","|turn|13","|","|switch|p2a: Klefki|Klefki, M|255/255","|move|p1a: Shiny Mofo|Will-O-Wisp|p2a: Klefki","|-status|p2a: Klefki|brn","|","|-weather|none","|-heal|p1a: Shiny Mofo|103/303 par|[from] item: Leftovers","|-damage|p2a: Klefki|224/255 brn|[from] brn","|turn|14","|","|move|p2a: Klefki|Reflect|p2a: Klefki","|-sidestart|p2: Apex✦ Warmachine|Reflect","|move|p1a: Shiny Mofo|Recover|p1a: Shiny Mofo","|-heal|p1a: Shiny Mofo|255/303 par","|","|-heal|p1a: Shiny Mofo|273/303 par|[from] item: Leftovers","|-damage|p2a: Klefki|193/255 brn|[from] brn","|turn|15","|","|move|p2a: Klefki|Light Screen|p2a: Klefki","|-sidestart|p2: Apex✦ Warmachine|move: Light Screen","|cant|p1a: Shiny Mofo|par","|","|-heal|p1a: Shiny Mofo|291/303 par|[from] item: Leftovers","|-damage|p2a: Klefki|162/255 brn|[from] brn","|turn|16","|","|switch|p2a: Diancie|Diancie|253/253","|cant|p1a: Shiny Mofo|par","|","|-heal|p1a: Shiny Mofo|303/303 par|[from] item: Leftovers","|turn|17","|","|switch|p1a: Burd Mofo|Mandibuzz, F|423/423","|detailschange|p2a: Diancie|Diancie-Mega","|-mega|p2a: Diancie|Diancie|Diancite","|move|p2a: Diancie|Moonblast|p1a: Burd Mofo","|-supereffective|p1a: Burd Mofo","|-damage|p1a: Burd Mofo|1/423","|","|-heal|p1a: Burd Mofo|27/423|[from] item: Leftovers","|turn|18","|","|move|p2a: Diancie|Moonblast|p1a: Burd Mofo","|-supereffective|p1a: Burd Mofo","|-damage|p1a: Burd Mofo|0 fnt","|faint|p1a: Burd Mofo","|","|","|switch|p1a: Illuminate Mofo|Hydreigon, F|325/325","|turn|19","|","|move|p1a: Illuminate Mofo|Earth Power|p2a: Diancie","|-supereffective|p2a: Diancie","|-damage|p2a: Diancie|154/253","|move|p2a: Diancie|Moonblast|p1a: Illuminate Mofo","|-supereffective|p1a: Illuminate Mofo","|-damage|p1a: Illuminate Mofo|0 fnt","|faint|p1a: Illuminate Mofo","|","|","|switch|p1a: Shiny Mofo|Sableye, F|303/303 par","|turn|20","|","|move|p1a: Shiny Mofo|Shadow Sneak|p2a: Diancie","|-damage|p2a: Diancie|136/253","|move|p2a: Diancie|Moonblast|p1a: Shiny Mofo","|-supereffective|p1a: Shiny Mofo","|-damage|p1a: Shiny Mofo|0 fnt","|faint|p1a: Shiny Mofo","|","|","|switch|p1a: Gladiator Mofo|Bisharp, M|244/271","|turn|21","|","|move|p2a: Diancie|Moonblast|p1a: Gladiator Mofo","|-damage|p1a: Gladiator Mofo|0 fnt","|faint|p1a: Gladiator Mofo","|","|win|Apex✦ Warmachine"],"p1rating":{"entryid":3188,"formatid":"monotype","userid":"apexinfinite","username":"Apex Infinite","r":1500,"rd":130,"sigma":0,"rpr":1459.8393856612,"rprd":122.8583080769,"rpsigma":0,"rptime":1439802000,"w":0,"l":1,"t":0,"gxe":45,"acre":1000,"lacre":1000,"oldacre":1000},"p2rating":{"entryid":"1756","serverid":"eos","formatid":"monotype","userid":"apexwarmachine","username":"Apex✦ Warmachine","w":1,"l":"1","t":"0","gxe":50,"r":"1500","rd":"130","sigma":"0","rptime":"1439802000","rpr":1500,"rprd":116.77753930647,"rpsigma":"0","acre":1040,"lacre":1040,"oldacre":"1000"},"endType":"normal"}