{"seed":[42982,42862,8574,53613],"turns":19,"p1":"Vin Prof Gortex","p2":"Emg GL Test Tech","p1team":[{"name":"Bisharp","species":"Bisharp","item":"leftovers","ability":"Defiant","moves":["swordsdance","knockoff","suckerpunch","lowkick"],"nature":"Jolly","evs":{"hp":0,"atk":252,"def":0,"spa":0,"spd":4,"spe":252},"ivs":{"hp":31,"atk":31,"def":31,"spa":31,"spd":31,"spe":31}},{"name":"Doublade","species":"Doublade","item":"eviolite","ability":"No Guard","moves":["shadowsneak","swordsdance","ironhead","aerialace"],"nature":"Adamant","evs":{"hp":248,"atk":252,"def":0,"spa":0,"spd":8,"spe":0},"ivs":{"hp":31,"atk":31,"def":31,"spa":31,"spd":31,"spe":31}},{"name":"Ferrothorn","species":"Ferrothorn","item":"rockyhelmet","ability":"Iron Barbs","moves":["powerwhip","leechseed","stealthrock","protect"],"nature":"Impish","evs":{"hp":248,"atk":8,"def":252,"spa":0,"spd":0,"spe":0},"ivs":{"hp":31,"atk":31,"def":31,"spa":31,"spd":31,"spe":31}},{"name":"Heatran","species":"Heatran","item":"leftovers","ability":"Flash Fire","moves":["lavaplume","earthpower","toxic","protect"],"nature":"Calm","evs":{"hp":224,"atk":0,"def":0,"spa":32,"spd":252,"spe":0},"ivs":{"hp":31,"atk":31,"def":31,"spa":31,"spd":31,"spe":31}},{"name":"Skarmory","species":"Skarmory","item":"rockyhelmet","ability":"Sturdy","moves":["bravebird","defog","roost","whirlwind"],"nature":"Impish","evs":{"hp":248,"atk":0,"def":236,"spa":0,"spd":0,"spe":24},"ivs":{"hp":31,"atk":31,"def":31,"spa":31,"spd":31,"spe":31}},{"name":"Lucario","species":"Lucario","item":"choicescarf","ability":"Steadfast","moves":["aurasphere","flashcannon","darkpulse","hiddenpowerice"],"nature":"Timid","evs":{"hp":0,"atk":0,"def":0,"spa":252,"spd":4,"spe":252},"ivs":{"hp":31,"atk":30,"def":30,"spa":31,"spd":31,"spe":31}}],"p2team":[{"name":"Hawlucha","species":"Hawlucha","item":"powerherb","ability":"Limber","moves":["swordsdance","acrobatics","skyattack","drainpunch"],"nature":"Jolly","evs":{"hp":4,"atk":252,"def":0,"spa":0,"spd":0,"spe":252},"ivs":{"hp":31,"atk":31,"def":31,"spa":31,"spd":31,"spe":31}},{"name":"Infernape","species":"Infernape","item":"focussash","ability":"Blaze","moves":["flamethrower","stealthrock","taunt","vacuumwave"],"nature":"Timid","evs":{"hp":0,"atk":0,"def":0,"spa":252,"spd":4,"spe":252},"ivs":{"hp":31,"atk":31,"def":31,"spa":31,"spd":31,"spe":31}},{"name":"Lucario","species":"Lucario","item":"lifeorb","ability":"Inner Focus","moves":["irontail","closecombat","extremespeed","honeclaws"],"nature":"Jolly","evs":{"hp":0,"atk":252,"def":0,"spa":0,"spd":4,"spe":252},"ivs":{"hp":31,"atk":31,"def":31,"spa":31,"spd":31,"spe":31}},{"name":"Medicham","species":"Medicham","item":"medichamite","ability":"Pure Power","moves":["fakeout","substitute","highjumpkick","zenheadbutt"],"nature":"Jolly","evs":{"hp":0,"atk":252,"def":0,"spa":0,"spd":4,"spe":252},"ivs":{"hp":31,"atk":31,"def":31,"spa":31,"spd":31,"spe":31}},{"name":"Keldeo","species":"Keldeo","item":"choicescarf","ability":"Justified","moves":["hydropump","scald","secretsword","hiddenpowerflying"],"nature":"Timid","evs":{"hp":4,"atk":0,"def":0,"spa":252,"spd":0,"spe":252},"ivs":{"hp":30,"atk":30,"def":30,"spa":30,"spd":30,"spe":31}},{"name":"Scrafty","species":"Scrafty","item":"lumberry","ability":"Intimidate","moves":["dragondance","knockoff","stoneedge","drainpunch"],"nature":"Jolly","evs":{"hp":0,"atk":252,"def":0,"spa":0,"spd":4,"spe":252},"ivs":{"hp":31,"atk":31,"def":31,"spa":31,"spd":31,"spe":31}}],"log":["|player|p1|Vin Prof Gortex|101","|player|p2|Emg GL Test Tech|149","|gametype|singles","|gen|6","|tier|Monotype","|rated","|rule|Baton Pass Clause: Limit one Baton Passer, can't pass Spe and other stats simultaneously","|rule|Swagger Clause: Swagger is banned","|rule|Same Type Clause: Pokémon in a team must share a type","|clearpoke","|poke|p1|Bisharp, F","|poke|p1|Doublade, F","|poke|p1|Ferrothorn, F","|poke|p1|Heatran, M","|poke|p1|Skarmory, M","|poke|p1|Lucario, F","|poke|p2|Hawlucha, F","|poke|p2|Infernape, M","|poke|p2|Lucario, M","|poke|p2|Medicham, M","|poke|p2|Keldeo","|poke|p2|Scrafty, M","|rule|Sleep Clause Mod: Limit one foe put to sleep","|rule|Species Clause: Limit one of each Pokémon","|rule|OHKO Clause: OHKO moves are banned","|rule|Moody Clause: Moody is banned","|rule|Evasion Moves Clause: Evasion moves are banned","|rule|Endless Battle Clause: Forcing endless battles is banned","|rule|HP Percentage Mod: HP is shown in percentages","|teampreview","|","|start","|switch|p1a: Ferrothorn|Ferrothorn, F|351/351","|switch|p2a: Infernape|Infernape, M|293/293","|turn|1","|","|move|p2a: Infernape|Stealth Rock|p1a: Ferrothorn","|-sidestart|p1: Vin Prof Gortex|move: Stealth Rock","|move|p1a: Ferrothorn|Stealth Rock|p2a: Infernape","|-sidestart|p2: Emg GL Test Tech|move: Stealth Rock","|","|turn|2","|","|move|p1a: Ferrothorn|Protect|p1a: Ferrothorn","|-singleturn|p1a: Ferrothorn|Protect","|move|p2a: Infernape|Flamethrower|p1a: Ferrothorn","|-activate|p1a: Ferrothorn|Protect","|","|turn|3","|","|switch|p1a: Heatran|Heatran, M|379/379","|-damage|p1a: Heatran|332/379|[from] Stealth Rock","|move|p2a: Infernape|Flamethrower|p1a: Heatran","|-start|p1a: Heatran|ability: Flash Fire","|","|-heal|p1a: Heatran|355/379|[from] item: Leftovers","|turn|4","|","|move|p2a: Infernape|Vacuum Wave|p1a: Heatran","|-supereffective|p1a: Heatran","|-damage|p1a: Heatran|265/379","|move|p1a: Heatran|Earth Power|p2a: Infernape","|-supereffective|p2a: Infernape","|-damage|p2a: Infernape|59/293","|","|-heal|p1a: Heatran|288/379|[from] item: Leftovers","|turn|5","|","|move|p2a: Infernape|Vacuum Wave|p1a: Heatran","|-supereffective|p1a: Heatran","|-damage|p1a: Heatran|196/379","|move|p1a: Heatran|Lava Plume|p2a: Infernape","|-resisted|p2a: Infernape","|-damage|p2a: Infernape|0 fnt","|faint|p2a: Infernape","|","|-heal|p1a: Heatran|219/379|[from] item: Leftovers","|","|switch|p2a: Keldeo|Keldeo|323/323","|-damage|p2a: Keldeo|303/323|[from] Stealth Rock","|turn|6","|","|-end|p1a: Heatran|ability: Flash Fire|[silent]","|switch|p1a: Doublade|Doublade, F|321/321","|-damage|p1a: Doublade|301/321|[from] Stealth Rock","|move|p2a: Keldeo|Scald|p1a: Doublade","|-damage|p1a: Doublade|127/321","|-status|p1a: Doublade|brn","|","|-damage|p1a: Doublade|87/321 brn|[from] brn","|turn|7","|","|move|p2a: Keldeo|Scald|p1a: Doublade","|-damage|p1a: Doublade|0 fnt","|faint|p1a: Doublade","|","|","|switch|p1a: Ferrothorn|Ferrothorn, F|351/351","|-damage|p1a: Ferrothorn|330/351|[from] Stealth Rock","|turn|8","|","|switch|p2a: Lucario|Lucario, M|281/281","|-damage|p2a: Lucario|273/281|[from] Stealth Rock","|move|p1a: Ferrothorn|Leech Seed|p2a: Lucario","|-start|p2a: Lucario|move: Leech Seed","|","|-damage|p2a: Lucario|238/281|[from] Leech Seed|[of] p1a: Ferrothorn","|-heal|p1a: Ferrothorn|351/351|[silent]","|turn|9","|","|move|p1a: Ferrothorn|Protect|p1a: Ferrothorn","|-singleturn|p1a: Ferrothorn|Protect","|move|p2a: Lucario|Hone Claws|p2a: Lucario","|-boost|p2a: Lucario|atk|1","|-boost|p2a: Lucario|accuracy|1","|","|-damage|p2a: Lucario|203/281|[from] Leech Seed|[of] p1a: Ferrothorn","|turn|10","|","|move|p2a: Lucario|Close Combat|p1a: Ferrothorn","|-supereffective|p1a: Ferrothorn","|-damage|p1a: Ferrothorn|0 fnt","|-damage|p2a: Lucario|168/281|[from] ability: Iron Barbs|[of] p1a: Ferrothorn","|-damage|p2a: Lucario|122/281|[from] item: Rocky Helmet|[of] p1a: Ferrothorn","|-unboost|p2a: Lucario|def|1","|-unboost|p2a: Lucario|spd|1","|-damage|p2a: Lucario|94/281|[from] item: Life Orb","|faint|p1a: Ferrothorn","|","|","|switch|p1a: Skarmory|Skarmory, M|333/333","|-damage|p1a: Skarmory|292/333|[from] Stealth Rock","|turn|11","|","|move|p2a: Lucario|Close Combat|p1a: Skarmory","|-damage|p1a: Skarmory|72/333","|-damage|p2a: Lucario|48/281|[from] item: Rocky Helmet|[of] p1a: Skarmory","|-unboost|p2a: Lucario|def|1","|-unboost|p2a: Lucario|spd|1","|-damage|p2a: Lucario|20/281|[from] item: Life Orb","|move|p1a: Skarmory|Brave Bird|p2a: Lucario","|-damage|p2a: Lucario|0 fnt","|-damage|p1a: Skarmory|65/333|[from] recoil|[of] p2a: Lucario","|faint|p2a: Lucario","|","|","|switch|p2a: Hawlucha|Hawlucha, F|298/298","|-damage|p2a: Hawlucha|261/298|[from] Stealth Rock","|turn|12","|","|move|p2a: Hawlucha|Sky Attack|p1a: Skarmory|[still]","|-prepare|p2a: Hawlucha|Sky Attack|p1a: Skarmory","|-enditem|p2a: Hawlucha|Power Herb","|-anim|p2a: Hawlucha|Sky Attack|p1a: Skarmory","|-resisted|p1a: Skarmory","|-damage|p1a: Skarmory|13/333","|move|p1a: Skarmory|Roost|p1a: Skarmory","|-heal|p1a: Skarmory|180/333","|","|turn|13","|","|move|p2a: Hawlucha|Swords Dance|p2a: Hawlucha","|-boost|p2a: Hawlucha|atk|2","|move|p1a: Skarmory|Whirlwind|p2a: Hawlucha","|drag|p2a: Medicham|Medicham, M|261/261","|-damage|p2a: Medicham|245/261|[from] Stealth Rock","|","|turn|14","|","|detailschange|p2a: Medicham|Medicham-Mega, M","|-mega|p2a: Medicham|Medicham|Medichamite","|move|p2a: Medicham|High Jump Kick|p1a: Skarmory","|-damage|p1a: Skarmory|0 fnt","|-damage|p2a: Medicham|202/261|[from] item: Rocky Helmet|[of] p1a: Skarmory","|faint|p1a: Skarmory","|","|","|switch|p1a: Heatran|Heatran, M|219/379","|-damage|p1a: Heatran|172/379|[from] Stealth Rock","|turn|15","|","|move|p1a: Heatran|Protect|p1a: Heatran","|-singleturn|p1a: Heatran|Protect","|move|p2a: Medicham|Substitute|p2a: Medicham","|-start|p2a: Medicham|Substitute","|-damage|p2a: Medicham|137/261","|","|-heal|p1a: Heatran|195/379|[from] item: Leftovers","|turn|16","|","|move|p2a: Medicham|High Jump Kick|p1a: Heatran","|-supereffective|p1a: Heatran","|-damage|p1a: Heatran|0 fnt","|faint|p1a: Heatran","|","|","|switch|p1a: Bisharp|Bisharp, F|271/271","|-damage|p1a: Bisharp|255/271|[from] Stealth Rock","|turn|17","|","|move|p1a: Bisharp|Sucker Punch|p2a: Medicham","|-end|p2a: Medicham|Substitute","|move|p2a: Medicham|High Jump Kick|p1a: Bisharp","|-supereffective|p1a: Bisharp","|-damage|p1a: Bisharp|0 fnt","|faint|p1a: Bisharp","|","|","|switch|p1a: Lucario|Lucario, F|281/281","|-damage|p1a: Lucario|273/281|[from] Stealth Rock","|turn|18","|","|move|p1a: Lucario|Flash Cannon|p2a: Medicham","|-damage|p2a: Medicham|0 fnt","|faint|p2a: Medicham","|","|","|switch|p2a: Scrafty|Scrafty, M|271/271","|-damage|p2a: Scrafty|255/271|[from] Stealth Rock","|-ability|p2a: Scrafty|Intimidate","|-unboost|p1a: Lucario|atk|1","|turn|19","|","|move|p1a: Lucario|Flash Cannon|p2a: Scrafty","|-damage|p2a: Scrafty|149/271","|move|p2a: Scrafty|Drain Punch|p1a: Lucario","|-supereffective|p1a: Lucario","|-damage|p1a: Lucario|0 fnt","|-heal|p2a: Scrafty|271/271|[from] drain|[of] p1a: Lucario","|faint|p1a: Lucario","|","|win|Emg GL Test Tech"],"p1rating":{"entryid":"6198402","serverid":"eos","formatid":"monotype","userid":"vinprofgortex","username":"Vin Prof Gortex","w":"13","l":6,"t":"0","gxe":62.1,"r":"1615.1384886009","rd":"83.366002172636","sigma":"0","rptime":"1439802000","rpr":1595.4920370421,"rprd":81.186427140301,"rpsigma":"0","acre":1156.6918000942,"lacre":1156.6918000942,"oldacre":"1183.3568587906"},"p2rating":{"entryid":"7162853","serverid":"eos","formatid":"monotype","userid":"emggltesttech","username":"Emg GL Test Tech","w":14,"l":"7","t":"0","gxe":63.7,"r":"1592.5934610457","rd":"73.130275813717","sigma":"0","rptime":"1439802000","rpr":1607.780233638,"rprd":71.667310011061,"rpsigma":"0","acre":1186.8475850043,"lacre":1186.8475850043,"oldacre":"1160.1825263079"},"endType":"normal"}