{"seed":[50594,5648,811,9842],"turns":19,"p1":"SL~Kingdra - ⓢⓐⓓ","p2":"Knight ϟ Miku","p1team":[{"name":"Chesnaught","species":"Chesnaught","item":"leftovers","ability":"Bulletproof","moves":["spikes","leechseed","spikyshield","drainpunch"],"nature":"Impish","evs":{"hp":252,"atk":0,"def":252,"spa":0,"spd":4,"spe":0},"ivs":{"hp":31,"atk":31,"def":31,"spa":31,"spd":31,"spe":31}},{"name":"Infernape","species":"Infernape","item":"focussash","ability":"Iron Fist","moves":["stealthrock","closecombat","firepunch","machpunch"],"nature":"Jolly","evs":{"hp":4,"atk":252,"def":0,"spa":0,"spd":0,"spe":252},"ivs":{"hp":31,"atk":31,"def":31,"spa":31,"spd":31,"spe":31}},{"name":"Medicham","species":"Medicham","item":"medichamite","ability":"Pure Power","moves":["fakeout","bulletpunch","zenheadbutt","highjumpkick"],"nature":"Jolly","evs":{"hp":4,"atk":252,"def":0,"spa":0,"spd":0,"spe":252},"ivs":{"hp":31,"atk":31,"def":31,"spa":31,"spd":31,"spe":31}},{"name":"Terrakion","species":"Terrakion","item":"choicescarf","ability":"Justified","moves":["ironhead","stoneedge","closecombat","earthquake"],"nature":"Adamant","evs":{"hp":4,"atk":252,"def":0,"spa":0,"spd":0,"spe":252},"ivs":{"hp":31,"atk":31,"def":31,"spa":31,"spd":31,"spe":31}},{"name":"Keldeo-Resolute","species":"Keldeo-Resolute","item":"choicespecs","ability":"Justified","moves":["secretsword","scald","icywind","hydropump"],"nature":"Timid","evs":{"hp":4,"atk":0,"def":0,"spa":252,"spd":0,"spe":252},"ivs":{"hp":31,"atk":31,"def":31,"spa":31,"spd":31,"spe":31}},{"name":"Hawlucha","species":"Hawlucha","item":"powerherb","ability":"Unburden","moves":["acrobatics","skyattack","drainpunch","swordsdance"],"nature":"Adamant","evs":{"hp":0,"atk":252,"def":0,"spa":0,"spd":0,"spe":252},"ivs":{"hp":31,"atk":31,"def":31,"spa":31,"spd":31,"spe":31}}],"p2team":[{"name":"Fabulous","species":"ampharos","item":"ampharosite","ability":"Static","moves":["toxic","healbell","powergem","dragonpulse"],"nature":"Calm","evs":{"hp":248,"atk":0,"def":0,"spa":8,"spd":252,"spe":0},"gender":"M","ivs":{"hp":31,"atk":0,"def":31,"spa":31,"spd":31,"spe":31},"shiny":true},{"name":"Spooky","species":"rotomwash","item":"leftovers","ability":"Levitate","moves":["willowisp","voltswitch","hydropump","painsplit"],"nature":"Bold","evs":{"hp":252,"atk":0,"def":252,"spa":4,"spd":0,"spe":0},"ivs":{"hp":31,"atk":0,"def":31,"spa":31,"spd":31,"spe":31}},{"name":"Taiga","species":"raikou","item":"leftovers","ability":"Pressure","moves":["hiddenpowerice","extrasensory","thunderbolt","calmmind"],"nature":"Timid","evs":{"hp":0,"atk":0,"def":0,"spa":252,"spd":4,"spe":252},"ivs":{"hp":31,"atk":0,"def":30,"spa":31,"spd":31,"spe":31},"shiny":true},{"name":"Sex Friend ;)","species":"thundurus","item":"lifeorb","ability":"Prankster","moves":["thunderwave","superpower","knockoff","taunt"],"nature":"Jolly","evs":{"hp":0,"atk":252,"def":0,"spa":0,"spd":4,"spe":252},"ivs":{"hp":31,"atk":31,"def":31,"spa":31,"spd":31,"spe":31}},{"name":"Beep","species":"magnezone","item":"choicespecs","ability":"Sturdy","moves":["thunderbolt","hiddenpowergrass","flashcannon","signalbeam"],"nature":"Modest","evs":{"hp":248,"atk":0,"def":0,"spa":252,"spd":8,"spe":0},"ivs":{"hp":31,"atk":0,"def":31,"spa":30,"spd":31,"spe":31}},{"name":"KAKAW","species":"zapdos","item":"leftovers","ability":"Pressure","moves":["heatwave","roost","defog","discharge"],"nature":"Calm","evs":{"hp":252,"atk":0,"def":0,"spa":4,"spd":252,"spe":0},"ivs":{"hp":31,"atk":0,"def":31,"spa":31,"spd":31,"spe":31}}],"log":["|player|p1|SL~Kingdra - ⓢⓐⓓ|99","|player|p2|Knight ϟ Miku|86","|gametype|singles","|gen|6","|tier|Monotype","|rated","|rule|Baton Pass Clause: Limit one Baton Passer, can't pass Spe and other stats simultaneously","|rule|Swagger Clause: Swagger is banned","|rule|Same Type Clause: Pokémon in a team must share a type","|clearpoke","|poke|p1|Chesnaught, M","|poke|p1|Infernape, F","|poke|p1|Medicham, M","|poke|p1|Terrakion","|poke|p1|Keldeo-Resolute","|poke|p1|Hawlucha, M","|poke|p2|Ampharos, M, shiny","|poke|p2|Rotom-Wash","|poke|p2|Raikou, shiny","|poke|p2|Thundurus, M","|poke|p2|Magnezone","|poke|p2|Zapdos","|rule|Sleep Clause Mod: Limit one foe put to sleep","|rule|Species Clause: Limit one of each Pokémon","|rule|OHKO Clause: OHKO moves are banned","|rule|Moody Clause: Moody is banned","|rule|Evasion Moves Clause: Evasion moves are banned","|rule|Endless Battle Clause: Forcing endless battles is banned","|rule|HP Percentage Mod: HP is shown in percentages","|teampreview","|","|start","|switch|p1a: Infernape|Infernape, F|294/294","|switch|p2a: Sex Friend ;)|Thundurus, M|299/299","|turn|1","|","|move|p2a: Sex Friend ;)|Thunder Wave|p1a: Infernape","|-status|p1a: Infernape|par","|move|p1a: Infernape|Stealth Rock|p2a: Sex Friend ;)","|-sidestart|p2: Knight ϟ Miku|move: Stealth Rock","|","|turn|2","|","|move|p2a: Sex Friend ;)|Knock Off|p1a: Infernape","|-resisted|p1a: Infernape","|-damage|p1a: Infernape|208/294 par","|-enditem|p1a: Infernape|Focus Sash|[from] move: Knock Off|[of] p2a: Sex Friend ;)","|-damage|p2a: Sex Friend ;)|270/299|[from] item: Life Orb","|move|p1a: Infernape|Fire Punch|p2a: Sex Friend ;)","|-damage|p2a: Sex Friend ;)|93/299","|","|turn|3","|","|move|p1a: Infernape|Mach Punch|p2a: Sex Friend ;)","|-resisted|p2a: Sex Friend ;)","|-damage|p2a: Sex Friend ;)|44/299","|move|p2a: Sex Friend ;)|Superpower|p1a: Infernape","|-damage|p1a: Infernape|0 fnt","|-unboost|p2a: Sex Friend ;)|atk|1","|-unboost|p2a: Sex Friend ;)|def|1","|-damage|p2a: Sex Friend ;)|15/299|[from] item: Life Orb","|faint|p1a: Infernape","|","|","|switch|p1a: Medicham|Medicham, M|262/262","|turn|4","|","|detailschange|p1a: Medicham|Medicham-Mega, M","|-mega|p1a: Medicham|Medicham|Medichamite","|move|p1a: Medicham|Fake Out|p2a: Sex Friend ;)","|-damage|p2a: Sex Friend ;)|0 fnt","|faint|p2a: Sex Friend ;)","|","|","|switch|p2a: Spooky|Rotom-Wash|304/304","|-damage|p2a: Spooky|266/304|[from] Stealth Rock","|turn|5","|","|move|p1a: Medicham|High Jump Kick|p2a: Spooky","|-damage|p2a: Spooky|20/304","|move|p2a: Spooky|Will-O-Wisp|p1a: Medicham","|-status|p1a: Medicham|brn","|","|-heal|p2a: Spooky|39/304|[from] item: Leftovers","|-damage|p1a: Medicham|230/262 brn|[from] brn","|turn|6","|","|move|p1a: Medicham|High Jump Kick|p2a: Spooky","|-damage|p2a: Spooky|0 fnt","|faint|p2a: Spooky","|","|-damage|p1a: Medicham|198/262 brn|[from] brn","|","|switch|p2a: KAKAW|Zapdos|384/384","|-damage|p2a: KAKAW|288/384|[from] Stealth Rock","|-ability|p2a: KAKAW|Pressure","|turn|7","|","|move|p1a: Medicham|Zen Headbutt|p2a: KAKAW","|-damage|p2a: KAKAW|162/384","|move|p2a: KAKAW|Defog|p1a: Medicham","|-unboost|p1a: Medicham|evasion|1","|-sideend|p2: Knight ϟ Miku|Stealth Rock|[from] move: Defog|[of] p2a: KAKAW","|","|-heal|p2a: KAKAW|186/384|[from] item: Leftovers","|-damage|p1a: Medicham|166/262 brn|[from] brn","|turn|8","|","|move|p1a: Medicham|Zen Headbutt|p2a: KAKAW","|-damage|p2a: KAKAW|61/384","|move|p2a: KAKAW|Roost|p2a: KAKAW","|-heal|p2a: KAKAW|253/384","|","|-heal|p2a: KAKAW|277/384|[from] item: Leftovers","|-damage|p1a: Medicham|134/262 brn|[from] brn","|turn|9","|","|move|p1a: Medicham|Zen Headbutt|p2a: KAKAW","|-damage|p2a: KAKAW|133/384","|move|p2a: KAKAW|Discharge|p1a: Medicham","|-damage|p1a: Medicham|14/262 brn","|","|-heal|p2a: KAKAW|157/384|[from] item: Leftovers","|-damage|p1a: Medicham|0 fnt|[from] brn","|faint|p1a: Medicham","|","|switch|p1a: Keldeo-Resolute|Keldeo-Resolute|324/324","|turn|10","|","|move|p1a: Keldeo-Resolute|Scald|p2a: KAKAW","|-damage|p2a: KAKAW|0 fnt","|faint|p2a: KAKAW","|","|","|switch|p2a: Taiga|Raikou, shiny|321/321","|-ability|p2a: Taiga|Pressure","|turn|11","|","|move|p2a: Taiga|Calm Mind|p2a: Taiga","|-boost|p2a: Taiga|spa|1","|-boost|p2a: Taiga|spd|1","|move|p1a: Keldeo-Resolute|Scald|p2a: Taiga","|-damage|p2a: Taiga|176/321","|-status|p2a: Taiga|brn","|","|-heal|p2a: Taiga|196/321 brn|[from] item: Leftovers","|-damage|p2a: Taiga|156/321 brn|[from] brn","|turn|12","|","|move|p2a: Taiga|Thunderbolt|p1a: Keldeo-Resolute","|-supereffective|p1a: Keldeo-Resolute","|-damage|p1a: Keldeo-Resolute|0 fnt","|faint|p1a: Keldeo-Resolute","|","|-heal|p2a: Taiga|176/321 brn|[from] item: Leftovers","|-damage|p2a: Taiga|136/321 brn|[from] brn","|","|switch|p1a: Chesnaught|Chesnaught, M|380/380","|turn|13","|","|move|p2a: Taiga|Extrasensory|p1a: Chesnaught","|-supereffective|p1a: Chesnaught","|-damage|p1a: Chesnaught|40/380","|move|p1a: Chesnaught|Leech Seed|p2a: Taiga","|-start|p2a: Taiga|move: Leech Seed","|","|-heal|p2a: Taiga|156/321 brn|[from] item: Leftovers","|-heal|p1a: Chesnaught|63/380|[from] item: Leftovers","|-damage|p2a: Taiga|116/321 brn|[from] Leech Seed|[of] p1a: Chesnaught","|-heal|p1a: Chesnaught|103/380|[silent]","|-damage|p2a: Taiga|76/321 brn|[from] brn","|turn|14","|","|move|p1a: Chesnaught|Spiky Shield|p1a: Chesnaught","|-singleturn|p1a: Chesnaught|move: Protect","|move|p2a: Taiga|Extrasensory|p1a: Chesnaught","|-activate|p1a: Chesnaught|Protect","|","|-heal|p2a: Taiga|96/321 brn|[from] item: Leftovers","|-heal|p1a: Chesnaught|126/380|[from] item: Leftovers","|-damage|p2a: Taiga|56/321 brn|[from] Leech Seed|[of] p1a: Chesnaught","|-heal|p1a: Chesnaught|166/380|[silent]","|-damage|p2a: Taiga|16/321 brn|[from] brn","|turn|15","|","|move|p2a: Taiga|Extrasensory|p1a: Chesnaught","|-supereffective|p1a: Chesnaught","|-damage|p1a: Chesnaught|0 fnt","|faint|p1a: Chesnaught","|","|-heal|p2a: Taiga|36/321 brn|[from] item: Leftovers","|-damage|p2a: Taiga|0 fnt|[from] brn","|faint|p2a: Taiga","|","|switch|p1a: Terrakion|Terrakion|324/324","|switch|p2a: Beep|Magnezone|343/343","|turn|16","|","|move|p1a: Terrakion|Earthquake|p2a: Beep","|-supereffective|p2a: Beep","|-ability|p2a: Beep|Sturdy","|-damage|p2a: Beep|1/343","|move|p2a: Beep|Flash Cannon|p1a: Terrakion","|-supereffective|p1a: Terrakion","|-damage|p1a: Terrakion|0 fnt","|faint|p1a: Terrakion","|","|","|switch|p1a: Hawlucha|Hawlucha, M|297/297","|turn|17","|","|move|p1a: Hawlucha|Sky Attack|p2a: Beep|[still]","|-prepare|p1a: Hawlucha|Sky Attack|p2a: Beep","|-enditem|p1a: Hawlucha|Power Herb","|-anim|p1a: Hawlucha|Sky Attack|p2a: Beep","|-resisted|p2a: Beep","|-damage|p2a: Beep|0 fnt","|faint|p2a: Beep","|","|","|switch|p2a: Fabulous|Ampharos, M, shiny|383/383","|turn|18","|","|detailschange|p2a: Fabulous|Ampharos-Mega, M, shiny","|-mega|p2a: Fabulous|Ampharos|Ampharosite","|-ability|p2a: Fabulous|Mold Breaker","|move|p1a: Hawlucha|Drain Punch|p2a: Fabulous","|-damage|p2a: Fabulous|281/383","|move|p2a: Fabulous|Dragon Pulse|p1a: Hawlucha","|-damage|p1a: Hawlucha|81/297","|","|turn|19","|","|move|p1a: Hawlucha|Drain Punch|p2a: Fabulous","|-damage|p2a: Fabulous|175/383","|-heal|p1a: Hawlucha|134/297|[from] drain|[of] p2a: Fabulous","|move|p2a: Fabulous|Dragon Pulse|p1a: Hawlucha","|-damage|p1a: Hawlucha|0 fnt","|faint|p1a: Hawlucha","|","|win|Knight ϟ Miku"],"p1rating":{"entryid":"7548471","serverid":"eos","formatid":"monotype","userid":"slkingdra","username":"SL~Kingdra","w":"26","l":26,"t":"0","gxe":49.4,"r":"1481.8412010282","rd":"58.95433178987","sigma":"0","rptime":"1439715600","rpr":1495.5008642612,"rprd":48.263493785033,"rpsigma":"0","acre":1096.6963546913,"lacre":1096.6963546913,"oldacre":"1119.9268296091"},"p2rating":{"entryid":"7210042","serverid":"eos","formatid":"monotype","userid":"knightmiku","username":"Knight♕Miku","w":18,"l":"10","t":"0","gxe":59,"r":"1560.1465819883","rd":"65.156239133735","sigma":"0","rptime":"1439715600","rpr":1569.2446515883,"rprd":64.12676686822,"rpsigma":"0","acre":1167.7903357061,"lacre":1167.7903357061,"oldacre":"1144.5598607883"},"endType":"normal"}