{"seed":[52635,3844,1496,8968],"turns":20,"p1":"Knight Aura","p2":"Kre8noyz","p1team":[{"name":"Medicham","species":"Medicham","item":"medichamite","ability":"Pure Power","moves":["fakeout","bulletpunch","highjumpkick","psychocut"],"nature":"Jolly","evs":{"hp":0,"atk":252,"def":4,"spa":0,"spd":0,"spe":252},"ivs":{"hp":31,"atk":31,"def":31,"spa":31,"spd":31,"spe":31}},{"name":"Cobalion","species":"Cobalion","item":"leftovers","ability":"Justified","moves":["thunderwave","stealthrock","ironhead","roar"],"nature":"Impish","evs":{"hp":252,"atk":0,"def":224,"spa":0,"spd":32,"spe":0},"ivs":{"hp":31,"atk":31,"def":31,"spa":31,"spd":31,"spe":31}},{"name":"Conkeldurr","species":"Conkeldurr","item":"assaultvest","ability":"Guts","moves":["machpunch","drainpunch","icepunch","knockoff"],"nature":"Adamant","evs":{"hp":248,"atk":252,"def":0,"spa":0,"spd":8,"spe":0},"ivs":{"hp":31,"atk":31,"def":31,"spa":31,"spd":31,"spe":31}},{"name":"Terrakion","species":"Terrakion","item":"choicescarf","ability":"Justified","moves":["closecombat","stoneedge","ironhead","earthquake"],"nature":"Jolly","evs":{"hp":0,"atk":252,"def":0,"spa":0,"spd":4,"spe":252},"ivs":{"hp":31,"atk":31,"def":31,"spa":31,"spd":31,"spe":31}},{"name":"Keldeo","species":"Keldeo","item":"choicespecs","ability":"Justified","moves":["hydropump","secretsword","icywind","hiddenpowerflying"],"nature":"Timid","evs":{"hp":4,"atk":0,"def":0,"spa":252,"spd":0,"spe":252},"ivs":{"hp":30,"atk":30,"def":30,"spa":30,"spd":30,"spe":31}},{"name":"Toxicroak","species":"Toxicroak","item":"lifeorb","ability":"Dry Skin","moves":["gunkshot","drainpunch","icepunch","suckerpunch"],"nature":"Jolly","evs":{"hp":0,"atk":252,"def":0,"spa":0,"spd":4,"spe":252},"ivs":{"hp":31,"atk":31,"def":31,"spa":31,"spd":31,"spe":31}}],"p2team":[{"name":"Swampert","species":"Swampert","item":"focussash","ability":"Damp","moves":["earthquake","brickbreak","icepunch","counter"],"nature":"Impish","evs":{"hp":8,"atk":252,"def":0,"spa":0,"spd":0,"spe":248},"happiness":0,"ivs":{"hp":31,"atk":31,"def":31,"spa":31,"spd":31,"spe":31}},{"name":"Starmie","species":"Starmie","item":"leftovers","ability":"Natural Cure","moves":["rapidspin","signalbeam","psychic","reflecttype"],"nature":"Timid","evs":{"hp":0,"atk":0,"def":4,"spa":188,"spd":64,"spe":252},"ivs":{"hp":31,"atk":31,"def":31,"spa":31,"spd":31,"spe":31}},{"name":"Keldeo-Resolute","species":"Keldeo-Resolute","item":"leftovers","ability":"Justified","moves":["surf","secretsword","hiddenpowerflying","calmmind"],"nature":"Timid","evs":{"hp":0,"atk":4,"def":0,"spa":252,"spd":0,"spe":252},"ivs":{"hp":30,"atk":30,"def":30,"spa":30,"spd":30,"spe":31}},{"name":"Politoed","species":"Politoed","item":"leftovers","ability":"Drizzle","moves":["endeavor","hypnosis","perishsong","scald"],"nature":"","evs":{"hp":0,"atk":0,"def":252,"spa":0,"spd":252,"spe":4},"ivs":{"hp":31,"atk":31,"def":31,"spa":31,"spd":31,"spe":31}},{"name":"Lapras","species":"Lapras","item":"leftovers","ability":"Hydration","moves":["raindance","confuseray","freezedry","surf"],"nature":"Timid","evs":{"hp":0,"atk":0,"def":4,"spa":252,"spd":0,"spe":252},"ivs":{"hp":31,"atk":31,"def":31,"spa":31,"spd":31,"spe":31}},{"name":"Kingdra","species":"Kingdra","item":"lifeorb","ability":"Swift Swim","moves":["clearsmog","dragonpulse","scald","raindance"],"nature":"","evs":{"hp":4,"atk":0,"def":0,"spa":252,"spd":0,"spe":252},"ivs":{"hp":31,"atk":31,"def":31,"spa":31,"spd":31,"spe":31}}],"log":["|player|p1|Knight Aura|40","|player|p2|Kre8noyz|163","|gametype|singles","|gen|6","|tier|Monotype","|rated","|rule|Baton Pass Clause: Limit one Baton Passer, can't pass Spe and other stats simultaneously","|rule|Swagger Clause: Swagger is banned","|rule|Same Type Clause: Pokémon in a team must share a type","|clearpoke","|poke|p1|Medicham, M","|poke|p1|Cobalion","|poke|p1|Conkeldurr, M","|poke|p1|Terrakion","|poke|p1|Keldeo","|poke|p1|Toxicroak, M","|poke|p2|Swampert, F","|poke|p2|Starmie","|poke|p2|Keldeo-Resolute","|poke|p2|Politoed, F","|poke|p2|Lapras, F","|poke|p2|Kingdra, M","|rule|Sleep Clause Mod: Limit one foe put to sleep","|rule|Species Clause: Limit one of each Pokémon","|rule|OHKO Clause: OHKO moves are banned","|rule|Moody Clause: Moody is banned","|rule|Evasion Moves Clause: Evasion moves are banned","|rule|Endless Battle Clause: Forcing endless battles is banned","|rule|HP Percentage Mod: HP is shown in percentages","|teampreview","|","|start","|switch|p1a: Toxicroak|Toxicroak, M|307/307","|switch|p2a: Politoed|Politoed, F|321/321","|-weather|RainDance","|turn|1","|","|move|p1a: Toxicroak|Gunk Shot|p2a: Politoed|[miss]","|-miss|p1a: Toxicroak|p2a: Politoed","|move|p2a: Politoed|Hypnosis|p1a: Toxicroak|[miss]","|-miss|p2a: Politoed|p1a: Toxicroak","|","|-weather|RainDance|[upkeep]","|turn|2","|","|move|p1a: Toxicroak|Gunk Shot|p2a: Politoed","|-damage|p2a: Politoed|79/321","|-damage|p1a: Toxicroak|277/307|[from] item: Life Orb","|move|p2a: Politoed|Hypnosis|p1a: Toxicroak|[miss]","|-miss|p2a: Politoed|p1a: Toxicroak","|","|-weather|RainDance|[upkeep]","|-heal|p1a: Toxicroak|307/307|[from] ability: Dry Skin","|-heal|p2a: Politoed|99/321|[from] item: Leftovers","|turn|3","|","|switch|p2a: Starmie|Starmie|261/261","|move|p1a: Toxicroak|Drain Punch|p2a: Starmie","|-resisted|p2a: Starmie","|-damage|p2a: Starmie|173/261","|-damage|p1a: Toxicroak|277/307|[from] item: Life Orb","|","|-weather|RainDance|[upkeep]","|-heal|p1a: Toxicroak|307/307|[from] ability: Dry Skin","|-heal|p2a: Starmie|189/261|[from] item: Leftovers","|turn|4","|","|move|p1a: Toxicroak|Sucker Punch|p2a: Starmie","|-fail|p1a: Toxicroak","|move|p2a: Starmie|Reflect Type|p1a: Toxicroak","|-start|p2a: Starmie|typechange|[from] move: Reflect Type|[of] p1a: Toxicroak","|","|-weather|RainDance|[upkeep]","|-heal|p2a: Starmie|205/261|[from] item: Leftovers","|turn|5","|","|switch|p1a: Cobalion|Cobalion|386/386","|move|p2a: Starmie|Psychic|p1a: Cobalion","|-damage|p1a: Cobalion|274/386","|","|-weather|none","|-heal|p2a: Starmie|221/261|[from] item: Leftovers","|-heal|p1a: Cobalion|298/386|[from] item: Leftovers","|turn|6","|","|switch|p2a: Politoed|Politoed, F|99/321","|-weather|RainDance","|move|p1a: Cobalion|Thunder Wave|p2a: Politoed","|-status|p2a: Politoed|par","|","|-weather|RainDance|[upkeep]","|-heal|p1a: Cobalion|322/386|[from] item: Leftovers","|-heal|p2a: Politoed|119/321 par|[from] item: Leftovers","|turn|7","|","|move|p1a: Cobalion|Stealth Rock|p2a: Politoed","|-sidestart|p2: Kre8noyz|move: Stealth Rock","|cant|p2a: Politoed|par","|","|-weather|RainDance|[upkeep]","|-heal|p1a: Cobalion|346/386|[from] item: Leftovers","|-heal|p2a: Politoed|139/321 par|[from] item: Leftovers","|turn|8","|","|move|p2a: Politoed|Hypnosis|p1a: Cobalion","|-status|p1a: Cobalion|slp","|cant|p1a: Cobalion|slp","|","|-weather|RainDance|[upkeep]","|-heal|p1a: Cobalion|370/386 slp|[from] item: Leftovers","|-heal|p2a: Politoed|159/321 par|[from] item: Leftovers","|turn|9","|","|switch|p1a: Toxicroak|Toxicroak, M|307/307","|cant|p2a: Politoed|par","|","|-weather|RainDance|[upkeep]","|-heal|p2a: Politoed|179/321 par|[from] item: Leftovers","|turn|10","|","|move|p1a: Toxicroak|Gunk Shot|p2a: Politoed|[miss]","|-miss|p1a: Toxicroak|p2a: Politoed","|move|p2a: Politoed|Endeavor|p1a: Toxicroak","|-damage|p1a: Toxicroak|179/307","|","|-weather|none","|-heal|p2a: Politoed|199/321 par|[from] item: Leftovers","|turn|11","|","|switch|p2a: Starmie|Starmie|221/261","|-damage|p2a: Starmie|189/261|[from] Stealth Rock","|move|p1a: Toxicroak|Drain Punch|p2a: Starmie","|-resisted|p2a: Starmie","|-damage|p2a: Starmie|95/261","|-heal|p1a: Toxicroak|226/307|[from] drain|[of] p2a: Starmie","|-damage|p1a: Toxicroak|196/307|[from] item: Life Orb","|","|-heal|p2a: Starmie|111/261|[from] item: Leftovers","|turn|12","|","|move|p1a: Toxicroak|Sucker Punch|p2a: Starmie","|-fail|p1a: Toxicroak","|move|p2a: Starmie|Reflect Type|p1a: Toxicroak","|-start|p2a: Starmie|typechange|[from] move: Reflect Type|[of] p1a: Toxicroak","|","|-heal|p2a: Starmie|127/261|[from] item: Leftovers","|turn|13","|","|switch|p1a: Cobalion|Cobalion|370/386 slp","|move|p2a: Starmie|Rapid Spin|p1a: Cobalion","|-resisted|p1a: Cobalion","|-damage|p1a: Cobalion|367/386 slp","|-sideend|p2: Kre8noyz|Stealth Rock|[from] move: Rapid Spin|[of] p2a: Starmie","|","|-heal|p2a: Starmie|143/261|[from] item: Leftovers","|-heal|p1a: Cobalion|386/386 slp|[from] item: Leftovers","|turn|14","|","|switch|p2a: Lapras|Lapras, F|401/401","|cant|p1a: Cobalion|slp","|","|turn|15","|","|-curestatus|p1a: Cobalion|slp","|move|p1a: Cobalion|Thunder Wave|p2a: Lapras","|-status|p2a: Lapras|par","|move|p2a: Lapras|Confuse Ray|p1a: Cobalion","|-start|p1a: Cobalion|confusion","|","|turn|16","|","|-activate|p1a: Cobalion|confusion","|-damage|p1a: Cobalion|367/386|[from] confusion","|move|p2a: Lapras|Rain Dance|p2a: Lapras","|-weather|RainDance","|","|-weather|RainDance|[upkeep]","|-heal|p1a: Cobalion|386/386|[from] item: Leftovers","|-curestatus|p2a: Lapras|par","|turn|17","|","|-activate|p1a: Cobalion|confusion","|move|p1a: Cobalion|Stealth Rock|p2a: Lapras","|-sidestart|p2: Kre8noyz|move: Stealth Rock","|move|p2a: Lapras|Surf|p1a: Cobalion","|-damage|p1a: Cobalion|161/386","|","|-weather|RainDance|[upkeep]","|-heal|p1a: Cobalion|185/386|[from] item: Leftovers","|turn|18","|","|switch|p1a: Toxicroak|Toxicroak, M|196/307","|move|p2a: Lapras|Surf|p1a: Toxicroak","|-heal|p1a: Toxicroak|272/307|[from] ability: Dry Skin|[of] p2a: Lapras","|","|-weather|RainDance|[upkeep]","|-heal|p1a: Toxicroak|307/307|[from] ability: Dry Skin","|turn|19","|","|move|p1a: Toxicroak|Drain Punch|p2a: Lapras","|-supereffective|p2a: Lapras","|-damage|p2a: Lapras|55/401","|-damage|p1a: Toxicroak|277/307|[from] item: Life Orb","|move|p2a: Lapras|Confuse Ray|p1a: Toxicroak","|-start|p1a: Toxicroak|confusion","|","|-weather|RainDance|[upkeep]","|-heal|p1a: Toxicroak|307/307|[from] ability: Dry Skin","|-heal|p2a: Lapras|80/401|[from] item: Leftovers","|turn|20","|","|-activate|p1a: Toxicroak|confusion","|move|p1a: Toxicroak|Drain Punch|p2a: Lapras","|-supereffective|p2a: Lapras","|-damage|p2a: Lapras|0 fnt","|-damage|p1a: Toxicroak|277/307|[from] item: Life Orb","|faint|p2a: Lapras","|","|-weather|none","|","|win|Knight Aura"],"p1rating":{"entryid":7693080,"formatid":"monotype","userid":"knightaura","username":"Knight Aura","r":1500,"rd":130,"sigma":0,"rpr":1535.3060521216,"rprd":122.07501685822,"rpsigma":0,"rptime":1439802000,"w":1,"l":0,"t":0,"gxe":54.4,"acre":1053.0350415551,"lacre":1053.0350415551,"oldacre":1000},"p2rating":{"entryid":"6510480","serverid":"eos","formatid":"monotype","userid":"kre8noyz","username":"Kre8noyz","w":"50","l":68,"t":"0","gxe":42.4,"r":1445.3642954139,"rd":36.418343683441,"sigma":"0","rptime":1439802000,"rpr":1442.3723598141,"rprd":36.252084388165,"rpsigma":"0","acre":1084.3583622806,"lacre":1084.3583622806,"oldacre":"1117.5052632525"},"endType":"forfeit"}