{"seed":[40390,55781,16066,53827],"turns":25,"p1":"Sovereign♕Darkdygt","p2":"GTX♅Bzumzum","p1team":[{"name":"Liu kang","species":"infernape","item":"airballoon","ability":"Blaze","moves":["hiddenpowerflying","flamethrower","closecombat","fakeout"],"nature":"Hasty","evs":{"hp":8,"atk":124,"def":0,"spa":124,"spd":0,"spe":252},"ivs":{"hp":30,"atk":30,"def":30,"spa":30,"spd":30,"spe":31}},{"name":"Gamagoori","species":"chesnaught","item":"meadowplate","ability":"Bulletproof","moves":["woodhammer","drainpunch","spikyshield","bulkup"],"nature":"Adamant","evs":{"hp":248,"atk":252,"def":0,"spa":0,"spd":8,"spe":0},"ivs":{"hp":31,"atk":31,"def":31,"spa":31,"spd":31,"spe":31}},{"name":"Porky","species":"primeape","item":"focussash","ability":"Vital Spirit","moves":["crosschop","taunt","acrobatics","nightslash"],"nature":"Jolly","evs":{"hp":4,"atk":252,"def":0,"spa":0,"spd":0,"spe":252},"shiny":true,"ivs":{"hp":31,"atk":31,"def":31,"spa":31,"spd":31,"spe":31}},{"name":"Ryu","species":"medicham","item":"medichamite","ability":"Pure Power","moves":["psychocut","bulletpunch","drainpunch","poisonjab"],"nature":"Adamant","evs":{"hp":248,"atk":252,"def":0,"spa":0,"spd":8,"spe":0},"ivs":{"hp":31,"atk":31,"def":31,"spa":31,"spd":31,"spe":31}},{"name":"Goro","species":"machamp","item":"quickclaw","ability":"No Guard","moves":["dynamicpunch","bulletpunch","knockoff","icepunch"],"nature":"Adamant","evs":{"hp":248,"atk":252,"def":0,"spa":0,"spd":8,"spe":0},"ivs":{"hp":31,"atk":31,"def":31,"spa":31,"spd":31,"spe":31}},{"name":"Luka","species":"lucario","item":"choicespecs","ability":"Inner Focus","moves":["aurasphere","flashcannon","darkpulse","dragonpulse"],"nature":"Timid","evs":{"hp":0,"atk":0,"def":0,"spa":252,"spd":4,"spe":252},"ivs":{"hp":31,"atk":31,"def":31,"spa":31,"spd":31,"spe":31}}],"p2team":[{"name":"Elec","species":"manectric","item":"manectite","ability":"Lightning Rod","moves":["thunderbolt","hiddenpowerice","mudslap","overheat"],"nature":"Timid","evs":{"hp":0,"atk":0,"def":0,"spa":252,"spd":4,"spe":252},"gender":"M","ivs":{"hp":31,"atk":30,"def":30,"spa":31,"spd":31,"spe":31}},{"name":"Breezer","species":"rotomfrost","item":"sitrusberry","ability":"Levitate","moves":["blizzard","painsplit","protect","willowisp"],"nature":"Bold","evs":{"hp":252,"atk":0,"def":28,"spa":228,"spd":0,"spe":0},"ivs":{"hp":31,"atk":31,"def":30,"spa":30,"spd":30,"spe":30},"shiny":true},{"name":"MY ZONE!!!","species":"magnezone","item":"choicespecs","ability":"Sturdy","moves":["hiddenpowerice","flashcannon","triattack","signalbeam"],"nature":"Modest","evs":{"hp":248,"atk":0,"def":0,"spa":252,"spd":8,"spe":0},"ivs":{"hp":31,"atk":30,"def":30,"spa":31,"spd":31,"spe":31},"shiny":true},{"name":"Thundurus","species":"Thundurus","item":"lifeorb","ability":"Prankster","moves":["grassknot","psychic","embargo","raindance"],"nature":"Timid","evs":{"hp":0,"atk":0,"def":4,"spa":252,"spd":0,"spe":252},"ivs":{"hp":31,"atk":30,"def":30,"spa":31,"spd":31,"spe":31},"shiny":true},{"name":"Zapz","species":"zapdos","item":"leftovers","ability":"Pressure","moves":["heatwave","roost","extrasensory","defog"],"nature":"Modest","evs":{"hp":252,"atk":0,"def":0,"spa":252,"spd":4,"spe":0},"shiny":true,"ivs":{"hp":31,"atk":31,"def":31,"spa":31,"spd":31,"spe":31}},{"name":"Plugg-in Failure","species":"electivire","item":"choicescarf","ability":"Vital Spirit","moves":["firepunch","earthquake","icepunch","rockslide"],"nature":"Jolly","evs":{"hp":0,"atk":252,"def":0,"spa":0,"spd":4,"spe":252},"gender":"M","shiny":true,"ivs":{"hp":31,"atk":31,"def":31,"spa":31,"spd":31,"spe":31}}],"log":["|player|p1|Sovereign♕Darkdygt|77","|player|p2|GTX♅Bzumzum|225","|gametype|singles","|gen|6","|tier|Monotype","|rated","|rule|Baton Pass Clause: Limit one Baton Passer, can't pass Spe and other stats simultaneously","|rule|Swagger Clause: Swagger is banned","|rule|Same Type Clause: Pokémon in a team must share a type","|clearpoke","|poke|p1|Infernape, M","|poke|p1|Chesnaught, F","|poke|p1|Primeape, M, shiny","|poke|p1|Medicham, M","|poke|p1|Machamp, F","|poke|p1|Lucario, M","|poke|p2|Manectric, M","|poke|p2|Rotom-Frost, shiny","|poke|p2|Magnezone, shiny","|poke|p2|Thundurus, M, shiny","|poke|p2|Zapdos, shiny","|poke|p2|Electivire, M, shiny","|rule|Sleep Clause Mod: Limit one foe put to sleep","|rule|Species Clause: Limit one of each Pokémon","|rule|OHKO Clause: OHKO moves are banned","|rule|Moody Clause: Moody is banned","|rule|Evasion Moves Clause: Evasion moves are banned","|rule|Endless Battle Clause: Forcing endless battles is banned","|rule|HP Percentage Mod: HP is shown in percentages","|teampreview","|","|start","|switch|p1a: Gamagoori|Chesnaught, F|379/379","|switch|p2a: Thundurus|Thundurus, M, shiny|299/299","|turn|1","|","|move|p2a: Thundurus|Embargo|p1a: Gamagoori","|-start|p1a: Gamagoori|Embargo","|move|p1a: Gamagoori|Bulk Up|p1a: Gamagoori","|-boost|p1a: Gamagoori|atk|1","|-boost|p1a: Gamagoori|def|1","|","|turn|2","|","|move|p2a: Thundurus|Psychic|p1a: Gamagoori","|-supereffective|p1a: Gamagoori","|-damage|p1a: Gamagoori|59/379","|-damage|p2a: Thundurus|270/299|[from] item: Life Orb","|move|p1a: Gamagoori|Wood Hammer|p2a: Thundurus","|-resisted|p2a: Thundurus","|-damage|p2a: Thundurus|59/299","|-damage|p1a: Gamagoori|0 fnt|[from] recoil|[of] p2a: Thundurus","|faint|p1a: Gamagoori","|","|","|switch|p1a: Luka|Lucario, M|281/281","|turn|3","|","|move|p2a: Thundurus|Embargo|p1a: Luka","|-start|p1a: Luka|Embargo","|move|p1a: Luka|Dragon Pulse|p2a: Thundurus","|-damage|p2a: Thundurus|0 fnt","|faint|p2a: Thundurus","|","|","|switch|p2a: Zapz|Zapdos, shiny|384/384","|-ability|p2a: Zapz|Pressure","|turn|4","|","|move|p1a: Luka|Dragon Pulse|p2a: Zapz","|-damage|p2a: Zapz|279/384","|move|p2a: Zapz|Heat Wave|p1a: Luka","|-supereffective|p1a: Luka","|-damage|p1a: Luka|0 fnt","|faint|p1a: Luka","|","|-heal|p2a: Zapz|303/384|[from] item: Leftovers","|","|switch|p1a: Goro|Machamp, F|383/383","|turn|5","|","|move|p2a: Zapz|Extrasensory|p1a: Goro","|-supereffective|p1a: Goro","|-damage|p1a: Goro|143/383","|move|p1a: Goro|Dynamic Punch|p2a: Zapz","|-resisted|p2a: Zapz","|-damage|p2a: Zapz|195/384","|-start|p2a: Zapz|confusion","|","|-heal|p2a: Zapz|219/384|[from] item: Leftovers","|turn|6","|","|-activate|p2a: Zapz|confusion","|-damage|p2a: Zapz|191/384|[from] confusion","|move|p1a: Goro|Knock Off|p2a: Zapz","|-damage|p2a: Zapz|36/384","|-enditem|p2a: Zapz|Leftovers|[from] move: Knock Off|[of] p1a: Goro","|","|turn|7","|-activate|p1a: Goro|item: Quick Claw","|","|move|p1a: Goro|Ice Punch|p2a: Zapz","|-supereffective|p2a: Zapz","|-damage|p2a: Zapz|0 fnt","|faint|p2a: Zapz","|","|","|switch|p2a: Elec|Manectric, M|281/281","|turn|8","|","|move|p2a: Elec|Thunderbolt|p1a: Goro","|-damage|p1a: Goro|0 fnt","|faint|p1a: Goro","|","|","|switch|p1a: Liu kang|Infernape, M|294/294","|-item|p1a: Liu kang|Air Balloon","|turn|9","|","|detailschange|p2a: Elec|Manectric-Mega, M","|-mega|p2a: Elec|Manectric|Manectite","|-ability|p2a: Elec|Intimidate","|-unboost|p1a: Liu kang|atk|1","|move|p1a: Liu kang|Fake Out|p2a: Elec","|-damage|p2a: Elec|248/281","|cant|p2a: Elec|flinch","|","|turn|10","|","|move|p2a: Elec|Mud-Slap|p1a: Liu kang","|-immune|p1a: Liu kang|[msg]","|move|p1a: Liu kang|Close Combat|p2a: Elec","|-damage|p2a: Elec|124/281","|-unboost|p1a: Liu kang|def|1","|-unboost|p1a: Liu kang|spd|1","|","|turn|11","|","|move|p2a: Elec|Thunderbolt|p1a: Liu kang","|-damage|p1a: Liu kang|0 fnt","|-enditem|p1a: Liu kang|Air Balloon","|faint|p1a: Liu kang","|","|","|switch|p1a: Ryu|Medicham, M|323/323","|turn|12","|","|detailschange|p1a: Ryu|Medicham-Mega, M","|-mega|p1a: Ryu|Medicham|Medichamite","|move|p2a: Elec|Mud-Slap|p1a: Ryu","|-crit|p1a: Ryu","|-damage|p1a: Ryu|279/323","|-unboost|p1a: Ryu|accuracy|1","|move|p1a: Ryu|Psycho Cut|p2a: Elec","|-damage|p2a: Elec|0 fnt","|faint|p2a: Elec","|","|","|switch|p2a: Breezer|Rotom-Frost, shiny|304/304","|turn|13","|","|move|p1a: Ryu|Poison Jab|p2a: Breezer|[miss]","|-miss|p1a: Ryu|p2a: Breezer","|move|p2a: Breezer|Will-O-Wisp|p1a: Ryu","|-status|p1a: Ryu|brn","|","|-damage|p1a: Ryu|239/323 brn|[from] brn","|turn|14","|","|move|p2a: Breezer|Protect|p2a: Breezer","|-singleturn|p2a: Breezer|Protect","|move|p1a: Ryu|Poison Jab|p2a: Breezer","|-activate|p2a: Breezer|Protect","|","|-damage|p1a: Ryu|199/323 brn|[from] brn","|turn|15","|","|switch|p2a: MY ZONE!!!|Magnezone, shiny|343/343","|move|p1a: Ryu|Poison Jab|p2a: MY ZONE!!!","|-immune|p2a: MY ZONE!!!|[msg]","|","|-damage|p1a: Ryu|159/323 brn|[from] brn","|turn|16","|","|move|p1a: Ryu|Drain Punch|p2a: MY ZONE!!!","|-supereffective|p2a: MY ZONE!!!","|-damage|p2a: MY ZONE!!!|108/343","|-heal|p1a: Ryu|277/323 brn|[from] drain|[of] p2a: MY ZONE!!!","|move|p2a: MY ZONE!!!|Signal Beam|p1a: Ryu","|-damage|p1a: Ryu|100/323 brn","|","|-damage|p1a: Ryu|60/323 brn|[from] brn","|turn|17","|","|switch|p2a: Breezer|Rotom-Frost, shiny|304/304","|move|p1a: Ryu|Drain Punch|p2a: Breezer|[miss]","|-miss|p1a: Ryu|p2a: Breezer","|","|-damage|p1a: Ryu|20/323 brn|[from] brn","|turn|18","|","|move|p2a: Breezer|Protect|p2a: Breezer","|-singleturn|p2a: Breezer|Protect","|move|p1a: Ryu|Drain Punch|p2a: Breezer","|-activate|p2a: Breezer|Protect","|","|-damage|p1a: Ryu|0 fnt|[from] brn","|faint|p1a: Ryu","|","|switch|p1a: Porky|Primeape, M, shiny|272/272","|turn|19","|","|move|p1a: Porky|Taunt|p2a: Breezer","|-start|p2a: Breezer|move: Taunt","|move|p2a: Breezer|Blizzard|p1a: Porky","|-miss|p2a: Breezer|p1a: Porky","|","|turn|20","|","|move|p1a: Porky|Cross Chop|p2a: Breezer|[miss]","|-miss|p1a: Porky|p2a: Breezer","|move|p2a: Breezer|Blizzard|p1a: Porky","|-miss|p2a: Breezer|p1a: Porky","|","|turn|21","|","|move|p1a: Porky|Cross Chop|p2a: Breezer","|-supereffective|p2a: Breezer","|-damage|p2a: Breezer|40/304","|-enditem|p2a: Breezer|Sitrus Berry|[eat]","|-heal|p2a: Breezer|116/304|[from] item: Sitrus Berry","|move|p2a: Breezer|Blizzard|p1a: Porky","|-damage|p1a: Porky|52/272","|","|-end|p2a: Breezer|move: Taunt","|turn|22","|","|move|p1a: Porky|Cross Chop|p2a: Breezer|[miss]","|-miss|p1a: Porky|p2a: Breezer","|move|p2a: Breezer|Pain Split|p1a: Porky","|-sethp|p1a: Porky|84/272|p2a: Breezer|84/304|[from] move: Pain Split","|","|turn|23","|","|move|p2a: Breezer|Protect|p2a: Breezer","|-singleturn|p2a: Breezer|Protect","|move|p1a: Porky|Cross Chop|p2a: Breezer","|-activate|p2a: Breezer|Protect","|","|turn|24","|","|move|p1a: Porky|Taunt|p2a: Breezer","|-start|p2a: Breezer|move: Taunt","|cant|p2a: Breezer|move: Taunt|Will-O-Wisp","|","|turn|25","|","|move|p1a: Porky|Cross Chop|p2a: Breezer|[miss]","|-miss|p1a: Porky|p2a: Breezer","|move|p2a: Breezer|Blizzard|p1a: Porky","|-damage|p1a: Porky|0 fnt","|faint|p1a: Porky","|","|win|GTX♅Bzumzum"],"p1rating":{"entryid":"6559810","serverid":"eos","formatid":"monotype","userid":"sovereigndarkdygt","username":"Sovereign♕Darkdygt","w":"0","l":2,"t":"0","gxe":37,"r":1458.9225415585,"rd":131.09666356602,"sigma":"0","rptime":1439802000,"rpr":1393.6085879079,"rprd":124.45548506698,"rpsigma":"0","acre":1000,"lacre":1000,"oldacre":"1000"},"p2rating":{"entryid":"6857825","serverid":"eos","formatid":"monotype","userid":"gtxbzumzum","username":"GTX♅Bzumzum","w":42,"l":"136","t":"0","gxe":23.9,"r":"1279.8818645621","rd":"31.061966180633","sigma":"0","rptime":"1439802000","rpr":1281.7459367291,"rprd":30.873727686214,"rpsigma":"0","acre":1050.0801336595,"lacre":1050.0801336595,"oldacre":"1013.6070695553"},"endType":"normal"}