{"seed":[22558,58270,10607,48006],"turns":29,"p1":"Carnie Fox","p2":"Emg_DemZii","p1team":[{"name":"Bisharp","species":"Bisharp","item":"focussash","ability":"Defiant","moves":["swordsdance","knockoff","ironhead","suckerpunch"],"nature":"Adamant","evs":{"hp":0,"atk":252,"def":0,"spa":0,"spd":4,"spe":252},"ivs":{"hp":31,"atk":31,"def":31,"spa":31,"spd":31,"spe":31}},{"name":"Hoopa-Unbound","species":"Hoopa-Unbound","item":"choicescarf","ability":"Magician","moves":["hyperspacefury","zenheadbutt","gunkshot","drainpunch"],"nature":"Jolly","evs":{"hp":0,"atk":252,"def":0,"spa":0,"spd":4,"spe":252},"ivs":{"hp":31,"atk":31,"def":31,"spa":31,"spd":31,"spe":31}},{"name":"Mandibuzz","species":"Mandibuzz","item":"rockyhelmet","ability":"Overcoat","moves":["foulplay","roost","defog","toxic"],"nature":"Bold","evs":{"hp":248,"atk":0,"def":252,"spa":0,"spd":8,"spe":0},"ivs":{"hp":31,"atk":31,"def":31,"spa":31,"spd":31,"spe":31}},{"name":"Honchkrow","species":"Honchkrow","item":"choicescarf","ability":"Moxie","moves":["bravebird","suckerpunch","nightslash","superpower"],"nature":"Jolly","evs":{"hp":0,"atk":252,"def":0,"spa":0,"spd":4,"spe":252},"ivs":{"hp":31,"atk":31,"def":31,"spa":31,"spd":31,"spe":31}},{"name":"Tyranitar","species":"Tyranitar","item":"tyranitarite","ability":"Sand Stream","moves":["stealthrock","stoneedge","fireblast","thunder"],"nature":"Rash","evs":{"hp":248,"atk":8,"def":0,"spa":252,"spd":0,"spe":0},"ivs":{"hp":31,"atk":31,"def":31,"spa":31,"spd":31,"spe":31}},{"name":"Crawdaunt","species":"Crawdaunt","item":"choiceband","ability":"Adaptability","moves":["knockoff","crabhammer","aquajet","crunch"],"nature":"Adamant","evs":{"hp":4,"atk":252,"def":0,"spa":0,"spd":0,"spe":252},"ivs":{"hp":31,"atk":31,"def":31,"spa":31,"spd":31,"spe":31}}],"p2team":[{"name":"RAINDROP","species":"politoed","item":"choicespecs","ability":"Drizzle","moves":["hydropump","icebeam","focusblast","hiddenpowergrass"],"nature":"Modest","evs":{"hp":248,"atk":0,"def":0,"spa":252,"spd":8,"spe":0},"ivs":{"hp":31,"atk":30,"def":31,"spa":30,"spd":31,"spe":31},"shiny":true},{"name":"Quagsire","species":"Quagsire","item":"leftovers","ability":"Unaware","moves":["earthquake","recover","toxic","scald"],"nature":"Impish","evs":{"hp":252,"atk":4,"def":252,"spa":0,"spd":0,"spe":0},"ivs":{"hp":31,"atk":31,"def":31,"spa":31,"spd":31,"spe":31}},{"name":"Fatty","species":"slowking","item":"leftovers","ability":"Regenerator","moves":["psychic","calmmind","thunderwave","signalbeam"],"nature":"Modest","evs":{"hp":252,"atk":0,"def":0,"spa":252,"spd":4,"spe":0},"shiny":true,"ivs":{"hp":31,"atk":31,"def":31,"spa":31,"spd":31,"spe":31}},{"name":"RageCandyBar","species":"gyarados","item":"gyaradosite","ability":"Intimidate","moves":["dragondance","bounce","waterfall","icefang"],"nature":"Adamant","evs":{"hp":0,"atk":252,"def":0,"spa":0,"spd":4,"spe":252},"shiny":true,"ivs":{"hp":31,"atk":31,"def":31,"spa":31,"spd":31,"spe":31}},{"name":"Golden Death","species":"azumarill","item":"choiceband","ability":"Sap Sipper","moves":["aquajet","playrough","bulldoze","icepunch"],"nature":"Adamant","evs":{"hp":248,"atk":252,"def":0,"spa":0,"spd":8,"spe":0},"shiny":true,"ivs":{"hp":31,"atk":31,"def":31,"spa":31,"spd":31,"spe":31}},{"name":"U know wat it is","species":"tentacruel","item":"blacksludge","ability":"Liquid Ooze","moves":["rapidspin","acidspray","sludgebomb","surf"],"nature":"Calm","evs":{"hp":248,"atk":0,"def":0,"spa":8,"spd":252,"spe":0},"shiny":true,"ivs":{"hp":31,"atk":31,"def":31,"spa":31,"spd":31,"spe":31}}],"log":["|player|p1|Carnie Fox|180","|player|p2|Emg_DemZii|274","|gametype|singles","|gen|6","|tier|Monotype","|rated","|rule|Baton Pass Clause: Limit one Baton Passer, can't pass Spe and other stats simultaneously","|rule|Swagger Clause: Swagger is banned","|rule|Same Type Clause: Pokémon in a team must share a type","|clearpoke","|poke|p1|Bisharp, M","|poke|p1|Hoopa-Unbound","|poke|p1|Mandibuzz, F","|poke|p1|Honchkrow, F","|poke|p1|Tyranitar, M","|poke|p1|Crawdaunt, M","|poke|p2|Politoed, M, shiny","|poke|p2|Quagsire, M","|poke|p2|Slowking, M, shiny","|poke|p2|Gyarados, M, shiny","|poke|p2|Azumarill, M, shiny","|poke|p2|Tentacruel, F, shiny","|rule|Sleep Clause Mod: Limit one foe put to sleep","|rule|Species Clause: Limit one of each Pokémon","|rule|OHKO Clause: OHKO moves are banned","|rule|Moody Clause: Moody is banned","|rule|Evasion Moves Clause: Evasion moves are banned","|rule|Endless Battle Clause: Forcing endless battles is banned","|rule|HP Percentage Mod: HP is shown in percentages","|teampreview","|","|start","|switch|p1a: Bisharp|Bisharp, M|271/271","|switch|p2a: RAINDROP|Politoed, M, shiny|383/383","|-weather|RainDance","|turn|1","|","|move|p1a: Bisharp|Swords Dance|p1a: Bisharp","|-boost|p1a: Bisharp|atk|2","|move|p2a: RAINDROP|Focus Blast|p1a: Bisharp","|-supereffective|p1a: Bisharp","|-enditem|p1a: Bisharp|Focus Sash","|-damage|p1a: Bisharp|1/271","|","|-weather|RainDance|[upkeep]","|turn|2","|","|switch|p2a: Quagsire|Quagsire, M|394/394","|move|p1a: Bisharp|Sucker Punch|p2a: Quagsire","|-fail|p1a: Bisharp","|","|-weather|RainDance|[upkeep]","|turn|3","|","|switch|p2a: Golden Death|Azumarill, M, shiny|403/403","|move|p1a: Bisharp|Knock Off|p2a: Golden Death","|-resisted|p2a: Golden Death","|-damage|p2a: Golden Death|183/403","|-enditem|p2a: Golden Death|Choice Band|[from] move: Knock Off|[of] p1a: Bisharp","|","|-weather|RainDance|[upkeep]","|turn|4","|","|move|p1a: Bisharp|Sucker Punch|p2a: Golden Death","|-resisted|p2a: Golden Death","|-damage|p2a: Golden Death|8/403","|move|p2a: Golden Death|Aqua Jet|p1a: Bisharp","|-damage|p1a: Bisharp|0 fnt","|faint|p1a: Bisharp","|","|-weather|RainDance|[upkeep]","|","|switch|p1a: Hoopa-Unbound|Hoopa-Unbound|301/301","|turn|5","|","|move|p2a: Golden Death|Aqua Jet|p1a: Hoopa-Unbound","|-damage|p1a: Hoopa-Unbound|193/301","|move|p1a: Hoopa-Unbound|Gunk Shot|p2a: Golden Death","|-supereffective|p2a: Golden Death","|-damage|p2a: Golden Death|0 fnt","|faint|p2a: Golden Death","|","|-weather|none","|","|switch|p2a: RAINDROP|Politoed, M, shiny|383/383","|-weather|RainDance","|turn|6","|","|switch|p2a: U know wat it is|Tentacruel, F, shiny|363/363","|move|p1a: Hoopa-Unbound|Gunk Shot|p2a: U know wat it is","|-resisted|p2a: U know wat it is","|-damage|p2a: U know wat it is|250/363","|","|-weather|RainDance|[upkeep]","|-heal|p2a: U know wat it is|272/363|[from] item: Black Sludge","|turn|7","|","|switch|p1a: Crawdaunt|Crawdaunt, M|268/268","|move|p2a: U know wat it is|Surf|p1a: Crawdaunt","|-resisted|p1a: Crawdaunt","|-damage|p1a: Crawdaunt|166/268","|","|-weather|RainDance|[upkeep]","|-heal|p2a: U know wat it is|294/363|[from] item: Black Sludge","|turn|8","|","|move|p2a: U know wat it is|Sludge Bomb|p1a: Crawdaunt","|-damage|p1a: Crawdaunt|21/268","|-status|p1a: Crawdaunt|psn","|move|p1a: Crawdaunt|Crabhammer|p2a: U know wat it is","|-crit|p2a: U know wat it is","|-resisted|p2a: U know wat it is","|-damage|p2a: U know wat it is|0 fnt","|faint|p2a: U know wat it is","|","|-weather|RainDance|[upkeep]","|-damage|p1a: Crawdaunt|0 fnt|[from] psn","|faint|p1a: Crawdaunt","|","|switch|p1a: Honchkrow|Honchkrow, F|341/341","|switch|p2a: Fatty|Slowking, M, shiny|394/394","|turn|9","|","|move|p1a: Honchkrow|Brave Bird|p2a: Fatty","|-damage|p2a: Fatty|138/394","|-damage|p1a: Honchkrow|257/341|[from] recoil|[of] p2a: Fatty","|move|p2a: Fatty|Calm Mind|p2a: Fatty","|-boost|p2a: Fatty|spa|1","|-boost|p2a: Fatty|spd|1","|","|-weather|RainDance|[upkeep]","|-heal|p2a: Fatty|162/394|[from] item: Leftovers","|turn|10","|","|move|p1a: Honchkrow|Brave Bird|p2a: Fatty","|-damage|p2a: Fatty|0 fnt","|-damage|p1a: Honchkrow|204/341|[from] recoil|[of] p2a: Fatty","|faint|p2a: Fatty","|-boost|p1a: Honchkrow|atk|1|[from] ability: Moxie","|","|-weather|none","|","|switch|p2a: Quagsire|Quagsire, M|394/394","|turn|11","|","|move|p1a: Honchkrow|Brave Bird|p2a: Quagsire","|-damage|p2a: Quagsire|237/394","|-damage|p1a: Honchkrow|152/341|[from] recoil|[of] p2a: Quagsire","|move|p2a: Quagsire|Scald|p1a: Honchkrow","|-damage|p1a: Honchkrow|52/341","|","|-heal|p2a: Quagsire|261/394|[from] item: Leftovers","|turn|12","|","|move|p1a: Honchkrow|Brave Bird|p2a: Quagsire","|-damage|p2a: Quagsire|92/394","|-damage|p1a: Honchkrow|0 fnt|[from] recoil|[of] p2a: Quagsire","|faint|p1a: Honchkrow","|move|p2a: Quagsire|Recover|p2a: Quagsire","|-heal|p2a: Quagsire|289/394","|","|-heal|p2a: Quagsire|313/394|[from] item: Leftovers","|","|switch|p1a: Tyranitar|Tyranitar, M|403/403","|-weather|Sandstorm","|turn|13","|","|detailschange|p1a: Tyranitar|Tyranitar-Mega, M","|-mega|p1a: Tyranitar|Tyranitar|Tyranitarite","|move|p1a: Tyranitar|Stone Edge|p2a: Quagsire","|-resisted|p2a: Quagsire","|-damage|p2a: Quagsire|237/394","|move|p2a: Quagsire|Toxic|p1a: Tyranitar","|-status|p1a: Tyranitar|tox","|","|-weather|Sandstorm|[upkeep]","|-heal|p2a: Quagsire|261/394|[from] item: Leftovers","|-damage|p1a: Tyranitar|378/403 tox|[from] psn","|turn|14","|","|move|p1a: Tyranitar|Stealth Rock|p2a: Quagsire","|-sidestart|p2: Emg_DemZii|move: Stealth Rock","|move|p2a: Quagsire|Scald|p1a: Tyranitar","|-supereffective|p1a: Tyranitar","|-damage|p1a: Tyranitar|298/403 tox","|","|-weather|Sandstorm|[upkeep]","|-heal|p2a: Quagsire|285/394|[from] item: Leftovers","|-damage|p1a: Tyranitar|248/403 tox|[from] psn","|turn|15","|","|move|p1a: Tyranitar|Stone Edge|p2a: Quagsire","|-resisted|p2a: Quagsire","|-damage|p2a: Quagsire|212/394","|move|p2a: Quagsire|Earthquake|p1a: Tyranitar","|-supereffective|p1a: Tyranitar","|-damage|p1a: Tyranitar|110/403 tox","|","|-weather|Sandstorm|[upkeep]","|-heal|p2a: Quagsire|236/394|[from] item: Leftovers","|-damage|p1a: Tyranitar|35/403 tox|[from] psn","|turn|16","|","|switch|p1a: Mandibuzz|Mandibuzz, F|423/423","|move|p2a: Quagsire|Recover|p2a: Quagsire","|-heal|p2a: Quagsire|394/394","|","|-weather|Sandstorm|[upkeep]","|turn|17","|","|move|p1a: Mandibuzz|Toxic|p2a: Quagsire","|-status|p2a: Quagsire|tox","|move|p2a: Quagsire|Toxic|p1a: Mandibuzz","|-status|p1a: Mandibuzz|tox","|","|-weather|none","|-damage|p1a: Mandibuzz|397/423 tox|[from] psn","|-damage|p2a: Quagsire|370/394 tox|[from] psn","|turn|18","|","|move|p1a: Mandibuzz|Foul Play|p2a: Quagsire","|-damage|p2a: Quagsire|295/394 tox","|move|p2a: Quagsire|Scald|p1a: Mandibuzz","|-damage|p1a: Mandibuzz|331/423 tox","|","|-heal|p2a: Quagsire|319/394 tox|[from] item: Leftovers","|-damage|p1a: Mandibuzz|279/423 tox|[from] psn","|-damage|p2a: Quagsire|271/394 tox|[from] psn","|turn|19","|","|move|p1a: Mandibuzz|Roost|p1a: Mandibuzz","|-heal|p1a: Mandibuzz|423/423 tox","|move|p2a: Quagsire|Scald|p1a: Mandibuzz","|-damage|p1a: Mandibuzz|362/423 tox","|","|-heal|p2a: Quagsire|295/394 tox|[from] item: Leftovers","|-damage|p1a: Mandibuzz|284/423 tox|[from] psn","|-damage|p2a: Quagsire|223/394 tox|[from] psn","|turn|20","|","|switch|p1a: Hoopa-Unbound|Hoopa-Unbound|193/301","|move|p2a: Quagsire|Recover|p2a: Quagsire","|-heal|p2a: Quagsire|394/394 tox","|","|-damage|p2a: Quagsire|298/394 tox|[from] psn","|turn|21","|","|move|p1a: Hoopa-Unbound|Hyperspace Fury|p2a: Quagsire","|-damage|p2a: Quagsire|145/394 tox","|-unboost|p1a: Hoopa-Unbound|def|1","|move|p2a: Quagsire|Toxic|p1a: Hoopa-Unbound","|-status|p1a: Hoopa-Unbound|tox","|","|-heal|p2a: Quagsire|169/394 tox|[from] item: Leftovers","|-damage|p1a: Hoopa-Unbound|175/301 tox|[from] psn","|-damage|p2a: Quagsire|49/394 tox|[from] psn","|turn|22","|","|move|p1a: Hoopa-Unbound|Hyperspace Fury|p2a: Quagsire","|-damage|p2a: Quagsire|0 fnt","|-unboost|p1a: Hoopa-Unbound|def|1","|faint|p2a: Quagsire","|","|-damage|p1a: Hoopa-Unbound|139/301 tox|[from] psn","|","|switch|p2a: RAINDROP|Politoed, M, shiny|383/383","|-damage|p2a: RAINDROP|336/383|[from] Stealth Rock","|-weather|RainDance","|turn|23","|","|move|p1a: Hoopa-Unbound|Hyperspace Fury|p2a: RAINDROP","|-damage|p2a: RAINDROP|59/383","|-unboost|p1a: Hoopa-Unbound|def|1","|move|p2a: RAINDROP|Hydro Pump|p1a: Hoopa-Unbound|[miss]","|-miss|p2a: RAINDROP|p1a: Hoopa-Unbound","|","|-weather|RainDance|[upkeep]","|-damage|p1a: Hoopa-Unbound|85/301 tox|[from] psn","|turn|24","|","|move|p1a: Hoopa-Unbound|Hyperspace Fury|p2a: RAINDROP","|-damage|p2a: RAINDROP|0 fnt","|-unboost|p1a: Hoopa-Unbound|def|1","|faint|p2a: RAINDROP","|","|-weather|RainDance|[upkeep]","|-damage|p1a: Hoopa-Unbound|13/301 tox|[from] psn","|","|switch|p2a: RageCandyBar|Gyarados, M, shiny|331/331","|-damage|p2a: RageCandyBar|249/331|[from] Stealth Rock","|-ability|p2a: RageCandyBar|Intimidate","|-unboost|p1a: Hoopa-Unbound|atk|1","|turn|25","|","|detailschange|p2a: RageCandyBar|Gyarados-Mega, M, shiny","|-mega|p2a: RageCandyBar|Gyarados|Gyaradosite","|-ability|p2a: RageCandyBar|Mold Breaker","|move|p1a: Hoopa-Unbound|Hyperspace Fury|p2a: RageCandyBar","|-resisted|p2a: RageCandyBar","|-damage|p2a: RageCandyBar|180/331","|-unboost|p1a: Hoopa-Unbound|def|1","|move|p2a: RageCandyBar|Dragon Dance|p2a: RageCandyBar","|-boost|p2a: RageCandyBar|atk|1","|-boost|p2a: RageCandyBar|spe|1","|","|-weather|RainDance|[upkeep]","|-damage|p1a: Hoopa-Unbound|0 fnt|[from] psn","|faint|p1a: Hoopa-Unbound","|","|switch|p1a: Mandibuzz|Mandibuzz, F|284/423 tox","|turn|26","|","|move|p2a: RageCandyBar|Ice Fang|p1a: Mandibuzz","|-supereffective|p1a: Mandibuzz","|-damage|p1a: Mandibuzz|72/423 tox","|-damage|p2a: RageCandyBar|125/331|[from] item: Rocky Helmet|[of] p1a: Mandibuzz","|cant|p1a: Mandibuzz|flinch","|","|-weather|RainDance|[upkeep]","|-damage|p1a: Mandibuzz|46/423 tox|[from] psn","|turn|27","|","|move|p2a: RageCandyBar|Dragon Dance|p2a: RageCandyBar","|-boost|p2a: RageCandyBar|atk|1","|-boost|p2a: RageCandyBar|spe|1","|move|p1a: Mandibuzz|Roost|p1a: Mandibuzz","|-heal|p1a: Mandibuzz|258/423 tox","|","|-weather|none","|-damage|p1a: Mandibuzz|206/423 tox|[from] psn","|turn|28","|","|move|p2a: RageCandyBar|Ice Fang|p1a: Mandibuzz","|-supereffective|p1a: Mandibuzz","|-damage|p1a: Mandibuzz|0 fnt","|-damage|p2a: RageCandyBar|70/331|[from] item: Rocky Helmet|[of] p1a: Mandibuzz","|faint|p1a: Mandibuzz","|","|","|switch|p1a: Tyranitar|Tyranitar-Mega, M|35/403 tox","|-weather|Sandstorm","|turn|29","|","|move|p2a: RageCandyBar|Waterfall|p1a: Tyranitar","|-crit|p1a: Tyranitar","|-supereffective|p1a: Tyranitar","|-damage|p1a: Tyranitar|0 fnt","|faint|p1a: Tyranitar","|","|win|Emg_DemZii"],"p1rating":{"entryid":"7698505","serverid":"eos","formatid":"monotype","userid":"carniefox","username":"Carnie Fox","w":"1","l":2,"t":"0","gxe":43.1,"r":"1500","rd":"130","sigma":"0","rptime":"1439802000","rpr":1445.326655489,"rprd":112.41528879943,"rpsigma":"0","acre":1009.0797365375,"lacre":1009.0797365375,"oldacre":"1022.1660277196"},"p2rating":{"entryid":"7361210","serverid":"eos","formatid":"monotype","userid":"emgdemzii","username":"Emg_DemZii","w":11,"l":"33","t":"0","gxe":26.5,"r":"1293.3173289322","rd":"56.096624699694","sigma":"0","rptime":"1439802000","rpr":1305.4484387355,"rprd":53.982184981074,"rpsigma":"0","acre":1063.4900373892,"lacre":1063.4900373892,"oldacre":"1028.3883240451"},"endType":"normal"}