{"seed":[28647,44623,5154,16252],"turns":54,"p1":"Carnie ϟ TBOT","p2":"Alliance-Succubus","p1team":[{"name":"Abomasnow","species":"Abomasnow","item":"focussash","ability":"Snow Warning","moves":["blizzard","gigadrain","hiddenpowerfire","iceshard"],"nature":"Mild","evs":{"hp":0,"atk":4,"def":0,"spa":252,"spd":0,"spe":252},"gender":"F","ivs":{"hp":31,"atk":30,"def":31,"spa":30,"spd":31,"spe":30},"shiny":true},{"name":"Froslass","species":"Froslass","item":"choicescarf","ability":"Cursed Body","moves":["thunderbolt","taunt","shadowball","destinybond"],"nature":"Timid","evs":{"hp":4,"atk":0,"def":0,"spa":252,"spd":0,"spe":252},"ivs":{"hp":31,"atk":31,"def":31,"spa":30,"spd":30,"spe":31}},{"name":"Kyurem-Black","species":"Kyurem-Black","item":"choicescarf","ability":"Teravolt","moves":["earthpower","fusionbolt","ironhead","outrage"],"nature":"Naive","evs":{"hp":0,"atk":252,"def":0,"spa":4,"spd":0,"spe":252},"shiny":true,"ivs":{"hp":31,"atk":31,"def":31,"spa":31,"spd":31,"spe":31}},{"name":"Mamoswine","species":"Mamoswine","item":"focussash","ability":"Snow Cloak","moves":["stealthrock","earthquake","iceshard","knockoff"],"nature":"Adamant","evs":{"hp":4,"atk":252,"def":0,"spa":0,"spd":0,"spe":252},"gender":"F","ivs":{"hp":31,"atk":31,"def":31,"spa":31,"spd":31,"spe":31}},{"name":"Glaceon","species":"Glaceon","item":"choicespecs","ability":"Snow Cloak","moves":["icebeam","hiddenpowerground","shadowball","blizzard"],"nature":"Modest","evs":{"hp":0,"atk":0,"def":0,"spa":252,"spd":4,"spe":252},"gender":"F","ivs":{"hp":31,"atk":31,"def":31,"spa":30,"spd":30,"spe":31},"shiny":true},{"name":"Avalugg","species":"Avalugg","item":"leftovers","ability":"Sturdy","moves":["rapidspin","recover","superpower","mirrorcoat"],"nature":"Impish","evs":{"hp":252,"atk":4,"def":252,"spa":0,"spd":0,"spe":0},"gender":"F","shiny":true,"ivs":{"hp":31,"atk":31,"def":31,"spa":31,"spd":31,"spe":31}}],"p2team":[{"name":"Tyranitar","species":"Tyranitar","item":"tyranitarite","ability":"Sand Stream","moves":["crunch","rockslide","icepunch","dragondance"],"nature":"Jolly","evs":{"hp":0,"atk":252,"def":4,"spa":0,"spd":0,"spe":252},"ivs":{"hp":31,"atk":31,"def":31,"spa":31,"spd":31,"spe":31}},{"name":"Hoopa-Unbound","species":"Hoopa-Unbound","item":"choicescarf","ability":"Magician","moves":["psyshock","darkpulse","energyball","destinybond"],"nature":"Timid","evs":{"hp":0,"atk":0,"def":0,"spa":252,"spd":4,"spe":252},"ivs":{"hp":31,"atk":31,"def":31,"spa":31,"spd":31,"spe":31}},{"name":"Cacturne","species":"Cacturne","item":"focussash","ability":"Sand Veil","moves":["swordsdance","suckerpunch","spikyshield","fellstinger"],"nature":"Adamant","evs":{"hp":0,"atk":252,"def":4,"spa":0,"spd":0,"spe":252},"ivs":{"hp":31,"atk":31,"def":31,"spa":31,"spd":31,"spe":31}},{"name":"Mandibuzz","species":"Mandibuzz","item":"rockyhelmet","ability":"Overcoat","moves":["foulplay","defog","roost","toxic"],"nature":"Bold","evs":{"hp":248,"atk":0,"def":252,"spa":0,"spd":8,"spe":0},"ivs":{"hp":31,"atk":31,"def":31,"spa":31,"spd":31,"spe":31}},{"name":"Umbreon","species":"Umbreon","item":"leftovers","ability":"Synchronize","moves":["toxic","curse","protect","payback"],"nature":"Careful","evs":{"hp":252,"atk":4,"def":0,"spa":0,"spd":252,"spe":0},"ivs":{"hp":31,"atk":31,"def":31,"spa":31,"spd":31,"spe":31}},{"name":"Krookodile","species":"Krookodile","item":"","ability":"Intimidate","moves":["stealthrock"],"nature":"","evs":{"hp":0,"atk":0,"def":0,"spa":0,"spd":0,"spe":0},"ivs":{"hp":31,"atk":31,"def":31,"spa":31,"spd":31,"spe":31}}],"log":["|player|p1|Carnie ϟ TBOT|25","|player|p2|Alliance-Succubus|96","|gametype|singles","|gen|6","|tier|Monotype","|rated","|rule|Baton Pass Clause: Limit one Baton Passer, can't pass Spe and other stats simultaneously","|rule|Swagger Clause: Swagger is banned","|rule|Same Type Clause: Pokémon in a team must share a type","|clearpoke","|poke|p1|Abomasnow, F, shiny","|poke|p1|Froslass, F","|poke|p1|Kyurem-Black, shiny","|poke|p1|Mamoswine, F","|poke|p1|Glaceon, F, shiny","|poke|p1|Avalugg, F, shiny","|poke|p2|Tyranitar, M","|poke|p2|Hoopa-Unbound","|poke|p2|Cacturne, F","|poke|p2|Mandibuzz, F","|poke|p2|Umbreon, M","|poke|p2|Krookodile, F","|rule|Sleep Clause Mod: Limit one foe put to sleep","|rule|Species Clause: Limit one of each Pokémon","|rule|OHKO Clause: OHKO moves are banned","|rule|Moody Clause: Moody is banned","|rule|Evasion Moves Clause: Evasion moves are banned","|rule|Endless Battle Clause: Forcing endless battles is banned","|rule|HP Percentage Mod: HP is shown in percentages","|teampreview","|","|start","|switch|p1a: Avalugg|Avalugg, F, shiny|394/394","|switch|p2a: Krookodile|Krookodile, F|331/331","|-ability|p2a: Krookodile|Intimidate","|-unboost|p1a: Avalugg|atk|1","|turn|1","|","|move|p2a: Krookodile|Stealth Rock|p1a: Avalugg","|-sidestart|p1: Carnie ϟ TBOT|move: Stealth Rock","|move|p1a: Avalugg|Rapid Spin|p2a: Krookodile","|-damage|p2a: Krookodile|316/331","|-sideend|p1: Carnie ϟ TBOT|Stealth Rock|[from] move: Rapid Spin|[of] p1a: Avalugg","|","|turn|2","|","|switch|p2a: Mandibuzz|Mandibuzz, F|423/423","|move|p1a: Avalugg|Recover|p1a: Avalugg","|-fail|p1a: Avalugg","|","|turn|3","|","|switch|p1a: Glaceon|Glaceon, F, shiny|271/271","|move|p2a: Mandibuzz|Toxic|p1a: Glaceon","|-status|p1a: Glaceon|tox","|","|-damage|p1a: Glaceon|255/271 tox|[from] psn","|turn|4","|","|switch|p2a: Tyranitar|Tyranitar, M|341/341","|-weather|Sandstorm","|move|p1a: Glaceon|Blizzard|p2a: Tyranitar","|-damage|p2a: Tyranitar|145/341","|","|-weather|Sandstorm|[upkeep]","|-damage|p1a: Glaceon|239/271 tox|[from] sandstorm","|-damage|p1a: Glaceon|207/271 tox|[from] psn","|turn|5","|","|detailschange|p2a: Tyranitar|Tyranitar-Mega, M","|-mega|p2a: Tyranitar|Tyranitar|Tyranitarite","|move|p2a: Tyranitar|Dragon Dance|p2a: Tyranitar","|-boost|p2a: Tyranitar|atk|1","|-boost|p2a: Tyranitar|spe|1","|move|p1a: Glaceon|Blizzard|p2a: Tyranitar","|-damage|p2a: Tyranitar|0 fnt","|faint|p2a: Tyranitar","|","|-weather|Sandstorm|[upkeep]","|-damage|p1a: Glaceon|191/271 tox|[from] sandstorm","|-damage|p1a: Glaceon|143/271 tox|[from] psn","|","|switch|p2a: Umbreon|Umbreon, M|394/394","|turn|6","|","|switch|p1a: Abomasnow|Abomasnow, F, shiny|321/321","|-weather|Hail","|move|p2a: Umbreon|Curse|p2a: Umbreon","|-unboost|p2a: Umbreon|spe|1","|-boost|p2a: Umbreon|atk|1","|-boost|p2a: Umbreon|def|1","|","|-weather|Hail|[upkeep]","|-damage|p2a: Umbreon|370/394|[from] hail","|-heal|p2a: Umbreon|394/394|[from] item: Leftovers","|turn|7","|","|switch|p1a: Glaceon|Glaceon, F, shiny|143/271 tox","|move|p2a: Umbreon|Toxic|p1a: Glaceon","|-fail|p1a: Glaceon|tox","|","|-weather|Hail|[upkeep]","|-damage|p2a: Umbreon|370/394|[from] hail","|-heal|p2a: Umbreon|394/394|[from] item: Leftovers","|-damage|p1a: Glaceon|127/271 tox|[from] psn","|turn|8","|","|move|p2a: Umbreon|Protect|p2a: Umbreon","|-singleturn|p2a: Umbreon|Protect","|move|p1a: Glaceon|Blizzard|p2a: Umbreon","|-activate|p2a: Umbreon|Protect","|","|-weather|Hail|[upkeep]","|-damage|p2a: Umbreon|370/394|[from] hail","|-heal|p2a: Umbreon|394/394|[from] item: Leftovers","|-damage|p1a: Glaceon|95/271 tox|[from] psn","|turn|9","|","|move|p1a: Glaceon|Blizzard|p2a: Umbreon","|-damage|p2a: Umbreon|189/394","|move|p2a: Umbreon|Payback|p1a: Glaceon","|-damage|p1a: Glaceon|0 fnt","|faint|p1a: Glaceon","|","|-weather|Hail|[upkeep]","|-damage|p2a: Umbreon|165/394|[from] hail","|-heal|p2a: Umbreon|189/394|[from] item: Leftovers","|","|switch|p1a: Abomasnow|Abomasnow, F, shiny|321/321","|turn|10","|","|move|p2a: Umbreon|Protect|p2a: Umbreon","|-singleturn|p2a: Umbreon|Protect","|move|p1a: Abomasnow|Blizzard|p2a: Umbreon","|-activate|p2a: Umbreon|Protect","|","|-weather|none","|-heal|p2a: Umbreon|213/394|[from] item: Leftovers","|turn|11","|","|switch|p1a: Kyurem-Black|Kyurem-Black, shiny|391/391","|-ability|p1a: Kyurem-Black|Teravolt","|move|p2a: Umbreon|Payback|p1a: Kyurem-Black","|-damage|p1a: Kyurem-Black|324/391","|","|-heal|p2a: Umbreon|237/394|[from] item: Leftovers","|turn|12","|","|switch|p1a: Abomasnow|Abomasnow, F, shiny|321/321","|-weather|Hail","|move|p2a: Umbreon|Protect|p2a: Umbreon","|-fail|p2a: Umbreon","|","|-weather|Hail|[upkeep]","|-damage|p2a: Umbreon|213/394|[from] hail","|-heal|p2a: Umbreon|237/394|[from] item: Leftovers","|turn|13","|","|move|p1a: Abomasnow|Blizzard|p2a: Umbreon","|-damage|p2a: Umbreon|140/394","|move|p2a: Umbreon|Toxic|p1a: Abomasnow","|-status|p1a: Abomasnow|tox","|","|-weather|Hail|[upkeep]","|-damage|p2a: Umbreon|116/394|[from] hail","|-heal|p2a: Umbreon|140/394|[from] item: Leftovers","|-damage|p1a: Abomasnow|301/321 tox|[from] psn","|turn|14","|","|switch|p1a: Froslass|Froslass, F|282/282","|move|p2a: Umbreon|Protect|p2a: Umbreon","|-fail|p2a: Umbreon","|","|-weather|Hail|[upkeep]","|-damage|p2a: Umbreon|116/394|[from] hail","|-heal|p2a: Umbreon|140/394|[from] item: Leftovers","|turn|15","|","|move|p2a: Umbreon|Protect|p2a: Umbreon","|-singleturn|p2a: Umbreon|Protect","|move|p1a: Froslass|Taunt|p2a: Umbreon","|-activate|p2a: Umbreon|Protect","|","|-weather|Hail|[upkeep]","|-damage|p2a: Umbreon|116/394|[from] hail","|-heal|p2a: Umbreon|140/394|[from] item: Leftovers","|turn|16","|","|switch|p1a: Mamoswine|Mamoswine, F|362/362","|move|p2a: Umbreon|Payback|p1a: Mamoswine","|-damage|p1a: Mamoswine|283/362","|","|-weather|none","|-heal|p2a: Umbreon|164/394|[from] item: Leftovers","|turn|17","|","|switch|p1a: Abomasnow|Abomasnow, F, shiny|301/321 tox","|-weather|Hail","|switch|p2a: Hoopa-Unbound|Hoopa-Unbound|301/301","|","|-weather|Hail|[upkeep]","|-damage|p2a: Hoopa-Unbound|283/301|[from] hail","|-damage|p1a: Abomasnow|281/321 tox|[from] psn","|turn|18","|","|move|p2a: Hoopa-Unbound|Dark Pulse|p1a: Abomasnow","|-damage|p1a: Abomasnow|82/321 tox","|cant|p1a: Abomasnow|flinch","|","|-weather|Hail|[upkeep]","|-damage|p2a: Hoopa-Unbound|265/301|[from] hail","|-damage|p1a: Abomasnow|42/321 tox|[from] psn","|turn|19","|","|move|p1a: Abomasnow|Ice Shard|p2a: Hoopa-Unbound","|-damage|p2a: Hoopa-Unbound|198/301","|move|p2a: Hoopa-Unbound|Dark Pulse|p1a: Abomasnow","|-damage|p1a: Abomasnow|0 fnt","|faint|p1a: Abomasnow","|","|-weather|Hail|[upkeep]","|-damage|p2a: Hoopa-Unbound|180/301|[from] hail","|","|switch|p1a: Froslass|Froslass, F|282/282","|turn|20","|","|switch|p2a: Umbreon|Umbreon, M|164/394","|move|p1a: Froslass|Destiny Bond|p1a: Froslass","|-singlemove|p1a: Froslass|Destiny Bond","|","|-weather|Hail|[upkeep]","|-damage|p2a: Umbreon|140/394|[from] hail","|-heal|p2a: Umbreon|164/394|[from] item: Leftovers","|turn|21","|","|switch|p1a: Mamoswine|Mamoswine, F|283/362","|move|p2a: Umbreon|Toxic|p1a: Mamoswine|[miss]","|-miss|p2a: Umbreon|p1a: Mamoswine","|","|-weather|none","|-heal|p2a: Umbreon|188/394|[from] item: Leftovers","|turn|22","|","|move|p2a: Umbreon|Protect|p2a: Umbreon","|-singleturn|p2a: Umbreon|Protect","|move|p1a: Mamoswine|Knock Off|p2a: Umbreon","|-activate|p2a: Umbreon|Protect","|","|-heal|p2a: Umbreon|212/394|[from] item: Leftovers","|turn|23","|","|switch|p2a: Krookodile|Krookodile, F|316/331","|-ability|p2a: Krookodile|Intimidate","|-unboost|p1a: Mamoswine|atk|1","|move|p1a: Mamoswine|Knock Off|p2a: Krookodile","|-resisted|p2a: Krookodile","|-damage|p2a: Krookodile|279/331","|","|turn|24","|","|move|p1a: Mamoswine|Ice Shard|p2a: Krookodile","|-supereffective|p2a: Krookodile","|-damage|p2a: Krookodile|145/331","|move|p2a: Krookodile|Stealth Rock|p1a: Mamoswine","|-sidestart|p1: Carnie ϟ TBOT|move: Stealth Rock","|","|turn|25","|","|move|p1a: Mamoswine|Ice Shard|p2a: Krookodile","|-supereffective|p2a: Krookodile","|-damage|p2a: Krookodile|29/331","|move|p2a: Krookodile|Stealth Rock|p1a: Mamoswine","|-fail|p1a: Mamoswine","|","|turn|26","|","|move|p1a: Mamoswine|Ice Shard|p2a: Krookodile","|-supereffective|p2a: Krookodile","|-damage|p2a: Krookodile|0 fnt","|faint|p2a: Krookodile","|","|","|switch|p2a: Mandibuzz|Mandibuzz, F|423/423","|turn|27","|","|move|p1a: Mamoswine|Stealth Rock|p2a: Mandibuzz","|-sidestart|p2: Alliance-Succubus|move: Stealth Rock","|move|p2a: Mandibuzz|Toxic|p1a: Mamoswine","|-status|p1a: Mamoswine|tox","|","|-damage|p1a: Mamoswine|261/362 tox|[from] psn","|turn|28","|","|move|p1a: Mamoswine|Ice Shard|p2a: Mandibuzz","|-supereffective|p2a: Mandibuzz","|-damage|p2a: Mandibuzz|355/423","|move|p2a: Mandibuzz|Defog|p1a: Mamoswine","|-unboost|p1a: Mamoswine|evasion|1","|-sideend|p1: Carnie ϟ TBOT|Stealth Rock|[from] move: Defog|[of] p1a: Mamoswine","|-sideend|p2: Alliance-Succubus|Stealth Rock|[from] move: Defog|[of] p2a: Mandibuzz","|","|-damage|p1a: Mamoswine|217/362 tox|[from] psn","|turn|29","|","|move|p1a: Mamoswine|Knock Off|p2a: Mandibuzz","|-resisted|p2a: Mandibuzz","|-damage|p2a: Mandibuzz|326/423","|-damage|p1a: Mamoswine|157/362 tox|[from] item: Rocky Helmet|[of] p2a: Mandibuzz","|-enditem|p2a: Mandibuzz|Rocky Helmet|[from] move: Knock Off|[of] p1a: Mamoswine","|move|p2a: Mandibuzz|Foul Play|p1a: Mamoswine","|-damage|p1a: Mamoswine|1/362 tox","|","|-damage|p1a: Mamoswine|0 fnt|[from] psn","|faint|p1a: Mamoswine","|","|switch|p1a: Froslass|Froslass, F|282/282","|turn|30","|","|move|p1a: Froslass|Thunderbolt|p2a: Mandibuzz","|-supereffective|p2a: Mandibuzz","|-damage|p2a: Mandibuzz|162/423","|move|p2a: Mandibuzz|Toxic|p1a: Froslass","|-status|p1a: Froslass|tox","|","|-damage|p1a: Froslass|265/282 tox|[from] psn","|turn|31","|","|move|p1a: Froslass|Thunderbolt|p2a: Mandibuzz","|-supereffective|p2a: Mandibuzz","|-damage|p2a: Mandibuzz|0 fnt","|faint|p2a: Mandibuzz","|","|-damage|p1a: Froslass|231/282 tox|[from] psn","|","|switch|p2a: Cacturne|Cacturne, F|281/281","|turn|32","|","|switch|p1a: Avalugg|Avalugg, F, shiny|394/394","|move|p2a: Cacturne|Swords Dance|p2a: Cacturne","|-boost|p2a: Cacturne|atk|2","|","|turn|33","|","|move|p2a: Cacturne|Swords Dance|p2a: Cacturne","|-boost|p2a: Cacturne|atk|2","|move|p1a: Avalugg|Superpower|p2a: Cacturne","|-supereffective|p2a: Cacturne","|-enditem|p2a: Cacturne|Focus Sash","|-damage|p2a: Cacturne|1/281","|-unboost|p1a: Avalugg|atk|1","|-unboost|p1a: Avalugg|def|1","|","|turn|34","|","|move|p2a: Cacturne|Spiky Shield|p2a: Cacturne","|-singleturn|p2a: Cacturne|move: Protect","|move|p1a: Avalugg|Rapid Spin|p2a: Cacturne","|-activate|p2a: Cacturne|Protect","|-damage|p1a: Avalugg|345/394|[from] Spiky Shield|[of] p2a: Cacturne","|","|-heal|p1a: Avalugg|369/394|[from] item: Leftovers","|turn|35","|","|move|p2a: Cacturne|Sucker Punch|p1a: Avalugg","|-fail|p2a: Cacturne","|move|p1a: Avalugg|Recover|p1a: Avalugg","|-heal|p1a: Avalugg|394/394","|","|turn|36","|","|switch|p1a: Froslass|Froslass, F|231/282 tox","|move|p2a: Cacturne|Sucker Punch|p1a: Froslass","|-fail|p2a: Cacturne","|","|-damage|p1a: Froslass|214/282 tox|[from] psn","|turn|37","|","|move|p2a: Cacturne|Spiky Shield|p2a: Cacturne","|-singleturn|p2a: Cacturne|move: Protect","|move|p1a: Froslass|Taunt|p2a: Cacturne","|-activate|p2a: Cacturne|Protect","|","|-damage|p1a: Froslass|180/282 tox|[from] psn","|turn|38","|","|move|p2a: Cacturne|Sucker Punch|p1a: Froslass","|-fail|p2a: Cacturne","|move|p1a: Froslass|Taunt|p2a: Cacturne","|-start|p2a: Cacturne|move: Taunt","|","|-damage|p1a: Froslass|129/282 tox|[from] psn","|turn|39","|","|switch|p1a: Avalugg|Avalugg, F, shiny|394/394","|move|p2a: Cacturne|Fell Stinger|p1a: Avalugg","|-damage|p1a: Avalugg|342/394","|","|-heal|p1a: Avalugg|366/394|[from] item: Leftovers","|turn|40","|","|move|p2a: Cacturne|Sucker Punch|p1a: Avalugg","|-fail|p2a: Cacturne","|move|p1a: Avalugg|Recover|p1a: Avalugg","|-heal|p1a: Avalugg|394/394","|","|turn|41","|","|move|p2a: Cacturne|Sucker Punch|p1a: Avalugg","|-damage|p1a: Avalugg|198/394","|move|p1a: Avalugg|Rapid Spin|p2a: Cacturne","|-damage|p2a: Cacturne|0 fnt","|faint|p2a: Cacturne","|","|-heal|p1a: Avalugg|222/394|[from] item: Leftovers","|","|switch|p2a: Umbreon|Umbreon, M|212/394","|turn|42","|","|switch|p1a: Froslass|Froslass, F|129/282 tox","|move|p2a: Umbreon|Protect|p2a: Umbreon","|-fail|p2a: Umbreon","|","|-heal|p2a: Umbreon|236/394|[from] item: Leftovers","|-damage|p1a: Froslass|112/282 tox|[from] psn","|turn|43","|","|move|p2a: Umbreon|Protect|p2a: Umbreon","|-singleturn|p2a: Umbreon|Protect","|move|p1a: Froslass|Taunt|p2a: Umbreon","|-activate|p2a: Umbreon|Protect","|","|-heal|p2a: Umbreon|260/394|[from] item: Leftovers","|-damage|p1a: Froslass|78/282 tox|[from] psn","|turn|44","|","|move|p1a: Froslass|Taunt|p2a: Umbreon","|-start|p2a: Umbreon|move: Taunt","|move|p2a: Umbreon|Payback|p1a: Froslass","|-supereffective|p1a: Froslass","|-damage|p1a: Froslass|0 fnt","|-start|p2a: Umbreon|Disable|Payback","|faint|p1a: Froslass","|","|-heal|p2a: Umbreon|284/394|[from] item: Leftovers","|","|switch|p1a: Avalugg|Avalugg, F, shiny|222/394","|turn|45","|","|switch|p2a: Hoopa-Unbound|Hoopa-Unbound|180/301","|move|p1a: Avalugg|Recover|p1a: Avalugg","|-heal|p1a: Avalugg|394/394","|","|turn|46","|","|move|p2a: Hoopa-Unbound|Dark Pulse|p1a: Avalugg","|-damage|p1a: Avalugg|67/394","|move|p1a: Avalugg|Superpower|p2a: Hoopa-Unbound","|-damage|p2a: Hoopa-Unbound|25/301","|-unboost|p1a: Avalugg|atk|1","|-unboost|p1a: Avalugg|def|1","|","|-heal|p1a: Avalugg|91/394|[from] item: Leftovers","|turn|47","|","|move|p2a: Hoopa-Unbound|Dark Pulse|p1a: Avalugg","|-damage|p1a: Avalugg|0 fnt","|faint|p1a: Avalugg","|","|","|switch|p1a: Kyurem-Black|Kyurem-Black, shiny|324/391","|-ability|p1a: Kyurem-Black|Teravolt","|turn|48","|","|move|p1a: Kyurem-Black|Iron Head|p2a: Hoopa-Unbound","|-damage|p2a: Hoopa-Unbound|0 fnt","|faint|p2a: Hoopa-Unbound","|","|","|switch|p2a: Umbreon|Umbreon, M|284/394","|turn|49","|","|move|p2a: Umbreon|Protect|p2a: Umbreon","|-singleturn|p2a: Umbreon|Protect","|move|p1a: Kyurem-Black|Iron Head|p2a: Umbreon","|-activate|p2a: Umbreon|Protect","|","|-heal|p2a: Umbreon|308/394|[from] item: Leftovers","|turn|50","|","|move|p1a: Kyurem-Black|Iron Head|p2a: Umbreon","|-damage|p2a: Umbreon|207/394","|move|p2a: Umbreon|Toxic|p1a: Kyurem-Black","|-status|p1a: Kyurem-Black|tox","|","|-heal|p2a: Umbreon|231/394|[from] item: Leftovers","|-damage|p1a: Kyurem-Black|300/391 tox|[from] psn","|turn|51","|","|move|p2a: Umbreon|Protect|p2a: Umbreon","|-singleturn|p2a: Umbreon|Protect","|move|p1a: Kyurem-Black|Iron Head|p2a: Umbreon","|-activate|p2a: Umbreon|Protect","|","|-heal|p2a: Umbreon|255/394|[from] item: Leftovers","|-damage|p1a: Kyurem-Black|252/391 tox|[from] psn","|turn|52","|","|move|p1a: Kyurem-Black|Iron Head|p2a: Umbreon","|-damage|p2a: Umbreon|142/394","|cant|p2a: Umbreon|flinch","|","|-heal|p2a: Umbreon|166/394|[from] item: Leftovers","|-damage|p1a: Kyurem-Black|180/391 tox|[from] psn","|turn|53","|","|move|p2a: Umbreon|Protect|p2a: Umbreon","|-singleturn|p2a: Umbreon|Protect","|move|p1a: Kyurem-Black|Iron Head|p2a: Umbreon","|-activate|p2a: Umbreon|Protect","|","|-heal|p2a: Umbreon|190/394|[from] item: Leftovers","|-damage|p1a: Kyurem-Black|84/391 tox|[from] psn","|turn|54","|","|move|p1a: Kyurem-Black|Iron Head|p2a: Umbreon","|-damage|p2a: Umbreon|81/394","|cant|p2a: Umbreon|flinch","|","|-heal|p2a: Umbreon|105/394|[from] item: Leftovers","|-damage|p1a: Kyurem-Black|0 fnt|[from] psn","|faint|p1a: Kyurem-Black","|","|win|Alliance-Succubus"],"p1rating":{"entryid":"6578599","serverid":"eos","formatid":"monotype","userid":"carnietbot","username":"Carnie ϟ TBOT","w":"7","l":10,"t":"1","gxe":44.7,"r":1478.6635751092,"rd":81.793900797842,"sigma":"0","rptime":1439802000,"rpr":1458.6110954534,"rprd":79.861288226039,"rpsigma":"0","acre":1058.9880672065,"lacre":1058.9880672065,"oldacre":"1083.9024751168"},"p2rating":{"entryid":"7605632","serverid":"eos","formatid":"monotype","userid":"alliancesuccubus","username":"Alliance-Succubus","w":3,"l":"6","t":"0","gxe":41.4,"r":"1423.8128042884","rd":"102.74422725719","sigma":"0","rptime":"1439802000","rpr":1432.2473562993,"rprd":90.399784622906,"rpsigma":"0","acre":1084.1378134401,"lacre":1084.1378134401,"oldacre":"1047.9465919516"},"endType":"normal"}