{"seed":[58165,60346,9939,31917],"turns":21,"p1":"Trying Fire","p2":"Neowulf","p1team":[{"name":"Infernape","species":"Infernape","item":"focussash","ability":"Iron Fist","moves":["overheat","closecombat","thunderpunch","taunt"],"nature":"Naive","evs":{"hp":0,"atk":168,"def":0,"spa":88,"spd":0,"spe":252},"ivs":{"hp":31,"atk":31,"def":31,"spa":31,"spd":31,"spe":31}},{"name":"Torkoal","species":"Torkoal","item":"leftovers","ability":"White Smoke","moves":["stealthrock","yawn","rapidspin","lavaplume"],"nature":"Bold","evs":{"hp":248,"atk":0,"def":252,"spa":8,"spd":0,"spe":0},"ivs":{"hp":31,"atk":0,"def":31,"spa":31,"spd":31,"spe":31}},{"name":"Charizard","species":"Charizard","item":"charizarditey","ability":"Blaze","moves":["fireblast","dragonpulse","solarbeam","roost"],"nature":"Timid","evs":{"hp":0,"atk":0,"def":0,"spa":252,"spd":4,"spe":252},"ivs":{"hp":31,"atk":31,"def":31,"spa":31,"spd":31,"spe":31}},{"name":"Darmanitan","species":"Darmanitan","item":"choicescarf","ability":"Sheer Force","moves":["flareblitz","superpower","uturn","rockslide"],"nature":"Jolly","evs":{"hp":0,"atk":252,"def":0,"spa":0,"spd":4,"spe":252},"ivs":{"hp":31,"atk":31,"def":31,"spa":31,"spd":31,"spe":31}},{"name":"Fletchinder","species":"Fletchinder","item":"","ability":"Gale Wings","moves":["acrobatics","swordsdance","willowisp","tailwind"],"nature":"Adamant","evs":{"hp":0,"atk":252,"def":4,"spa":0,"spd":0,"spe":252},"ivs":{"hp":31,"atk":31,"def":31,"spa":31,"spd":31,"spe":31}},{"name":"Heatran","species":"Heatran","item":"choicescarf","ability":"Flash Fire","moves":["fireblast","dragonpulse","flashcannon","earthpower"],"nature":"Timid","evs":{"hp":0,"atk":0,"def":0,"spa":252,"spd":4,"spe":252},"ivs":{"hp":31,"atk":31,"def":31,"spa":31,"spd":31,"spe":31}}],"p2team":[{"name":"annoying as fuck","species":"sableye","item":"leftovers","ability":"Prankster","moves":["taunt","willowisp","foulplay","recover"],"nature":"Calm","evs":{"hp":252,"atk":0,"def":4,"spa":0,"spd":252,"spe":0},"ivs":{"hp":31,"atk":31,"def":31,"spa":31,"spd":31,"spe":31}},{"name":"Moxie","species":"honchkrow","item":"scopelens","ability":"Super Luck","moves":["suckerpunch","bravebird","roost","nightslash"],"nature":"Jolly","evs":{"hp":0,"atk":252,"def":0,"spa":0,"spd":4,"spe":252},"ivs":{"hp":31,"atk":31,"def":31,"spa":31,"spd":31,"spe":31}},{"name":"Jaw 3.0","species":"sharpedo","item":"sharpedonite","ability":"Speed Boost","moves":["protect","waterfall","icefang","crunch"],"nature":"Jolly","evs":{"hp":0,"atk":252,"def":0,"spa":0,"spd":4,"spe":252},"ivs":{"hp":31,"atk":31,"def":31,"spa":31,"spd":31,"spe":31}},{"name":"runyourpockets","species":"bisharp","item":"lifeorb","ability":"Defiant","moves":["suckerpunch","knockoff","ironhead","swordsdance"],"nature":"Jolly","evs":{"hp":0,"atk":252,"def":0,"spa":0,"spd":4,"spe":252},"ivs":{"hp":31,"atk":31,"def":31,"spa":31,"spd":31,"spe":31}},{"name":"stall","species":"umbreon","item":"leftovers","ability":"Synchronize","moves":["foulplay","healbell","wish","protect"],"nature":"Calm","evs":{"hp":248,"atk":0,"def":8,"spa":0,"spd":252,"spe":0},"ivs":{"hp":31,"atk":31,"def":31,"spa":31,"spd":31,"spe":31}},{"name":"GOD DAMN HOOPA","species":"hoopaunbound","item":"choicescarf","ability":"Magician","moves":["hyperspacefury","firepunch","gunkshot","zenheadbutt"],"nature":"Jolly","evs":{"hp":0,"atk":252,"def":0,"spa":0,"spd":4,"spe":252},"ivs":{"hp":31,"atk":31,"def":31,"spa":31,"spd":31,"spe":31}}],"log":["|player|p1|Trying Fire|125","|player|p2|Neowulf|163","|gametype|singles","|gen|6","|tier|Monotype","|rated","|rule|Baton Pass Clause: Limit one Baton Passer, can't pass Spe and other stats simultaneously","|rule|Swagger Clause: Swagger is banned","|rule|Same Type Clause: Pokémon in a team must share a type","|clearpoke","|poke|p1|Infernape, M","|poke|p1|Torkoal, M","|poke|p1|Charizard, F","|poke|p1|Darmanitan, F","|poke|p1|Fletchinder, M","|poke|p1|Heatran, M","|poke|p2|Sableye, F","|poke|p2|Honchkrow, F","|poke|p2|Sharpedo, F","|poke|p2|Bisharp, F","|poke|p2|Umbreon, M","|poke|p2|Hoopa-Unbound","|rule|Sleep Clause Mod: Limit one foe put to sleep","|rule|Species Clause: Limit one of each Pokémon","|rule|OHKO Clause: OHKO moves are banned","|rule|Moody Clause: Moody is banned","|rule|Evasion Moves Clause: Evasion moves are banned","|rule|Endless Battle Clause: Forcing endless battles is banned","|rule|HP Percentage Mod: HP is shown in percentages","|teampreview","|","|start","|switch|p1a: Darmanitan|Darmanitan, F|351/351","|switch|p2a: Moxie|Honchkrow, F|341/341","|turn|1","|","|switch|p1a: Torkoal|Torkoal, M|343/343","|move|p2a: Moxie|Sucker Punch|p1a: Torkoal","|-fail|p2a: Moxie","|","|turn|2","|","|move|p2a: Moxie|Brave Bird|p1a: Torkoal","|-crit|p1a: Torkoal","|-damage|p1a: Torkoal|165/343","|-damage|p2a: Moxie|282/341|[from] recoil|[of] p1a: Torkoal","|move|p1a: Torkoal|Stealth Rock|p2a: Moxie","|-sidestart|p2: Neowulf|move: Stealth Rock","|","|-heal|p1a: Torkoal|186/343|[from] item: Leftovers","|turn|3","|","|move|p2a: Moxie|Brave Bird|p1a: Torkoal","|-damage|p1a: Torkoal|69/343","|-damage|p2a: Moxie|243/341|[from] recoil|[of] p1a: Torkoal","|move|p1a: Torkoal|Lava Plume|p2a: Moxie","|-damage|p2a: Moxie|95/341","|","|-heal|p1a: Torkoal|90/343|[from] item: Leftovers","|turn|4","|","|move|p2a: Moxie|Brave Bird|p1a: Torkoal","|-crit|p1a: Torkoal","|-damage|p1a: Torkoal|0 fnt","|-damage|p2a: Moxie|65/341|[from] recoil|[of] p1a: Torkoal","|faint|p1a: Torkoal","|","|","|switch|p1a: Fletchinder|Fletchinder, M|265/265","|turn|5","|","|move|p1a: Fletchinder|Acrobatics|p2a: Moxie","|-damage|p2a: Moxie|0 fnt","|faint|p2a: Moxie","|","|","|switch|p2a: GOD DAMN HOOPA|Hoopa-Unbound|301/301","|-damage|p2a: GOD DAMN HOOPA|264/301|[from] Stealth Rock","|turn|6","|","|move|p2a: GOD DAMN HOOPA|Hyperspace Fury|p1a: Fletchinder","|-damage|p1a: Fletchinder|0 fnt","|-unboost|p2a: GOD DAMN HOOPA|def|1","|faint|p1a: Fletchinder","|","|","|switch|p1a: Darmanitan|Darmanitan, F|351/351","|turn|7","|","|switch|p2a: annoying as fuck|Sableye, F|304/304","|-damage|p2a: annoying as fuck|266/304|[from] Stealth Rock","|move|p1a: Darmanitan|U-turn|p2a: annoying as fuck","|-damage|p2a: annoying as fuck|152/304","|","|switch|p1a: Heatran|Heatran, M|323/323","|","|-heal|p2a: annoying as fuck|171/304|[from] item: Leftovers","|turn|8","|","|move|p1a: Heatran|Fire Blast|p2a: annoying as fuck","|-damage|p2a: annoying as fuck|0 fnt","|faint|p2a: annoying as fuck","|","|","|switch|p2a: GOD DAMN HOOPA|Hoopa-Unbound|264/301","|-damage|p2a: GOD DAMN HOOPA|227/301|[from] Stealth Rock","|turn|9","|","|move|p2a: GOD DAMN HOOPA|Hyperspace Fury|p1a: Heatran","|-damage|p1a: Heatran|113/323","|-unboost|p2a: GOD DAMN HOOPA|def|1","|move|p1a: Heatran|Fire Blast|p2a: GOD DAMN HOOPA","|-damage|p2a: GOD DAMN HOOPA|83/301","|","|turn|10","|","|move|p2a: GOD DAMN HOOPA|Hyperspace Fury|p1a: Heatran","|-damage|p1a: Heatran|0 fnt","|-unboost|p2a: GOD DAMN HOOPA|def|1","|faint|p1a: Heatran","|","|","|switch|p1a: Darmanitan|Darmanitan, F|351/351","|turn|11","|","|move|p1a: Darmanitan|U-turn|p2a: GOD DAMN HOOPA","|-supereffective|p2a: GOD DAMN HOOPA","|-damage|p2a: GOD DAMN HOOPA|0 fnt","|faint|p2a: GOD DAMN HOOPA","|","|switch|p1a: Infernape|Infernape, M|293/293","|","|","|switch|p2a: stall|Umbreon, M|393/393","|-damage|p2a: stall|344/393|[from] Stealth Rock","|turn|12","|","|move|p1a: Infernape|Taunt|p2a: stall","|-start|p2a: stall|move: Taunt","|move|p2a: stall|Foul Play|p1a: Infernape","|-resisted|p1a: Infernape","|-damage|p1a: Infernape|204/293","|","|-heal|p2a: stall|368/393|[from] item: Leftovers","|turn|13","|","|move|p1a: Infernape|Close Combat|p2a: stall","|-supereffective|p2a: stall","|-damage|p2a: stall|48/393","|-unboost|p1a: Infernape|def|1","|-unboost|p1a: Infernape|spd|1","|move|p2a: stall|Foul Play|p1a: Infernape","|-resisted|p1a: Infernape","|-damage|p1a: Infernape|73/293","|","|-heal|p2a: stall|72/393|[from] item: Leftovers","|turn|14","|","|move|p1a: Infernape|Close Combat|p2a: stall","|-crit|p2a: stall","|-supereffective|p2a: stall","|-damage|p2a: stall|0 fnt","|-unboost|p1a: Infernape|def|1","|-unboost|p1a: Infernape|spd|1","|faint|p2a: stall","|","|","|switch|p2a: Jaw 3.0|Sharpedo, F|281/281","|-damage|p2a: Jaw 3.0|246/281|[from] Stealth Rock","|turn|15","|","|move|p2a: Jaw 3.0|Protect|p2a: Jaw 3.0","|-singleturn|p2a: Jaw 3.0|Protect","|move|p1a: Infernape|Thunder Punch|p2a: Jaw 3.0","|-activate|p2a: Jaw 3.0|Protect","|","|-boost|p2a: Jaw 3.0|spe|1|[from] ability: Speed Boost","|turn|16","|","|move|p2a: Jaw 3.0|Waterfall|p1a: Infernape","|-supereffective|p1a: Infernape","|-damage|p1a: Infernape|0 fnt","|faint|p1a: Infernape","|","|-boost|p2a: Jaw 3.0|spe|1|[from] ability: Speed Boost","|","|switch|p1a: Charizard|Charizard, F|297/297","|turn|17","|","|detailschange|p2a: Jaw 3.0|Sharpedo-Mega, F","|-mega|p2a: Jaw 3.0|Sharpedo|Sharpedonite","|detailschange|p1a: Charizard|Charizard-Mega-Y, F","|-mega|p1a: Charizard|Charizard|Charizardite Y","|-weather|SunnyDay","|move|p2a: Jaw 3.0|Protect|p2a: Jaw 3.0","|-singleturn|p2a: Jaw 3.0|Protect","|move|p1a: Charizard|Solar Beam|p2a: Jaw 3.0|[still]","|-prepare|p1a: Charizard|Solar Beam|p2a: Jaw 3.0","|-anim|p1a: Charizard|Solar Beam|p2a: Jaw 3.0","|-activate|p2a: Jaw 3.0|Protect","|","|-weather|SunnyDay|[upkeep]","|turn|18","|","|move|p2a: Jaw 3.0|Crunch|p1a: Charizard","|-damage|p1a: Charizard|27/297","|move|p1a: Charizard|Solar Beam|p2a: Jaw 3.0|[still]","|-prepare|p1a: Charizard|Solar Beam|p2a: Jaw 3.0","|-anim|p1a: Charizard|Solar Beam|p2a: Jaw 3.0","|-supereffective|p2a: Jaw 3.0","|-damage|p2a: Jaw 3.0|0 fnt","|faint|p2a: Jaw 3.0","|","|-weather|SunnyDay|[upkeep]","|","|switch|p2a: runyourpockets|Bisharp, F|271/271","|-damage|p2a: runyourpockets|255/271|[from] Stealth Rock","|turn|19","|","|move|p2a: runyourpockets|Sucker Punch|p1a: Charizard","|-fail|p2a: runyourpockets","|move|p1a: Charizard|Roost|p1a: Charizard","|-heal|p1a: Charizard|176/297","|","|-weather|SunnyDay|[upkeep]","|turn|20","|","|move|p2a: runyourpockets|Sucker Punch|p1a: Charizard","|-damage|p1a: Charizard|0 fnt","|-damage|p2a: runyourpockets|228/271|[from] item: Life Orb","|faint|p1a: Charizard","|","|-weather|SunnyDay|[upkeep]","|","|switch|p1a: Darmanitan|Darmanitan, F|351/351","|turn|21","|","|move|p2a: runyourpockets|Sucker Punch|p1a: Darmanitan","|-damage|p1a: Darmanitan|78/351","|-damage|p2a: runyourpockets|201/271|[from] item: Life Orb","|move|p1a: Darmanitan|Superpower|p2a: runyourpockets","|-supereffective|p2a: runyourpockets","|-damage|p2a: runyourpockets|0 fnt","|-unboost|p1a: Darmanitan|atk|1","|-unboost|p1a: Darmanitan|def|1","|faint|p2a: runyourpockets","|","|win|Trying Fire"],"p1rating":{"entryid":"7702336","serverid":"eos","formatid":"monotype","userid":"tryingfire","username":"Trying Fire","w":6,"l":"1","t":"0","gxe":60.3,"r":"1500","rd":"130","sigma":"0","rptime":"1439802000","rpr":1582.033236439,"rprd":99.305077091286,"rpsigma":"0","acre":1174.3237798904,"lacre":1174.3237798904,"oldacre":"1135.5194539271"},"p2rating":{"entryid":"6156418","serverid":"eos","formatid":"monotype","userid":"neowulf","username":"Neowulf","w":"141","l":76,"t":"0","gxe":67,"r":"1638.5892145289","rd":"39.101533377958","sigma":"0","rptime":"1439802000","rpr":1633.7212656549,"rprd":38.858796543639,"rpsigma":"0","acre":1320.4079526108,"lacre":1320.4079526108,"oldacre":"1351.4514133815"},"endType":"normal"}