{"seed":[14625,53042,28639,30276],"turns":31,"p1":"Emg_DemZii","p2":"LightOfAKnowing","p1team":[{"name":"RAINDROP","species":"politoed","item":"choicespecs","ability":"Drizzle","moves":["hydropump","icebeam","focusblast","hiddenpowergrass"],"nature":"Modest","evs":{"hp":248,"atk":0,"def":0,"spa":252,"spd":8,"spe":0},"ivs":{"hp":31,"atk":30,"def":31,"spa":30,"spd":31,"spe":31},"shiny":true},{"name":"Quagsire","species":"Quagsire","item":"leftovers","ability":"Unaware","moves":["earthquake","recover","toxic","scald"],"nature":"Impish","evs":{"hp":252,"atk":4,"def":252,"spa":0,"spd":0,"spe":0},"ivs":{"hp":31,"atk":31,"def":31,"spa":31,"spd":31,"spe":31}},{"name":"Fatty","species":"slowking","item":"leftovers","ability":"Regenerator","moves":["psychic","calmmind","thunderwave","signalbeam"],"nature":"Modest","evs":{"hp":252,"atk":0,"def":0,"spa":252,"spd":4,"spe":0},"shiny":true,"ivs":{"hp":31,"atk":31,"def":31,"spa":31,"spd":31,"spe":31}},{"name":"RageCandyBar","species":"gyarados","item":"gyaradosite","ability":"Intimidate","moves":["dragondance","bounce","waterfall","icefang"],"nature":"Adamant","evs":{"hp":0,"atk":252,"def":0,"spa":0,"spd":4,"spe":252},"shiny":true,"ivs":{"hp":31,"atk":31,"def":31,"spa":31,"spd":31,"spe":31}},{"name":"Golden Death","species":"azumarill","item":"choiceband","ability":"Sap Sipper","moves":["aquajet","playrough","bulldoze","icepunch"],"nature":"Adamant","evs":{"hp":248,"atk":252,"def":0,"spa":0,"spd":8,"spe":0},"shiny":true,"ivs":{"hp":31,"atk":31,"def":31,"spa":31,"spd":31,"spe":31}},{"name":"U know wat it is","species":"tentacruel","item":"blacksludge","ability":"Liquid Ooze","moves":["rapidspin","acidspray","sludgebomb","surf"],"nature":"Calm","evs":{"hp":248,"atk":0,"def":0,"spa":8,"spd":252,"spe":0},"shiny":true,"ivs":{"hp":31,"atk":31,"def":31,"spa":31,"spd":31,"spe":31}}],"p2team":[{"name":"Vespiquen","species":"Vespiquen","item":"laxincense","ability":"Pressure","moves":["defendorder","infestation","mudslap","roost"],"nature":"Gentle","evs":{"hp":248,"atk":8,"def":0,"spa":0,"spd":252,"spe":0},"ivs":{"hp":31,"atk":31,"def":31,"spa":31,"spd":31,"spe":31}},{"name":"Heracross","species":"Heracross","item":"choicescarf","ability":"Moxie","moves":["closecombat","megahorn","knockoff","pursuit"],"nature":"Jolly","evs":{"hp":0,"atk":252,"def":0,"spa":0,"spd":4,"spe":252},"ivs":{"hp":31,"atk":31,"def":31,"spa":31,"spd":31,"spe":31}},{"name":"Forretress","species":"Forretress","item":"custapberry","ability":"Sturdy","moves":["stealthrock","rapidspin","explosion","spikes"],"nature":"Impish","evs":{"hp":248,"atk":8,"def":252,"spa":0,"spd":0,"spe":0},"ivs":{"hp":31,"atk":31,"def":31,"spa":31,"spd":31,"spe":31}},{"name":"Galvantula","species":"Galvantula","item":"focussash","ability":"Swarm","moves":["stickyweb","bugbuzz","voltswitch","suckerpunch"],"nature":"Hasty","evs":{"hp":0,"atk":4,"def":0,"spa":252,"spd":0,"spe":252},"ivs":{"hp":31,"atk":31,"def":31,"spa":31,"spd":31,"spe":31}},{"name":"Pinsir","species":"Pinsir","item":"pinsirite","ability":"Moxie","moves":["quickattack","xscissor","frustration","closecombat"],"nature":"Adamant","evs":{"hp":248,"atk":252,"def":0,"spa":0,"spd":8,"spe":0},"happiness":0,"ivs":{"hp":31,"atk":31,"def":31,"spa":31,"spd":31,"spe":31}},{"name":"Genesect","species":"Genesect","item":"choicescarf","ability":"Download","moves":["icebeam","bugbuzz","technoblast","flashcannon"],"nature":"Timid","evs":{"hp":0,"atk":0,"def":4,"spa":252,"spd":0,"spe":252},"happiness":0,"ivs":{"hp":31,"atk":31,"def":31,"spa":31,"spd":31,"spe":31}}],"log":["|player|p1|Emg_DemZii|274","|player|p2|LightOfAKnowing|lightofaknowing.gif","|gametype|singles","|gen|6","|tier|Monotype","|rated","|rule|Baton Pass Clause: Limit one Baton Passer, can't pass Spe and other stats simultaneously","|rule|Swagger Clause: Swagger is banned","|rule|Same Type Clause: Pokémon in a team must share a type","|clearpoke","|poke|p1|Politoed, F, shiny","|poke|p1|Quagsire, F","|poke|p1|Slowking, M, shiny","|poke|p1|Gyarados, M, shiny","|poke|p1|Azumarill, M, shiny","|poke|p1|Tentacruel, F, shiny","|poke|p2|Vespiquen, F","|poke|p2|Heracross, M","|poke|p2|Forretress, F","|poke|p2|Galvantula, M","|poke|p2|Pinsir, M","|poke|p2|Genesect-*","|rule|Sleep Clause Mod: Limit one foe put to sleep","|rule|Species Clause: Limit one of each Pokémon","|rule|OHKO Clause: OHKO moves are banned","|rule|Moody Clause: Moody is banned","|rule|Evasion Moves Clause: Evasion moves are banned","|rule|Endless Battle Clause: Forcing endless battles is banned","|rule|HP Percentage Mod: HP is shown in percentages","|teampreview","|","|start","|switch|p1a: RAINDROP|Politoed, F, shiny|383/383","|switch|p2a: Forretress|Forretress, F|353/353","|-weather|RainDance","|turn|1","|","|move|p1a: RAINDROP|Hydro Pump|p2a: Forretress","|-crit|p2a: Forretress","|-ability|p2a: Forretress|Sturdy","|-damage|p2a: Forretress|1/353","|move|p2a: Forretress|Stealth Rock|p1a: RAINDROP","|-sidestart|p1: Emg_DemZii|move: Stealth Rock","|","|-weather|RainDance|[upkeep]","|turn|2","|-enditem|p2a: Forretress|Custap Berry|[eat]","|-activate|p2a: Forretress|Custap Berry","|","|move|p2a: Forretress|Explosion|p1a: RAINDROP","|-damage|p1a: RAINDROP|148/383","|faint|p2a: Forretress","|move|p1a: RAINDROP|Hydro Pump|p2: Forretress|[notarget]","|-notarget","|","|-weather|RainDance|[upkeep]","|","|switch|p2a: Galvantula|Galvantula, M|281/281","|turn|3","|","|switch|p1a: Quagsire|Quagsire, F|394/394","|-damage|p1a: Quagsire|370/394|[from] Stealth Rock","|move|p2a: Galvantula|Sticky Web|p1a: Quagsire","|-sidestart|p1: Emg_DemZii|move: Sticky Web","|","|-weather|RainDance|[upkeep]","|-heal|p1a: Quagsire|394/394|[from] item: Leftovers","|turn|4","|","|move|p2a: Galvantula|Bug Buzz|p1a: Quagsire","|-damage|p1a: Quagsire|213/394","|move|p1a: Quagsire|Toxic|p2a: Galvantula","|-status|p2a: Galvantula|tox","|","|-weather|RainDance|[upkeep]","|-heal|p1a: Quagsire|237/394|[from] item: Leftovers","|-damage|p2a: Galvantula|264/281 tox|[from] psn","|turn|5","|","|move|p2a: Galvantula|Bug Buzz|p1a: Quagsire","|-damage|p1a: Quagsire|62/394","|move|p1a: Quagsire|Recover|p1a: Quagsire","|-heal|p1a: Quagsire|259/394","|","|-weather|none","|-heal|p1a: Quagsire|283/394|[from] item: Leftovers","|-damage|p2a: Galvantula|230/281 tox|[from] psn","|turn|6","|","|move|p2a: Galvantula|Bug Buzz|p1a: Quagsire","|-damage|p1a: Quagsire|97/394","|move|p1a: Quagsire|Recover|p1a: Quagsire","|-heal|p1a: Quagsire|294/394","|","|-heal|p1a: Quagsire|318/394|[from] item: Leftovers","|-damage|p2a: Galvantula|179/281 tox|[from] psn","|turn|7","|","|move|p2a: Galvantula|Bug Buzz|p1a: Quagsire","|-damage|p1a: Quagsire|135/394","|move|p1a: Quagsire|Recover|p1a: Quagsire","|-heal|p1a: Quagsire|332/394","|","|-heal|p1a: Quagsire|356/394|[from] item: Leftovers","|-damage|p2a: Galvantula|111/281 tox|[from] psn","|turn|8","|","|move|p2a: Galvantula|Bug Buzz|p1a: Quagsire","|-damage|p1a: Quagsire|158/394","|move|p1a: Quagsire|Earthquake|p2a: Galvantula","|-damage|p2a: Galvantula|0 fnt","|faint|p2a: Galvantula","|","|-heal|p1a: Quagsire|182/394|[from] item: Leftovers","|","|switch|p2a: Heracross|Heracross, M|301/301","|turn|9","|","|switch|p1a: U know wat it is|Tentacruel, F, shiny|363/363","|-damage|p1a: U know wat it is|318/363|[from] Stealth Rock","|-activate|p1a: U know wat it is|move: Sticky Web","|-unboost|p1a: U know wat it is|spe|1","|move|p2a: Heracross|Close Combat|p1a: U know wat it is","|-resisted|p1a: U know wat it is","|-damage|p1a: U know wat it is|180/363","|-unboost|p2a: Heracross|def|1","|-unboost|p2a: Heracross|spd|1","|","|-heal|p1a: U know wat it is|202/363|[from] item: Black Sludge","|turn|10","|","|move|p2a: Heracross|Close Combat|p1a: U know wat it is","|-resisted|p1a: U know wat it is","|-damage|p1a: U know wat it is|43/363","|-unboost|p2a: Heracross|def|1","|-unboost|p2a: Heracross|spd|1","|move|p1a: U know wat it is|Rapid Spin|p2a: Heracross","|-damage|p2a: Heracross|275/301","|-sideend|p1: Emg_DemZii|Stealth Rock|[from] move: Rapid Spin|[of] p1a: U know wat it is","|-sideend|p1: Emg_DemZii|Sticky Web|[from] move: Rapid Spin|[of] p1a: U know wat it is","|","|-heal|p1a: U know wat it is|65/363|[from] item: Black Sludge","|turn|11","|","|move|p2a: Heracross|Close Combat|p1a: U know wat it is","|-resisted|p1a: U know wat it is","|-damage|p1a: U know wat it is|0 fnt","|-unboost|p2a: Heracross|def|1","|-unboost|p2a: Heracross|spd|1","|faint|p1a: U know wat it is","|-boost|p2a: Heracross|atk|1|[from] ability: Moxie","|","|","|switch|p1a: Fatty|Slowking, M, shiny|394/394","|turn|12","|","|switch|p2a: Vespiquen|Vespiquen, F|343/343","|-ability|p2a: Vespiquen|Pressure","|move|p1a: Fatty|Psychic|p2a: Vespiquen","|-damage|p2a: Vespiquen|246/343","|","|turn|13","|","|switch|p1a: Quagsire|Quagsire, F|182/394","|move|p2a: Vespiquen|Mud-Slap|p1a: Quagsire","|-damage|p1a: Quagsire|162/394","|-unboost|p1a: Quagsire|accuracy|1","|","|-heal|p1a: Quagsire|186/394|[from] item: Leftovers","|turn|14","|","|move|p2a: Vespiquen|Defend Order|p2a: Vespiquen","|-boost|p2a: Vespiquen|def|1","|-boost|p2a: Vespiquen|spd|1","|move|p1a: Quagsire|Recover|p1a: Quagsire","|-heal|p1a: Quagsire|383/394","|","|-heal|p1a: Quagsire|394/394|[from] item: Leftovers","|turn|15","|","|move|p2a: Vespiquen|Infestation|p1a: Quagsire","|-damage|p1a: Quagsire|363/394","|-activate|p1a: Quagsire|move: Infestation|[of] p2a: Vespiquen","|move|p1a: Quagsire|Toxic|p2a: Vespiquen","|-status|p2a: Vespiquen|tox","|","|-heal|p1a: Quagsire|387/394|[from] item: Leftovers","|-damage|p2a: Vespiquen|225/343 tox|[from] psn","|-damage|p1a: Quagsire|338/394|[from] move: Infestation|[partiallytrapped]","|turn|16","|","|move|p2a: Vespiquen|Defend Order|p2a: Vespiquen","|-boost|p2a: Vespiquen|def|1","|-boost|p2a: Vespiquen|spd|1","|move|p1a: Quagsire|Scald|p2a: Vespiquen","|-damage|p2a: Vespiquen|179/343 tox","|","|-heal|p1a: Quagsire|362/394|[from] item: Leftovers","|-damage|p2a: Vespiquen|137/343 tox|[from] psn","|-damage|p1a: Quagsire|313/394|[from] move: Infestation|[partiallytrapped]","|turn|17","|","|move|p2a: Vespiquen|Roost|p2a: Vespiquen","|-heal|p2a: Vespiquen|309/343 tox","|move|p1a: Quagsire|Recover|p1a: Quagsire","|-heal|p1a: Quagsire|394/394","|","|-damage|p2a: Vespiquen|246/343 tox|[from] psn","|-damage|p1a: Quagsire|345/394|[from] move: Infestation|[partiallytrapped]","|turn|18","|","|move|p2a: Vespiquen|Mud-Slap|p1a: Quagsire","|-damage|p1a: Quagsire|324/394","|-unboost|p1a: Quagsire|accuracy|1","|move|p1a: Quagsire|Scald|p2a: Vespiquen|[miss]","|-miss|p1a: Quagsire|p2a: Vespiquen","|","|-heal|p1a: Quagsire|348/394|[from] item: Leftovers","|-damage|p2a: Vespiquen|162/343 tox|[from] psn","|-damage|p1a: Quagsire|299/394|[from] move: Infestation|[partiallytrapped]","|turn|19","|","|move|p2a: Vespiquen|Roost|p2a: Vespiquen","|-heal|p2a: Vespiquen|334/343 tox","|move|p1a: Quagsire|Scald|p2a: Vespiquen","|-damage|p2a: Vespiquen|289/343 tox","|","|-heal|p1a: Quagsire|323/394|[from] item: Leftovers","|-damage|p2a: Vespiquen|184/343 tox|[from] psn","|-damage|p1a: Quagsire|274/394|[from] move: Infestation|[partiallytrapped]","|turn|20","|","|move|p2a: Vespiquen|Roost|p2a: Vespiquen","|-heal|p2a: Vespiquen|343/343 tox","|move|p1a: Quagsire|Scald|p2a: Vespiquen","|-damage|p2a: Vespiquen|295/343 tox","|","|-heal|p1a: Quagsire|298/394|[from] item: Leftovers","|-damage|p2a: Vespiquen|169/343 tox|[from] psn","|-end|p1a: Quagsire|Infestation|[partiallytrapped]","|turn|21","|","|move|p2a: Vespiquen|Roost|p2a: Vespiquen","|-heal|p2a: Vespiquen|341/343 tox","|move|p1a: Quagsire|Recover|p1a: Quagsire","|-heal|p1a: Quagsire|394/394","|","|-damage|p2a: Vespiquen|194/343 tox|[from] psn","|turn|22","|","|move|p2a: Vespiquen|Mud-Slap|p1a: Quagsire","|-damage|p1a: Quagsire|376/394","|-unboost|p1a: Quagsire|accuracy|1","|move|p1a: Quagsire|Scald|p2a: Vespiquen","|-damage|p2a: Vespiquen|149/343 tox","|","|-heal|p1a: Quagsire|394/394|[from] item: Leftovers","|-damage|p2a: Vespiquen|0 fnt|[from] psn","|faint|p2a: Vespiquen","|","|switch|p2a: Genesect|Genesect|283/283","|-boost|p2a: Genesect|spa|1|[from] ability: Download","|turn|23","|","|move|p2a: Genesect|Bug Buzz|p1a: Quagsire","|-damage|p1a: Quagsire|183/394","|move|p1a: Quagsire|Earthquake|p2a: Genesect","|-miss|p1a: Quagsire|p2a: Genesect","|","|-heal|p1a: Quagsire|207/394|[from] item: Leftovers","|turn|24","|","|move|p2a: Genesect|Bug Buzz|p1a: Quagsire","|-damage|p1a: Quagsire|0 fnt","|faint|p1a: Quagsire","|","|","|switch|p1a: RAINDROP|Politoed, F, shiny|148/383","|-weather|RainDance","|turn|25","|","|move|p2a: Genesect|Bug Buzz|p1a: RAINDROP","|-damage|p1a: RAINDROP|0 fnt","|faint|p1a: RAINDROP","|","|-weather|RainDance|[upkeep]","|","|switch|p1a: Golden Death|Azumarill, M, shiny|403/403","|turn|26","|","|move|p2a: Genesect|Bug Buzz|p1a: Golden Death","|-resisted|p1a: Golden Death","|-damage|p1a: Golden Death|269/403","|move|p1a: Golden Death|Bulldoze|p2a: Genesect","|-damage|p2a: Genesect|221/283","|-unboost|p2a: Genesect|spe|1","|","|-weather|RainDance|[upkeep]","|turn|27","|","|move|p2a: Genesect|Bug Buzz|p1a: Golden Death","|-resisted|p1a: Golden Death","|-damage|p1a: Golden Death|125/403","|move|p1a: Golden Death|Bulldoze|p2a: Genesect","|-damage|p2a: Genesect|153/283","|-unboost|p2a: Genesect|spe|1","|","|-weather|RainDance|[upkeep]","|turn|28","|","|move|p2a: Genesect|Bug Buzz|p1a: Golden Death","|-crit|p1a: Golden Death","|-resisted|p1a: Golden Death","|-damage|p1a: Golden Death|0 fnt","|faint|p1a: Golden Death","|","|-weather|RainDance|[upkeep]","|","|switch|p1a: RageCandyBar|Gyarados, M, shiny|331/331","|-ability|p1a: RageCandyBar|Intimidate","|-unboost|p2a: Genesect|atk|1","|turn|29","|","|switch|p2a: Heracross|Heracross, M|275/301","|detailschange|p1a: RageCandyBar|Gyarados-Mega, M, shiny","|-mega|p1a: RageCandyBar|Gyarados|Gyaradosite","|-ability|p1a: RageCandyBar|Mold Breaker","|move|p1a: RageCandyBar|Dragon Dance|p1a: RageCandyBar","|-boost|p1a: RageCandyBar|atk|1","|-boost|p1a: RageCandyBar|spe|1","|","|-weather|none","|turn|30","|","|move|p2a: Heracross|Megahorn|p1a: RageCandyBar","|-supereffective|p1a: RageCandyBar","|-damage|p1a: RageCandyBar|0 fnt","|faint|p1a: RageCandyBar","|-boost|p2a: Heracross|atk|1|[from] ability: Moxie","|","|","|switch|p1a: Fatty|Slowking, M, shiny|394/394","|turn|31","|","|move|p2a: Heracross|Megahorn|p1a: Fatty","|-supereffective|p1a: Fatty","|-damage|p1a: Fatty|0 fnt","|faint|p1a: Fatty","|-boost|p2a: Heracross|atk|1|[from] ability: Moxie","|","|win|LightOfAKnowing"],"p1rating":{"entryid":"7361210","serverid":"eos","formatid":"monotype","userid":"emgdemzii","username":"Emg_DemZii","w":"11","l":36,"t":"0","gxe":25.2,"r":"1293.3173289322","rd":"56.096624699694","sigma":"0","rptime":"1439802000","rpr":1293.0369123867,"rprd":52.63085561801,"rpsigma":"0","acre":1023.192080778,"lacre":1023.192080778,"oldacre":"1029.7450216412"},"p2rating":{"entryid":"6481865","serverid":"eos","formatid":"monotype","userid":"lightofaknowing","username":"Light-Of-A-Knowing","w":136,"l":"171","t":"0","gxe":44.4,"r":"1451.3018967187","rd":"31.685917602531","sigma":"0","rptime":"1439802000","rpr":1457.7618830515,"rprd":31.350181910908,"rpsigma":"0","acre":1254.3693622184,"lacre":1254.3693622184,"oldacre":"1243.0413082271"},"endType":"normal"}