{"seed":[3738,18688,44306,42540],"turns":20,"p1":"Rain ☂ Dank ☂ Tank","p2":"Factionless","p1team":[{"name":"Massacrebringer","species":"bisharp","item":"choicescarf","ability":"Defiant","moves":["brickbreak","suckerpunch","knockoff","ironhead"],"nature":"Jolly","evs":{"hp":0,"atk":252,"def":0,"spa":0,"spd":4,"spe":252},"gender":"M","shiny":true,"ivs":{"hp":31,"atk":31,"def":31,"spa":31,"spd":31,"spe":31}},{"name":"Icebringer","species":"weavile","item":"choicescarf","ability":"Pressure","moves":["iceshard","iciclecrash","knockoff","brickbreak"],"nature":"Adamant","evs":{"hp":0,"atk":252,"def":0,"spa":0,"spd":4,"spe":252},"gender":"F","ivs":{"hp":31,"atk":31,"def":31,"spa":31,"spd":31,"spe":31}},{"name":"Hellbringer","species":"mandibuzz","item":"leftovers","ability":"Overcoat","moves":["toxic","roost","foulplay","whirlwind"],"nature":"Bold","evs":{"hp":252,"atk":0,"def":252,"spa":0,"spd":4,"spe":0},"shiny":true,"ivs":{"hp":31,"atk":31,"def":31,"spa":31,"spd":31,"spe":31}},{"name":"Nightbringer","species":"zoroark","item":"choicespecs","ability":"Illusion","moves":["darkpulse","flamethrower","trick","extrasensory"],"nature":"Timid","evs":{"hp":0,"atk":0,"def":0,"spa":252,"spd":4,"spe":252},"gender":"F","shiny":true,"ivs":{"hp":31,"atk":31,"def":31,"spa":31,"spd":31,"spe":31}},{"name":"Deathbringer","species":"absol","item":"absolite","ability":"Super Luck","moves":["darkpulse","thunderbolt","flamethrower","icebeam"],"nature":"Timid","evs":{"hp":0,"atk":0,"def":0,"spa":252,"spd":4,"spe":252},"gender":"F","shiny":true,"ivs":{"hp":31,"atk":31,"def":31,"spa":31,"spd":31,"spe":31}},{"name":"Chaosbringer","species":"hydreigon","item":"choicescarf","ability":"Levitate","moves":["dracometeor","flamethrower","flashcannon","darkpulse"],"nature":"Timid","evs":{"hp":0,"atk":0,"def":0,"spa":252,"spd":4,"spe":252},"gender":"M","shiny":true,"ivs":{"hp":31,"atk":31,"def":31,"spa":31,"spd":31,"spe":31}}],"p2team":[{"name":"Torkoal","species":"Torkoal","item":"leftovers","ability":"Shell Armor","moves":["gyroball","curse","lavaplume","protect"],"nature":"Bold","evs":{"hp":252,"atk":0,"def":4,"spa":0,"spd":252,"spe":0},"ivs":{"hp":31,"atk":31,"def":31,"spa":31,"spd":31,"spe":0}},{"name":"Chandelure","species":"Chandelure","item":"focussash","ability":"Infiltrator","moves":["willowisp","hex","fireblast","solarbeam"],"nature":"Quiet","evs":{"hp":4,"atk":0,"def":0,"spa":252,"spd":0,"spe":252},"ivs":{"hp":31,"atk":31,"def":31,"spa":31,"spd":31,"spe":31}},{"name":"Charizard","species":"Charizard","item":"charizarditex","ability":"Blaze","moves":["dragondance","flareblitz","dragonclaw","earthquake"],"nature":"Jolly","evs":{"hp":132,"atk":124,"def":0,"spa":0,"spd":0,"spe":252},"gender":"M","ivs":{"hp":31,"atk":31,"def":31,"spa":31,"spd":31,"spe":31}},{"name":"Ninetales","species":"Ninetales","item":"heatrock","ability":"Drought","moves":["solarbeam","flamethrower","confuseray","willowisp"],"nature":"Calm","evs":{"hp":252,"atk":0,"def":4,"spa":0,"spd":252,"spe":0},"ivs":{"hp":31,"atk":31,"def":31,"spa":31,"spd":31,"spe":31}},{"name":"Heatran","species":"Heatran","item":"airballoon","ability":"Flash Fire","moves":["fireblast","flashcannon","hiddenpowerice","earthpower"],"nature":"Timid","evs":{"hp":4,"atk":0,"def":0,"spa":252,"spd":0,"spe":252},"ivs":{"hp":31,"atk":30,"def":30,"spa":31,"spd":31,"spe":31}},{"name":"Grumpy Cat","species":"entei","item":"assaultvest","ability":"Pressure","moves":["sacredfire","extremespeed","stoneedge","ironhead"],"nature":"Adamant","evs":{"hp":6,"atk":252,"def":0,"spa":0,"spd":0,"spe":252},"shiny":true,"ivs":{"hp":31,"atk":31,"def":31,"spa":31,"spd":31,"spe":31}}],"log":["|player|p1|Rain ☂ Dank ☂ Tank|blankayrus.png","|player|p2|Factionless|87","|gametype|singles","|gen|6","|tier|Monotype","|rated","|rule|Baton Pass Clause: Limit one Baton Passer, can't pass Spe and other stats simultaneously","|rule|Swagger Clause: Swagger is banned","|rule|Same Type Clause: Pokémon in a team must share a type","|clearpoke","|poke|p1|Bisharp, M, shiny","|poke|p1|Weavile, F","|poke|p1|Mandibuzz, F, shiny","|poke|p1|Zoroark, F, shiny","|poke|p1|Absol, F, shiny","|poke|p1|Hydreigon, M, shiny","|poke|p2|Torkoal, M","|poke|p2|Chandelure, M","|poke|p2|Charizard, M","|poke|p2|Ninetales, F","|poke|p2|Heatran, M","|poke|p2|Entei, shiny","|rule|Sleep Clause Mod: Limit one foe put to sleep","|rule|Species Clause: Limit one of each Pokémon","|rule|OHKO Clause: OHKO moves are banned","|rule|Moody Clause: Moody is banned","|rule|Evasion Moves Clause: Evasion moves are banned","|rule|Endless Battle Clause: Forcing endless battles is banned","|rule|HP Percentage Mod: HP is shown in percentages","|teampreview","|","|start","|switch|p1a: Chaosbringer|Hydreigon, M, shiny|261/261","|switch|p2a: Ninetales|Ninetales, F|350/350","|-weather|SunnyDay","|turn|1","|","|move|p1a: Chaosbringer|Dark Pulse|p2a: Ninetales","|-damage|p2a: Ninetales|202/350","|cant|p2a: Ninetales|flinch","|","|-weather|SunnyDay|[upkeep]","|turn|2","|","|switch|p2a: Charizard|Charizard, M|330/330","|move|p1a: Chaosbringer|Dark Pulse|p2a: Charizard","|-damage|p2a: Charizard|111/330","|","|-weather|SunnyDay|[upkeep]","|turn|3","|","|detailschange|p2a: Charizard|Charizard-Mega-X, M","|-mega|p2a: Charizard|Charizard|Charizardite X","|move|p1a: Chaosbringer|Dark Pulse|p2a: Charizard","|-crit|p2a: Charizard","|-damage|p2a: Charizard|0 fnt","|faint|p2a: Charizard","|","|-weather|SunnyDay|[upkeep]","|","|switch|p2a: Grumpy Cat|Entei, shiny|372/372","|-ability|p2a: Grumpy Cat|Pressure","|turn|4","|","|move|p1a: Chaosbringer|Dark Pulse|p2a: Grumpy Cat","|-damage|p2a: Grumpy Cat|215/372","|cant|p2a: Grumpy Cat|flinch","|","|-weather|SunnyDay|[upkeep]","|turn|5","|","|move|p1a: Chaosbringer|Dark Pulse|p2a: Grumpy Cat","|-damage|p2a: Grumpy Cat|43/372","|move|p2a: Grumpy Cat|Sacred Fire|p1a: Chaosbringer","|replace|p1a: Nightbringer|Zoroark, F, shiny|261/261","|-damage|p1a: Nightbringer|0 fnt","|faint|p1a: Nightbringer","|","|-weather|SunnyDay|[upkeep]","|","|switch|p1a: Icebringer|Weavile, F|281/281","|-ability|p1a: Icebringer|Pressure","|turn|6","|","|move|p2a: Grumpy Cat|Extreme Speed|p1a: Icebringer","|-damage|p1a: Icebringer|138/281","|move|p1a: Icebringer|Knock Off|p2a: Grumpy Cat","|-damage|p2a: Grumpy Cat|0 fnt","|-enditem|p2a: Grumpy Cat|Assault Vest|[from] move: Knock Off|[of] p1a: Icebringer","|faint|p2a: Grumpy Cat","|","|-weather|SunnyDay|[upkeep]","|","|switch|p2a: Torkoal|Torkoal, M|344/344","|turn|7","|","|switch|p1a: Hellbringer|Mandibuzz, F, shiny|424/424","|move|p2a: Torkoal|Lava Plume|p1a: Hellbringer","|-damage|p1a: Hellbringer|300/424","|-status|p1a: Hellbringer|brn","|","|-weather|SunnyDay|[upkeep]","|-heal|p1a: Hellbringer|326/424 brn|[from] item: Leftovers","|-damage|p1a: Hellbringer|273/424 brn|[from] brn","|turn|8","|","|move|p1a: Hellbringer|Toxic|p2a: Torkoal","|-status|p2a: Torkoal|tox","|move|p2a: Torkoal|Curse|p2a: Torkoal","|-unboost|p2a: Torkoal|spe|1","|-boost|p2a: Torkoal|atk|1","|-boost|p2a: Torkoal|def|1","|","|-weather|none","|-heal|p1a: Hellbringer|299/424 brn|[from] item: Leftovers","|-damage|p1a: Hellbringer|246/424 brn|[from] brn","|-damage|p2a: Torkoal|323/344 tox|[from] psn","|turn|9","|","|move|p1a: Hellbringer|Roost|p1a: Hellbringer","|-heal|p1a: Hellbringer|424/424 brn","|move|p2a: Torkoal|Lava Plume|p1a: Hellbringer","|-damage|p1a: Hellbringer|334/424 brn","|","|-heal|p1a: Hellbringer|360/424 brn|[from] item: Leftovers","|-heal|p2a: Torkoal|344/344 tox|[from] item: Leftovers","|-damage|p1a: Hellbringer|307/424 brn|[from] brn","|-damage|p2a: Torkoal|302/344 tox|[from] psn","|turn|10","|","|move|p2a: Torkoal|Gyro Ball|p1a: Hellbringer","|-damage|p1a: Hellbringer|212/424 brn","|move|p1a: Hellbringer|Whirlwind|p2a: Torkoal","|drag|p2a: Chandelure|Chandelure, M|262/262","|","|-heal|p1a: Hellbringer|238/424 brn|[from] item: Leftovers","|-damage|p1a: Hellbringer|185/424 brn|[from] brn","|turn|11","|","|move|p2a: Chandelure|Hex|p1a: Hellbringer","|-resisted|p1a: Hellbringer","|-damage|p1a: Hellbringer|30/424 brn","|move|p1a: Hellbringer|Roost|p1a: Hellbringer","|-heal|p1a: Hellbringer|242/424 brn","|","|-heal|p1a: Hellbringer|268/424 brn|[from] item: Leftovers","|-damage|p1a: Hellbringer|215/424 brn|[from] brn","|turn|12","|","|move|p2a: Chandelure|Hex|p1a: Hellbringer","|-resisted|p1a: Hellbringer","|-damage|p1a: Hellbringer|80/424 brn","|move|p1a: Hellbringer|Foul Play|p2a: Chandelure","|-supereffective|p2a: Chandelure","|-damage|p2a: Chandelure|190/262","|","|-heal|p1a: Hellbringer|106/424 brn|[from] item: Leftovers","|-damage|p1a: Hellbringer|53/424 brn|[from] brn","|turn|13","|","|move|p2a: Chandelure|Fire Blast|p1a: Hellbringer","|-damage|p1a: Hellbringer|0 fnt","|faint|p1a: Hellbringer","|","|","|switch|p1a: Icebringer|Weavile, F|138/281","|-ability|p1a: Icebringer|Pressure","|turn|14","|","|move|p1a: Icebringer|Knock Off|p2a: Chandelure","|-supereffective|p2a: Chandelure","|-damage|p2a: Chandelure|0 fnt","|-enditem|p2a: Chandelure|Focus Sash|[from] move: Knock Off|[of] p1a: Icebringer","|faint|p2a: Chandelure","|","|","|switch|p2a: Ninetales|Ninetales, F|202/350","|-weather|SunnyDay","|turn|15","|","|move|p1a: Icebringer|Knock Off|p2a: Ninetales","|-crit|p2a: Ninetales","|-damage|p2a: Ninetales|0 fnt","|-enditem|p2a: Ninetales|Heat Rock|[from] move: Knock Off|[of] p1a: Icebringer","|faint|p2a: Ninetales","|","|-weather|SunnyDay|[upkeep]","|","|switch|p2a: Torkoal|Torkoal, M|302/344 tox","|turn|16","|","|move|p1a: Icebringer|Knock Off|p2a: Torkoal","|-damage|p2a: Torkoal|181/344 tox","|-enditem|p2a: Torkoal|Leftovers|[from] move: Knock Off|[of] p1a: Icebringer","|move|p2a: Torkoal|Lava Plume|p1a: Icebringer","|-supereffective|p1a: Icebringer","|-damage|p1a: Icebringer|0 fnt","|faint|p1a: Icebringer","|","|-weather|SunnyDay|[upkeep]","|-damage|p2a: Torkoal|160/344 tox|[from] psn","|","|switch|p1a: Chaosbringer|Hydreigon, M, shiny|325/325","|turn|17","|","|move|p1a: Chaosbringer|Dark Pulse|p2a: Torkoal","|-damage|p2a: Torkoal|21/344 tox","|move|p2a: Torkoal|Lava Plume|p1a: Chaosbringer","|-resisted|p1a: Chaosbringer","|-damage|p1a: Chaosbringer|256/325","|","|-weather|SunnyDay|[upkeep]","|-damage|p2a: Torkoal|0 fnt|[from] psn","|faint|p2a: Torkoal","|","|switch|p2a: Heatran|Heatran, M|324/324","|-item|p2a: Heatran|Air Balloon","|turn|18","|","|move|p1a: Chaosbringer|Dark Pulse|p2a: Heatran","|-damage|p2a: Heatran|201/324","|-enditem|p2a: Heatran|Air Balloon","|move|p2a: Heatran|Hidden Power|p1a: Chaosbringer","|-supereffective|p1a: Chaosbringer","|-damage|p1a: Chaosbringer|88/325","|","|-weather|SunnyDay|[upkeep]","|turn|19","|","|move|p1a: Chaosbringer|Dark Pulse|p2a: Heatran","|-damage|p2a: Heatran|57/324","|cant|p2a: Heatran|flinch","|","|-weather|SunnyDay|[upkeep]","|turn|20","|","|move|p1a: Chaosbringer|Dark Pulse|p2a: Heatran","|-damage|p2a: Heatran|0 fnt","|faint|p2a: Heatran","|","|win|Rain ☂ Dank ☂ Tank"],"p1rating":{"entryid":7701015,"formatid":"monotype","userid":"raindanktank","username":"Rain ☂ Dank ☂ Tank","r":1500,"rd":130,"sigma":0,"rpr":1546.6048075665,"rprd":122.42344810356,"rpsigma":0,"rptime":1439802000,"w":1,"l":0,"t":0,"gxe":55.8,"acre":1053.2974172999,"lacre":1053.2974172999,"oldacre":1000},"p2rating":{"entryid":"7495680","serverid":"eos","formatid":"monotype","userid":"factionless","username":"Factionless","w":"8","l":6,"t":"0","gxe":55,"r":"1544.6638280906","rd":"89.420852188348","sigma":"0","rptime":"1439802000","rpr":1538.7048173359,"rprd":80.627826752039,"rpsigma":"0","acre":1086.7502724255,"lacre":1086.7502724255,"oldacre":"1120.0611582379"},"endType":"normal"}