{"seed":[21831,7375,27446,41342],"turns":21,"p1":"Alliance-Succubus","p2":"Alpha알파α큐레무Kyurem","p1team":[{"name":"Cacturne","species":"Cacturne","item":"focussash","ability":"Water Absorb","moves":["swordsdance","suckerpunch","spikyshield","fellstinger"],"nature":"Adamant","evs":{"hp":0,"atk":252,"def":0,"spa":0,"spd":4,"spe":252},"ivs":{"hp":31,"atk":31,"def":31,"spa":31,"spd":31,"spe":31}},{"name":"Scrafty","species":"Scrafty","item":"leftovers","ability":"Shed Skin","moves":["rest","bulkup","knockoff","drainpunch"],"nature":"Adamant","evs":{"hp":252,"atk":252,"def":0,"spa":0,"spd":4,"spe":0},"ivs":{"hp":31,"atk":31,"def":31,"spa":31,"spd":31,"spe":31}},{"name":"Drapion","species":"Drapion","item":"blacksludge","ability":"Battle Armor","moves":["knockoff","acupressure","toxic","protect"],"nature":"Impish","evs":{"hp":252,"atk":4,"def":252,"spa":0,"spd":0,"spe":0},"ivs":{"hp":31,"atk":31,"def":31,"spa":31,"spd":31,"spe":31}},{"name":"Mandibuzz","species":"Mandibuzz","item":"rockyhelmet","ability":"Overcoat","moves":["foulplay","roost","defog","toxic"],"nature":"Impish","evs":{"hp":248,"atk":8,"def":252,"spa":0,"spd":0,"spe":0},"ivs":{"hp":31,"atk":31,"def":31,"spa":31,"spd":31,"spe":31}},{"name":"Liepard","species":"Liepard","item":"focussash","ability":"Prankster","moves":["nastyplot","taunt","darkpulse","encore"],"nature":"Modest","evs":{"hp":0,"atk":0,"def":4,"spa":252,"spd":0,"spe":252},"gender":"F","ivs":{"hp":31,"atk":31,"def":31,"spa":31,"spd":31,"spe":31}},{"name":"Tyranitar","species":"Tyranitar","item":"tyranitarite","ability":"Sand Stream","moves":["curse","rest","sleeptalk","payback"],"nature":"Adamant","evs":{"hp":252,"atk":252,"def":4,"spa":0,"spd":0,"spe":0},"ivs":{"hp":31,"atk":31,"def":31,"spa":31,"spd":31,"spe":31}}],"p2team":[{"name":"ラティオス","species":"latios","item":"choicescarf","ability":"Levitate","moves":["shadowball","dragonpulse","psyshock","icebeam"],"nature":"Timid","evs":{"hp":0,"atk":0,"def":4,"spa":252,"spd":0,"spe":252},"ivs":{"hp":31,"atk":0,"def":31,"spa":31,"spd":31,"spe":31}},{"name":"キュレム","species":"kyuremblack","item":"choiceband","ability":"Teravolt","moves":["icebeam","outrage","fusionbolt","ironhead"],"nature":"Adamant","evs":{"hp":0,"atk":252,"def":4,"spa":0,"spd":0,"spe":252},"shiny":true,"ivs":{"hp":31,"atk":31,"def":31,"spa":31,"spd":31,"spe":31}},{"name":"サザンドラ","species":"hydreigon","item":"lifeorb","ability":"Levitate","moves":["darkpulse","flamethrower","dracometeor","flashcannon"],"nature":"Timid","evs":{"hp":0,"atk":0,"def":4,"spa":252,"spd":0,"spe":252},"shiny":true,"ivs":{"hp":31,"atk":31,"def":31,"spa":31,"spd":31,"spe":31}},{"name":"ガブリアス","species":"garchomp","item":"rockyhelmet","ability":"Rough Skin","moves":["stealthrock","earthquake","dragontail","endure"],"nature":"Impish","evs":{"hp":252,"atk":0,"def":232,"spa":0,"spd":24,"spe":0},"ivs":{"hp":31,"atk":31,"def":31,"spa":31,"spd":31,"spe":31}},{"name":"ラティアス","species":"latias","item":"latiasite","ability":"Levitate","moves":["calmmind","recover","substitute","storedpower"],"nature":"Bold","evs":{"hp":252,"atk":0,"def":224,"spa":0,"spd":0,"spe":32},"ivs":{"hp":31,"atk":0,"def":31,"spa":31,"spd":31,"spe":31}},{"name":"ヌメルゴン","species":"goodra","item":"assaultvest","ability":"Sap Sipper","moves":["dracometeor","fireblast","sludgebomb","muddywater"],"nature":"Modest","evs":{"hp":248,"atk":0,"def":8,"spa":252,"spd":0,"spe":0},"ivs":{"hp":31,"atk":31,"def":31,"spa":31,"spd":31,"spe":31}}],"log":["|player|p1|Alliance-Succubus|96","|player|p2|Alpha알파α큐레무Kyurem|multistrpe.png","|gametype|singles","|gen|6","|tier|Monotype","|rated","|rule|Baton Pass Clause: Limit one Baton Passer, can't pass Spe and other stats simultaneously","|rule|Swagger Clause: Swagger is banned","|rule|Same Type Clause: Pokémon in a team must share a type","|clearpoke","|poke|p1|Cacturne, M","|poke|p1|Scrafty, F","|poke|p1|Drapion, F","|poke|p1|Mandibuzz, F","|poke|p1|Liepard, F","|poke|p1|Tyranitar, F","|poke|p2|Latios, M","|poke|p2|Kyurem-Black, shiny","|poke|p2|Hydreigon, F, shiny","|poke|p2|Garchomp, M","|poke|p2|Latias, F","|poke|p2|Goodra, M","|rule|Sleep Clause Mod: Limit one foe put to sleep","|rule|Species Clause: Limit one of each Pokémon","|rule|OHKO Clause: OHKO moves are banned","|rule|Moody Clause: Moody is banned","|rule|Evasion Moves Clause: Evasion moves are banned","|rule|Endless Battle Clause: Forcing endless battles is banned","|rule|HP Percentage Mod: HP is shown in percentages","|teampreview","|","|start","|switch|p1a: Tyranitar|Tyranitar, F|404/404","|switch|p2a: ガブリアス|Garchomp, M|420/420","|-weather|Sandstorm","|turn|1","|","|switch|p1a: Mandibuzz|Mandibuzz, F|423/423","|move|p2a: ガブリアス|Stealth Rock|p1a: Mandibuzz","|-sidestart|p1: Alliance-Succubus|move: Stealth Rock","|","|-weather|Sandstorm|[upkeep]","|turn|2","|","|switch|p2a: キュレム|Kyurem-Black, shiny|391/391","|-ability|p2a: キュレム|Teravolt","|move|p1a: Mandibuzz|Defog|p2a: キュレム","|-unboost|p2a: キュレム|evasion|1","|-sideend|p1: Alliance-Succubus|Stealth Rock|[from] move: Defog|[of] p1a: Mandibuzz","|","|-weather|Sandstorm|[upkeep]","|-damage|p2a: キュレム|367/391|[from] sandstorm","|turn|3","|","|move|p2a: キュレム|Fusion Bolt|p1a: Mandibuzz","|-supereffective|p1a: Mandibuzz","|-damage|p1a: Mandibuzz|83/423","|move|p1a: Mandibuzz|Foul Play|p2a: キュレム","|-damage|p2a: キュレム|127/391","|","|-weather|Sandstorm|[upkeep]","|-damage|p2a: キュレム|103/391|[from] sandstorm","|turn|4","|","|switch|p1a: Scrafty|Scrafty, F|334/334","|move|p2a: キュレム|Fusion Bolt|p1a: Scrafty","|-damage|p1a: Scrafty|104/334","|","|-weather|Sandstorm|[upkeep]","|-damage|p2a: キュレム|79/391|[from] sandstorm","|-damage|p1a: Scrafty|84/334|[from] sandstorm","|-heal|p1a: Scrafty|104/334|[from] item: Leftovers","|turn|5","|","|move|p2a: キュレム|Fusion Bolt|p1a: Scrafty","|-damage|p1a: Scrafty|0 fnt","|faint|p1a: Scrafty","|","|-weather|none","|","|switch|p1a: Tyranitar|Tyranitar, F|404/404","|-weather|Sandstorm","|turn|6","|","|detailschange|p1a: Tyranitar|Tyranitar-Mega, F","|-mega|p1a: Tyranitar|Tyranitar|Tyranitarite","|move|p2a: キュレム|Fusion Bolt|p1a: Tyranitar","|-crit|p1a: Tyranitar","|-damage|p1a: Tyranitar|170/404","|move|p1a: Tyranitar|Payback|p2a: キュレム","|-damage|p2a: キュレム|0 fnt","|faint|p2a: キュレム","|","|-weather|Sandstorm|[upkeep]","|","|switch|p2a: ガブリアス|Garchomp, M|420/420","|turn|7","|","|move|p2a: ガブリアス|Stealth Rock|p1a: Tyranitar","|-sidestart|p1: Alliance-Succubus|move: Stealth Rock","|move|p1a: Tyranitar|Curse|p1a: Tyranitar","|-unboost|p1a: Tyranitar|spe|1","|-boost|p1a: Tyranitar|atk|1","|-boost|p1a: Tyranitar|def|1","|","|-weather|Sandstorm|[upkeep]","|turn|8","|","|move|p1a: Tyranitar|Rest|p1a: Tyranitar","|-status|p1a: Tyranitar|slp","|-heal|p1a: Tyranitar|404/404 slp|[silent]","|-status|p1a: Tyranitar|slp|[from] move: Rest","|move|p2a: ガブリアス|Dragon Tail|p1a: Tyranitar","|-damage|p1a: Tyranitar|362/404 slp","|drag|p1a: Cacturne|Cacturne, M|281/281","|-damage|p1a: Cacturne|246/281|[from] Stealth Rock","|","|-weather|Sandstorm|[upkeep]","|-damage|p1a: Cacturne|229/281|[from] sandstorm","|turn|9","|","|switch|p2a: ヌメルゴン|Goodra, M|383/383","|move|p1a: Cacturne|Spiky Shield|p1a: Cacturne","|-fail|p1a: Cacturne","|","|-weather|Sandstorm|[upkeep]","|-damage|p1a: Cacturne|212/281|[from] sandstorm","|-damage|p2a: ヌメルゴン|360/383|[from] sandstorm","|turn|10","|","|move|p1a: Cacturne|Spiky Shield|p1a: Cacturne","|-singleturn|p1a: Cacturne|move: Protect","|move|p2a: ヌメルゴン|Fire Blast|p1a: Cacturne","|-activate|p1a: Cacturne|Protect","|","|-weather|none","|turn|11","|","|move|p1a: Cacturne|Sucker Punch|p2a: ヌメルゴン","|-damage|p2a: ヌメルゴン|168/383","|move|p2a: ヌメルゴン|Muddy Water|p1a: Cacturne","|-heal|p1a: Cacturne|281/281|[from] ability: Water Absorb|[of] p2a: ヌメルゴン","|","|turn|12","|","|switch|p2a: ガブリアス|Garchomp, M|420/420","|move|p1a: Cacturne|Swords Dance|p1a: Cacturne","|-boost|p1a: Cacturne|atk|2","|","|turn|13","|","|move|p1a: Cacturne|Spiky Shield|p1a: Cacturne","|-singleturn|p1a: Cacturne|move: Protect","|move|p2a: ガブリアス|Earthquake|p1a: Cacturne","|-activate|p1a: Cacturne|Protect","|","|turn|14","|","|move|p1a: Cacturne|Sucker Punch|p2a: ガブリアス","|-damage|p2a: ガブリアス|209/420","|-damage|p1a: Cacturne|246/281|[from] ability: Rough Skin|[of] p2a: ガブリアス","|-damage|p1a: Cacturne|200/281|[from] item: Rocky Helmet|[of] p2a: ガブリアス","|move|p2a: ガブリアス|Dragon Tail|p1a: Cacturne","|-damage|p1a: Cacturne|55/281","|drag|p1a: Tyranitar|Tyranitar-Mega, F|362/404 slp","|-damage|p1a: Tyranitar|312/404 slp|[from] Stealth Rock","|-weather|Sandstorm","|","|-weather|Sandstorm|[upkeep]","|turn|15","|","|move|p2a: ガブリアス|Earthquake|p1a: Tyranitar","|-supereffective|p1a: Tyranitar","|-damage|p1a: Tyranitar|88/404 slp","|cant|p1a: Tyranitar|slp","|move|p1a: Tyranitar|Sleep Talk|p1a: Tyranitar","|move|p1a: Tyranitar|Payback|p2a: ガブリアス|[from]Sleep Talk","|-damage|p2a: ガブリアス|43/420","|-damage|p1a: Tyranitar|38/404 slp|[from] ability: Rough Skin|[of] p2a: ガブリアス","|-damage|p1a: Tyranitar|0 fnt|[from] item: Rocky Helmet|[of] p2a: ガブリアス","|faint|p1a: Tyranitar","|","|-weather|Sandstorm|[upkeep]","|","|switch|p1a: Cacturne|Cacturne, M|55/281","|-damage|p1a: Cacturne|20/281|[from] Stealth Rock","|turn|16","|","|move|p1a: Cacturne|Sucker Punch|p2a: ガブリアス","|-damage|p2a: ガブリアス|0 fnt","|-damage|p1a: Cacturne|0 fnt|[from] ability: Rough Skin|[of] p2a: ガブリアス","|faint|p1a: Cacturne","|faint|p2a: ガブリアス","|","|-weather|Sandstorm|[upkeep]","|","|switch|p2a: サザンドラ|Hydreigon, F, shiny|325/325","|switch|p1a: Drapion|Drapion, F|344/344","|-damage|p1a: Drapion|301/344|[from] Stealth Rock","|turn|17","|","|move|p2a: サザンドラ|Draco Meteor|p1a: Drapion","|-damage|p1a: Drapion|0 fnt","|-unboost|p2a: サザンドラ|spa|2","|-damage|p2a: サザンドラ|293/325|[from] item: Life Orb","|faint|p1a: Drapion","|","|-weather|Sandstorm|[upkeep]","|-damage|p2a: サザンドラ|273/325|[from] sandstorm","|","|switch|p1a: Mandibuzz|Mandibuzz, F|83/423","|-damage|p1a: Mandibuzz|0 fnt|[from] Stealth Rock","|faint|p1a: Mandibuzz","|","|switch|p1a: Liepard|Liepard, F|269/269","|-damage|p1a: Liepard|236/269|[from] Stealth Rock","|turn|18","|","|switch|p2a: ヌメルゴン|Goodra, M|168/383","|move|p1a: Liepard|Nasty Plot|p1a: Liepard","|-boost|p1a: Liepard|spa|2","|","|-weather|none","|turn|19","|","|move|p1a: Liepard|Dark Pulse|p2a: ヌメルゴン","|-damage|p2a: ヌメルゴン|47/383","|move|p2a: ヌメルゴン|Draco Meteor|p1a: Liepard|[miss]","|-miss|p2a: ヌメルゴン|p1a: Liepard","|","|turn|20","|","|move|p1a: Liepard|Dark Pulse|p2a: ヌメルゴン","|-damage|p2a: ヌメルゴン|0 fnt","|faint|p2a: ヌメルゴン","|","|","|switch|p2a: ラティオス|Latios, M|301/301","|turn|21","|","|move|p2a: ラティオス|Dragon Pulse|p1a: Liepard","|-damage|p1a: Liepard|0 fnt","|faint|p1a: Liepard","|","|win|Alpha알파α큐레무Kyurem"],"p1rating":{"entryid":"7605632","serverid":"eos","formatid":"monotype","userid":"alliancesuccubus","username":"Alliance-Succubus","w":"1","l":5,"t":"0","gxe":37.8,"r":1423.8128042884,"rd":102.74422725719,"sigma":"0","rptime":1439802000,"rpr":1402.8466803236,"rprd":99.245844077033,"rpsigma":"0","acre":1000,"lacre":1000,"oldacre":"1004.7787356993"},"p2rating":{"entryid":"7692454","serverid":"eos","formatid":"monotype","userid":"alphakyurem","username":"Alpha알파α큐레무Kyurem","w":1,"l":"1","t":"0","gxe":49.4,"r":"1500","rd":"130","sigma":"0","rptime":"1439802000","rpr":1495.4534565367,"rprd":116.37274820227,"rpsigma":"0","acre":1040.5501375878,"lacre":1040.5501375878,"oldacre":"1000"},"endType":"normal"}