{"seed":[13020,30035,34721,11191],"turns":23,"p1":"Emg Svu","p2":"M☆ster dinite","p1team":[{"name":"Hippowdon","species":"Hippowdon","item":"leftovers","ability":"Sand Stream","moves":["earthquake","stoneedge","slackoff","stealthrock"],"nature":"Impish","evs":{"hp":208,"atk":12,"def":216,"spa":0,"spd":72,"spe":0},"gender":"F","ivs":{"hp":31,"atk":31,"def":31,"spa":31,"spd":31,"spe":31}},{"name":"Gastrodon","species":"Gastrodon","item":"leftovers","ability":"Storm Drain","moves":["scald","toxic","recover","earthpower"],"nature":"Bold","evs":{"hp":252,"atk":0,"def":252,"spa":4,"spd":0,"spe":0},"gender":"M","ivs":{"hp":31,"atk":31,"def":31,"spa":31,"spd":31,"spe":31}},{"name":"Landorus","species":"Landorus","item":"lifeorb","ability":"Sheer Force","moves":["sludgewave","earthpower","psychic","focusblast"],"nature":"Timid","evs":{"hp":0,"atk":0,"def":0,"spa":252,"spd":4,"spe":252},"ivs":{"hp":31,"atk":31,"def":31,"spa":31,"spd":31,"spe":31}},{"name":"Garchomp","species":"Garchomp","item":"garchompite","ability":"Rough Skin","moves":["earthquake","dragonclaw","fireblast","swordsdance"],"nature":"Naive","evs":{"hp":0,"atk":252,"def":0,"spa":4,"spd":0,"spe":252},"ivs":{"hp":31,"atk":31,"def":31,"spa":31,"spd":31,"spe":31}},{"name":"Mamoswine","species":"Mamoswine","item":"assaultvest","ability":"Thick Fat","moves":["earthquake","iciclespear","iceshard","knockoff"],"nature":"Adamant","evs":{"hp":248,"atk":252,"def":0,"spa":0,"spd":8,"spe":0},"ivs":{"hp":31,"atk":31,"def":31,"spa":31,"spd":31,"spe":31}},{"name":"Excadrill","species":"Excadrill","item":"lifeorb","ability":"Sand Rush","moves":["earthquake","ironhead","rockslide","swordsdance"],"nature":"Adamant","evs":{"hp":4,"atk":252,"def":0,"spa":0,"spd":0,"spe":252},"ivs":{"hp":31,"atk":31,"def":31,"spa":31,"spd":31,"spe":31}}],"p2team":[{"name":"blazing dragon","species":"charizard","item":"charizarditex","ability":"Blaze","moves":["dragondance","dragonclaw","flareblitz","roost"],"nature":"Jolly","evs":{"hp":4,"atk":252,"def":0,"spa":0,"spd":0,"spe":252},"ivs":{"hp":31,"atk":31,"def":31,"spa":31,"spd":31,"spe":31}},{"name":"Landorus","species":"Landorus","item":"lifeorb","ability":"Sheer Force","moves":["earthpower","focusblast","psychic","hiddenpowerice"],"nature":"Modest","evs":{"hp":4,"atk":0,"def":0,"spa":252,"spd":0,"spe":252},"ivs":{"atk":30,"def":30,"hp":31,"spe":31,"spa":31,"spd":31}},{"name":"Thundurus-Therian","species":"Thundurus-Therian","item":"choicescarf","ability":"Volt Absorb","moves":["grassknot","thunderbolt","hiddenpowerice","focusblast"],"nature":"Timid","evs":{"hp":4,"atk":0,"def":0,"spa":252,"spd":0,"spe":252},"ivs":{"hp":31,"atk":30,"def":30,"spa":31,"spd":31,"spe":31}},{"name":"Skarmory","species":"Skarmory","item":"rockyhelmet","ability":"Sturdy","moves":["roost","defog","bravebird","whirlwind"],"nature":"Impish","evs":{"hp":252,"atk":0,"def":252,"spa":0,"spd":4,"spe":0},"ivs":{"hp":31,"atk":31,"def":31,"spa":31,"spd":31,"spe":31}},{"name":"Togekiss","species":"Togekiss","item":"leftovers","ability":"Serene Grace","moves":["flamethrower","airslash","thunderwave","roost"],"nature":"Timid","evs":{"hp":252,"atk":0,"def":4,"spa":252,"spd":0,"spe":0},"ivs":{"hp":31,"atk":31,"def":31,"spa":31,"spd":31,"spe":31}},{"name":"Dragonite","species":"Dragonite","item":"choiceband","ability":"Multiscale","moves":["outrage","extremespeed","firepunch","earthquake"],"nature":"Adamant","evs":{"hp":0,"atk":252,"def":4,"spa":0,"spd":0,"spe":252},"ivs":{"hp":31,"atk":31,"def":31,"spa":31,"spd":31,"spe":31}}],"log":["|player|p1|Emg Svu|67","|player|p2|M☆ster dinite|137","|gametype|singles","|gen|6","|tier|Monotype","|rated","|rule|Baton Pass Clause: Limit one Baton Passer, can't pass Spe and other stats simultaneously","|rule|Swagger Clause: Swagger is banned","|rule|Same Type Clause: Pokémon in a team must share a type","|clearpoke","|poke|p1|Hippowdon, F","|poke|p1|Gastrodon, M","|poke|p1|Landorus, M","|poke|p1|Garchomp, M","|poke|p1|Mamoswine, M","|poke|p1|Excadrill, F","|poke|p2|Charizard, F","|poke|p2|Landorus, M","|poke|p2|Thundurus-Therian, M","|poke|p2|Skarmory, F","|poke|p2|Togekiss, M","|poke|p2|Dragonite, M","|rule|Sleep Clause Mod: Limit one foe put to sleep","|rule|Species Clause: Limit one of each Pokémon","|rule|OHKO Clause: OHKO moves are banned","|rule|Moody Clause: Moody is banned","|rule|Evasion Moves Clause: Evasion moves are banned","|rule|Endless Battle Clause: Forcing endless battles is banned","|rule|HP Percentage Mod: HP is shown in percentages","|teampreview","|","|start","|switch|p1a: Hippowdon|Hippowdon, F|409/409","|switch|p2a: Skarmory|Skarmory, F|334/334","|-weather|Sandstorm","|turn|1","|","|switch|p2a: Togekiss|Togekiss, M|374/374","|move|p1a: Hippowdon|Stealth Rock|p2a: Togekiss","|-sidestart|p2: M☆ster dinite|move: Stealth Rock","|","|-weather|Sandstorm|[upkeep]","|-damage|p2a: Togekiss|351/374|[from] sandstorm","|-heal|p2a: Togekiss|374/374|[from] item: Leftovers","|turn|2","|","|move|p2a: Togekiss|Air Slash|p1a: Hippowdon","|-damage|p1a: Hippowdon|267/409","|cant|p1a: Hippowdon|flinch","|","|-weather|Sandstorm|[upkeep]","|-damage|p2a: Togekiss|351/374|[from] sandstorm","|-heal|p2a: Togekiss|374/374|[from] item: Leftovers","|-heal|p1a: Hippowdon|292/409|[from] item: Leftovers","|turn|3","|","|move|p2a: Togekiss|Air Slash|p1a: Hippowdon","|-damage|p1a: Hippowdon|138/409","|cant|p1a: Hippowdon|flinch","|","|-weather|Sandstorm|[upkeep]","|-damage|p2a: Togekiss|351/374|[from] sandstorm","|-heal|p2a: Togekiss|374/374|[from] item: Leftovers","|-heal|p1a: Hippowdon|163/409|[from] item: Leftovers","|turn|4","|","|move|p2a: Togekiss|Air Slash|p1a: Hippowdon","|-damage|p1a: Hippowdon|10/409","|cant|p1a: Hippowdon|flinch","|","|-weather|Sandstorm|[upkeep]","|-damage|p2a: Togekiss|351/374|[from] sandstorm","|-heal|p2a: Togekiss|374/374|[from] item: Leftovers","|-heal|p1a: Hippowdon|35/409|[from] item: Leftovers","|turn|5","|","|move|p2a: Togekiss|Air Slash|p1a: Hippowdon","|-damage|p1a: Hippowdon|0 fnt","|faint|p1a: Hippowdon","|","|-weather|none","|","|switch|p1a: Mamoswine|Mamoswine, M|423/423","|turn|6","|","|switch|p2a: Skarmory|Skarmory, F|334/334","|-damage|p2a: Skarmory|293/334|[from] Stealth Rock","|move|p1a: Mamoswine|Ice Shard|p2a: Skarmory","|-damage|p2a: Skarmory|251/334","|","|turn|7","|","|move|p1a: Mamoswine|Knock Off|p2a: Skarmory","|-damage|p2a: Skarmory|180/334","|-damage|p1a: Mamoswine|353/423|[from] item: Rocky Helmet|[of] p2a: Skarmory","|-enditem|p2a: Skarmory|Rocky Helmet|[from] move: Knock Off|[of] p1a: Mamoswine","|move|p2a: Skarmory|Defog|p1a: Mamoswine","|-unboost|p1a: Mamoswine|evasion|1","|-sideend|p2: M☆ster dinite|Stealth Rock|[from] move: Defog|[of] p2a: Skarmory","|","|turn|8","|","|move|p1a: Mamoswine|Knock Off|p2a: Skarmory","|-damage|p2a: Skarmory|135/334","|move|p2a: Skarmory|Roost|p2a: Skarmory","|-heal|p2a: Skarmory|302/334","|","|turn|9","|","|switch|p1a: Garchomp|Garchomp, M|357/357","|move|p2a: Skarmory|Brave Bird|p1a: Garchomp","|-damage|p1a: Garchomp|230/357","|-damage|p2a: Skarmory|261/334|[from] ability: Rough Skin|[of] p1a: Garchomp","|-damage|p2a: Skarmory|219/334|[from] recoil|[of] p1a: Garchomp","|","|turn|10","|","|switch|p2a: Togekiss|Togekiss, M|374/374","|detailschange|p1a: Garchomp|Garchomp-Mega, M","|-mega|p1a: Garchomp|Garchomp|Garchompite","|move|p1a: Garchomp|Fire Blast|p2a: Togekiss","|-damage|p2a: Togekiss|284/374","|","|-heal|p2a: Togekiss|307/374|[from] item: Leftovers","|turn|11","|","|switch|p1a: Mamoswine|Mamoswine, M|353/423","|move|p2a: Togekiss|Air Slash|p1a: Mamoswine","|-damage|p1a: Mamoswine|235/423","|","|-heal|p2a: Togekiss|330/374|[from] item: Leftovers","|turn|12","|","|move|p1a: Mamoswine|Ice Shard|p2a: Togekiss","|-supereffective|p2a: Togekiss","|-damage|p2a: Togekiss|178/374","|move|p2a: Togekiss|Air Slash|p1a: Mamoswine","|-damage|p1a: Mamoswine|100/423","|","|-heal|p2a: Togekiss|201/374|[from] item: Leftovers","|turn|13","|","|switch|p2a: Skarmory|Skarmory, F|219/334","|move|p1a: Mamoswine|Ice Shard|p2a: Skarmory","|-damage|p2a: Skarmory|174/334","|","|turn|14","|","|move|p1a: Mamoswine|Icicle Spear|p2a: Skarmory","|-damage|p2a: Skarmory|144/334","|-damage|p2a: Skarmory|116/334","|-damage|p2a: Skarmory|89/334","|-damage|p2a: Skarmory|62/334","|-hitcount|p2a: Skarmory|4","|move|p2a: Skarmory|Brave Bird|p1a: Mamoswine","|-damage|p1a: Mamoswine|0 fnt","|-damage|p2a: Skarmory|29/334|[from] recoil|[of] p1a: Mamoswine","|faint|p1a: Mamoswine","|","|","|switch|p1a: Garchomp|Garchomp-Mega, M|230/357","|turn|15","|","|move|p1a: Garchomp|Fire Blast|p2a: Skarmory","|-supereffective|p2a: Skarmory","|-damage|p2a: Skarmory|0 fnt","|faint|p2a: Skarmory","|","|","|switch|p2a: Togekiss|Togekiss, M|201/374","|turn|16","|","|switch|p1a: Excadrill|Excadrill, F|362/362","|move|p2a: Togekiss|Air Slash|p1a: Excadrill","|-resisted|p1a: Excadrill","|-damage|p1a: Excadrill|279/362","|","|-heal|p2a: Togekiss|224/374|[from] item: Leftovers","|turn|17","|","|move|p1a: Excadrill|Iron Head|p2a: Togekiss","|-supereffective|p2a: Togekiss","|-damage|p2a: Togekiss|0 fnt","|-damage|p1a: Excadrill|243/362|[from] item: Life Orb","|faint|p2a: Togekiss","|","|","|switch|p2a: Thundurus-Therian|Thundurus-Therian, M|300/300","|turn|18","|","|move|p2a: Thundurus-Therian|Focus Blast|p1a: Excadrill","|-supereffective|p1a: Excadrill","|-damage|p1a: Excadrill|0 fnt","|faint|p1a: Excadrill","|","|","|switch|p1a: Gastrodon|Gastrodon, M|426/426","|turn|19","|","|switch|p2a: Landorus|Landorus, M|320/320","|move|p1a: Gastrodon|Toxic|p2a: Landorus","|-status|p2a: Landorus|tox","|","|-damage|p2a: Landorus|300/320 tox|[from] psn","|turn|20","|","|move|p2a: Landorus|Psychic|p1a: Gastrodon","|-damage|p1a: Gastrodon|201/426","|move|p1a: Gastrodon|Scald|p2a: Landorus","|-supereffective|p2a: Landorus","|-damage|p2a: Landorus|90/320 tox","|","|-heal|p1a: Gastrodon|227/426|[from] item: Leftovers","|-damage|p2a: Landorus|50/320 tox|[from] psn","|turn|21","|","|move|p2a: Landorus|Psychic|p1a: Gastrodon","|-damage|p1a: Gastrodon|0 fnt","|faint|p1a: Gastrodon","|","|-damage|p2a: Landorus|0 fnt|[from] psn","|faint|p2a: Landorus","|","|switch|p2a: Thundurus-Therian|Thundurus-Therian, M|300/300","|switch|p1a: Landorus|Landorus, M|319/319","|turn|22","|","|move|p2a: Thundurus-Therian|Hidden Power|p1a: Landorus","|-supereffective|p1a: Landorus","|-damage|p1a: Landorus|0 fnt","|faint|p1a: Landorus","|","|","|switch|p1a: Garchomp|Garchomp-Mega, M|230/357","|turn|23","|","|move|p2a: Thundurus-Therian|Hidden Power|p1a: Garchomp","|-supereffective|p1a: Garchomp","|-damage|p1a: Garchomp|0 fnt","|faint|p1a: Garchomp","|","|win|M☆ster dinite"],"p1rating":{"entryid":"7656291","serverid":"eos","formatid":"monotype","userid":"emgsvu","username":"Emg Svu","w":"20","l":10,"t":"0","gxe":62.2,"r":"1608.3274869367","rd":"62.475518732314","sigma":"0","rptime":"1439802000","rpr":1595.3594940781,"rprd":61.695156940421,"rpsigma":"0","acre":1179.161334543,"lacre":1179.161334543,"oldacre":"1218.0723518487"},"p2rating":{"entryid":"7670562","serverid":"eos","formatid":"monotype","userid":"msterdinite","username":"M☆ster dinite","w":2,"l":"5","t":"0","gxe":40.1,"r":1379.474788673,"rd":100.52700847304,"sigma":"0","rptime":1439802000,"rpr":1421.9289860779,"rprd":97.896283773611,"rpsigma":"0","acre":1062.2576276892,"lacre":1062.2576276892,"oldacre":"1000"},"endType":"normal"}