{"seed":[47962,8466,47631,45543],"turns":29,"p1":"Pixie~Games","p2":"Apex✦ Warmachine","p1team":[{"name":"Mew","species":"Mew","item":"leftovers","ability":"Synchronize","moves":["toxic","roost","psyshock","calmmind"],"nature":"Bold","evs":{"hp":252,"atk":0,"def":252,"spa":4,"spd":0,"spe":0},"ivs":{"hp":31,"atk":31,"def":31,"spa":31,"spd":31,"spe":31}},{"name":"Alakazam","species":"Alakazam","item":"choicescarf","ability":"Magic Guard","moves":["psychic","shadowball","dazzlinggleam","energyball"],"nature":"Timid","evs":{"hp":0,"atk":0,"def":0,"spa":252,"spd":4,"spe":252},"ivs":{"hp":31,"atk":31,"def":31,"spa":31,"spd":31,"spe":31}},{"name":"Jirachi","species":"Jirachi","item":"choicescarf","ability":"Serene Grace","moves":["ironhead","zenheadbutt","uturn","drainpunch"],"nature":"Jolly","evs":{"hp":0,"atk":252,"def":0,"spa":0,"spd":4,"spe":252},"ivs":{"hp":31,"atk":31,"def":31,"spa":31,"spd":31,"spe":31}},{"name":"Victini","species":"Victini","item":"choicescarf","ability":"Victory Star","moves":["boltstrike","vcreate","uturn","zenheadbutt"],"nature":"Jolly","evs":{"hp":0,"atk":252,"def":0,"spa":0,"spd":4,"spe":252},"ivs":{"hp":31,"atk":31,"def":31,"spa":31,"spd":31,"spe":31}},{"name":"Meloetta","species":"Meloetta","item":"leftovers","ability":"Serene Grace","moves":["dazzlinggleam","shadowball","relicsong","psyshock"],"nature":"Calm","evs":{"hp":252,"atk":0,"def":0,"spa":0,"spd":252,"spe":0},"ivs":{"hp":31,"atk":31,"def":31,"spa":31,"spd":31,"spe":31}},{"name":"Gardevoir","species":"Gardevoir","item":"gardevoirite","ability":"Synchronize","moves":["hypervoice","psyshock","shadowball","energyball"],"nature":"Timid","evs":{"hp":0,"atk":0,"def":0,"spa":252,"spd":4,"spe":252},"ivs":{"hp":31,"atk":31,"def":31,"spa":31,"spd":31,"spe":31}}],"p2team":[{"name":"Diancie","species":"Diancie","item":"diancite","ability":"Clear Body","moves":["diamondstorm","earthpower","moonblast","rockpolish"],"nature":"Timid","evs":{"hp":48,"atk":4,"def":0,"spa":252,"spd":0,"spe":204},"ivs":{"hp":31,"atk":31,"def":31,"spa":31,"spd":31,"spe":31}},{"name":"Slurpuff","species":"Slurpuff","item":"sitrusberry","ability":"Unburden","moves":["playrough","drainpunch","protect","bellydrum"],"nature":"Adamant","evs":{"hp":4,"atk":252,"def":0,"spa":0,"spd":72,"spe":180},"ivs":{"hp":31,"atk":31,"def":31,"spa":31,"spd":31,"spe":31}},{"name":"Azumarill","species":"Azumarill","item":"sitrusberry","ability":"Huge Power","moves":["aquajet","icepunch","playrough","bellydrum"],"nature":"Adamant","evs":{"hp":4,"atk":252,"def":0,"spa":0,"spd":0,"spe":252},"ivs":{"hp":31,"atk":31,"def":31,"spa":31,"spd":31,"spe":31}},{"name":"Togekiss","species":"Togekiss","item":"leftovers","ability":"Serene Grace","moves":["thunderwave","roost","airslash","dazzlinggleam"],"nature":"Calm","evs":{"hp":120,"atk":0,"def":0,"spa":252,"spd":0,"spe":136},"ivs":{"hp":31,"atk":31,"def":31,"spa":31,"spd":31,"spe":31}},{"name":"Sylveon","species":"Sylveon","item":"wiseglasses","ability":"Pixilate","moves":["hypervoice","shadowball","hiddenpowerfire","healbell"],"nature":"Modest","evs":{"hp":112,"atk":0,"def":0,"spa":252,"spd":0,"spe":144},"ivs":{"hp":31,"atk":30,"def":31,"spa":30,"spd":31,"spe":30}},{"name":"Klefki","species":"Klefki","item":"lightclay","ability":"Prankster","moves":["reflect","lightscreen","thunderwave","toxic"],"nature":"Sassy","evs":{"hp":0,"atk":0,"def":252,"spa":4,"spd":252,"spe":0},"ivs":{"hp":31,"atk":31,"def":31,"spa":31,"spd":31,"spe":31}}],"log":["|player|p1|Pixie~Games|138","|player|p2|Apex✦ Warmachine|293","|gametype|singles","|gen|6","|tier|Monotype","|rated","|rule|Baton Pass Clause: Limit one Baton Passer, can't pass Spe and other stats simultaneously","|rule|Swagger Clause: Swagger is banned","|rule|Same Type Clause: Pokémon in a team must share a type","|clearpoke","|poke|p1|Mew","|poke|p1|Alakazam, F","|poke|p1|Jirachi","|poke|p1|Victini","|poke|p1|Meloetta","|poke|p1|Gardevoir, M","|poke|p2|Diancie","|poke|p2|Slurpuff, F","|poke|p2|Azumarill, F","|poke|p2|Togekiss, F","|poke|p2|Sylveon, F","|poke|p2|Klefki, M","|rule|Sleep Clause Mod: Limit one foe put to sleep","|rule|Species Clause: Limit one of each Pokémon","|rule|OHKO Clause: OHKO moves are banned","|rule|Moody Clause: Moody is banned","|rule|Evasion Moves Clause: Evasion moves are banned","|rule|Endless Battle Clause: Forcing endless battles is banned","|rule|HP Percentage Mod: HP is shown in percentages","|teampreview","|","|start","|switch|p1a: Mew|Mew|404/404","|switch|p2a: Klefki|Klefki, M|255/255","|turn|1","|","|move|p2a: Klefki|Toxic|p1a: Mew|[miss]","|-miss|p2a: Klefki|p1a: Mew","|move|p1a: Mew|Calm Mind|p1a: Mew","|-boost|p1a: Mew|spa|1","|-boost|p1a: Mew|spd|1","|","|turn|2","|","|switch|p1a: Jirachi|Jirachi|341/341","|move|p2a: Klefki|Toxic|p1a: Jirachi","|-immune|p1a: Jirachi|[msg]","|","|turn|3","|","|move|p2a: Klefki|Thunder Wave|p1a: Jirachi","|-status|p1a: Jirachi|par","|move|p1a: Jirachi|Iron Head|p2a: Klefki","|-damage|p2a: Klefki|150/255","|","|turn|4","|","|move|p2a: Klefki|Reflect|p2a: Klefki","|-sidestart|p2: Apex✦ Warmachine|Reflect","|move|p1a: Jirachi|Iron Head|p2a: Klefki","|-damage|p2a: Klefki|98/255","|","|turn|5","|","|switch|p1a: Mew|Mew|404/404","|move|p2a: Klefki|Light Screen|p2a: Klefki","|-sidestart|p2: Apex✦ Warmachine|move: Light Screen","|","|turn|6","|","|move|p2a: Klefki|Toxic|p1a: Mew","|-status|p1a: Mew|tox","|move|p1a: Mew|Psyshock|p2a: Klefki","|-resisted|p2a: Klefki","|-damage|p2a: Klefki|77/255","|","|-damage|p1a: Mew|379/404 tox|[from] psn","|turn|7","|","|switch|p2a: Sylveon|Sylveon, F|359/359","|move|p1a: Mew|Calm Mind|p1a: Mew","|-boost|p1a: Mew|spa|1","|-boost|p1a: Mew|spd|1","|","|-heal|p1a: Mew|404/404 tox|[from] item: Leftovers","|-damage|p1a: Mew|354/404 tox|[from] psn","|turn|8","|","|move|p1a: Mew|Toxic|p2a: Sylveon","|-status|p2a: Sylveon|tox","|move|p2a: Sylveon|Hyper Voice|p1a: Mew","|-damage|p1a: Mew|216/404 tox","|","|-heal|p1a: Mew|241/404 tox|[from] item: Leftovers","|-damage|p1a: Mew|166/404 tox|[from] psn","|-damage|p2a: Sylveon|337/359 tox|[from] psn","|turn|9","|","|move|p1a: Mew|Roost|p1a: Mew","|-heal|p1a: Mew|368/404 tox","|move|p2a: Sylveon|Heal Bell|p2a: Sylveon","|-cureteam|p2a: Sylveon|[from] move: HealBell","|","|-heal|p1a: Mew|393/404 tox|[from] item: Leftovers","|-damage|p1a: Mew|293/404 tox|[from] psn","|turn|10","|","|switch|p1a: Jirachi|Jirachi|341/341 par","|move|p2a: Sylveon|Hyper Voice|p1a: Jirachi","|-resisted|p1a: Jirachi","|-damage|p1a: Jirachi|230/341 par","|","|turn|11","|","|move|p2a: Sylveon|Hidden Power|p1a: Jirachi","|-supereffective|p1a: Jirachi","|-damage|p1a: Jirachi|70/341 par","|move|p1a: Jirachi|Iron Head|p2a: Sylveon","|-supereffective|p2a: Sylveon","|-damage|p2a: Sylveon|181/359","|","|-sideend|p2: Apex✦ Warmachine|Reflect","|turn|12","|","|move|p2a: Sylveon|Shadow Ball|p1a: Jirachi","|-supereffective|p1a: Jirachi","|-damage|p1a: Jirachi|0 fnt","|faint|p1a: Jirachi","|","|-sideend|p2: Apex✦ Warmachine|move: Light Screen","|","|switch|p1a: Alakazam|Alakazam, F|251/251","|turn|13","|","|move|p1a: Alakazam|Psychic|p2a: Sylveon","|-damage|p2a: Sylveon|42/359","|move|p2a: Sylveon|Shadow Ball|p1a: Alakazam","|-supereffective|p1a: Alakazam","|-damage|p1a: Alakazam|51/251","|","|turn|14","|","|move|p1a: Alakazam|Psychic|p2a: Sylveon","|-damage|p2a: Sylveon|0 fnt","|faint|p2a: Sylveon","|","|","|switch|p2a: Klefki|Klefki, M|77/255","|turn|15","|","|move|p2a: Klefki|Light Screen|p2a: Klefki","|-sidestart|p2: Apex✦ Warmachine|move: Light Screen","|move|p1a: Alakazam|Psychic|p2a: Klefki","|-resisted|p2a: Klefki","|-damage|p2a: Klefki|43/255","|","|turn|16","|","|switch|p1a: Mew|Mew|293/404 tox","|move|p2a: Klefki|Reflect|p2a: Klefki","|-sidestart|p2: Apex✦ Warmachine|Reflect","|","|-heal|p1a: Mew|318/404 tox|[from] item: Leftovers","|-damage|p1a: Mew|293/404 tox|[from] psn","|turn|17","|","|switch|p2a: Slurpuff|Slurpuff, F|306/306","|move|p1a: Mew|Calm Mind|p1a: Mew","|-boost|p1a: Mew|spa|1","|-boost|p1a: Mew|spd|1","|","|-heal|p1a: Mew|318/404 tox|[from] item: Leftovers","|-damage|p1a: Mew|268/404 tox|[from] psn","|turn|18","|","|move|p1a: Mew|Toxic|p2a: Slurpuff","|-status|p2a: Slurpuff|tox","|move|p2a: Slurpuff|Belly Drum|p2a: Slurpuff","|-damage|p2a: Slurpuff|153/306 tox","|-setboost|p2a: Slurpuff|atk|6|[from] move: Belly Drum","|-enditem|p2a: Slurpuff|Sitrus Berry|[eat]","|-heal|p2a: Slurpuff|229/306 tox|[from] item: Sitrus Berry","|","|-heal|p1a: Mew|293/404 tox|[from] item: Leftovers","|-damage|p2a: Slurpuff|210/306 tox|[from] psn","|-damage|p1a: Mew|218/404 tox|[from] psn","|turn|19","|","|move|p2a: Slurpuff|Play Rough|p1a: Mew","|-damage|p1a: Mew|0 fnt","|faint|p1a: Mew","|","|-damage|p2a: Slurpuff|172/306 tox|[from] psn","|","|switch|p1a: Meloetta|Meloetta|404/404","|turn|20","|","|move|p2a: Slurpuff|Play Rough|p1a: Meloetta","|-damage|p1a: Meloetta|0 fnt","|faint|p1a: Meloetta","|","|-damage|p2a: Slurpuff|115/306 tox|[from] psn","|","|switch|p1a: Alakazam|Alakazam, F|51/251","|turn|21","|","|move|p1a: Alakazam|Psychic|p2a: Slurpuff","|-damage|p2a: Slurpuff|21/306 tox","|move|p2a: Slurpuff|Drain Punch|p1a: Alakazam","|-resisted|p1a: Alakazam","|-damage|p1a: Alakazam|0 fnt","|-heal|p2a: Slurpuff|47/306 tox|[from] drain|[of] p1a: Alakazam","|faint|p1a: Alakazam","|","|-damage|p2a: Slurpuff|0 fnt|[from] psn","|faint|p2a: Slurpuff","|","|switch|p1a: Gardevoir|Gardevoir, M|277/277","|switch|p2a: Togekiss|Togekiss, F|341/341","|turn|22","|","|detailschange|p1a: Gardevoir|Gardevoir-Mega, M","|-mega|p1a: Gardevoir|Gardevoir|Gardevoirite","|move|p1a: Gardevoir|Hyper Voice|p2a: Togekiss","|-damage|p2a: Togekiss|232/341","|move|p2a: Togekiss|Thunder Wave|p1a: Gardevoir","|-status|p1a: Gardevoir|par","|","|-heal|p2a: Togekiss|253/341|[from] item: Leftovers","|-sideend|p2: Apex✦ Warmachine|move: Light Screen","|turn|23","|","|move|p2a: Togekiss|Air Slash|p1a: Gardevoir","|-damage|p1a: Gardevoir|178/277 par","|move|p1a: Gardevoir|Hyper Voice|p2a: Togekiss","|-damage|p2a: Togekiss|34/341","|","|-heal|p2a: Togekiss|55/341|[from] item: Leftovers","|-sideend|p2: Apex✦ Warmachine|Reflect","|turn|24","|","|move|p2a: Togekiss|Air Slash|p1a: Gardevoir","|-damage|p1a: Gardevoir|72/277 par","|move|p1a: Gardevoir|Hyper Voice|p2a: Togekiss","|-damage|p2a: Togekiss|0 fnt","|faint|p2a: Togekiss","|","|","|switch|p2a: Klefki|Klefki, M|43/255","|turn|25","|","|move|p2a: Klefki|Light Screen|p2a: Klefki","|-sidestart|p2: Apex✦ Warmachine|move: Light Screen","|move|p1a: Gardevoir|Shadow Ball|p2a: Klefki","|-damage|p2a: Klefki|0 fnt","|faint|p2a: Klefki","|","|","|switch|p2a: Azumarill|Azumarill, F|342/342","|turn|26","|","|move|p2a: Azumarill|Belly Drum|p2a: Azumarill","|-damage|p2a: Azumarill|171/342","|-setboost|p2a: Azumarill|atk|6|[from] move: Belly Drum","|-enditem|p2a: Azumarill|Sitrus Berry|[eat]","|-heal|p2a: Azumarill|256/342|[from] item: Sitrus Berry","|move|p1a: Gardevoir|Hyper Voice|p2a: Azumarill","|-crit|p2a: Azumarill","|-damage|p2a: Azumarill|0 fnt","|faint|p2a: Azumarill","|","|","|switch|p2a: Diancie|Diancie|253/253","|turn|27","|","|detailschange|p2a: Diancie|Diancie-Mega","|-mega|p2a: Diancie|Diancie|Diancite","|move|p2a: Diancie|Moonblast|p1a: Gardevoir","|-damage|p1a: Gardevoir|0 fnt","|faint|p1a: Gardevoir","|","|","|switch|p1a: Victini|Victini|341/341","|turn|28","|","|move|p1a: Victini|Bolt Strike|p2a: Diancie","|-damage|p2a: Diancie|131/253","|move|p2a: Diancie|Diamond Storm|p1a: Victini","|-supereffective|p1a: Victini","|-damage|p1a: Victini|3/341","|","|turn|29","|","|move|p1a: Victini|Bolt Strike|p2a: Diancie","|-damage|p2a: Diancie|15/253","|move|p2a: Diancie|Moonblast|p1a: Victini","|-resisted|p1a: Victini","|-damage|p1a: Victini|0 fnt","|faint|p1a: Victini","|","|win|Apex✦ Warmachine"],"p1rating":{"entryid":"6068","serverid":"eos","formatid":"monotype","userid":"pixiegames","username":"Pixie~Games","w":"0","l":2,"t":"0","gxe":41,"r":"1500","rd":"130","sigma":"0","rptime":"1439802000","rpr":1427.4328741711,"rprd":116.77753930647,"rpsigma":"0","acre":1000,"lacre":1000,"oldacre":"1000"},"p2rating":{"entryid":"1756","serverid":"eos","formatid":"monotype","userid":"apexwarmachine","username":"Apex✦ Warmachine","w":7,"l":"2","t":"0","gxe":63.6,"r":"1500","rd":"130","sigma":"0","rptime":"1439802000","rpr":1608.2593412555,"rprd":90.209451939084,"rpsigma":"0","acre":1148.4661748674,"lacre":1148.4661748674,"oldacre":"1132.5677242906"},"endType":"normal"}