{"seed":[56737,48127,12906,46229],"turns":23,"p1":"LightOfAKnowing","p2":"SWL Neßki","p1team":[{"name":"Vespiquen","species":"Vespiquen","item":"laxincense","ability":"Pressure","moves":["defendorder","infestation","mudslap","roost"],"nature":"Gentle","evs":{"hp":248,"atk":8,"def":0,"spa":0,"spd":252,"spe":0},"ivs":{"hp":31,"atk":31,"def":31,"spa":31,"spd":31,"spe":31}},{"name":"Heracross","species":"Heracross","item":"choicescarf","ability":"Moxie","moves":["closecombat","megahorn","knockoff","pursuit"],"nature":"Jolly","evs":{"hp":0,"atk":252,"def":0,"spa":0,"spd":4,"spe":252},"ivs":{"hp":31,"atk":31,"def":31,"spa":31,"spd":31,"spe":31}},{"name":"Forretress","species":"Forretress","item":"custapberry","ability":"Sturdy","moves":["stealthrock","rapidspin","explosion","spikes"],"nature":"Impish","evs":{"hp":248,"atk":8,"def":252,"spa":0,"spd":0,"spe":0},"ivs":{"hp":31,"atk":31,"def":31,"spa":31,"spd":31,"spe":31}},{"name":"Galvantula","species":"Galvantula","item":"focussash","ability":"Swarm","moves":["stickyweb","bugbuzz","voltswitch","suckerpunch"],"nature":"Hasty","evs":{"hp":0,"atk":4,"def":0,"spa":252,"spd":0,"spe":252},"ivs":{"hp":31,"atk":31,"def":31,"spa":31,"spd":31,"spe":31}},{"name":"Pinsir","species":"Pinsir","item":"pinsirite","ability":"Moxie","moves":["quickattack","xscissor","frustration","closecombat"],"nature":"Adamant","evs":{"hp":248,"atk":252,"def":0,"spa":0,"spd":8,"spe":0},"happiness":0,"ivs":{"hp":31,"atk":31,"def":31,"spa":31,"spd":31,"spe":31}},{"name":"Genesect","species":"Genesect","item":"choicescarf","ability":"Download","moves":["icebeam","bugbuzz","technoblast","flashcannon"],"nature":"Timid","evs":{"hp":0,"atk":0,"def":4,"spa":252,"spd":0,"spe":252},"happiness":0,"ivs":{"hp":31,"atk":31,"def":31,"spa":31,"spd":31,"spe":31}}],"p2team":[{"name":"Garchomp","species":"Garchomp","item":"rockyhelmet","ability":"Rough Skin","moves":["stealthrock","earthquake","dragontail","rocktomb"],"nature":"Impish","evs":{"hp":164,"atk":0,"def":252,"spa":0,"spd":0,"spe":92},"ivs":{"hp":31,"atk":31,"def":31,"spa":31,"spd":31,"spe":31}},{"name":"Latios","species":"Latios","item":"choicescarf","ability":"Levitate","moves":["psyshock","icebeam","dracometeor","hiddenpowerfire"],"nature":"Timid","evs":{"hp":0,"atk":0,"def":0,"spa":252,"spd":4,"spe":252},"ivs":{"hp":31,"atk":30,"def":31,"spa":30,"spd":31,"spe":30}},{"name":"PK-Kaiser","species":"latias","item":"latiasite","ability":"Levitate","moves":["thunderwave","energyball","defog","healingwish"],"nature":"Calm","evs":{"hp":244,"atk":0,"def":0,"spa":0,"spd":252,"spe":12},"ivs":{"hp":31,"atk":0,"def":31,"spa":31,"spd":31,"spe":31},"happiness":0},{"name":"Hydreigon","species":"Hydreigon","item":"focussash","ability":"Levitate","moves":["flamethrower","darkpulse","earthpower","tailwind"],"nature":"Modest","evs":{"hp":4,"atk":0,"def":0,"spa":252,"spd":0,"spe":252},"ivs":{"hp":31,"atk":0,"def":31,"spa":31,"spd":31,"spe":31}},{"name":"Kyurem-Black","species":"Kyurem-Black","item":"assaultvest","ability":"Teravolt","moves":["fusionbolt","ironhead","icebeam","earthpower"],"nature":"Lonely","evs":{"hp":0,"atk":252,"def":0,"spa":108,"spd":0,"spe":148},"ivs":{"hp":31,"atk":31,"def":31,"spa":31,"spd":31,"spe":31}},{"name":"Dragonite","species":"Dragonite","item":"choiceband","ability":"Multiscale","moves":["superpower","outrage","extremespeed","earthquake"],"nature":"Adamant","evs":{"hp":240,"atk":252,"def":0,"spa":0,"spd":0,"spe":16},"ivs":{"hp":31,"atk":31,"def":31,"spa":31,"spd":31,"spe":31}}],"log":["|player|p1|LightOfAKnowing|lightofaknowing.gif","|player|p2|SWL Neßki|swlneki.png","|gametype|singles","|gen|6","|tier|Monotype","|rated","|rule|Baton Pass Clause: Limit one Baton Passer, can't pass Spe and other stats simultaneously","|rule|Swagger Clause: Swagger is banned","|rule|Same Type Clause: Pokémon in a team must share a type","|clearpoke","|poke|p1|Vespiquen, F","|poke|p1|Heracross, F","|poke|p1|Forretress, M","|poke|p1|Galvantula, F","|poke|p1|Pinsir, M","|poke|p1|Genesect-*","|poke|p2|Garchomp, F","|poke|p2|Latios, M","|poke|p2|Latias, F","|poke|p2|Hydreigon, M","|poke|p2|Kyurem-Black","|poke|p2|Dragonite, F","|rule|Sleep Clause Mod: Limit one foe put to sleep","|rule|Species Clause: Limit one of each Pokémon","|rule|OHKO Clause: OHKO moves are banned","|rule|Moody Clause: Moody is banned","|rule|Evasion Moves Clause: Evasion moves are banned","|rule|Endless Battle Clause: Forcing endless battles is banned","|rule|HP Percentage Mod: HP is shown in percentages","|teampreview","|","|start","|switch|p1a: Forretress|Forretress, M|353/353","|switch|p2a: Latios|Latios, M|301/301","|turn|1","|","|switch|p2a: PK-Kaiser|Latias, F|362/362","|move|p1a: Forretress|Stealth Rock|p2a: PK-Kaiser","|-sidestart|p2: SWL Neßki|move: Stealth Rock","|","|turn|2","|","|switch|p1a: Galvantula|Galvantula, F|281/281","|detailschange|p2a: PK-Kaiser|Latias-Mega, F","|-mega|p2a: PK-Kaiser|Latias|Latiasite","|move|p2a: PK-Kaiser|Defog|p1a: Galvantula","|-unboost|p1a: Galvantula|evasion|1","|-sideend|p2: SWL Neßki|Stealth Rock|[from] move: Defog|[of] p2a: PK-Kaiser","|","|turn|3","|","|switch|p2a: Kyurem-Black|Kyurem-Black|391/391","|-ability|p2a: Kyurem-Black|Teravolt","|move|p1a: Galvantula|Bug Buzz|p2a: Kyurem-Black","|-damage|p2a: Kyurem-Black|303/391","|","|turn|4","|","|move|p1a: Galvantula|Sticky Web|p2a: Kyurem-Black","|-sidestart|p2: SWL Neßki|move: Sticky Web","|move|p2a: Kyurem-Black|Ice Beam|p1a: Galvantula","|-damage|p1a: Galvantula|64/281","|","|turn|5","|","|move|p1a: Galvantula|Bug Buzz|p2a: Kyurem-Black","|-damage|p2a: Kyurem-Black|153/391","|-unboost|p2a: Kyurem-Black|spd|1","|move|p2a: Kyurem-Black|Ice Beam|p1a: Galvantula","|-damage|p1a: Galvantula|0 fnt","|faint|p1a: Galvantula","|","|","|switch|p1a: Heracross|Heracross, F|301/301","|turn|6","|","|switch|p2a: Garchomp|Garchomp, F|398/398","|-activate|p2a: Garchomp|move: Sticky Web","|-unboost|p2a: Garchomp|spe|1","|move|p1a: Heracross|Megahorn|p2a: Garchomp","|-damage|p2a: Garchomp|253/398","|-damage|p1a: Heracross|264/301|[from] ability: Rough Skin|[of] p2a: Garchomp","|-damage|p1a: Heracross|214/301|[from] item: Rocky Helmet|[of] p2a: Garchomp","|","|turn|7","|","|switch|p1a: Vespiquen|Vespiquen, F|343/343","|-ability|p1a: Vespiquen|Pressure","|move|p2a: Garchomp|Stealth Rock|p1a: Vespiquen","|-sidestart|p1: LightOfAKnowing|move: Stealth Rock","|","|turn|8","|","|move|p1a: Vespiquen|Mud-Slap|p2a: Garchomp","|-damage|p2a: Garchomp|238/398","|-unboost|p2a: Garchomp|accuracy|1","|move|p2a: Garchomp|Dragon Tail|p1a: Vespiquen","|-damage|p1a: Vespiquen|253/343","|drag|p1a: Heracross|Heracross, F|214/301","|-damage|p1a: Heracross|177/301|[from] Stealth Rock","|","|turn|9","|","|move|p1a: Heracross|Knock Off|p2a: Garchomp","|-damage|p2a: Garchomp|161/398","|-damage|p1a: Heracross|140/301|[from] ability: Rough Skin|[of] p2a: Garchomp","|-damage|p1a: Heracross|90/301|[from] item: Rocky Helmet|[of] p2a: Garchomp","|-enditem|p2a: Garchomp|Rocky Helmet|[from] move: Knock Off|[of] p1a: Heracross","|move|p2a: Garchomp|Rock Tomb|p1a: Heracross","|-damage|p1a: Heracross|14/301","|-unboost|p1a: Heracross|spe|1","|","|turn|10","|","|move|p1a: Heracross|Knock Off|p2a: Garchomp","|-crit|p2a: Garchomp","|-damage|p2a: Garchomp|82/398","|-damage|p1a: Heracross|0 fnt|[from] ability: Rough Skin|[of] p2a: Garchomp","|faint|p1a: Heracross","|move|p2a: Garchomp|Earthquake|p1: Heracross|[notarget]","|-notarget","|","|","|switch|p1a: Forretress|Forretress, M|353/353","|-damage|p1a: Forretress|309/353|[from] Stealth Rock","|turn|11","|","|switch|p2a: PK-Kaiser|Latias-Mega, F|362/362","|move|p1a: Forretress|Rapid Spin|p2a: PK-Kaiser","|-damage|p2a: PK-Kaiser|349/362","|-sideend|p1: LightOfAKnowing|Stealth Rock|[from] move: Rapid Spin|[of] p1a: Forretress","|","|turn|12","|","|switch|p1a: Vespiquen|Vespiquen, F|253/343","|-ability|p1a: Vespiquen|Pressure","|move|p2a: PK-Kaiser|Thunder Wave|p1a: Vespiquen","|-status|p1a: Vespiquen|par","|","|turn|13","|","|switch|p2a: Garchomp|Garchomp, F|82/398","|-activate|p2a: Garchomp|move: Sticky Web","|-unboost|p2a: Garchomp|spe|1","|move|p1a: Vespiquen|Infestation|p2a: Garchomp","|-damage|p2a: Garchomp|61/398","|-damage|p1a: Vespiquen|211/343 par|[from] ability: Rough Skin|[of] p2a: Garchomp","|-activate|p2a: Garchomp|move: Infestation|[of] p1a: Vespiquen","|","|-damage|p2a: Garchomp|12/398|[from] move: Infestation|[partiallytrapped]","|turn|14","|","|move|p2a: Garchomp|Stealth Rock|p1a: Vespiquen","|-sidestart|p1: LightOfAKnowing|move: Stealth Rock","|cant|p1a: Vespiquen|par","|","|-damage|p2a: Garchomp|0 fnt|[from] move: Infestation|[partiallytrapped]","|faint|p2a: Garchomp","|","|switch|p2a: Kyurem-Black|Kyurem-Black|153/391","|-activate|p2a: Kyurem-Black|move: Sticky Web","|-unboost|p2a: Kyurem-Black|spe|1","|-ability|p2a: Kyurem-Black|Teravolt","|turn|15","|","|move|p2a: Kyurem-Black|Fusion Bolt|p1a: Vespiquen","|-supereffective|p1a: Vespiquen","|-damage|p1a: Vespiquen|0 fnt","|faint|p1a: Vespiquen","|","|","|switch|p1a: Forretress|Forretress, M|309/353","|-damage|p1a: Forretress|265/353|[from] Stealth Rock","|turn|16","|","|move|p2a: Kyurem-Black|Earth Power|p1a: Forretress","|-damage|p1a: Forretress|122/353","|move|p1a: Forretress|Stealth Rock|p2a: Kyurem-Black","|-sidestart|p2: SWL Neßki|move: Stealth Rock","|","|turn|17","|","|move|p2a: Kyurem-Black|Earth Power|p1a: Forretress","|-damage|p1a: Forretress|0 fnt","|faint|p1a: Forretress","|","|","|switch|p1a: Pinsir|Pinsir, M|333/333","|-damage|p1a: Pinsir|250/333|[from] Stealth Rock","|turn|18","|","|move|p1a: Pinsir|Close Combat|p2a: Kyurem-Black","|-supereffective|p2a: Kyurem-Black","|-damage|p2a: Kyurem-Black|0 fnt","|-unboost|p1a: Pinsir|def|1","|-unboost|p1a: Pinsir|spd|1","|faint|p2a: Kyurem-Black","|-boost|p1a: Pinsir|atk|1|[from] ability: Moxie","|","|","|switch|p2a: Dragonite|Dragonite, F|383/383","|-damage|p2a: Dragonite|288/383|[from] Stealth Rock","|turn|19","|","|detailschange|p1a: Pinsir|Pinsir-Mega, M","|-mega|p1a: Pinsir|Pinsir|Pinsirite","|move|p2a: Dragonite|Extreme Speed|p1a: Pinsir","|-damage|p1a: Pinsir|60/333","|move|p1a: Pinsir|Frustration|p2a: Dragonite","|-damage|p2a: Dragonite|0 fnt","|faint|p2a: Dragonite","|","|","|switch|p2a: PK-Kaiser|Latias-Mega, F|349/362","|-damage|p2a: PK-Kaiser|304/362|[from] Stealth Rock","|turn|20","|","|move|p2a: PK-Kaiser|Thunder Wave|p1a: Pinsir","|-status|p1a: Pinsir|par","|move|p1a: Pinsir|X-Scissor|p2a: PK-Kaiser","|-supereffective|p2a: PK-Kaiser","|-damage|p2a: PK-Kaiser|0 fnt","|faint|p2a: PK-Kaiser","|","|","|switch|p2a: Hydreigon|Hydreigon, M|326/326","|-damage|p2a: Hydreigon|286/326|[from] Stealth Rock","|turn|21","|","|move|p1a: Pinsir|Quick Attack|p2a: Hydreigon","|-damage|p2a: Hydreigon|93/326","|move|p2a: Hydreigon|Flamethrower|p1a: Pinsir","|-supereffective|p1a: Pinsir","|-damage|p1a: Pinsir|0 fnt","|faint|p1a: Pinsir","|","|","|switch|p1a: Genesect|Genesect|283/283","|-damage|p1a: Genesect|248/283|[from] Stealth Rock","|-boost|p1a: Genesect|spa|1|[from] ability: Download","|turn|22","|","|move|p1a: Genesect|Ice Beam|p2a: Hydreigon","|-supereffective|p2a: Hydreigon","|-damage|p2a: Hydreigon|0 fnt","|faint|p2a: Hydreigon","|","|","|switch|p2a: Latios|Latios, M|301/301","|-damage|p2a: Latios|264/301|[from] Stealth Rock","|turn|23","|","|move|p2a: Latios|Hidden Power|p1a: Genesect","|-supereffective|p1a: Genesect","|-damage|p1a: Genesect|0 fnt","|faint|p1a: Genesect","|","|win|SWL Neßki"],"p1rating":{"entryid":386,"formatid":"monotype","userid":"lightofaknowing","username":"LightOfAKnowing","r":1500,"rd":130,"sigma":0,"rpr":1459.8393856612,"rprd":122.8583080769,"rpsigma":0,"rptime":1439802000,"w":0,"l":1,"t":0,"gxe":45,"acre":1000,"lacre":1000,"oldacre":1000},"p2rating":{"entryid":388,"formatid":"monotype","userid":"swlneki","username":"SWL Neßki","r":1500,"rd":130,"sigma":0,"rpr":1540.1606143388,"rprd":122.8583080769,"rpsigma":0,"rptime":1439802000,"w":1,"l":0,"t":0,"gxe":55,"acre":1040,"lacre":1040,"oldacre":1000},"endType":"normal"}