{"seed":[23808,24382,25196,22906],"turns":31,"p1":"Trying Fire","p2":"Sage.13","p1team":[{"name":"Infernape","species":"Infernape","item":"focussash","ability":"Iron Fist","moves":["overheat","closecombat","thunderpunch","taunt"],"nature":"Naive","evs":{"hp":0,"atk":168,"def":0,"spa":88,"spd":0,"spe":252},"ivs":{"hp":31,"atk":31,"def":31,"spa":31,"spd":31,"spe":31}},{"name":"Torkoal","species":"Torkoal","item":"leftovers","ability":"White Smoke","moves":["stealthrock","yawn","rapidspin","lavaplume"],"nature":"Bold","evs":{"hp":248,"atk":0,"def":252,"spa":8,"spd":0,"spe":0},"ivs":{"hp":31,"atk":0,"def":31,"spa":31,"spd":31,"spe":31}},{"name":"Charizard","species":"Charizard","item":"charizarditey","ability":"Blaze","moves":["fireblast","dragonpulse","solarbeam","roost"],"nature":"Timid","evs":{"hp":0,"atk":0,"def":0,"spa":252,"spd":4,"spe":252},"ivs":{"hp":31,"atk":31,"def":31,"spa":31,"spd":31,"spe":31}},{"name":"Darmanitan","species":"Darmanitan","item":"choicescarf","ability":"Sheer Force","moves":["flareblitz","superpower","uturn","rockslide"],"nature":"Jolly","evs":{"hp":0,"atk":252,"def":0,"spa":0,"spd":4,"spe":252},"ivs":{"hp":31,"atk":31,"def":31,"spa":31,"spd":31,"spe":31}},{"name":"Fletchinder","species":"Fletchinder","item":"","ability":"Gale Wings","moves":["acrobatics","swordsdance","willowisp","tailwind"],"nature":"Adamant","evs":{"hp":0,"atk":252,"def":4,"spa":0,"spd":0,"spe":252},"ivs":{"hp":31,"atk":31,"def":31,"spa":31,"spd":31,"spe":31}},{"name":"Heatran","species":"Heatran","item":"choicescarf","ability":"Flash Fire","moves":["fireblast","dragonpulse","flashcannon","earthpower"],"nature":"Timid","evs":{"hp":0,"atk":0,"def":0,"spa":252,"spd":4,"spe":252},"ivs":{"hp":31,"atk":31,"def":31,"spa":31,"spd":31,"spe":31}}],"p2team":[{"name":"King Ludi","species":"ludicolo","item":"leftovers","ability":"Swift Swim","moves":["teeterdance","scald","icebeam","gigadrain"],"nature":"Modest","evs":{"hp":0,"atk":0,"def":0,"spa":252,"spd":4,"spe":252},"shiny":true,"ivs":{"hp":31,"atk":31,"def":31,"spa":31,"spd":31,"spe":31}},{"name":"SS2 Azu","species":"azumarill","item":"sitrusberry","ability":"Huge Power","moves":["aquajet","playrough","bellydrum","knockoff"],"nature":"Jolly","evs":{"hp":252,"atk":252,"def":0,"spa":0,"spd":4,"spe":0},"shiny":true,"ivs":{"hp":31,"atk":31,"def":31,"spa":31,"spd":31,"spe":31}},{"name":"SwampGun","species":"swampert","item":"swampertite","ability":"Damp","moves":["superpower","waterfall","earthquake","icepunch"],"nature":"Adamant","evs":{"hp":248,"atk":252,"def":0,"spa":0,"spd":8,"spe":0},"ivs":{"hp":31,"atk":31,"def":31,"spa":31,"spd":31,"spe":31}},{"name":"Milo","species":"milotic","item":"leftovers","ability":"Competitive","moves":["scald","icebeam","raindance","toxic"],"nature":"Bold","evs":{"hp":252,"atk":0,"def":252,"spa":4,"spd":0,"spe":0},"shiny":true,"ivs":{"hp":31,"atk":31,"def":31,"spa":31,"spd":31,"spe":31}},{"name":"Poliie","species":"politoed","item":"widelens","ability":"Drizzle","moves":["icebeam","surf","hypnosis","perishsong"],"nature":"Modest","evs":{"hp":248,"atk":0,"def":0,"spa":252,"spd":8,"spe":0},"shiny":true,"ivs":{"hp":31,"atk":31,"def":31,"spa":31,"spd":31,"spe":31}},{"name":"Gyarados","species":"Gyarados","item":"leftovers","ability":"Moxie","moves":["dragondance","bounce","waterfall","substitute"],"nature":"Jolly","evs":{"hp":88,"atk":220,"def":4,"spa":0,"spd":0,"spe":196},"shiny":true,"ivs":{"hp":31,"atk":31,"def":31,"spa":31,"spd":31,"spe":31}}],"log":["|player|p1|Trying Fire|125","|player|p2|Sage.13|154","|gametype|singles","|gen|6","|tier|Monotype","|rated","|rule|Baton Pass Clause: Limit one Baton Passer, can't pass Spe and other stats simultaneously","|rule|Swagger Clause: Swagger is banned","|rule|Same Type Clause: Pokémon in a team must share a type","|clearpoke","|poke|p1|Infernape, F","|poke|p1|Torkoal, F","|poke|p1|Charizard, F","|poke|p1|Darmanitan, F","|poke|p1|Fletchinder, F","|poke|p1|Heatran, F","|poke|p2|Ludicolo, F, shiny","|poke|p2|Azumarill, M, shiny","|poke|p2|Swampert, M","|poke|p2|Milotic, F, shiny","|poke|p2|Politoed, M, shiny","|poke|p2|Gyarados, F, shiny","|rule|Sleep Clause Mod: Limit one foe put to sleep","|rule|Species Clause: Limit one of each Pokémon","|rule|OHKO Clause: OHKO moves are banned","|rule|Moody Clause: Moody is banned","|rule|Evasion Moves Clause: Evasion moves are banned","|rule|Endless Battle Clause: Forcing endless battles is banned","|rule|HP Percentage Mod: HP is shown in percentages","|teampreview","|","|start","|switch|p1a: Charizard|Charizard, F|297/297","|switch|p2a: Poliie|Politoed, M, shiny|383/383","|-weather|RainDance","|turn|1","|","|switch|p2a: King Ludi|Ludicolo, F, shiny|301/301","|detailschange|p1a: Charizard|Charizard-Mega-Y, F","|-mega|p1a: Charizard|Charizard|Charizardite Y","|-weather|SunnyDay","|move|p1a: Charizard|Solar Beam|p2a: King Ludi|[still]","|-prepare|p1a: Charizard|Solar Beam|p2a: King Ludi","|-anim|p1a: Charizard|Solar Beam|p2a: King Ludi","|-damage|p2a: King Ludi|133/301","|","|-weather|SunnyDay|[upkeep]","|-heal|p2a: King Ludi|151/301|[from] item: Leftovers","|turn|2","|","|switch|p1a: Infernape|Infernape, F|293/293","|switch|p2a: Poliie|Politoed, M, shiny|383/383","|-weather|RainDance","|","|-weather|RainDance|[upkeep]","|turn|3","|","|move|p1a: Infernape|Thunder Punch|p2a: Poliie","|-supereffective|p2a: Poliie","|-damage|p2a: Poliie|151/383","|move|p2a: Poliie|Surf|p1a: Infernape","|-supereffective|p1a: Infernape","|-enditem|p1a: Infernape|Focus Sash","|-damage|p1a: Infernape|1/293","|","|-weather|RainDance|[upkeep]","|turn|4","|","|switch|p2a: SwampGun|Swampert, M|403/403","|move|p1a: Infernape|Close Combat|p2a: SwampGun","|-damage|p2a: SwampGun|232/403","|-unboost|p1a: Infernape|def|1","|-unboost|p1a: Infernape|spd|1","|","|-weather|RainDance|[upkeep]","|turn|5","|","|switch|p2a: SS2 Azu|Azumarill, M, shiny|404/404","|move|p1a: Infernape|Close Combat|p2a: SS2 Azu","|-resisted|p2a: SS2 Azu","|-damage|p2a: SS2 Azu|306/404","|-unboost|p1a: Infernape|def|1","|-unboost|p1a: Infernape|spd|1","|","|-weather|RainDance|[upkeep]","|turn|6","|","|move|p1a: Infernape|Thunder Punch|p2a: SS2 Azu","|-supereffective|p2a: SS2 Azu","|-damage|p2a: SS2 Azu|100/404","|-enditem|p2a: SS2 Azu|Sitrus Berry|[eat]","|-heal|p2a: SS2 Azu|201/404|[from] item: Sitrus Berry","|move|p2a: SS2 Azu|Belly Drum|p2a: SS2 Azu","|-fail|p2a: SS2 Azu","|","|-weather|none","|turn|7","|","|move|p2a: SS2 Azu|Aqua Jet|p1a: Infernape","|-supereffective|p1a: Infernape","|-damage|p1a: Infernape|0 fnt","|faint|p1a: Infernape","|","|","|switch|p1a: Charizard|Charizard-Mega-Y, F|297/297","|-weather|SunnyDay","|turn|8","|","|switch|p1a: Darmanitan|Darmanitan, F|351/351","|switch|p2a: Poliie|Politoed, M, shiny|151/383","|-weather|RainDance","|","|-weather|RainDance|[upkeep]","|turn|9","|","|switch|p2a: Gyarados|Gyarados, F, shiny|353/353","|move|p1a: Darmanitan|U-turn|p2a: Gyarados","|-resisted|p2a: Gyarados","|-damage|p2a: Gyarados|297/353","|","|switch|p1a: Charizard|Charizard-Mega-Y, F|297/297","|-weather|SunnyDay","|","|-weather|SunnyDay|[upkeep]","|-heal|p2a: Gyarados|319/353|[from] item: Leftovers","|turn|10","|","|switch|p1a: Darmanitan|Darmanitan, F|351/351","|switch|p2a: Poliie|Politoed, M, shiny|151/383","|-weather|RainDance","|","|-weather|RainDance|[upkeep]","|turn|11","|","|switch|p2a: Milo|Milotic, F, shiny|394/394","|move|p1a: Darmanitan|U-turn|p2a: Milo","|-damage|p2a: Milo|314/394","|","|switch|p1a: Charizard|Charizard-Mega-Y, F|297/297","|-weather|SunnyDay","|","|-weather|SunnyDay|[upkeep]","|-heal|p2a: Milo|338/394|[from] item: Leftovers","|turn|12","|","|switch|p2a: Poliie|Politoed, M, shiny|151/383","|-weather|RainDance","|move|p1a: Charizard|Solar Beam|p2a: Poliie|[still]","|-prepare|p1a: Charizard|Solar Beam|p2a: Poliie","|","|-weather|RainDance|[upkeep]","|turn|13","|","|switch|p2a: King Ludi|Ludicolo, F, shiny|151/301","|move|p1a: Charizard|Solar Beam|p2a: King Ludi|[from]lockedmove","|-damage|p2a: King Ludi|62/301","|","|-weather|RainDance|[upkeep]","|-heal|p2a: King Ludi|80/301|[from] item: Leftovers","|turn|14","|","|switch|p1a: Torkoal|Torkoal, F|343/343","|move|p2a: King Ludi|Scald|p1a: Torkoal","|-supereffective|p1a: Torkoal","|-damage|p1a: Torkoal|0 fnt","|faint|p1a: Torkoal","|","|-weather|RainDance|[upkeep]","|-heal|p2a: King Ludi|98/301|[from] item: Leftovers","|","|switch|p1a: Fletchinder|Fletchinder, F|265/265","|turn|15","|","|switch|p2a: Gyarados|Gyarados, F, shiny|319/353","|move|p1a: Fletchinder|Acrobatics|p2a: Gyarados","|-damage|p2a: Gyarados|141/353","|","|-weather|RainDance|[upkeep]","|-heal|p2a: Gyarados|163/353|[from] item: Leftovers","|turn|16","|","|switch|p2a: Milo|Milotic, F, shiny|338/394","|move|p1a: Fletchinder|Acrobatics|p2a: Milo","|-damage|p2a: Milo|209/394","|","|-weather|none","|-heal|p2a: Milo|233/394|[from] item: Leftovers","|turn|17","|","|move|p1a: Fletchinder|Swords Dance|p1a: Fletchinder","|-boost|p1a: Fletchinder|atk|2","|move|p2a: Milo|Scald|p1a: Fletchinder","|-supereffective|p1a: Fletchinder","|-damage|p1a: Fletchinder|0 fnt","|faint|p1a: Fletchinder","|","|-heal|p2a: Milo|257/394|[from] item: Leftovers","|","|switch|p1a: Charizard|Charizard-Mega-Y, F|297/297","|-weather|SunnyDay","|turn|18","|","|switch|p2a: Poliie|Politoed, M, shiny|151/383","|-weather|RainDance","|move|p1a: Charizard|Dragon Pulse|p2a: Poliie","|-damage|p2a: Poliie|44/383","|","|-weather|RainDance|[upkeep]","|turn|19","|","|switch|p1a: Darmanitan|Darmanitan, F|351/351","|switch|p2a: Milo|Milotic, F, shiny|257/394","|","|-weather|RainDance|[upkeep]","|-heal|p2a: Milo|281/394|[from] item: Leftovers","|turn|20","|","|move|p1a: Darmanitan|U-turn|p2a: Milo","|-damage|p2a: Milo|204/394","|","|switch|p1a: Charizard|Charizard-Mega-Y, F|297/297","|-weather|SunnyDay","|move|p2a: Milo|Scald|p1a: Charizard","|-supereffective|p1a: Charizard","|-damage|p1a: Charizard|217/297","|","|-weather|SunnyDay|[upkeep]","|-heal|p2a: Milo|228/394|[from] item: Leftovers","|turn|21","|","|switch|p2a: Poliie|Politoed, M, shiny|44/383","|-weather|RainDance","|move|p1a: Charizard|Solar Beam|p2a: Poliie|[still]","|-prepare|p1a: Charizard|Solar Beam|p2a: Poliie","|","|-weather|RainDance|[upkeep]","|turn|22","|","|switch|p2a: Milo|Milotic, F, shiny|228/394","|move|p1a: Charizard|Solar Beam|p2a: Milo|[from]lockedmove","|-supereffective|p2a: Milo","|-damage|p2a: Milo|102/394","|","|-weather|RainDance|[upkeep]","|-heal|p2a: Milo|126/394|[from] item: Leftovers","|turn|23","|","|switch|p1a: Heatran|Heatran, F|323/323","|move|p2a: Milo|Scald|p1a: Heatran","|-supereffective|p1a: Heatran","|-damage|p1a: Heatran|33/323","|","|-weather|RainDance|[upkeep]","|-heal|p2a: Milo|150/394|[from] item: Leftovers","|turn|24","|","|switch|p1a: Charizard|Charizard-Mega-Y, F|217/297","|-weather|SunnyDay","|move|p2a: Milo|Toxic|p1a: Charizard|[miss]","|-miss|p2a: Milo|p1a: Charizard","|","|-weather|SunnyDay|[upkeep]","|-heal|p2a: Milo|174/394|[from] item: Leftovers","|turn|25","|","|switch|p2a: Poliie|Politoed, M, shiny|44/383","|-weather|RainDance","|move|p1a: Charizard|Dragon Pulse|p2a: Poliie","|-damage|p2a: Poliie|0 fnt","|faint|p2a: Poliie","|","|-weather|RainDance|[upkeep]","|","|switch|p2a: SwampGun|Swampert, M|232/403","|turn|26","|","|switch|p1a: Heatran|Heatran, F|33/323","|detailschange|p2a: SwampGun|Swampert-Mega, M","|-mega|p2a: SwampGun|Swampert|Swampertite","|move|p2a: SwampGun|Waterfall|p1a: Heatran","|-supereffective|p1a: Heatran","|-damage|p1a: Heatran|0 fnt","|faint|p1a: Heatran","|","|-weather|RainDance|[upkeep]","|","|switch|p1a: Charizard|Charizard-Mega-Y, F|217/297","|-weather|SunnyDay","|turn|27","|","|switch|p2a: Gyarados|Gyarados, F, shiny|163/353","|move|p1a: Charizard|Solar Beam|p2a: Gyarados|[still]","|-prepare|p1a: Charizard|Solar Beam|p2a: Gyarados","|-anim|p1a: Charizard|Solar Beam|p2a: Gyarados","|-damage|p2a: Gyarados|0 fnt","|faint|p2a: Gyarados","|","|-weather|SunnyDay|[upkeep]","|","|switch|p2a: Milo|Milotic, F, shiny|174/394","|turn|28","|","|move|p1a: Charizard|Solar Beam|p2a: Milo|[still]","|-prepare|p1a: Charizard|Solar Beam|p2a: Milo","|-anim|p1a: Charizard|Solar Beam|p2a: Milo","|-supereffective|p2a: Milo","|-damage|p2a: Milo|0 fnt","|faint|p2a: Milo","|","|-weather|SunnyDay|[upkeep]","|","|switch|p2a: King Ludi|Ludicolo, F, shiny|98/301","|turn|29","|","|move|p1a: Charizard|Solar Beam|p2a: King Ludi|[still]","|-prepare|p1a: Charizard|Solar Beam|p2a: King Ludi","|-anim|p1a: Charizard|Solar Beam|p2a: King Ludi","|-damage|p2a: King Ludi|0 fnt","|faint|p2a: King Ludi","|","|-weather|SunnyDay|[upkeep]","|","|switch|p2a: SwampGun|Swampert-Mega, M|232/403","|turn|30","|","|move|p1a: Charizard|Solar Beam|p2a: SwampGun|[still]","|-prepare|p1a: Charizard|Solar Beam|p2a: SwampGun","|-anim|p1a: Charizard|Solar Beam|p2a: SwampGun","|-supereffective|p2a: SwampGun","|-damage|p2a: SwampGun|0 fnt","|faint|p2a: SwampGun","|","|-weather|SunnyDay|[upkeep]","|","|switch|p2a: SS2 Azu|Azumarill, M, shiny|201/404","|turn|31","|","|move|p2a: SS2 Azu|Aqua Jet|p1a: Charizard","|-supereffective|p1a: Charizard","|-damage|p1a: Charizard|125/297","|move|p1a: Charizard|Solar Beam|p2a: SS2 Azu|[still]","|-prepare|p1a: Charizard|Solar Beam|p2a: SS2 Azu","|-anim|p1a: Charizard|Solar Beam|p2a: SS2 Azu","|-supereffective|p2a: SS2 Azu","|-damage|p2a: SS2 Azu|0 fnt","|faint|p2a: SS2 Azu","|","|win|Trying Fire"],"p1rating":{"entryid":"7702336","serverid":"eos","formatid":"monotype","userid":"tryingfire","username":"Trying Fire","w":7,"l":"1","t":"0","gxe":62.4,"r":"1500","rd":"130","sigma":"0","rptime":"1439802000","rpr":1598.5476881306,"rprd":95.640734259487,"rpsigma":"0","acre":1192.5724722986,"lacre":1192.5724722986,"oldacre":"1174.3237798904"},"p2rating":{"entryid":"7365108","serverid":"eos","formatid":"monotype","userid":"sage13","username":"Sage.13","w":"23","l":28,"t":"0","gxe":43.9,"r":1459.3532114069,"rd":51.068517529126,"sigma":"0","rptime":1439802000,"rpr":1453.2726823567,"rprd":50.608845527404,"rpsigma":"0","acre":1062.2597242066,"lacre":1062.2597242066,"oldacre":"1078.1118341825"},"endType":"normal"}