{"seed":[47926,6351,930,21837],"turns":30,"p1":"GTX♅Bzumzum","p2":"Professor♅ Gotenks","p1team":[{"name":"Elec","species":"manectric","item":"manectite","ability":"Lightning Rod","moves":["thunderbolt","hiddenpowerice","mudslap","overheat"],"nature":"Timid","evs":{"hp":0,"atk":0,"def":0,"spa":252,"spd":4,"spe":252},"gender":"M","ivs":{"hp":31,"atk":30,"def":30,"spa":31,"spd":31,"spe":31}},{"name":"Breezer","species":"rotomfrost","item":"sitrusberry","ability":"Levitate","moves":["blizzard","painsplit","protect","willowisp"],"nature":"Bold","evs":{"hp":252,"atk":0,"def":28,"spa":228,"spd":0,"spe":0},"ivs":{"hp":31,"atk":31,"def":30,"spa":30,"spd":30,"spe":30},"shiny":true},{"name":"MY ZONE!!!","species":"magnezone","item":"choicespecs","ability":"Sturdy","moves":["hiddenpowerice","flashcannon","triattack","signalbeam"],"nature":"Modest","evs":{"hp":248,"atk":0,"def":0,"spa":252,"spd":8,"spe":0},"ivs":{"hp":31,"atk":30,"def":30,"spa":31,"spd":31,"spe":31},"shiny":true},{"name":"Genius","species":"thundurus","item":"lifeorb","ability":"Prankster","moves":["grassknot","psychic","embargo","raindance"],"nature":"Timid","evs":{"hp":0,"atk":0,"def":4,"spa":252,"spd":0,"spe":252},"ivs":{"hp":31,"atk":30,"def":30,"spa":31,"spd":31,"spe":31},"shiny":true},{"name":"Zapz","species":"zapdos","item":"leftovers","ability":"Pressure","moves":["heatwave","roost","extrasensory","defog"],"nature":"Modest","evs":{"hp":252,"atk":0,"def":0,"spa":252,"spd":4,"spe":0},"shiny":true,"ivs":{"hp":31,"atk":31,"def":31,"spa":31,"spd":31,"spe":31}},{"name":"Plugg-in Failure","species":"electivire","item":"choicescarf","ability":"Vital Spirit","moves":["firepunch","earthquake","icepunch","rockslide"],"nature":"Jolly","evs":{"hp":0,"atk":252,"def":0,"spa":0,"spd":4,"spe":252},"gender":"M","shiny":true,"ivs":{"hp":31,"atk":31,"def":31,"spa":31,"spd":31,"spe":31}}],"p2team":[{"name":"Ferrothorn","species":"Ferrothorn","item":"rockyhelmet","ability":"Iron Barbs","moves":["leechseed","gyroball","toxic","powerwhip"],"nature":"Relaxed","evs":{"hp":248,"atk":8,"def":252,"spa":0,"spd":0,"spe":0},"ivs":{"hp":31,"atk":31,"def":31,"spa":31,"spd":31,"spe":0}},{"name":"Klefki","species":"Klefki","item":"lightclay","ability":"Prankster","moves":["lightscreen","reflect","thunderwave","drainingkiss"],"nature":"Bold","evs":{"hp":248,"atk":0,"def":116,"spa":8,"spd":136,"spe":0},"ivs":{"hp":31,"atk":31,"def":31,"spa":31,"spd":31,"spe":31}},{"name":"Excadrill","species":"Excadrill","item":"choicescarf","ability":"Mold Breaker","moves":["earthquake","ironhead","rockslide","rapidspin"],"nature":"Jolly","evs":{"hp":0,"atk":252,"def":0,"spa":0,"spd":4,"spe":252},"ivs":{"hp":31,"atk":31,"def":31,"spa":31,"spd":31,"spe":31}},{"name":"Heatran","species":"Heatran","item":"airballoon","ability":"Flash Fire","moves":["earthpower","lavaplume","hiddenpowerice","ancientpower"],"nature":"Modest","evs":{"hp":248,"atk":0,"def":0,"spa":252,"spd":8,"spe":0},"ivs":{"hp":31,"atk":30,"def":30,"spa":31,"spd":31,"spe":31}},{"name":"Skarmory","species":"Skarmory","item":"rockyhelmet","ability":"Sturdy","moves":["stealthrock","spikes","bravebird","whirlwind"],"nature":"Impish","evs":{"hp":248,"atk":0,"def":236,"spa":0,"spd":0,"spe":24},"ivs":{"hp":31,"atk":31,"def":31,"spa":31,"spd":31,"spe":31}},{"name":"Scizor","species":"Scizor","item":"scizorite","ability":"Light Metal","moves":["roost","swordsdance","bulletpunch","bugbite"],"nature":"Adamant","evs":{"hp":176,"atk":180,"def":0,"spa":0,"spd":8,"spe":144},"shiny":true,"ivs":{"hp":31,"atk":31,"def":31,"spa":31,"spd":31,"spe":31}}],"log":["|player|p1|GTX♅Bzumzum|225","|player|p2|Professor♅ Gotenks|professorgotenks.png","|gametype|singles","|gen|6","|tier|Monotype","|rated","|rule|Baton Pass Clause: Limit one Baton Passer, can't pass Spe and other stats simultaneously","|rule|Swagger Clause: Swagger is banned","|rule|Same Type Clause: Pokémon in a team must share a type","|clearpoke","|poke|p1|Manectric, M","|poke|p1|Rotom-Frost, shiny","|poke|p1|Magnezone, shiny","|poke|p1|Thundurus, M, shiny","|poke|p1|Zapdos, shiny","|poke|p1|Electivire, M, shiny","|poke|p2|Ferrothorn, F","|poke|p2|Klefki, M","|poke|p2|Excadrill, M","|poke|p2|Heatran, F","|poke|p2|Skarmory, M","|poke|p2|Scizor, M, shiny","|rule|Sleep Clause Mod: Limit one foe put to sleep","|rule|Species Clause: Limit one of each Pokémon","|rule|OHKO Clause: OHKO moves are banned","|rule|Moody Clause: Moody is banned","|rule|Evasion Moves Clause: Evasion moves are banned","|rule|Endless Battle Clause: Forcing endless battles is banned","|rule|HP Percentage Mod: HP is shown in percentages","|teampreview","|","|start","|switch|p1a: Genius|Thundurus, M, shiny|299/299","|switch|p2a: Skarmory|Skarmory, M|333/333","|turn|1","|","|move|p1a: Genius|Embargo|p2a: Skarmory","|-start|p2a: Skarmory|Embargo","|move|p2a: Skarmory|Stealth Rock|p1a: Genius","|-sidestart|p1: GTX♅Bzumzum|move: Stealth Rock","|","|turn|2","|","|move|p1a: Genius|Psychic|p2a: Skarmory","|-resisted|p2a: Skarmory","|-damage|p2a: Skarmory|242/333","|-damage|p1a: Genius|270/299|[from] item: Life Orb","|move|p2a: Skarmory|Spikes|p1a: Genius","|-sidestart|p1: GTX♅Bzumzum|Spikes","|","|turn|3","|","|switch|p1a: Zapz|Zapdos, shiny|384/384","|-damage|p1a: Zapz|288/384|[from] Stealth Rock","|-ability|p1a: Zapz|Pressure","|move|p2a: Skarmory|Spikes|p1a: Zapz","|-sidestart|p1: GTX♅Bzumzum|Spikes","|","|-heal|p1a: Zapz|312/384|[from] item: Leftovers","|turn|4","|","|move|p1a: Zapz|Defog|p2a: Skarmory","|-unboost|p2a: Skarmory|evasion|1","|-sideend|p1: GTX♅Bzumzum|Spikes|[from] move: Defog|[of] p1a: Zapz","|-sideend|p1: GTX♅Bzumzum|Stealth Rock|[from] move: Defog|[of] p1a: Zapz","|move|p2a: Skarmory|Brave Bird|p1a: Zapz","|-resisted|p1a: Zapz","|-damage|p1a: Zapz|242/384","|-damage|p2a: Skarmory|219/333|[from] recoil|[of] p1a: Zapz","|","|-heal|p1a: Zapz|266/384|[from] item: Leftovers","|turn|5","|","|switch|p2a: Heatran|Heatran, F|385/385","|-item|p2a: Heatran|Air Balloon","|move|p1a: Zapz|Extrasensory|p2a: Heatran","|-resisted|p2a: Heatran","|-damage|p2a: Heatran|340/385","|-enditem|p2a: Heatran|Air Balloon","|","|-heal|p1a: Zapz|290/384|[from] item: Leftovers","|turn|6","|","|switch|p1a: Genius|Thundurus, M, shiny|270/299","|move|p2a: Heatran|Ancient Power|p1a: Genius","|-supereffective|p1a: Genius","|-damage|p1a: Genius|72/299","|","|turn|7","|","|move|p1a: Genius|Rain Dance|p1a: Genius","|-weather|RainDance","|move|p2a: Heatran|Ancient Power|p1a: Genius","|-supereffective|p1a: Genius","|-damage|p1a: Genius|0 fnt","|faint|p1a: Genius","|","|-weather|RainDance|[upkeep]","|","|switch|p1a: Plugg-in Failure|Electivire, M, shiny|291/291","|turn|8","|","|switch|p2a: Ferrothorn|Ferrothorn, F|351/351","|move|p1a: Plugg-in Failure|Rock Slide|p2a: Ferrothorn","|-resisted|p2a: Ferrothorn","|-damage|p2a: Ferrothorn|325/351","|","|-weather|RainDance|[upkeep]","|turn|9","|","|switch|p1a: Breezer|Rotom-Frost, shiny|304/304","|move|p2a: Ferrothorn|Gyro Ball|p1a: Breezer","|-damage|p1a: Breezer|175/304","|","|-weather|RainDance|[upkeep]","|turn|10","|","|move|p1a: Breezer|Pain Split|p2a: Ferrothorn","|-sethp|p2a: Ferrothorn|250/351|p1a: Breezer|250/304|[from] move: Pain Split","|move|p2a: Ferrothorn|Leech Seed|p1a: Breezer|[miss]","|-miss|p2a: Ferrothorn|p1a: Breezer","|","|-weather|RainDance|[upkeep]","|turn|11","|","|move|p1a: Breezer|Will-O-Wisp|p2a: Ferrothorn","|-status|p2a: Ferrothorn|brn","|move|p2a: Ferrothorn|Leech Seed|p1a: Breezer","|-start|p1a: Breezer|move: Leech Seed","|","|-weather|none","|-damage|p1a: Breezer|212/304|[from] Leech Seed|[of] p2a: Ferrothorn","|-heal|p2a: Ferrothorn|288/351 brn|[silent]","|-damage|p2a: Ferrothorn|245/351 brn|[from] brn","|turn|12","|","|move|p1a: Breezer|Blizzard|p2a: Ferrothorn","|-damage|p2a: Ferrothorn|91/351 brn","|move|p2a: Ferrothorn|Toxic|p1a: Breezer","|-status|p1a: Breezer|tox","|","|-damage|p1a: Breezer|174/304 tox|[from] Leech Seed|[of] p2a: Ferrothorn","|-heal|p2a: Ferrothorn|129/351 brn|[silent]","|-damage|p1a: Breezer|155/304 tox|[from] psn","|-damage|p2a: Ferrothorn|86/351 brn|[from] brn","|turn|13","|","|move|p1a: Breezer|Protect|p1a: Breezer","|-singleturn|p1a: Breezer|Protect","|move|p2a: Ferrothorn|Gyro Ball|p1a: Breezer","|-activate|p1a: Breezer|Protect","|","|-damage|p1a: Breezer|117/304 tox|[from] Leech Seed|[of] p2a: Ferrothorn","|-heal|p2a: Ferrothorn|124/351 brn|[silent]","|-damage|p1a: Breezer|79/304 tox|[from] psn","|-damage|p2a: Ferrothorn|81/351 brn|[from] brn","|-enditem|p1a: Breezer|Sitrus Berry|[eat]","|-heal|p1a: Breezer|155/304 tox|[from] item: Sitrus Berry","|turn|14","|","|move|p1a: Breezer|Blizzard|p2a: Ferrothorn","|-damage|p2a: Ferrothorn|0 fnt","|faint|p2a: Ferrothorn","|","|-damage|p1a: Breezer|98/304 tox|[from] psn","|","|switch|p2a: Klefki|Klefki, M|317/317","|turn|15","|","|switch|p2a: Heatran|Heatran, F|340/385","|move|p1a: Breezer|Pain Split|p2a: Heatran","|-sethp|p2a: Heatran|219/385|p1a: Breezer|219/304 tox|[from] move: Pain Split","|","|-damage|p1a: Breezer|181/304 tox|[from] Leech Seed|[of] p2a: Heatran","|-heal|p2a: Heatran|257/385|[silent]","|-damage|p1a: Breezer|105/304 tox|[from] psn","|turn|16","|","|move|p1a: Breezer|Protect|p1a: Breezer","|-singleturn|p1a: Breezer|Protect","|move|p2a: Heatran|Ancient Power|p1a: Breezer","|-activate|p1a: Breezer|Protect","|","|-damage|p1a: Breezer|67/304 tox|[from] Leech Seed|[of] p2a: Heatran","|-heal|p2a: Heatran|295/385|[silent]","|-damage|p1a: Breezer|0 fnt|[from] psn","|faint|p1a: Breezer","|","|switch|p1a: Elec|Manectric, M|281/281","|turn|17","|","|detailschange|p1a: Elec|Manectric-Mega, M","|-mega|p1a: Elec|Manectric|Manectite","|-ability|p1a: Elec|Intimidate","|-unboost|p2a: Heatran|atk|1","|move|p1a: Elec|Mud-Slap|p2a: Heatran","|-supereffective|p2a: Heatran","|-damage|p2a: Heatran|199/385","|-unboost|p2a: Heatran|accuracy|1","|move|p2a: Heatran|Earth Power|p1a: Elec|[miss]","|-miss|p2a: Heatran|p1a: Elec","|","|turn|18","|","|move|p1a: Elec|Mud-Slap|p2a: Heatran","|-supereffective|p2a: Heatran","|-damage|p2a: Heatran|103/385","|-unboost|p2a: Heatran|accuracy|1","|move|p2a: Heatran|Earth Power|p1a: Elec","|-supereffective|p1a: Elec","|-damage|p1a: Elec|1/281","|","|turn|19","|","|switch|p2a: Skarmory|Skarmory, M|219/333","|move|p1a: Elec|Thunderbolt|p2a: Skarmory","|-supereffective|p2a: Skarmory","|-damage|p2a: Skarmory|0 fnt","|faint|p2a: Skarmory","|","|","|switch|p2a: Scizor|Scizor, M, shiny|325/325","|turn|20","|","|switch|p1a: Zapz|Zapdos, shiny|290/384","|-ability|p1a: Zapz|Pressure","|detailschange|p2a: Scizor|Scizor-Mega, M, shiny","|-mega|p2a: Scizor|Scizor|Scizorite","|move|p2a: Scizor|Bullet Punch|p1a: Zapz","|-resisted|p1a: Zapz","|-damage|p1a: Zapz|224/384","|","|-heal|p1a: Zapz|248/384|[from] item: Leftovers","|turn|21","|","|switch|p2a: Heatran|Heatran, F|103/385","|move|p1a: Zapz|Heat Wave|p2a: Heatran","|-start|p2a: Heatran|ability: Flash Fire","|","|-heal|p1a: Zapz|272/384|[from] item: Leftovers","|turn|22","|","|move|p1a: Zapz|Extrasensory|p2a: Heatran","|-resisted|p2a: Heatran","|-damage|p2a: Heatran|59/385","|move|p2a: Heatran|Lava Plume|p1a: Zapz","|-damage|p1a: Zapz|37/384","|","|-heal|p1a: Zapz|61/384|[from] item: Leftovers","|turn|23","|","|move|p1a: Zapz|Extrasensory|p2a: Heatran","|-resisted|p2a: Heatran","|-damage|p2a: Heatran|11/385","|move|p2a: Heatran|Ancient Power|p1a: Zapz","|-supereffective|p1a: Zapz","|-damage|p1a: Zapz|0 fnt","|faint|p1a: Zapz","|","|","|switch|p1a: Elec|Manectric-Mega, M|1/281","|-ability|p1a: Elec|Intimidate","|-unboost|p2a: Heatran|atk|1","|turn|24","|","|move|p1a: Elec|Thunderbolt|p2a: Heatran","|-damage|p2a: Heatran|0 fnt","|faint|p2a: Heatran","|","|","|switch|p2a: Excadrill|Excadrill, M|361/361","|-ability|p2a: Excadrill|Mold Breaker","|turn|25","|","|move|p2a: Excadrill|Earthquake|p1a: Elec","|-supereffective|p1a: Elec","|-damage|p1a: Elec|0 fnt","|faint|p1a: Elec","|","|","|switch|p1a: Plugg-in Failure|Electivire, M, shiny|291/291","|turn|26","|","|switch|p2a: Klefki|Klefki, M|317/317","|move|p1a: Plugg-in Failure|Fire Punch|p2a: Klefki","|-crit|p2a: Klefki","|-supereffective|p2a: Klefki","|-damage|p2a: Klefki|87/317","|-status|p2a: Klefki|brn","|","|-damage|p2a: Klefki|48/317 brn|[from] brn","|turn|27","|","|switch|p1a: MY ZONE!!!|Magnezone, shiny|343/343","|move|p2a: Klefki|Reflect|p2a: Klefki","|-sidestart|p2: Professor♅ Gotenks|Reflect","|","|-damage|p2a: Klefki|9/317 brn|[from] brn","|turn|28","|","|move|p2a: Klefki|Light Screen|p2a: Klefki","|-sidestart|p2: Professor♅ Gotenks|move: Light Screen","|move|p1a: MY ZONE!!!|Tri Attack|p2a: Klefki","|-resisted|p2a: Klefki","|-damage|p2a: Klefki|0 fnt","|faint|p2a: Klefki","|","|","|switch|p2a: Excadrill|Excadrill, M|361/361","|-ability|p2a: Excadrill|Mold Breaker","|turn|29","|","|move|p2a: Excadrill|Earthquake|p1a: MY ZONE!!!","|-supereffective|p1a: MY ZONE!!!","|-damage|p1a: MY ZONE!!!|0 fnt","|faint|p1a: MY ZONE!!!","|","|","|switch|p1a: Plugg-in Failure|Electivire, M, shiny|291/291","|turn|30","|","|move|p1a: Plugg-in Failure|Fire Punch|p2a: Excadrill","|-supereffective|p2a: Excadrill","|-damage|p2a: Excadrill|220/361","|move|p2a: Excadrill|Earthquake|p1a: Plugg-in Failure","|-crit|p1a: Plugg-in Failure","|-supereffective|p1a: Plugg-in Failure","|-damage|p1a: Plugg-in Failure|0 fnt","|faint|p1a: Plugg-in Failure","|","|win|Professor♅ Gotenks"],"p1rating":{"entryid":1463,"formatid":"monotype","userid":"gtxbzumzum","username":"GTX♅Bzumzum","r":1500,"rd":130,"sigma":0,"rpr":1459.8393856612,"rprd":122.8583080769,"rpsigma":0,"rptime":1439802000,"w":0,"l":1,"t":0,"gxe":45,"acre":1000,"lacre":1000,"oldacre":1000},"p2rating":{"entryid":1465,"formatid":"monotype","userid":"professorgotenks","username":"Professor♅ Gotenks","r":1500,"rd":130,"sigma":0,"rpr":1540.1606143388,"rprd":122.8583080769,"rpsigma":0,"rptime":1439802000,"w":1,"l":0,"t":0,"gxe":55,"acre":1040,"lacre":1040,"oldacre":1000},"endType":"normal"}