{"seed":[33251,24670,47573,38803],"turns":19,"p1":"LightOfAKnowing","p2":"Crystal Umaan","p1team":[{"name":"Vespiquen","species":"Vespiquen","item":"laxincense","ability":"Pressure","moves":["defendorder","infestation","mudslap","roost"],"nature":"Gentle","evs":{"hp":248,"atk":8,"def":0,"spa":0,"spd":252,"spe":0},"ivs":{"hp":31,"atk":31,"def":31,"spa":31,"spd":31,"spe":31}},{"name":"Heracross","species":"Heracross","item":"choicescarf","ability":"Moxie","moves":["closecombat","megahorn","knockoff","pursuit"],"nature":"Jolly","evs":{"hp":0,"atk":252,"def":0,"spa":0,"spd":4,"spe":252},"ivs":{"hp":31,"atk":31,"def":31,"spa":31,"spd":31,"spe":31}},{"name":"Forretress","species":"Forretress","item":"custapberry","ability":"Sturdy","moves":["stealthrock","rapidspin","explosion","spikes"],"nature":"Impish","evs":{"hp":248,"atk":8,"def":252,"spa":0,"spd":0,"spe":0},"ivs":{"hp":31,"atk":31,"def":31,"spa":31,"spd":31,"spe":31}},{"name":"Galvantula","species":"Galvantula","item":"focussash","ability":"Swarm","moves":["stickyweb","bugbuzz","voltswitch","suckerpunch"],"nature":"Hasty","evs":{"hp":0,"atk":4,"def":0,"spa":252,"spd":0,"spe":252},"ivs":{"hp":31,"atk":31,"def":31,"spa":31,"spd":31,"spe":31}},{"name":"Pinsir","species":"Pinsir","item":"pinsirite","ability":"Moxie","moves":["quickattack","xscissor","frustration","closecombat"],"nature":"Adamant","evs":{"hp":248,"atk":252,"def":0,"spa":0,"spd":8,"spe":0},"happiness":0,"ivs":{"hp":31,"atk":31,"def":31,"spa":31,"spd":31,"spe":31}},{"name":"Genesect","species":"Genesect","item":"choicescarf","ability":"Download","moves":["icebeam","bugbuzz","technoblast","flashcannon"],"nature":"Timid","evs":{"hp":0,"atk":0,"def":4,"spa":252,"spd":0,"spe":252},"happiness":0,"ivs":{"hp":31,"atk":31,"def":31,"spa":31,"spd":31,"spe":31}}],"p2team":[{"name":"Altaria","species":"Altaria","item":"altarianite","ability":"Cloud Nine","moves":["return","dragondance","dragonclaw","earthquake"],"nature":"Adamant","evs":{"hp":0,"atk":252,"def":0,"spa":0,"spd":4,"spe":252},"ivs":{"hp":31,"atk":31,"def":31,"spa":31,"spd":31,"spe":31}},{"name":"Dragonite","species":"Dragonite","item":"lumberry","ability":"Multiscale","moves":["outrage","extremespeed","ironhead","dragondance"],"nature":"Adamant","evs":{"hp":0,"atk":252,"def":0,"spa":0,"spd":4,"spe":252},"ivs":{"hp":31,"atk":31,"def":31,"spa":31,"spd":31,"spe":31}},{"name":"Garchomp","species":"Garchomp","item":"focussash","ability":"Rough Skin","moves":["dragonclaw","earthquake","stealthrock","ironhead"],"nature":"Jolly","evs":{"hp":0,"atk":252,"def":0,"spa":0,"spd":4,"spe":252},"shiny":true,"ivs":{"hp":31,"atk":31,"def":31,"spa":31,"spd":31,"spe":31}},{"name":"Goodra","species":"Goodra","item":"assaultvest","ability":"Gooey","moves":["dragonpulse","flamethrower","thunderbolt","sludgewave"],"nature":"Modest","evs":{"hp":248,"atk":0,"def":0,"spa":252,"spd":8,"spe":0},"ivs":{"hp":31,"atk":31,"def":31,"spa":31,"spd":31,"spe":31}},{"name":"Noivern","species":"Noivern","item":"lifeorb","ability":"Infiltrator","moves":["focusblast","dragonpulse","hurricane","flamethrower"],"nature":"Timid","evs":{"hp":0,"atk":0,"def":0,"spa":252,"spd":4,"spe":252},"shiny":true,"ivs":{"hp":31,"atk":31,"def":31,"spa":31,"spd":31,"spe":31}},{"name":"Haxorus","species":"Haxorus","item":"focussash","ability":"Mold Breaker","moves":["dragondance","dragonclaw","earthquake","poisonjab"],"nature":"Adamant","evs":{"hp":0,"atk":252,"def":0,"spa":0,"spd":36,"spe":220},"shiny":true,"ivs":{"hp":31,"atk":31,"def":31,"spa":31,"spd":31,"spe":31}}],"log":["|player|p1|LightOfAKnowing|lightofaknowing.gif","|player|p2|Crystal Umaan|105","|gametype|singles","|gen|6","|tier|Monotype","|rated","|rule|Baton Pass Clause: Limit one Baton Passer, can't pass Spe and other stats simultaneously","|rule|Swagger Clause: Swagger is banned","|rule|Same Type Clause: Pokémon in a team must share a type","|clearpoke","|poke|p1|Vespiquen, F","|poke|p1|Heracross, M","|poke|p1|Forretress, F","|poke|p1|Galvantula, F","|poke|p1|Pinsir, M","|poke|p1|Genesect-*","|poke|p2|Altaria, M","|poke|p2|Dragonite, F","|poke|p2|Garchomp, M, shiny","|poke|p2|Goodra, M","|poke|p2|Noivern, F, shiny","|poke|p2|Haxorus, M, shiny","|rule|Sleep Clause Mod: Limit one foe put to sleep","|rule|Species Clause: Limit one of each Pokémon","|rule|OHKO Clause: OHKO moves are banned","|rule|Moody Clause: Moody is banned","|rule|Evasion Moves Clause: Evasion moves are banned","|rule|Endless Battle Clause: Forcing endless battles is banned","|rule|HP Percentage Mod: HP is shown in percentages","|teampreview","|","|start","|switch|p1a: Forretress|Forretress, F|353/353","|switch|p2a: Goodra|Goodra, M|383/383","|turn|1","|","|move|p2a: Goodra|Flamethrower|p1a: Forretress","|-supereffective|p1a: Forretress","|-ability|p1a: Forretress|Sturdy","|-damage|p1a: Forretress|1/353","|move|p1a: Forretress|Stealth Rock|p2a: Goodra","|-sidestart|p2: Crystal Umaan|move: Stealth Rock","|","|turn|2","|-enditem|p1a: Forretress|Custap Berry|[eat]","|-activate|p1a: Forretress|Custap Berry","|","|move|p1a: Forretress|Explosion|p2a: Goodra","|-damage|p2a: Goodra|140/383","|faint|p1a: Forretress","|move|p2a: Goodra|Flamethrower|p1: Forretress|[notarget]","|-notarget","|","|","|switch|p1a: Heracross|Heracross, M|301/301","|turn|3","|","|move|p1a: Heracross|Knock Off|p2a: Goodra","|-damage|p2a: Goodra|0 fnt","|-unboost|p1a: Heracross|spe|1","|-enditem|p2a: Goodra|Assault Vest|[from] move: Knock Off|[of] p1a: Heracross","|faint|p2a: Goodra","|-boost|p1a: Heracross|atk|1|[from] ability: Moxie","|","|","|switch|p2a: Altaria|Altaria, M|291/291","|-damage|p2a: Altaria|219/291|[from] Stealth Rock","|-ability|p2a: Altaria|Cloud Nine","|turn|4","|","|switch|p1a: Galvantula|Galvantula, F|281/281","|detailschange|p2a: Altaria|Altaria-Mega, M","|-mega|p2a: Altaria|Altaria|Altarianite","|move|p2a: Altaria|Return|p1a: Galvantula","|-enditem|p1a: Galvantula|Focus Sash","|-damage|p1a: Galvantula|1/281","|","|turn|5","|","|move|p1a: Galvantula|Sticky Web|p2a: Altaria","|-sidestart|p2: Crystal Umaan|move: Sticky Web","|move|p2a: Altaria|Return|p1a: Galvantula","|-damage|p1a: Galvantula|0 fnt","|faint|p1a: Galvantula","|","|","|switch|p1a: Genesect|Genesect|283/283","|-boost|p1a: Genesect|spa|1|[from] ability: Download","|turn|6","|","|move|p1a: Genesect|Ice Beam|p2a: Altaria","|-crit|p2a: Altaria","|-supereffective|p2a: Altaria","|-damage|p2a: Altaria|0 fnt","|faint|p2a: Altaria","|","|","|switch|p2a: Noivern|Noivern, F, shiny|311/311","|-damage|p2a: Noivern|234/311|[from] Stealth Rock","|turn|7","|","|switch|p1a: Vespiquen|Vespiquen, F|343/343","|-ability|p1a: Vespiquen|Pressure","|move|p2a: Noivern|Flamethrower|p1a: Vespiquen|[miss]","|-miss|p2a: Noivern|p1a: Vespiquen","|","|turn|8","|","|move|p2a: Noivern|Flamethrower|p1a: Vespiquen","|-supereffective|p1a: Vespiquen","|-damage|p1a: Vespiquen|174/343","|-damage|p2a: Noivern|203/311|[from] item: Life Orb","|move|p1a: Vespiquen|Defend Order|p1a: Vespiquen","|-boost|p1a: Vespiquen|def|1","|-boost|p1a: Vespiquen|spd|1","|","|turn|9","|","|move|p2a: Noivern|Flamethrower|p1a: Vespiquen","|-supereffective|p1a: Vespiquen","|-damage|p1a: Vespiquen|60/343","|-damage|p2a: Noivern|172/311|[from] item: Life Orb","|move|p1a: Vespiquen|Roost|p1a: Vespiquen","|-heal|p1a: Vespiquen|232/343","|","|turn|10","|","|move|p2a: Noivern|Hurricane|p1a: Vespiquen","|-supereffective|p1a: Vespiquen","|-damage|p1a: Vespiquen|50/343","|-start|p1a: Vespiquen|confusion","|-damage|p2a: Noivern|141/311|[from] item: Life Orb","|-activate|p1a: Vespiquen|confusion","|-damage|p1a: Vespiquen|28/343|[from] confusion","|","|turn|11","|","|move|p2a: Noivern|Flamethrower|p1a: Vespiquen","|-supereffective|p1a: Vespiquen","|-damage|p1a: Vespiquen|0 fnt","|-damage|p2a: Noivern|110/311|[from] item: Life Orb","|faint|p1a: Vespiquen","|","|","|switch|p1a: Pinsir|Pinsir, M|333/333","|turn|12","|","|move|p1a: Pinsir|Quick Attack|p2a: Noivern","|-damage|p2a: Noivern|51/311","|move|p2a: Noivern|Hurricane|p1a: Pinsir","|-supereffective|p1a: Pinsir","|-damage|p1a: Pinsir|0 fnt","|-damage|p2a: Noivern|20/311|[from] item: Life Orb","|faint|p1a: Pinsir","|","|","|switch|p1a: Heracross|Heracross, M|301/301","|turn|13","|","|move|p1a: Heracross|Knock Off|p2a: Noivern","|-damage|p2a: Noivern|0 fnt","|-enditem|p2a: Noivern|Life Orb|[from] move: Knock Off|[of] p1a: Heracross","|faint|p2a: Noivern","|-boost|p1a: Heracross|atk|1|[from] ability: Moxie","|","|","|switch|p2a: Dragonite|Dragonite, F|323/323","|-damage|p2a: Dragonite|243/323|[from] Stealth Rock","|turn|14","|","|move|p1a: Heracross|Knock Off|p2a: Dragonite","|-damage|p2a: Dragonite|71/323","|-enditem|p2a: Dragonite|Lum Berry|[from] move: Knock Off|[of] p1a: Heracross","|move|p2a: Dragonite|Dragon Dance|p2a: Dragonite","|-boost|p2a: Dragonite|atk|1","|-boost|p2a: Dragonite|spe|1","|","|turn|15","|","|move|p1a: Heracross|Knock Off|p2a: Dragonite","|-damage|p2a: Dragonite|0 fnt","|faint|p2a: Dragonite","|-boost|p1a: Heracross|atk|1|[from] ability: Moxie","|","|","|switch|p2a: Haxorus|Haxorus, M, shiny|293/293","|-activate|p2a: Haxorus|move: Sticky Web","|-unboost|p2a: Haxorus|spe|1","|-damage|p2a: Haxorus|257/293|[from] Stealth Rock","|-ability|p2a: Haxorus|Mold Breaker","|turn|16","|","|move|p1a: Heracross|Knock Off|p2a: Haxorus","|-damage|p2a: Haxorus|24/293","|-enditem|p2a: Haxorus|Focus Sash|[from] move: Knock Off|[of] p1a: Heracross","|move|p2a: Haxorus|Dragon Claw|p1a: Heracross","|-damage|p1a: Heracross|82/301","|","|turn|17","|","|move|p1a: Heracross|Knock Off|p2a: Haxorus","|-damage|p2a: Haxorus|0 fnt","|faint|p2a: Haxorus","|-boost|p1a: Heracross|atk|1|[from] ability: Moxie","|","|","|switch|p2a: Garchomp|Garchomp, M, shiny|357/357","|-damage|p2a: Garchomp|335/357|[from] Stealth Rock","|-activate|p2a: Garchomp|move: Sticky Web","|-unboost|p2a: Garchomp|spe|1","|turn|18","|","|move|p1a: Heracross|Knock Off|p2a: Garchomp","|-damage|p2a: Garchomp|42/357","|-damage|p1a: Heracross|45/301|[from] ability: Rough Skin|[of] p2a: Garchomp","|-enditem|p2a: Garchomp|Focus Sash|[from] move: Knock Off|[of] p1a: Heracross","|move|p2a: Garchomp|Dragon Claw|p1a: Heracross","|-damage|p1a: Heracross|0 fnt","|faint|p1a: Heracross","|","|","|switch|p1a: Genesect|Genesect|283/283","|-boost|p1a: Genesect|spa|1|[from] ability: Download","|turn|19","|","|move|p1a: Genesect|Ice Beam|p2a: Garchomp","|-supereffective|p2a: Garchomp","|-damage|p2a: Garchomp|0 fnt","|faint|p2a: Garchomp","|","|win|LightOfAKnowing"],"p1rating":{"entryid":"6481865","serverid":"eos","formatid":"monotype","userid":"lightofaknowing","username":"Light-Of-A-Knowing","w":140,"l":"173","t":"0","gxe":45.2,"r":"1451.3018967187","rd":"31.685917602531","sigma":"0","rptime":"1439802000","rpr":1463.7977024482,"rprd":30.720153035094,"rpsigma":"0","acre":1232.7595751546,"lacre":1232.7595751546,"oldacre":"1221.8574837768"},"p2rating":{"entryid":7706411,"formatid":"monotype","userid":"crystalumaan","username":"Crystal Umaan","r":1500,"rd":130,"sigma":0,"rpr":1451.4902184951,"rprd":121.97352237291,"rpsigma":0,"rptime":1439802000,"w":0,"l":1,"t":0,"gxe":44,"acre":1000,"lacre":1000,"oldacre":1000},"endType":"normal"}