{"seed":[7211,42553,53875,53483],"turns":26,"p1":"Republic Zekro","p2":"SL Kailua","p1team":[{"name":"Shadow","species":"zoroark","item":"lifeorb","ability":"Illusion","moves":["darkpulse","flamethrower","nastyplot","extrasensory"],"nature":"Timid","evs":{"hp":4,"atk":0,"def":0,"spa":252,"spd":0,"spe":252},"shiny":true,"ivs":{"hp":31,"atk":31,"def":31,"spa":31,"spd":31,"spe":31}},{"name":"Beerus","species":"absol","item":"absolite","ability":"Pressure","moves":["knockoff","swordsdance","playrough","suckerpunch"],"nature":"Jolly","evs":{"hp":0,"atk":252,"def":0,"spa":0,"spd":4,"spe":252},"ivs":{"hp":31,"atk":31,"def":31,"spa":31,"spd":31,"spe":31}},{"name":"walpurgisnacht","species":"mandibuzz","item":"leftovers","ability":"Overcoat","moves":["roost","foulplay","toxic","knockoff"],"nature":"Impish","evs":{"hp":252,"atk":4,"def":252,"spa":0,"spd":0,"spe":0},"shiny":true,"ivs":{"hp":31,"atk":31,"def":31,"spa":31,"spd":31,"spe":31}},{"name":"Tsukiyomi","species":"umbreon","item":"leftovers","ability":"Synchronize","moves":["protect","wish","healbell","foulplay"],"nature":"Careful","evs":{"hp":252,"atk":0,"def":128,"spa":0,"spd":128,"spe":0},"shiny":true,"ivs":{"hp":31,"atk":31,"def":31,"spa":31,"spd":31,"spe":31}},{"name":"Ramalam","species":"malamar","item":"leftovers","ability":"Contrary","moves":["superpower","knockoff","psychocut","destinybond"],"nature":"Adamant","evs":{"hp":248,"atk":252,"def":0,"spa":0,"spd":8,"spe":0},"ivs":{"hp":31,"atk":31,"def":31,"spa":31,"spd":31,"spe":31}},{"name":"Shikyō","species":"bisharp","item":"","ability":"Defiant","moves":["ironhead","suckerpunch","poisonjab","swordsdance"],"nature":"Adamant","evs":{"hp":248,"atk":252,"def":8,"spa":0,"spd":0,"spe":0},"ivs":{"hp":31,"atk":31,"def":31,"spa":31,"spd":31,"spe":31}}],"p2team":[{"name":"Charizard","species":"Charizard","item":"charizarditey","ability":"Blaze","moves":["flamethrower","airslash","dragonpulse","solarbeam"],"nature":"Timid","evs":{"hp":0,"atk":0,"def":0,"spa":252,"spd":4,"spe":252},"ivs":{"hp":31,"atk":31,"def":31,"spa":31,"spd":31,"spe":31}},{"name":"Entei","species":"Entei","item":"lifeorb","ability":"Pressure","moves":["bulldoze","sacredfire","extremespeed","stoneedge"],"nature":"Adamant","evs":{"hp":0,"atk":252,"def":0,"spa":0,"spd":4,"spe":252},"shiny":true,"ivs":{"hp":31,"atk":31,"def":31,"spa":31,"spd":31,"spe":31}},{"name":"Victini","species":"Victini","item":"choiceband","ability":"Victory Star","moves":["vcreate","boltstrike","zenheadbutt","uturn"],"nature":"Jolly","evs":{"hp":0,"atk":252,"def":0,"spa":0,"spd":4,"spe":252},"ivs":{"hp":31,"atk":31,"def":31,"spa":31,"spd":31,"spe":31}},{"name":"Darmanitan","species":"Darmanitan","item":"choicescarf","ability":"Sheer Force","moves":["rockslide","flareblitz","willowisp","earthquake"],"nature":"Jolly","evs":{"hp":0,"atk":252,"def":0,"spa":0,"spd":4,"spe":252},"ivs":{"hp":31,"atk":31,"def":31,"spa":31,"spd":31,"spe":31}},{"name":"Infernape","species":"Infernape","item":"focussash","ability":"Iron Fist","moves":["closecombat","firepunch","thunderpunch","fakeout"],"nature":"Jolly","evs":{"hp":0,"atk":252,"def":0,"spa":0,"spd":4,"spe":252},"ivs":{"hp":31,"atk":31,"def":31,"spa":31,"spd":31,"spe":31}},{"name":"Chandelure","species":"Chandelure","item":"choicescarf","ability":"Flash Fire","moves":["fireblast","shadowball","energyball","overheat"],"nature":"Timid","evs":{"hp":0,"atk":0,"def":0,"spa":252,"spd":4,"spe":252},"ivs":{"hp":31,"atk":31,"def":31,"spa":31,"spd":31,"spe":31}}],"log":["|player|p1|Republic Zekro|132","|player|p2|SL Kailua|2","|gametype|singles","|gen|6","|tier|Monotype","|rated","|rule|Baton Pass Clause: Limit one Baton Passer, can't pass Spe and other stats simultaneously","|rule|Swagger Clause: Swagger is banned","|rule|Same Type Clause: Pokémon in a team must share a type","|clearpoke","|poke|p1|Zoroark, F, shiny","|poke|p1|Absol, M","|poke|p1|Mandibuzz, F, shiny","|poke|p1|Umbreon, M, shiny","|poke|p1|Malamar, F","|poke|p1|Bisharp, F","|poke|p2|Charizard, F","|poke|p2|Entei, shiny","|poke|p2|Victini","|poke|p2|Darmanitan, F","|poke|p2|Infernape, F","|poke|p2|Chandelure, F","|rule|Sleep Clause Mod: Limit one foe put to sleep","|rule|Species Clause: Limit one of each Pokémon","|rule|OHKO Clause: OHKO moves are banned","|rule|Moody Clause: Moody is banned","|rule|Evasion Moves Clause: Evasion moves are banned","|rule|Endless Battle Clause: Forcing endless battles is banned","|rule|HP Percentage Mod: HP is shown in percentages","|teampreview","|","|start","|switch|p1a: walpurgisnacht|Mandibuzz, F, shiny|424/424","|switch|p2a: Infernape|Infernape, F|293/293","|turn|1","|","|move|p2a: Infernape|Fake Out|p1a: walpurgisnacht","|-damage|p1a: walpurgisnacht|394/424","|cant|p1a: walpurgisnacht|flinch","|","|-heal|p1a: walpurgisnacht|420/424|[from] item: Leftovers","|turn|2","|","|switch|p2a: Darmanitan|Darmanitan, F|351/351","|move|p1a: walpurgisnacht|Knock Off|p2a: Darmanitan","|-damage|p2a: Darmanitan|213/351","|-enditem|p2a: Darmanitan|Choice Scarf|[from] move: Knock Off|[of] p1a: walpurgisnacht","|","|-heal|p1a: walpurgisnacht|424/424|[from] item: Leftovers","|turn|3","|","|move|p2a: Darmanitan|Will-O-Wisp|p1a: walpurgisnacht","|-status|p1a: walpurgisnacht|brn","|move|p1a: walpurgisnacht|Foul Play|p2a: Darmanitan","|-damage|p2a: Darmanitan|76/351","|","|-damage|p1a: walpurgisnacht|371/424 brn|[from] brn","|turn|4","|","|move|p2a: Darmanitan|Rock Slide|p1a: walpurgisnacht","|-supereffective|p1a: walpurgisnacht","|-damage|p1a: walpurgisnacht|201/424 brn","|move|p1a: walpurgisnacht|Foul Play|p2a: Darmanitan","|-crit|p2a: Darmanitan","|-damage|p2a: Darmanitan|0 fnt","|faint|p2a: Darmanitan","|","|-heal|p1a: walpurgisnacht|227/424 brn|[from] item: Leftovers","|-damage|p1a: walpurgisnacht|174/424 brn|[from] brn","|","|switch|p2a: Infernape|Infernape, F|293/293","|turn|5","|","|move|p2a: Infernape|Fake Out|p1a: walpurgisnacht","|-damage|p1a: walpurgisnacht|146/424 brn","|cant|p1a: walpurgisnacht|flinch","|","|-heal|p1a: walpurgisnacht|172/424 brn|[from] item: Leftovers","|-damage|p1a: walpurgisnacht|119/424 brn|[from] brn","|turn|6","|","|switch|p1a: Tsukiyomi|Umbreon, M, shiny|394/394","|move|p2a: Infernape|Thunder Punch|p1a: Tsukiyomi","|-damage|p1a: Tsukiyomi|315/394","|-status|p1a: Tsukiyomi|par","|-status|p2a: Infernape|par","|","|-heal|p1a: Tsukiyomi|339/394 par|[from] item: Leftovers","|turn|7","|","|move|p2a: Infernape|Close Combat|p1a: Tsukiyomi","|-supereffective|p1a: Tsukiyomi","|-damage|p1a: Tsukiyomi|21/394 par","|-unboost|p2a: Infernape|def|1","|-unboost|p2a: Infernape|spd|1","|move|p1a: Tsukiyomi|Heal Bell|p1a: Tsukiyomi","|-cureteam|p1a: Tsukiyomi|[from] move: HealBell","|","|-heal|p1a: Tsukiyomi|45/394|[from] item: Leftovers","|turn|8","|","|move|p1a: Tsukiyomi|Protect|p1a: Tsukiyomi","|-singleturn|p1a: Tsukiyomi|Protect","|move|p2a: Infernape|Fire Punch|p1a: Tsukiyomi","|-activate|p1a: Tsukiyomi|Protect","|","|-heal|p1a: Tsukiyomi|69/394|[from] item: Leftovers","|turn|9","|","|switch|p1a: Ramalam|Malamar, F|375/375","|move|p2a: Infernape|Fire Punch|p1a: Ramalam","|-damage|p1a: Ramalam|230/375","|","|-heal|p1a: Ramalam|253/375|[from] item: Leftovers","|turn|10","|","|move|p1a: Ramalam|Superpower|p2a: Infernape","|-damage|p2a: Infernape|53/293 par","|-boost|p1a: Ramalam|atk|1","|-boost|p1a: Ramalam|def|1","|cant|p2a: Infernape|par","|","|-heal|p1a: Ramalam|276/375|[from] item: Leftovers","|turn|11","|","|move|p1a: Ramalam|Superpower|p2a: Infernape","|-damage|p2a: Infernape|0 fnt","|-boost|p1a: Ramalam|atk|1","|-boost|p1a: Ramalam|def|1","|faint|p2a: Infernape","|","|-heal|p1a: Ramalam|299/375|[from] item: Leftovers","|","|switch|p2a: Victini|Victini|341/341","|turn|12","|","|move|p2a: Victini|U-turn|p1a: Ramalam","|-supereffective|p1a: Ramalam","|-damage|p1a: Ramalam|59/375","|","|switch|p2a: Entei|Entei, shiny|371/371","|-ability|p2a: Entei|Pressure","|move|p1a: Ramalam|Knock Off|p2a: Entei","|-damage|p2a: Entei|44/371","|-enditem|p2a: Entei|Life Orb|[from] move: Knock Off|[of] p1a: Ramalam","|","|-heal|p1a: Ramalam|82/375|[from] item: Leftovers","|turn|13","|","|move|p2a: Entei|Extreme Speed|p1a: Ramalam","|-damage|p1a: Ramalam|27/375","|move|p1a: Ramalam|Destiny Bond|p1a: Ramalam","|-singlemove|p1a: Ramalam|Destiny Bond","|","|-heal|p1a: Ramalam|50/375|[from] item: Leftovers","|turn|14","|","|move|p2a: Entei|Bulldoze|p1a: Ramalam","|-damage|p1a: Ramalam|8/375","|-boost|p1a: Ramalam|spe|1","|move|p1a: Ramalam|Knock Off|p2a: Entei","|-damage|p2a: Entei|0 fnt","|faint|p2a: Entei","|","|-heal|p1a: Ramalam|31/375|[from] item: Leftovers","|","|switch|p2a: Chandelure|Chandelure, F|261/261","|turn|15","|","|move|p2a: Chandelure|Fire Blast|p1a: Ramalam","|-damage|p1a: Ramalam|0 fnt","|faint|p1a: Ramalam","|","|","|switch|p1a: Tsukiyomi|Umbreon, M, shiny|262/262","|turn|16","|","|move|p2a: Chandelure|Fire Blast|p1a: Tsukiyomi","|replace|p1a: Shadow|Zoroark, F, shiny|262/262","|-damage|p1a: Shadow|0 fnt","|faint|p1a: Shadow","|","|","|switch|p1a: Shikyō|Bisharp, F|333/333","|turn|17","|","|switch|p2a: Charizard|Charizard, F|297/297","|move|p1a: Shikyō|Sucker Punch|p2a: Charizard","|-fail|p1a: Shikyō","|","|turn|18","|","|switch|p1a: walpurgisnacht|Mandibuzz, F, shiny|119/424","|detailschange|p2a: Charizard|Charizard-Mega-Y, F","|-mega|p2a: Charizard|Charizard|Charizardite Y","|-weather|SunnyDay","|move|p2a: Charizard|Flamethrower|p1a: walpurgisnacht","|-damage|p1a: walpurgisnacht|0 fnt","|faint|p1a: walpurgisnacht","|","|-weather|SunnyDay|[upkeep]","|","|switch|p1a: Shikyō|Bisharp, F|333/333","|turn|19","|","|move|p2a: Charizard|Flamethrower|p1a: Shikyō","|-supereffective|p1a: Shikyō","|-damage|p1a: Shikyō|0 fnt","|faint|p1a: Shikyō","|","|-weather|SunnyDay|[upkeep]","|","|switch|p1a: Beerus|Absol, M|271/271","|-ability|p1a: Beerus|Pressure","|turn|20","|","|detailschange|p1a: Beerus|Absol-Mega, M","|-mega|p1a: Beerus|Absol|Absolite","|move|p2a: Charizard|Flamethrower|p1a: Beerus","|-damage|p1a: Beerus|0 fnt","|faint|p1a: Beerus","|","|-weather|SunnyDay|[upkeep]","|","|switch|p1a: Tsukiyomi|Umbreon, M, shiny|69/394","|turn|21","|","|move|p1a: Tsukiyomi|Protect|p1a: Tsukiyomi","|-singleturn|p1a: Tsukiyomi|Protect","|move|p2a: Charizard|Dragon Pulse|p1a: Tsukiyomi","|-activate|p1a: Tsukiyomi|Protect","|","|-weather|SunnyDay|[upkeep]","|-heal|p1a: Tsukiyomi|93/394|[from] item: Leftovers","|turn|22","|","|move|p2a: Charizard|Dragon Pulse|p1a: Tsukiyomi","|-damage|p1a: Tsukiyomi|20/394","|move|p1a: Tsukiyomi|Wish|p1a: Tsukiyomi","|","|-weather|none","|-heal|p1a: Tsukiyomi|44/394|[from] item: Leftovers","|turn|23","|","|switch|p2a: Victini|Victini|341/341","|move|p1a: Tsukiyomi|Protect|p1a: Tsukiyomi","|-fail|p1a: Tsukiyomi","|","|-heal|p1a: Tsukiyomi|241/394|[from] move: Wish|[wisher] Tsukiyomi","|-heal|p1a: Tsukiyomi|265/394|[from] item: Leftovers","|turn|24","|","|move|p2a: Victini|U-turn|p1a: Tsukiyomi","|-crit|p1a: Tsukiyomi","|-supereffective|p1a: Tsukiyomi","|-damage|p1a: Tsukiyomi|25/394","|","|switch|p2a: Charizard|Charizard-Mega-Y, F|297/297","|-weather|SunnyDay","|move|p1a: Tsukiyomi|Wish|p1a: Tsukiyomi","|","|-weather|SunnyDay|[upkeep]","|-heal|p1a: Tsukiyomi|49/394|[from] item: Leftovers","|turn|25","|","|switch|p2a: Victini|Victini|341/341","|move|p1a: Tsukiyomi|Protect|p1a: Tsukiyomi","|-fail|p1a: Tsukiyomi","|","|-weather|SunnyDay|[upkeep]","|-heal|p1a: Tsukiyomi|246/394|[from] move: Wish|[wisher] Tsukiyomi","|-heal|p1a: Tsukiyomi|270/394|[from] item: Leftovers","|turn|26","|","|move|p2a: Victini|V-create|p1a: Tsukiyomi","|-damage|p1a: Tsukiyomi|0 fnt","|-unboost|p2a: Victini|spe|1","|-unboost|p2a: Victini|def|1","|-unboost|p2a: Victini|spd|1","|faint|p1a: Tsukiyomi","|","|win|SL Kailua"],"p1rating":{"entryid":"5901635","serverid":"eos","formatid":"monotype","userid":"republiczekro","username":"Republic Zekro","w":"11","l":13,"t":"0","gxe":46.7,"r":"1514.7590928029","rd":"86.372990442368","sigma":"0","rptime":"1439802000","rpr":1474.1332886623,"rprd":81.88015558762,"rpsigma":"0","acre":1083.0621805578,"lacre":1083.0621805578,"oldacre":"1112.356587973"},"p2rating":{"entryid":"7698736","serverid":"eos","formatid":"monotype","userid":"slkailua","username":"SL Kailua","w":2,"l":"0","t":"0","gxe":58.5,"r":"1500","rd":"130","sigma":"0","rptime":"1439802000","rpr":1568.3933155206,"rprd":116.21962985056,"rpsigma":"0","acre":1089.7952947567,"lacre":1089.7952947567,"oldacre":"1052.0777667998"},"endType":"normal"}