{"seed":[36674,46849,50770,5656],"turns":28,"p1":"Crystal Umaan","p2":"The Emblem","p1team":[{"name":"Assumarill","species":"azumarill","item":"assaultvest","ability":"Huge Power","moves":["aquajet","waterfall","playrough","knockoff"],"nature":"Adamant","evs":{"hp":248,"atk":252,"def":0,"spa":0,"spd":8,"spe":0},"gender":"F","ivs":{"hp":31,"atk":31,"def":31,"spa":31,"spd":31,"spe":31}},{"name":"Typhoon","species":"gyarados","item":"gyaradosite","ability":"Intimidate","moves":["dragondance","crunch","waterfall","earthquake"],"nature":"Adamant","evs":{"hp":0,"atk":252,"def":0,"spa":0,"spd":4,"spe":252},"gender":"F","ivs":{"hp":31,"atk":31,"def":31,"spa":31,"spd":31,"spe":31}},{"name":"Moyster","species":"cloyster","item":"assaultvest","ability":"Skill Link","moves":["iciclespear","rockblast","spikecannon","toxicspikes"],"nature":"Adamant","evs":{"hp":248,"atk":252,"def":0,"spa":0,"spd":8,"spe":0},"gender":"F","ivs":{"hp":31,"atk":31,"def":31,"spa":31,"spd":31,"spe":31}},{"name":"Chaos Washer","species":"rotomwash","item":"chestoberry","ability":"Levitate","moves":["voltswitch","hydropump","willowisp","rest"],"nature":"Bold","evs":{"hp":248,"atk":0,"def":252,"spa":0,"spd":0,"spe":8},"ivs":{"hp":31,"atk":31,"def":31,"spa":31,"spd":31,"spe":31}},{"name":"Pudding","species":"feraligatr","item":"lifeorb","ability":"Sheer Force","moves":["dragondance","waterfall","crunch","icepunch"],"nature":"Adamant","evs":{"hp":0,"atk":252,"def":0,"spa":0,"spd":4,"spe":252},"gender":"M","ivs":{"hp":31,"atk":31,"def":31,"spa":31,"spd":31,"spe":31}},{"name":"Master Akuji","species":"tentacruel","item":"airballoon","ability":"Liquid Ooze","moves":["toxicspikes","rapidspin","confuseray","haze"],"nature":"","gender":"M","evs":{"hp":0,"atk":0,"def":0,"spa":0,"spd":0,"spe":0},"ivs":{"hp":31,"atk":31,"def":31,"spa":31,"spd":31,"spe":31}}],"p2team":[{"name":"Ferrothorn","species":"Ferrothorn","item":"rockyhelmet","ability":"Iron Barbs","moves":["gyroball","leechseed","toxic","protect"],"nature":"Relaxed","evs":{"hp":248,"atk":8,"def":252,"spa":0,"spd":0,"spe":0},"ivs":{"hp":31,"atk":31,"def":31,"spa":31,"spd":31,"spe":0}},{"name":"Breloom","species":"Breloom","item":"focussash","ability":"Technician","moves":["machpunch","swordsdance","seedbomb","focuspunch"],"nature":"Jolly","evs":{"hp":0,"atk":252,"def":0,"spa":0,"spd":8,"spe":248},"ivs":{"hp":31,"atk":31,"def":31,"spa":31,"spd":31,"spe":31}},{"name":"Celebi","species":"Celebi","item":"lifeorb","ability":"Natural Cure","moves":["thunderwave","earthpower","energyball","psychic"],"nature":"Timid","evs":{"hp":0,"atk":0,"def":0,"spa":252,"spd":4,"spe":252},"ivs":{"hp":31,"atk":31,"def":31,"spa":31,"spd":31,"spe":31}},{"name":"Serperior","species":"Serperior","item":"lifeorb","ability":"Contrary","moves":["leafstorm","dragonpulse","hiddenpowerfire","substitute"],"nature":"Timid","evs":{"hp":0,"atk":0,"def":0,"spa":252,"spd":4,"spe":252},"ivs":{"hp":31,"atk":30,"def":31,"spa":30,"spd":31,"spe":30}},{"name":"Venusaur","species":"Venusaur","item":"venusaurite","ability":"Chlorophyll","moves":["leechseed","gigadrain","sludgebomb","synthesis"],"nature":"Bold","evs":{"hp":248,"atk":0,"def":96,"spa":0,"spd":144,"spe":20},"ivs":{"hp":31,"atk":30,"def":31,"spa":30,"spd":31,"spe":30}},{"name":"Whimsicott","species":"Whimsicott","item":"leftovers","ability":"Prankster","moves":["moonblast","tailwind","encore","taunt"],"nature":"Timid","evs":{"hp":160,"atk":0,"def":252,"spa":4,"spd":0,"spe":92},"ivs":{"hp":31,"atk":31,"def":31,"spa":31,"spd":31,"spe":31}}],"log":["|player|p1|Crystal Umaan|105","|player|p2|The Emblem|272","|gametype|singles","|gen|6","|tier|Monotype","|rated","|rule|Baton Pass Clause: Limit one Baton Passer, can't pass Spe and other stats simultaneously","|rule|Swagger Clause: Swagger is banned","|rule|Same Type Clause: Pokémon in a team must share a type","|clearpoke","|poke|p1|Azumarill, F","|poke|p1|Gyarados, F","|poke|p1|Cloyster, F","|poke|p1|Rotom-Wash","|poke|p1|Feraligatr, M","|poke|p1|Tentacruel, M","|poke|p2|Ferrothorn, M","|poke|p2|Breloom, M","|poke|p2|Celebi","|poke|p2|Serperior, M","|poke|p2|Venusaur, F","|poke|p2|Whimsicott, M","|rule|Sleep Clause Mod: Limit one foe put to sleep","|rule|Species Clause: Limit one of each Pokémon","|rule|OHKO Clause: OHKO moves are banned","|rule|Moody Clause: Moody is banned","|rule|Evasion Moves Clause: Evasion moves are banned","|rule|Endless Battle Clause: Forcing endless battles is banned","|rule|HP Percentage Mod: HP is shown in percentages","|teampreview","|","|start","|switch|p1a: Master Akuji|Tentacruel, M|301/301","|switch|p2a: Whimsicott|Whimsicott, M|301/301","|-item|p1a: Master Akuji|Air Balloon","|turn|1","|","|move|p2a: Whimsicott|Tailwind|p2a: Whimsicott","|-sidestart|p2: The Emblem|move: Tailwind","|move|p1a: Master Akuji|Confuse Ray|p2a: Whimsicott","|-start|p2a: Whimsicott|confusion","|","|turn|2","|","|-activate|p2a: Whimsicott|confusion","|-damage|p2a: Whimsicott|281/301|[from] confusion","|move|p1a: Master Akuji|Toxic Spikes|p2a: Whimsicott","|-sidestart|p2: The Emblem|move: Toxic Spikes","|","|-heal|p2a: Whimsicott|299/301|[from] item: Leftovers","|turn|3","|","|-activate|p2a: Whimsicott|confusion","|-damage|p2a: Whimsicott|279/301|[from] confusion","|move|p1a: Master Akuji|Toxic Spikes|p2a: Whimsicott","|-sidestart|p2: The Emblem|move: Toxic Spikes","|","|-heal|p2a: Whimsicott|297/301|[from] item: Leftovers","|turn|4","|","|-end|p2a: Whimsicott|confusion","|move|p2a: Whimsicott|Taunt|p1a: Master Akuji","|-start|p1a: Master Akuji|move: Taunt","|cant|p1a: Master Akuji|move: Taunt|Haze","|","|-heal|p2a: Whimsicott|301/301|[from] item: Leftovers","|-sideend|p2: The Emblem|move: Tailwind","|turn|5","|","|move|p2a: Whimsicott|Encore|p1a: Master Akuji","|-start|p1a: Master Akuji|Encore","|cant|p1a: Master Akuji|move: Taunt|Toxic Spikes","|","|turn|6","|","|switch|p2a: Venusaur|Venusaur, F|363/363","|-sideend|p2: The Emblem|move: Toxic Spikes|[of] p2a: Venusaur","|-activate|p1a: Master Akuji|move: Struggle","|move|p1a: Master Akuji|Struggle|p2a: Venusaur","|-damage|p2a: Venusaur|333/363","|-damage|p1a: Master Akuji|226/301|[from] recoil","|","|-end|p1a: Master Akuji|move: Taunt","|turn|7","|","|detailschange|p2a: Venusaur|Venusaur-Mega, F","|-mega|p2a: Venusaur|Venusaur|Venusaurite","|move|p1a: Master Akuji|Toxic Spikes|p2a: Venusaur","|-sidestart|p2: The Emblem|move: Toxic Spikes","|move|p2a: Venusaur|Giga Drain|p1a: Master Akuji","|-damage|p1a: Master Akuji|132/301","|-damage|p2a: Venusaur|286/363|[from] ability: Liquid Ooze|[of] p1a: Master Akuji","|-enditem|p1a: Master Akuji|Air Balloon","|","|-end|p1a: Master Akuji|Encore","|turn|8","|","|move|p1a: Master Akuji|Confuse Ray|p2a: Venusaur","|-start|p2a: Venusaur|confusion","|-activate|p2a: Venusaur|confusion","|-damage|p2a: Venusaur|263/363|[from] confusion","|","|turn|9","|","|move|p1a: Master Akuji|Toxic Spikes|p2a: Venusaur","|-sidestart|p2: The Emblem|move: Toxic Spikes","|-activate|p2a: Venusaur|confusion","|-damage|p2a: Venusaur|243/363|[from] confusion","|","|turn|10","|","|move|p1a: Master Akuji|Rapid Spin|p2a: Venusaur","|-damage|p2a: Venusaur|235/363","|-activate|p2a: Venusaur|confusion","|-damage|p2a: Venusaur|215/363|[from] confusion","|","|turn|11","|","|move|p1a: Master Akuji|Rapid Spin|p2a: Venusaur","|-damage|p2a: Venusaur|207/363","|-activate|p2a: Venusaur|confusion","|move|p2a: Venusaur|Giga Drain|p1a: Master Akuji","|-damage|p1a: Master Akuji|38/301","|-damage|p2a: Venusaur|160/363|[from] ability: Liquid Ooze|[of] p1a: Master Akuji","|","|turn|12","|","|move|p1a: Master Akuji|Rapid Spin|p2a: Venusaur","|-damage|p2a: Venusaur|151/363","|-end|p2a: Venusaur|confusion","|move|p2a: Venusaur|Giga Drain|p1a: Master Akuji","|-damage|p1a: Master Akuji|0 fnt","|-damage|p2a: Venusaur|132/363|[from] ability: Liquid Ooze|[of] p1a: Master Akuji","|faint|p1a: Master Akuji","|","|","|switch|p1a: Moyster|Cloyster, F|303/303","|turn|13","|","|switch|p2a: Ferrothorn|Ferrothorn, M|351/351","|move|p1a: Moyster|Icicle Spear|p2a: Ferrothorn","|-damage|p2a: Ferrothorn|329/351","|-damage|p2a: Ferrothorn|304/351","|-damage|p2a: Ferrothorn|280/351","|-damage|p2a: Ferrothorn|255/351","|-damage|p2a: Ferrothorn|230/351","|-hitcount|p2a: Ferrothorn|5","|","|turn|14","|","|move|p1a: Moyster|Icicle Spear|p2a: Ferrothorn","|-damage|p2a: Ferrothorn|208/351","|-damage|p2a: Ferrothorn|186/351","|-damage|p2a: Ferrothorn|162/351","|-damage|p2a: Ferrothorn|138/351","|-damage|p2a: Ferrothorn|113/351","|-hitcount|p2a: Ferrothorn|5","|move|p2a: Ferrothorn|Gyro Ball|p1a: Moyster","|-damage|p1a: Moyster|228/303","|","|turn|15","|","|move|p1a: Moyster|Icicle Spear|p2a: Ferrothorn","|-damage|p2a: Ferrothorn|89/351","|-damage|p2a: Ferrothorn|65/351","|-damage|p2a: Ferrothorn|43/351","|-damage|p2a: Ferrothorn|19/351","|-damage|p2a: Ferrothorn|0 fnt","|-hitcount|p2a: Ferrothorn|5","|faint|p2a: Ferrothorn","|","|","|switch|p2a: Venusaur|Venusaur-Mega, F|132/363","|-sideend|p2: The Emblem|move: Toxic Spikes|[of] p2a: Venusaur","|turn|16","|","|move|p2a: Venusaur|Giga Drain|p1a: Moyster","|-crit|p1a: Moyster","|-supereffective|p1a: Moyster","|-damage|p1a: Moyster|0 fnt","|-heal|p2a: Venusaur|246/363|[from] drain|[of] p1a: Moyster","|faint|p1a: Moyster","|","|","|switch|p1a: Typhoon|Gyarados, F|331/331","|-ability|p1a: Typhoon|Intimidate","|-unboost|p2a: Venusaur|atk|1","|turn|17","|","|detailschange|p1a: Typhoon|Gyarados-Mega, F","|-mega|p1a: Typhoon|Gyarados|Gyaradosite","|-ability|p1a: Typhoon|Mold Breaker","|move|p1a: Typhoon|Dragon Dance|p1a: Typhoon","|-boost|p1a: Typhoon|atk|1","|-boost|p1a: Typhoon|spe|1","|move|p2a: Venusaur|Leech Seed|p1a: Typhoon","|-start|p1a: Typhoon|move: Leech Seed","|","|-damage|p1a: Typhoon|290/331|[from] Leech Seed|[of] p2a: Venusaur","|-heal|p2a: Venusaur|287/363|[silent]","|turn|18","|","|move|p1a: Typhoon|Crunch|p2a: Venusaur","|-damage|p2a: Venusaur|109/363","|-unboost|p2a: Venusaur|def|1","|move|p2a: Venusaur|Giga Drain|p1a: Typhoon","|-supereffective|p1a: Typhoon","|-damage|p1a: Typhoon|114/331","|-heal|p2a: Venusaur|197/363|[from] drain|[of] p1a: Typhoon","|","|-damage|p1a: Typhoon|73/331|[from] Leech Seed|[of] p2a: Venusaur","|-heal|p2a: Venusaur|238/363|[silent]","|turn|19","|","|move|p1a: Typhoon|Crunch|p2a: Venusaur","|-damage|p2a: Venusaur|0 fnt","|faint|p2a: Venusaur","|","|","|switch|p2a: Whimsicott|Whimsicott, M|301/301","|turn|20","|","|move|p2a: Whimsicott|Tailwind|p2a: Whimsicott","|-sidestart|p2: The Emblem|move: Tailwind","|move|p1a: Typhoon|Waterfall|p2a: Whimsicott","|-resisted|p2a: Whimsicott","|-damage|p2a: Whimsicott|192/301","|","|-heal|p2a: Whimsicott|210/301|[from] item: Leftovers","|-damage|p1a: Typhoon|32/331|[from] Leech Seed|[of] p2a: Whimsicott","|-heal|p2a: Whimsicott|251/301|[silent]","|turn|21","|","|move|p2a: Whimsicott|Moonblast|p1a: Typhoon","|-supereffective|p1a: Typhoon","|-damage|p1a: Typhoon|0 fnt","|faint|p1a: Typhoon","|","|-heal|p2a: Whimsicott|269/301|[from] item: Leftovers","|","|switch|p1a: Pudding|Feraligatr, M|311/311","|turn|22","|","|move|p2a: Whimsicott|Taunt|p1a: Pudding","|-start|p1a: Pudding|move: Taunt","|cant|p1a: Pudding|move: Taunt|Dragon Dance","|","|-heal|p2a: Whimsicott|287/301|[from] item: Leftovers","|turn|23","|","|move|p2a: Whimsicott|Encore|p1a: Pudding","|-fail|p1a: Pudding","|move|p1a: Pudding|Ice Punch|p2a: Whimsicott","|-supereffective|p2a: Whimsicott","|-damage|p2a: Whimsicott|14/301","|","|-heal|p2a: Whimsicott|32/301|[from] item: Leftovers","|-sideend|p2: The Emblem|move: Tailwind","|turn|24","|","|move|p2a: Whimsicott|Moonblast|p1a: Pudding","|-damage|p1a: Pudding|206/311","|move|p1a: Pudding|Ice Punch|p2a: Whimsicott","|-crit|p2a: Whimsicott","|-supereffective|p2a: Whimsicott","|-damage|p2a: Whimsicott|0 fnt","|faint|p2a: Whimsicott","|","|-end|p1a: Pudding|move: Taunt","|","|switch|p2a: Serperior|Serperior, M|291/291","|turn|25","|","|move|p2a: Serperior|Leaf Storm|p1a: Pudding","|-crit|p1a: Pudding","|-supereffective|p1a: Pudding","|-damage|p1a: Pudding|0 fnt","|-boost|p2a: Serperior|spa|2","|-damage|p2a: Serperior|262/291|[from] item: Life Orb","|faint|p1a: Pudding","|","|","|switch|p1a: Assumarill|Azumarill, F|403/403","|turn|26","|","|move|p2a: Serperior|Substitute|p2a: Serperior","|-start|p2a: Serperior|Substitute","|-damage|p2a: Serperior|190/291","|move|p1a: Assumarill|Knock Off|p2a: Serperior","|-end|p2a: Serperior|Substitute","|","|turn|27","|","|move|p2a: Serperior|Leaf Storm|p1a: Assumarill","|-supereffective|p1a: Assumarill","|-damage|p1a: Assumarill|0 fnt","|-boost|p2a: Serperior|spa|2","|-damage|p2a: Serperior|161/291|[from] item: Life Orb","|faint|p1a: Assumarill","|","|","|switch|p1a: Chaos Washer|Rotom-Wash|303/303","|turn|28","|","|move|p2a: Serperior|Leaf Storm|p1a: Chaos Washer","|-supereffective|p1a: Chaos Washer","|-damage|p1a: Chaos Washer|0 fnt","|-boost|p2a: Serperior|spa|2","|-damage|p2a: Serperior|132/291|[from] item: Life Orb","|faint|p1a: Chaos Washer","|","|win|The Emblem"],"p1rating":{"entryid":"3483","serverid":"eos","formatid":"monotype","userid":"crystalumaan","username":"Crystal Umaan","w":"1","l":4,"t":"0","gxe":39.4,"r":"1500","rd":"130","sigma":"0","rptime":"1439802000","rpr":1415.5944921693,"rprd":102.83219891053,"rpsigma":"0","acre":1014.9730810951,"lacre":1014.9730810951,"oldacre":"1028.8388606014"},"p2rating":{"entryid":"9967","serverid":"eos","formatid":"monotype","userid":"theemblem","username":"The Emblem","w":2,"l":"0","t":"0","gxe":59,"r":"1500","rd":"130","sigma":"0","rptime":"1439802000","rpr":1572.5671258289,"rprd":116.77753930647,"rpsigma":"0","acre":1072.9081479506,"lacre":1072.9081479506,"oldacre":"1040"},"endType":"normal"}