{"seed":[32651,61120,55887,58240],"turns":21,"p1":"Knight♕Altair","p2":"Imp❇ Jk","p1team":[{"name":"Take a Chance xd","species":"chansey","item":"eviolite","ability":"Natural Cure","moves":["toxic","softboiled","seismictoss","stealthrock"],"nature":"Bold","evs":{"hp":4,"atk":0,"def":252,"spa":0,"spd":252,"spe":0},"ivs":{"hp":31,"atk":31,"def":31,"spa":31,"spd":31,"spe":31}},{"name":"Im very Punny xd","species":"lopunny","item":"lopunnite","ability":"Limber","moves":["highjumpkick","return","fakeout","icepunch"],"nature":"Jolly","evs":{"hp":0,"atk":252,"def":4,"spa":0,"spd":0,"spe":252},"ivs":{"hp":31,"atk":31,"def":31,"spa":31,"spd":31,"spe":31}},{"name":"Pory is gone 2 far","species":"porygon2","item":"eviolite","ability":"Trace","moves":["toxic","icebeam","discharge","recover"],"nature":"Bold","evs":{"hp":252,"atk":0,"def":252,"spa":4,"spd":0,"spe":0},"ivs":{"hp":31,"atk":31,"def":31,"spa":31,"spd":31,"spe":31}},{"name":"Mellow Out D00d","species":"meloetta","item":"lifeorb","ability":"Serene Grace","moves":["relicsong","psychic","closecombat","knockoff"],"nature":"Naive","evs":{"hp":0,"atk":128,"def":0,"spa":128,"spd":0,"spe":252},"ivs":{"hp":31,"atk":31,"def":31,"spa":31,"spd":31,"spe":31}},{"name":"The Raptorz Star","species":"staraptor","item":"choicescarf","ability":"Reckless","moves":["bravebird","doubleedge","finalgambit","uturn"],"nature":"Adamant","evs":{"hp":0,"atk":252,"def":4,"spa":0,"spd":0,"spe":252},"ivs":{"hp":31,"atk":31,"def":31,"spa":31,"spd":31,"spe":31}},{"name":"TheFunniestBunny","species":"diggersby","item":"focussash","ability":"Huge Power","moves":["return","earthquake","quickattack","swordsdance"],"nature":"Adamant","evs":{"hp":0,"atk":252,"def":4,"spa":0,"spd":0,"spe":252},"ivs":{"hp":31,"atk":31,"def":31,"spa":31,"spd":31,"spe":31}}],"p2team":[{"name":"toges.copy","species":"cobalion","item":"leftovers","ability":"Justified","moves":["stealthrock","taunt","ironhead","thunderwave"],"nature":"Impish","evs":{"hp":252,"atk":0,"def":212,"spa":0,"spd":0,"spe":44},"ivs":{"hp":31,"atk":31,"def":31,"spa":31,"spd":31,"spe":31}},{"name":"beyblade","species":"hitmontop","item":"assaultvest","ability":"Intimidate","moves":["endeavor","highjumpkick","suckerpunch","rapidspin"],"nature":"Careful","evs":{"hp":252,"atk":0,"def":16,"spa":0,"spd":240,"spe":0},"ivs":{"hp":31,"atk":31,"def":31,"spa":31,"spd":31,"spe":31}},{"name":"the.punk","species":"scrafty","item":"leftovers","ability":"Shed Skin","moves":["crunch","drainpunch","bulkup","icepunch"],"nature":"Careful","evs":{"hp":252,"atk":4,"def":0,"spa":0,"spd":252,"spe":0},"ivs":{"hp":31,"atk":31,"def":31,"spa":31,"spd":31,"spe":31}},{"name":"diddy.kong","species":"infernape","item":"focussash","ability":"Blaze","moves":["flamethrower","vacuumwave","encore","nastyplot"],"nature":"Timid","evs":{"hp":0,"atk":0,"def":0,"spa":252,"spd":0,"spe":252},"ivs":{"hp":31,"atk":31,"def":31,"spa":31,"spd":31,"spe":31}},{"name":"beetle.juice","species":"heracross","item":"heracronite","ability":"Moxie","moves":["bulletseed","rockblast","closecombat","pinmissile"],"nature":"Adamant","evs":{"hp":252,"atk":232,"def":24,"spa":0,"spd":0,"spe":0},"ivs":{"hp":31,"atk":31,"def":31,"spa":31,"spd":31,"spe":31}},{"name":"doggy","species":"terrakion","item":"choicescarf","ability":"Justified","moves":["earthquake","ironhead","stoneedge","closecombat"],"nature":"Adamant","evs":{"hp":0,"atk":252,"def":0,"spa":0,"spd":0,"spe":252},"ivs":{"hp":31,"atk":31,"def":31,"spa":31,"spd":31,"spe":31}}],"log":["|player|p1|Knight♕Altair|274","|player|p2|Imp❇ Jk|196","|gametype|singles","|gen|6","|tier|Monotype","|rated","|rule|Baton Pass Clause: Limit one Baton Passer, can't pass Spe and other stats simultaneously","|rule|Swagger Clause: Swagger is banned","|rule|Same Type Clause: Pokémon in a team must share a type","|clearpoke","|poke|p1|Chansey, F","|poke|p1|Lopunny, F","|poke|p1|Porygon2","|poke|p1|Meloetta","|poke|p1|Staraptor, M","|poke|p1|Diggersby, F","|poke|p2|Cobalion","|poke|p2|Hitmontop, M","|poke|p2|Scrafty, M","|poke|p2|Infernape, M","|poke|p2|Heracross, F","|poke|p2|Terrakion","|rule|Sleep Clause Mod: Limit one foe put to sleep","|rule|Species Clause: Limit one of each Pokémon","|rule|OHKO Clause: OHKO moves are banned","|rule|Moody Clause: Moody is banned","|rule|Evasion Moves Clause: Evasion moves are banned","|rule|Endless Battle Clause: Forcing endless battles is banned","|rule|HP Percentage Mod: HP is shown in percentages","|teampreview","|","|start","|switch|p1a: Im very Punny xd|Lopunny, F|271/271","|switch|p2a: toges.copy|Cobalion|386/386","|turn|1","|","|switch|p2a: beyblade|Hitmontop, M|304/304","|-ability|p2a: beyblade|Intimidate","|-unboost|p1a: Im very Punny xd|atk|1","|detailschange|p1a: Im very Punny xd|Lopunny-Mega, F","|-mega|p1a: Im very Punny xd|Lopunny|Lopunnite","|move|p1a: Im very Punny xd|Fake Out|p2a: beyblade","|-damage|p2a: beyblade|250/304","|","|turn|2","|","|move|p1a: Im very Punny xd|Return|p2a: beyblade","|-damage|p2a: beyblade|127/304","|move|p2a: beyblade|High Jump Kick|p1a: Im very Punny xd","|-supereffective|p1a: Im very Punny xd","|-damage|p1a: Im very Punny xd|0 fnt","|faint|p1a: Im very Punny xd","|","|","|switch|p1a: Mellow Out D00d|Meloetta|341/341","|turn|3","|","|move|p1a: Mellow Out D00d|Psychic|p2a: beyblade","|-supereffective|p2a: beyblade","|-damage|p2a: beyblade|0 fnt","|-damage|p1a: Mellow Out D00d|307/341|[from] item: Life Orb","|faint|p2a: beyblade","|","|","|switch|p2a: the.punk|Scrafty, M|334/334","|turn|4","|","|move|p1a: Mellow Out D00d|Relic Song|p2a: the.punk","|-damage|p2a: the.punk|229/334","|-formechange|p1a: Mellow Out D00d|Meloetta-Pirouette|[msg]","|-damage|p1a: Mellow Out D00d|273/341|[from] item: Life Orb","|move|p2a: the.punk|Bulk Up|p2a: the.punk","|-boost|p2a: the.punk|atk|1","|-boost|p2a: the.punk|def|1","|","|-heal|p2a: the.punk|249/334|[from] item: Leftovers","|turn|5","|","|move|p1a: Mellow Out D00d|Close Combat|p2a: the.punk","|-supereffective|p2a: the.punk","|-damage|p2a: the.punk|0 fnt","|-unboost|p1a: Mellow Out D00d|def|1","|-unboost|p1a: Mellow Out D00d|spd|1","|-damage|p1a: Mellow Out D00d|239/341|[from] item: Life Orb","|faint|p2a: the.punk","|","|","|switch|p2a: doggy|Terrakion|323/323","|turn|6","|","|move|p2a: doggy|Close Combat|p1a: Mellow Out D00d","|-supereffective|p1a: Mellow Out D00d","|-damage|p1a: Mellow Out D00d|0 fnt","|-unboost|p2a: doggy|def|1","|-unboost|p2a: doggy|spd|1","|faint|p1a: Mellow Out D00d","|","|","|switch|p1a: Pory is gone 2 far|Porygon2|374/374","|-ability|p1a: Pory is gone 2 far|Justified|[from] ability: Trace|[of] p2a: doggy","|turn|7","|","|switch|p2a: toges.copy|Cobalion|386/386","|move|p1a: Pory is gone 2 far|Toxic|p2a: toges.copy","|-immune|p2a: toges.copy|[msg]","|","|turn|8","|","|move|p2a: toges.copy|Taunt|p1a: Pory is gone 2 far","|-start|p1a: Pory is gone 2 far|move: Taunt","|move|p1a: Pory is gone 2 far|Discharge|p2a: toges.copy","|-damage|p2a: toges.copy|292/386","|","|-heal|p2a: toges.copy|316/386|[from] item: Leftovers","|turn|9","|","|move|p2a: toges.copy|Stealth Rock|p1a: Pory is gone 2 far","|-sidestart|p1: Knight♕Altair|move: Stealth Rock","|move|p1a: Pory is gone 2 far|Discharge|p2a: toges.copy","|-damage|p2a: toges.copy|224/386","|-status|p2a: toges.copy|par","|","|-heal|p2a: toges.copy|248/386 par|[from] item: Leftovers","|turn|10","|","|move|p1a: Pory is gone 2 far|Discharge|p2a: toges.copy","|-damage|p2a: toges.copy|166/386 par","|cant|p2a: toges.copy|par","|","|-heal|p2a: toges.copy|190/386 par|[from] item: Leftovers","|-end|p1a: Pory is gone 2 far|move: Taunt","|turn|11","|","|move|p1a: Pory is gone 2 far|Discharge|p2a: toges.copy","|-damage|p2a: toges.copy|98/386 par","|move|p2a: toges.copy|Thunder Wave|p1a: Pory is gone 2 far","|-status|p1a: Pory is gone 2 far|par","|","|-heal|p2a: toges.copy|122/386 par|[from] item: Leftovers","|turn|12","|","|move|p2a: toges.copy|Iron Head|p1a: Pory is gone 2 far","|-damage|p1a: Pory is gone 2 far|329/374 par","|cant|p1a: Pory is gone 2 far|flinch","|","|-heal|p2a: toges.copy|146/386 par|[from] item: Leftovers","|turn|13","|","|move|p2a: toges.copy|Iron Head|p1a: Pory is gone 2 far","|-damage|p1a: Pory is gone 2 far|287/374 par","|cant|p1a: Pory is gone 2 far|flinch","|","|-heal|p2a: toges.copy|170/386 par|[from] item: Leftovers","|turn|14","|","|cant|p2a: toges.copy|par","|move|p1a: Pory is gone 2 far|Discharge|p2a: toges.copy","|-damage|p2a: toges.copy|86/386 par","|","|-heal|p2a: toges.copy|110/386 par|[from] item: Leftovers","|turn|15","|","|cant|p2a: toges.copy|par","|move|p1a: Pory is gone 2 far|Discharge|p2a: toges.copy","|-damage|p2a: toges.copy|27/386 par","|","|-heal|p2a: toges.copy|51/386 par|[from] item: Leftovers","|turn|16","|","|move|p2a: toges.copy|Iron Head|p1a: Pory is gone 2 far","|-damage|p1a: Pory is gone 2 far|239/374 par","|move|p1a: Pory is gone 2 far|Discharge|p2a: toges.copy","|-damage|p2a: toges.copy|0 fnt","|faint|p2a: toges.copy","|","|","|switch|p2a: beetle.juice|Heracross, F|364/364","|turn|17","|","|detailschange|p2a: beetle.juice|Heracross-Mega, F","|-mega|p2a: beetle.juice|Heracross|Heracronite","|move|p2a: beetle.juice|Close Combat|p1a: Pory is gone 2 far","|-supereffective|p1a: Pory is gone 2 far","|-damage|p1a: Pory is gone 2 far|0 fnt","|-unboost|p2a: beetle.juice|def|1","|-unboost|p2a: beetle.juice|spd|1","|faint|p1a: Pory is gone 2 far","|","|","|switch|p1a: The Raptorz Star|Staraptor, M|311/311","|-damage|p1a: The Raptorz Star|234/311|[from] Stealth Rock","|turn|18","|","|move|p1a: The Raptorz Star|Brave Bird|p2a: beetle.juice","|-supereffective|p2a: beetle.juice","|-damage|p2a: beetle.juice|0 fnt","|-damage|p1a: The Raptorz Star|114/311|[from] recoil|[of] p2a: beetle.juice","|faint|p2a: beetle.juice","|","|","|switch|p2a: doggy|Terrakion|323/323","|turn|19","|","|move|p2a: doggy|Close Combat|p1a: The Raptorz Star","|-damage|p1a: The Raptorz Star|0 fnt","|-unboost|p2a: doggy|def|1","|-unboost|p2a: doggy|spd|1","|faint|p1a: The Raptorz Star","|","|","|switch|p1a: TheFunniestBunny|Diggersby, F|311/311","|-damage|p1a: TheFunniestBunny|292/311|[from] Stealth Rock","|turn|20","|","|move|p2a: doggy|Close Combat|p1a: TheFunniestBunny","|-supereffective|p1a: TheFunniestBunny","|-damage|p1a: TheFunniestBunny|0 fnt","|-unboost|p2a: doggy|def|1","|-unboost|p2a: doggy|spd|1","|faint|p1a: TheFunniestBunny","|","|","|switch|p1a: Take a Chance xd|Chansey, F|642/642","|-damage|p1a: Take a Chance xd|562/642|[from] Stealth Rock","|turn|21","|","|move|p2a: doggy|Close Combat|p1a: Take a Chance xd","|-supereffective|p1a: Take a Chance xd","|-damage|p1a: Take a Chance xd|0 fnt","|-unboost|p2a: doggy|def|1","|-unboost|p2a: doggy|spd|1","|faint|p1a: Take a Chance xd","|","|win|Imp❇ Jk"],"p1rating":{"entryid":"7650439","serverid":"eos","formatid":"monotype","userid":"knightaltair","username":"Knight♕Altair","w":"10","l":16,"t":"0","gxe":37.3,"r":"1429.4655396307","rd":"67.301682633571","sigma":"0","rptime":"1439802000","rpr":1400.3241584749,"rprd":64.23196146516,"rpsigma":"0","acre":1021.430907044,"lacre":1021.430907044,"oldacre":"1031.4108931326"},"p2rating":{"entryid":"7537159","serverid":"eos","formatid":"monotype","userid":"impjk","username":"Imp❇ Jk","w":13,"l":"14","t":"0","gxe":45.3,"r":"1440.7132842412","rd":"65.290370195561","sigma":"0","rptime":"1439802000","rpr":1463.9788389894,"rprd":63.320755115571,"rpsigma":"0","acre":1164.2260908625,"lacre":1164.2260908625,"oldacre":"1147.2667474798"},"endType":"normal"}