{"seed":[40697,36931,27318,4399],"turns":32,"p1":"Marx Bot","p2":"Guard Wanderer","p1team":[{"name":"Abomasnow","species":"Abomasnow","item":"focussash","ability":"Snow Warning","moves":["blizzard","gigadrain","iceshard","shadowball"],"nature":"Mild","evs":{"hp":248,"atk":8,"def":0,"spa":252,"spd":0,"spe":0},"ivs":{"hp":31,"atk":31,"def":31,"spa":31,"spd":31,"spe":31}},{"name":"Froslass","species":"Froslass","item":"focussash","ability":"Cursed Body","moves":["destinybond","icebeam","taunt","shadowball"],"nature":"Timid","evs":{"hp":0,"atk":0,"def":0,"spa":252,"spd":4,"spe":252},"ivs":{"hp":31,"atk":31,"def":31,"spa":31,"spd":31,"spe":31}},{"name":"Ice Age","species":"mamoswine","item":"choicescarf","ability":"Thick Fat","moves":["superpower","earthquake","iciclecrash","stoneedge"],"nature":"Jolly","evs":{"hp":0,"atk":252,"def":0,"spa":0,"spd":4,"spe":252},"gender":"M","shiny":true,"ivs":{"hp":31,"atk":31,"def":31,"spa":31,"spd":31,"spe":31}},{"name":"The Titanic","species":"avalugg","item":"rockyhelmet","ability":"Sturdy","moves":["rapidspin","toxic","recover","avalanche"],"nature":"Bold","evs":{"hp":248,"atk":0,"def":252,"spa":0,"spd":8,"spe":0},"gender":"M","shiny":true,"ivs":{"hp":31,"atk":31,"def":31,"spa":31,"spd":31,"spe":31}},{"name":"Kyurem","species":"Kyurem","item":"choicespecs","ability":"Pressure","moves":["dragonpulse","icebeam","shadowball","earthpower"],"nature":"Modest","evs":{"hp":248,"atk":0,"def":0,"spa":252,"spd":8,"spe":0},"ivs":{"hp":31,"atk":31,"def":31,"spa":31,"spd":31,"spe":31}},{"name":"King Kold","species":"rotomfrost","item":"leftovers","ability":"Levitate","moves":["discharge","willowisp","painsplit","charge"],"nature":"Calm","evs":{"hp":248,"atk":0,"def":0,"spa":252,"spd":8,"spe":0},"shiny":true,"ivs":{"hp":31,"atk":31,"def":31,"spa":31,"spd":31,"spe":31}}],"p2team":[{"name":"Ariados","species":"Ariados","item":"focussash","ability":"Insomnia","moves":["agility","batonpass","stickyweb","suckerpunch"],"nature":"Impish","evs":{"hp":0,"atk":0,"def":188,"spa":0,"spd":68,"spe":252},"ivs":{"hp":31,"atk":31,"def":31,"spa":31,"spd":31,"spe":31}},{"name":"Tentacruel","species":"Tentacruel","item":"assaultvest","ability":"Liquid Ooze","moves":["scald","acidspray","gigadrain","hex"],"nature":"Timid","evs":{"hp":4,"atk":0,"def":0,"spa":252,"spd":0,"spe":252},"ivs":{"hp":31,"atk":31,"def":31,"spa":31,"spd":31,"spe":31}},{"name":"Skuntank","species":"Skuntank","item":"rowapberry","ability":"Aftermath","moves":["snatch","thief","suckerpunch","poisonjab"],"nature":"Adamant","evs":{"hp":248,"atk":252,"def":0,"spa":0,"spd":8,"spe":0},"ivs":{"hp":31,"atk":31,"def":31,"spa":31,"spd":31,"spe":31}},{"name":"Venusaur","species":"Venusaur","item":"bigroot","ability":"Overgrow","moves":["gigadrain","leechseed","substitute","grassyterrain"],"nature":"Calm","evs":{"hp":248,"atk":0,"def":0,"spa":8,"spd":252,"spe":0},"ivs":{"hp":31,"atk":31,"def":31,"spa":31,"spd":31,"spe":31}},{"name":"Seviper","species":"Seviper","item":"blacksludge","ability":"Shed Skin","moves":["earthquake","coil","suckerpunch","glare"],"nature":"Adamant","evs":{"hp":248,"atk":252,"def":0,"spa":0,"spd":8,"spe":0},"ivs":{"hp":31,"atk":31,"def":31,"spa":31,"spd":31,"spe":31}},{"name":"Crobat","species":"Crobat","item":"whiteherb","ability":"Infiltrator","moves":["curse","bravebird","roost","snatch"],"nature":"Jolly","evs":{"hp":248,"atk":8,"def":0,"spa":0,"spd":0,"spe":252},"ivs":{"hp":31,"atk":31,"def":31,"spa":31,"spd":31,"spe":31}}],"log":["|player|p1|Marx Bot|238","|player|p2|Guard Wanderer|235","|gametype|singles","|gen|6","|tier|Monotype","|rated","|rule|Baton Pass Clause: Limit one Baton Passer, can't pass Spe and other stats simultaneously","|rule|Swagger Clause: Swagger is banned","|rule|Same Type Clause: Pokémon in a team must share a type","|clearpoke","|poke|p1|Abomasnow, F","|poke|p1|Froslass, F","|poke|p1|Mamoswine, M, shiny","|poke|p1|Avalugg, M, shiny","|poke|p1|Kyurem","|poke|p1|Rotom-Frost, shiny","|poke|p2|Ariados, M","|poke|p2|Tentacruel, F","|poke|p2|Skuntank, M","|poke|p2|Venusaur, M","|poke|p2|Seviper, M","|poke|p2|Crobat, M","|rule|Sleep Clause Mod: Limit one foe put to sleep","|rule|Species Clause: Limit one of each Pokémon","|rule|OHKO Clause: OHKO moves are banned","|rule|Moody Clause: Moody is banned","|rule|Evasion Moves Clause: Evasion moves are banned","|rule|Endless Battle Clause: Forcing endless battles is banned","|rule|HP Percentage Mod: HP is shown in percentages","|teampreview","|","|start","|switch|p1a: King Kold|Rotom-Frost, shiny|303/303","|switch|p2a: Ariados|Ariados, M|281/281","|turn|1","|","|move|p1a: King Kold|Charge|p1a: King Kold","|-boost|p1a: King Kold|spd|1","|-activate|p1a: King Kold|move: Charge","|move|p2a: Ariados|Sticky Web|p1a: King Kold","|-sidestart|p1: Marx Bot|move: Sticky Web","|","|turn|2","|","|move|p1a: King Kold|Discharge|p2a: Ariados","|-enditem|p2a: Ariados|Focus Sash","|-damage|p2a: Ariados|1/281","|move|p2a: Ariados|Agility|p2a: Ariados","|-boost|p2a: Ariados|spe|2","|","|turn|3","|","|move|p2a: Ariados|Baton Pass|p2a: Ariados","|","|switch|p2a: Venusaur|Venusaur, M|363/363","|move|p1a: King Kold|Discharge|p2a: Venusaur","|-resisted|p2a: Venusaur","|-damage|p2a: Venusaur|315/363","|-status|p2a: Venusaur|par","|","|turn|4","|","|move|p1a: King Kold|Charge|p1a: King Kold","|-boost|p1a: King Kold|spd|1","|-activate|p1a: King Kold|move: Charge","|move|p2a: Venusaur|Substitute|p2a: Venusaur","|-start|p2a: Venusaur|Substitute","|-damage|p2a: Venusaur|225/363 par","|","|turn|5","|","|move|p1a: King Kold|Discharge|p2a: Venusaur","|-resisted|p2a: Venusaur","|-activate|p2a: Venusaur|Substitute|[damage]","|move|p2a: Venusaur|Grassy Terrain|p2a: Venusaur","|-fieldstart|move: Grassy Terrain","|","|-heal|p2a: Venusaur|247/363 par|[from] Grassy Terrain","|turn|6","|","|move|p1a: King Kold|Discharge|p2a: Venusaur","|-resisted|p2a: Venusaur","|-end|p2a: Venusaur|Substitute","|move|p2a: Venusaur|Leech Seed|p1a: King Kold","|-start|p1a: King Kold|move: Leech Seed","|","|-heal|p2a: Venusaur|269/363 par|[from] Grassy Terrain","|-damage|p1a: King Kold|266/303|[from] Leech Seed|[of] p2a: Venusaur","|-heal|p2a: Venusaur|317/363 par|[silent]","|turn|7","|","|switch|p1a: Froslass|Froslass, F|281/281","|-activate|p1a: Froslass|move: Sticky Web","|-unboost|p1a: Froslass|spe|1","|cant|p2a: Venusaur|par","|","|-heal|p2a: Venusaur|339/363 par|[from] Grassy Terrain","|turn|8","|","|move|p1a: Froslass|Ice Beam|p2a: Venusaur","|-supereffective|p2a: Venusaur","|-damage|p2a: Venusaur|165/363 par","|move|p2a: Venusaur|Giga Drain|p1a: Froslass","|-damage|p1a: Froslass|113/281","|-heal|p2a: Venusaur|274/363 par|[from] drain|[of] p1a: Froslass","|-start|p2a: Venusaur|Disable|Giga Drain","|","|-heal|p1a: Froslass|130/281|[from] Grassy Terrain","|-heal|p2a: Venusaur|296/363 par|[from] Grassy Terrain","|turn|9","|","|switch|p2a: Tentacruel|Tentacruel, F|302/302","|move|p1a: Froslass|Ice Beam|p2a: Tentacruel","|-resisted|p2a: Tentacruel","|-damage|p2a: Tentacruel|269/302","|","|-fieldend|move: Grassy Terrain","|turn|10","|","|move|p2a: Tentacruel|Hex|p1a: Froslass","|-supereffective|p1a: Froslass","|-damage|p1a: Froslass|0 fnt","|faint|p1a: Froslass","|","|","|switch|p1a: King Kold|Rotom-Frost, shiny|266/303","|turn|11","|","|switch|p2a: Ariados|Ariados, M|1/281","|move|p1a: King Kold|Discharge|p2a: Ariados","|-damage|p2a: Ariados|0 fnt","|faint|p2a: Ariados","|","|-heal|p1a: King Kold|284/303|[from] item: Leftovers","|","|switch|p2a: Venusaur|Venusaur, M|296/363 par","|turn|12","|","|switch|p1a: Kyurem|Kyurem|453/453","|-activate|p1a: Kyurem|move: Sticky Web","|-unboost|p1a: Kyurem|spe|1","|-ability|p1a: Kyurem|Pressure","|move|p2a: Venusaur|Giga Drain|p1a: Kyurem","|-crit|p1a: Kyurem","|-resisted|p1a: Kyurem","|-damage|p1a: Kyurem|375/453","|-heal|p2a: Venusaur|347/363 par|[from] drain|[of] p1a: Kyurem","|","|turn|13","|","|move|p1a: Kyurem|Ice Beam|p2a: Venusaur","|-supereffective|p2a: Venusaur","|-damage|p2a: Venusaur|0 fnt","|faint|p2a: Venusaur","|","|","|switch|p2a: Seviper|Seviper, M|349/349","|turn|14","|","|move|p2a: Seviper|Glare|p1a: Kyurem","|-status|p1a: Kyurem|par","|cant|p1a: Kyurem|par","|","|turn|15","|","|move|p2a: Seviper|Coil|p2a: Seviper","|-boost|p2a: Seviper|atk|1","|-boost|p2a: Seviper|def|1","|-boost|p2a: Seviper|accuracy|1","|cant|p1a: Kyurem|par","|","|turn|16","|","|move|p2a: Seviper|Sucker Punch|p1a: Kyurem","|-damage|p1a: Kyurem|234/453 par","|move|p1a: Kyurem|Ice Beam|p2a: Seviper","|-damage|p2a: Seviper|0 fnt","|faint|p2a: Seviper","|","|","|switch|p2a: Tentacruel|Tentacruel, F|269/302","|turn|17","|","|switch|p1a: King Kold|Rotom-Frost, shiny|284/303","|move|p2a: Tentacruel|Hex|p1a: King Kold","|-damage|p1a: King Kold|234/303","|","|-heal|p1a: King Kold|252/303|[from] item: Leftovers","|turn|18","|","|move|p2a: Tentacruel|Acid Spray|p1a: King Kold","|-damage|p1a: King Kold|203/303","|-unboost|p1a: King Kold|spd|2","|move|p1a: King Kold|Discharge|p2a: Tentacruel","|-supereffective|p2a: Tentacruel","|-damage|p2a: Tentacruel|123/302","|-status|p2a: Tentacruel|par","|","|-heal|p1a: King Kold|221/303|[from] item: Leftovers","|turn|19","|","|move|p1a: King Kold|Charge|p1a: King Kold","|-boost|p1a: King Kold|spd|1","|-activate|p1a: King Kold|move: Charge","|move|p2a: Tentacruel|Scald|p1a: King Kold","|-damage|p1a: King Kold|83/303","|-status|p1a: King Kold|brn","|","|-heal|p1a: King Kold|101/303 brn|[from] item: Leftovers","|-damage|p1a: King Kold|64/303 brn|[from] brn","|turn|20","|","|move|p1a: King Kold|Discharge|p2a: Tentacruel","|-supereffective|p2a: Tentacruel","|-damage|p2a: Tentacruel|0 fnt","|faint|p2a: Tentacruel","|","|-heal|p1a: King Kold|82/303 brn|[from] item: Leftovers","|-damage|p1a: King Kold|45/303 brn|[from] brn","|","|switch|p2a: Skuntank|Skuntank, M|409/409","|turn|21","|","|move|p2a: Skuntank|Snatch|p2a: Skuntank","|-singleturn|p2a: Skuntank|Snatch","|move|p1a: King Kold|Pain Split|p2a: Skuntank","|-sethp|p2a: Skuntank|227/409|p1a: King Kold|227/303 brn|[from] move: Pain Split","|","|-heal|p1a: King Kold|245/303 brn|[from] item: Leftovers","|-damage|p1a: King Kold|208/303 brn|[from] brn","|turn|22","|","|move|p2a: Skuntank|Snatch|p2a: Skuntank","|-singleturn|p2a: Skuntank|Snatch","|move|p1a: King Kold|Will-O-Wisp|p2a: Skuntank|[miss]","|-miss|p1a: King Kold|p2a: Skuntank","|","|-heal|p1a: King Kold|226/303 brn|[from] item: Leftovers","|-damage|p1a: King Kold|189/303 brn|[from] brn","|turn|23","|","|move|p1a: King Kold|Will-O-Wisp|p2a: Skuntank|[miss]","|-miss|p1a: King Kold|p2a: Skuntank","|move|p2a: Skuntank|Thief|p1a: King Kold","|-damage|p1a: King Kold|93/303 brn","|","|-heal|p1a: King Kold|111/303 brn|[from] item: Leftovers","|-damage|p1a: King Kold|74/303 brn|[from] brn","|turn|24","|","|move|p2a: Skuntank|Snatch|p2a: Skuntank","|-singleturn|p2a: Skuntank|Snatch","|move|p1a: King Kold|Pain Split|p2a: Skuntank","|-sethp|p2a: Skuntank|150/409|p1a: King Kold|150/303 brn|[from] move: Pain Split","|","|-heal|p1a: King Kold|168/303 brn|[from] item: Leftovers","|-damage|p1a: King Kold|131/303 brn|[from] brn","|turn|25","|","|move|p2a: Skuntank|Snatch|p2a: Skuntank","|-singleturn|p2a: Skuntank|Snatch","|move|p1a: King Kold|Will-O-Wisp|p2a: Skuntank","|-status|p2a: Skuntank|brn","|","|-heal|p1a: King Kold|149/303 brn|[from] item: Leftovers","|-damage|p1a: King Kold|112/303 brn|[from] brn","|-damage|p2a: Skuntank|99/409 brn|[from] brn","|turn|26","|","|move|p2a: Skuntank|Sucker Punch|p1a: King Kold","|-fail|p2a: Skuntank","|move|p1a: King Kold|Charge|p1a: King Kold","|-boost|p1a: King Kold|spd|1","|-activate|p1a: King Kold|move: Charge","|","|-heal|p1a: King Kold|130/303 brn|[from] item: Leftovers","|-damage|p1a: King Kold|93/303 brn|[from] brn","|-damage|p2a: Skuntank|48/409 brn|[from] brn","|turn|27","|","|move|p2a: Skuntank|Sucker Punch|p1a: King Kold","|-fail|p2a: Skuntank","|move|p1a: King Kold|Charge|p1a: King Kold","|-boost|p1a: King Kold|spd|1","|-activate|p1a: King Kold|move: Charge","|","|-heal|p1a: King Kold|111/303 brn|[from] item: Leftovers","|-damage|p1a: King Kold|74/303 brn|[from] brn","|-damage|p2a: Skuntank|0 fnt|[from] brn","|faint|p2a: Skuntank","|","|switch|p2a: Crobat|Crobat, M|373/373","|turn|28","|","|move|p2a: Crobat|Brave Bird|p1a: King Kold","|-resisted|p1a: King Kold","|-damage|p1a: King Kold|17/303 brn","|-damage|p2a: Crobat|354/373|[from] recoil|[of] p1a: King Kold","|move|p1a: King Kold|Pain Split|p2a: Crobat","|-sethp|p2a: Crobat|185/373|p1a: King Kold|185/303 brn|[from] move: Pain Split","|","|-heal|p1a: King Kold|203/303 brn|[from] item: Leftovers","|-damage|p1a: King Kold|166/303 brn|[from] brn","|turn|29","|","|move|p2a: Crobat|Roost|p2a: Crobat","|-heal|p2a: Crobat|372/373","|move|p1a: King Kold|Will-O-Wisp|p2a: Crobat","|-status|p2a: Crobat|brn","|","|-heal|p1a: King Kold|184/303 brn|[from] item: Leftovers","|-damage|p2a: Crobat|326/373 brn|[from] brn","|-damage|p1a: King Kold|147/303 brn|[from] brn","|turn|30","|","|move|p2a: Crobat|Snatch|p2a: Crobat","|-singleturn|p2a: Crobat|Snatch","|move|p1a: King Kold|Pain Split|p2a: Crobat","|-sethp|p2a: Crobat|236/373 brn|p1a: King Kold|236/303 brn|[from] move: Pain Split","|","|-heal|p1a: King Kold|254/303 brn|[from] item: Leftovers","|-damage|p2a: Crobat|190/373 brn|[from] brn","|-damage|p1a: King Kold|217/303 brn|[from] brn","|turn|31","|","|move|p2a: Crobat|Roost|p2a: Crobat","|-heal|p2a: Crobat|373/373 brn","|move|p1a: King Kold|Charge|p1a: King Kold","|-boost|p1a: King Kold|spd|1","|-activate|p1a: King Kold|move: Charge","|","|-heal|p1a: King Kold|235/303 brn|[from] item: Leftovers","|-damage|p2a: Crobat|327/373 brn|[from] brn","|-damage|p1a: King Kold|198/303 brn|[from] brn","|turn|32","|","|move|p2a: Crobat|Curse|p2a: Crobat","|-unboost|p2a: Crobat|spe|1","|-boost|p2a: Crobat|atk|1","|-boost|p2a: Crobat|def|1","|-enditem|p2a: Crobat|White Herb","|-restoreboost|p2a: Crobat|[silent]","|move|p1a: King Kold|Discharge|p2a: Crobat","|-supereffective|p2a: Crobat","|-damage|p2a: Crobat|0 fnt","|faint|p2a: Crobat","|","|win|Marx Bot"],"p1rating":{"entryid":"5765428","serverid":"eos","formatid":"monotype","userid":"marxbot","username":"Marx Bot","w":213,"l":"307","t":"0","gxe":43.1,"r":"1443.2519041118","rd":"31.49696815005","sigma":"0","rptime":"1439802000","rpr":1447.8962319913,"rprd":30.749103859286,"rpsigma":"0","acre":1142.7992722723,"lacre":1142.7992722723,"oldacre":"1115.0066868175"},"p2rating":{"entryid":"6731189","serverid":"eos","formatid":"monotype","userid":"guardwanderer","username":"Guard Wanderer","w":"121","l":148,"t":"0","gxe":45.1,"r":"1462.5656404044","rd":"26.257687430158","sigma":"0","rptime":"1439802000","rpr":1463.2942052728,"rprd":25.999000277531,"rpsigma":"0","acre":1126.1864813908,"lacre":1126.1864813908,"oldacre":"1153.9790668456"},"endType":"normal"}