{"seed":[25703,53839,46317,33648],"turns":16,"p1":"Apex✦ Warmachine","p2":"Dusk Limstella","p1team":[{"name":"Suicune","species":"Suicune","item":"leftovers","ability":"Pressure","moves":["calmmind","rest","sleeptalk","scald"],"nature":"Bold","evs":{"hp":0,"atk":0,"def":252,"spa":4,"spd":252,"spe":0},"ivs":{"hp":31,"atk":31,"def":31,"spa":31,"spd":31,"spe":31}},{"name":"Keldeo-Resolute","species":"Keldeo-Resolute","item":"choicescarf","ability":"Justified","moves":["secretsword","surf","hiddenpowerfire","calmmind"],"nature":"Timid","evs":{"hp":0,"atk":0,"def":0,"spa":252,"spd":4,"spe":252},"ivs":{"hp":31,"atk":30,"def":31,"spa":30,"spd":31,"spe":30}},{"name":"Starmie","species":"Starmie","item":"wiseglasses","ability":"Natural Cure","moves":["scald","psyshock","thunderbolt","rapidspin"],"nature":"Timid","evs":{"hp":0,"atk":0,"def":0,"spa":252,"spd":4,"spe":252},"ivs":{"hp":31,"atk":31,"def":31,"spa":31,"spd":31,"spe":31}},{"name":"Tentacruel","species":"Tentacruel","item":"blacksludge","ability":"Liquid Ooze","moves":["raindance","toxicspikes","scald","sludgewave"],"nature":"Timid","evs":{"hp":0,"atk":0,"def":4,"spa":252,"spd":0,"spe":252},"ivs":{"hp":31,"atk":31,"def":31,"spa":31,"spd":31,"spe":31}},{"name":"Gyarados","species":"Gyarados","item":"gyaradosite","ability":"Moxie","moves":["dragondance","waterfall","icefang","crunch"],"nature":"Jolly","evs":{"hp":0,"atk":252,"def":0,"spa":0,"spd":4,"spe":252},"ivs":{"hp":31,"atk":31,"def":31,"spa":31,"spd":31,"spe":31}},{"name":"Rotom-Wash","species":"Rotom-Wash","item":"choicescarf","ability":"Levitate","moves":["voltswitch","thunderbolt","hydropump","signalbeam"],"nature":"Modest","evs":{"hp":0,"atk":0,"def":0,"spa":252,"spd":4,"spe":252},"ivs":{"hp":31,"atk":31,"def":31,"spa":31,"spd":31,"spe":31}}],"p2team":[{"name":"Ludicolo","species":"Ludicolo","item":"lifeorb","ability":"Swift Swim","moves":["hydropump","icebeam","raindance","gigadrain"],"nature":"Modest","evs":{"hp":0,"atk":0,"def":0,"spa":252,"spd":4,"spe":252},"shiny":true,"ivs":{"hp":31,"atk":31,"def":31,"spa":31,"spd":31,"spe":31}},{"name":"Politoed","species":"Politoed","item":"leftovers","ability":"Drizzle","moves":["hydropump","perishsong","psychic","toxic"],"nature":"Calm","evs":{"hp":248,"atk":0,"def":0,"spa":8,"spd":252,"spe":0},"shiny":true,"ivs":{"hp":31,"atk":31,"def":31,"spa":31,"spd":31,"spe":31}},{"name":"Swampert","species":"Swampert","item":"swampertite","ability":"Torrent","moves":["waterfall","earthquake","stealthrock","icepunch"],"nature":"Adamant","evs":{"hp":248,"atk":252,"def":0,"spa":0,"spd":8,"spe":0},"ivs":{"hp":31,"atk":31,"def":31,"spa":31,"spd":31,"spe":31}},{"name":"Tentacruel","species":"Tentacruel","item":"blacksludge","ability":"Liquid Ooze","moves":["rapidspin","toxicspikes","acidspray","scald"],"nature":"Calm","evs":{"hp":252,"atk":0,"def":0,"spa":0,"spd":224,"spe":32},"shiny":true,"ivs":{"hp":31,"atk":31,"def":31,"spa":31,"spd":31,"spe":31}},{"name":"Shruti #2","species":"suicune","item":"leftovers","ability":"Pressure","moves":["scald","calmmind","rest","sleeptalk"],"nature":"Bold","evs":{"hp":252,"atk":0,"def":252,"spa":0,"spd":4,"spe":0},"shiny":true,"ivs":{"hp":31,"atk":31,"def":31,"spa":31,"spd":31,"spe":31}},{"name":"Azumarill","species":"Azumarill","item":"choiceband","ability":"Huge Power","moves":["waterfall","aquajet","knockoff","playrough"],"nature":"Adamant","evs":{"hp":252,"atk":252,"def":0,"spa":0,"spd":0,"spe":4},"shiny":true,"ivs":{"hp":31,"atk":31,"def":31,"spa":31,"spd":31,"spe":31}}],"log":["|player|p1|Apex✦ Warmachine|293","|player|p2|Dusk Limstella|192","|gametype|singles","|gen|6","|tier|Monotype","|rated","|rule|Baton Pass Clause: Limit one Baton Passer, can't pass Spe and other stats simultaneously","|rule|Swagger Clause: Swagger is banned","|rule|Same Type Clause: Pokémon in a team must share a type","|clearpoke","|poke|p1|Suicune","|poke|p1|Keldeo-Resolute","|poke|p1|Starmie","|poke|p1|Tentacruel, M","|poke|p1|Gyarados, F","|poke|p1|Rotom-Wash","|poke|p2|Ludicolo, F, shiny","|poke|p2|Politoed, F, shiny","|poke|p2|Swampert, M","|poke|p2|Tentacruel, M, shiny","|poke|p2|Suicune, shiny","|poke|p2|Azumarill, F, shiny","|rule|Sleep Clause Mod: Limit one foe put to sleep","|rule|Species Clause: Limit one of each Pokémon","|rule|OHKO Clause: OHKO moves are banned","|rule|Moody Clause: Moody is banned","|rule|Evasion Moves Clause: Evasion moves are banned","|rule|Endless Battle Clause: Forcing endless battles is banned","|rule|HP Percentage Mod: HP is shown in percentages","|teampreview","|","|start","|switch|p1a: Suicune|Suicune|341/341","|switch|p2a: Swampert|Swampert, M|403/403","|-ability|p1a: Suicune|Pressure","|turn|1","|","|detailschange|p2a: Swampert|Swampert-Mega, M","|-mega|p2a: Swampert|Swampert|Swampertite","|move|p1a: Suicune|Calm Mind|p1a: Suicune","|-boost|p1a: Suicune|spa|1","|-boost|p1a: Suicune|spd|1","|move|p2a: Swampert|Stealth Rock|p1a: Suicune","|-sidestart|p1: Apex✦ Warmachine|move: Stealth Rock","|","|turn|2","|","|move|p1a: Suicune|Scald|p2a: Swampert","|-damage|p2a: Swampert|292/403","|-status|p2a: Swampert|brn","|move|p2a: Swampert|Earthquake|p1a: Suicune","|-damage|p1a: Suicune|276/341","|","|-heal|p1a: Suicune|297/341|[from] item: Leftovers","|-damage|p2a: Swampert|242/403 brn|[from] brn","|turn|3","|","|switch|p2a: Tentacruel|Tentacruel, M, shiny|364/364","|move|p1a: Suicune|Calm Mind|p1a: Suicune","|-boost|p1a: Suicune|spa|1","|-boost|p1a: Suicune|spd|1","|","|-heal|p1a: Suicune|318/341|[from] item: Leftovers","|turn|4","|","|move|p2a: Tentacruel|Acid Spray|p1a: Suicune","|-damage|p1a: Suicune|300/341","|-unboost|p1a: Suicune|spd|2","|move|p1a: Suicune|Calm Mind|p1a: Suicune","|-boost|p1a: Suicune|spa|1","|-boost|p1a: Suicune|spd|1","|","|-heal|p1a: Suicune|321/341|[from] item: Leftovers","|turn|5","|","|move|p2a: Tentacruel|Acid Spray|p1a: Suicune","|-damage|p1a: Suicune|302/341","|-unboost|p1a: Suicune|spd|2","|move|p1a: Suicune|Scald|p2a: Tentacruel","|-resisted|p2a: Tentacruel","|-damage|p2a: Tentacruel|291/364","|","|-heal|p2a: Tentacruel|313/364|[from] item: Black Sludge","|-heal|p1a: Suicune|323/341|[from] item: Leftovers","|turn|6","|","|move|p2a: Tentacruel|Acid Spray|p1a: Suicune","|-damage|p1a: Suicune|281/341","|-unboost|p1a: Suicune|spd|2","|move|p1a: Suicune|Scald|p2a: Tentacruel","|-resisted|p2a: Tentacruel","|-damage|p2a: Tentacruel|247/364","|-status|p2a: Tentacruel|brn","|","|-heal|p2a: Tentacruel|269/364 brn|[from] item: Black Sludge","|-heal|p1a: Suicune|302/341|[from] item: Leftovers","|-damage|p2a: Tentacruel|224/364 brn|[from] brn","|turn|7","|","|move|p2a: Tentacruel|Toxic Spikes|p1a: Suicune","|-sidestart|p1: Apex✦ Warmachine|move: Toxic Spikes","|move|p1a: Suicune|Scald|p2a: Tentacruel","|-resisted|p2a: Tentacruel","|-damage|p2a: Tentacruel|149/364 brn","|","|-heal|p2a: Tentacruel|171/364 brn|[from] item: Black Sludge","|-heal|p1a: Suicune|323/341|[from] item: Leftovers","|-damage|p2a: Tentacruel|126/364 brn|[from] brn","|turn|8","|","|move|p2a: Tentacruel|Acid Spray|p1a: Suicune","|-crit|p1a: Suicune","|-damage|p1a: Suicune|212/341","|-unboost|p1a: Suicune|spd|2","|move|p1a: Suicune|Scald|p2a: Tentacruel","|-resisted|p2a: Tentacruel","|-damage|p2a: Tentacruel|61/364 brn","|","|-heal|p2a: Tentacruel|83/364 brn|[from] item: Black Sludge","|-heal|p1a: Suicune|233/341|[from] item: Leftovers","|-damage|p2a: Tentacruel|38/364 brn|[from] brn","|turn|9","|","|switch|p1a: Tentacruel|Tentacruel, M|301/301","|-damage|p1a: Tentacruel|264/301|[from] Stealth Rock","|-sideend|p1: Apex✦ Warmachine|move: Toxic Spikes|[of] p1a: Tentacruel","|move|p2a: Tentacruel|Acid Spray|p1a: Tentacruel","|-crit|p1a: Tentacruel","|-resisted|p1a: Tentacruel","|-damage|p1a: Tentacruel|240/301","|-unboost|p1a: Tentacruel|spd|2","|","|-heal|p1a: Tentacruel|258/301|[from] item: Black Sludge","|-heal|p2a: Tentacruel|60/364 brn|[from] item: Black Sludge","|-damage|p2a: Tentacruel|15/364 brn|[from] brn","|turn|10","|","|move|p1a: Tentacruel|Toxic Spikes|p2a: Tentacruel","|-sidestart|p2: Dusk Limstella|move: Toxic Spikes","|move|p2a: Tentacruel|Acid Spray|p1a: Tentacruel","|-resisted|p1a: Tentacruel","|-damage|p1a: Tentacruel|226/301","|-unboost|p1a: Tentacruel|spd|2","|","|-heal|p1a: Tentacruel|244/301|[from] item: Black Sludge","|-heal|p2a: Tentacruel|37/364 brn|[from] item: Black Sludge","|-damage|p2a: Tentacruel|0 fnt|[from] brn","|faint|p2a: Tentacruel","|","|switch|p2a: Shruti #2|Suicune, shiny|404/404","|-status|p2a: Shruti #2|psn","|-ability|p2a: Shruti #2|Pressure","|turn|11","|","|switch|p1a: Rotom-Wash|Rotom-Wash|241/241","|-damage|p1a: Rotom-Wash|211/241|[from] Stealth Rock","|move|p2a: Shruti #2|Calm Mind|p2a: Shruti #2","|-boost|p2a: Shruti #2|spa|1","|-boost|p2a: Shruti #2|spd|1","|","|-damage|p2a: Shruti #2|354/404 psn|[from] psn","|turn|12","|","|move|p1a: Rotom-Wash|Thunderbolt|p2a: Shruti #2","|-supereffective|p2a: Shruti #2","|-damage|p2a: Shruti #2|178/404 psn","|move|p2a: Shruti #2|Calm Mind|p2a: Shruti #2","|-boost|p2a: Shruti #2|spa|1","|-boost|p2a: Shruti #2|spd|1","|","|-heal|p2a: Shruti #2|203/404 psn|[from] item: Leftovers","|-damage|p2a: Shruti #2|153/404 psn|[from] psn","|turn|13","|","|move|p1a: Rotom-Wash|Thunderbolt|p2a: Shruti #2","|-crit|p2a: Shruti #2","|-supereffective|p2a: Shruti #2","|-damage|p2a: Shruti #2|0 fnt","|faint|p2a: Shruti #2","|","|","|switch|p2a: Politoed|Politoed, F, shiny|383/383","|-status|p2a: Politoed|psn","|-weather|RainDance","|turn|14","|","|switch|p2a: Ludicolo|Ludicolo, F, shiny|301/301","|-status|p2a: Ludicolo|psn","|move|p1a: Rotom-Wash|Thunderbolt|p2a: Ludicolo","|-damage|p2a: Ludicolo|141/301 psn","|","|-weather|RainDance|[upkeep]","|-damage|p2a: Ludicolo|104/301 psn|[from] psn","|turn|15","|","|move|p2a: Ludicolo|Giga Drain|p1a: Rotom-Wash","|-supereffective|p1a: Rotom-Wash","|-damage|p1a: Rotom-Wash|0 fnt","|-heal|p2a: Ludicolo|210/301 psn|[from] drain|[of] p1a: Rotom-Wash","|-damage|p2a: Ludicolo|180/301 psn|[from] item: Life Orb","|faint|p1a: Rotom-Wash","|","|-weather|RainDance|[upkeep]","|-damage|p2a: Ludicolo|143/301 psn|[from] psn","|","|switch|p1a: Tentacruel|Tentacruel, M|244/301","|-damage|p1a: Tentacruel|207/301|[from] Stealth Rock","|turn|16","|","|move|p2a: Ludicolo|Hydro Pump|p1a: Tentacruel","|-resisted|p1a: Tentacruel","|-damage|p1a: Tentacruel|61/301","|-damage|p2a: Ludicolo|113/301 psn|[from] item: Life Orb","|move|p1a: Tentacruel|Sludge Wave|p2a: Ludicolo","|-supereffective|p2a: Ludicolo","|-damage|p2a: Ludicolo|0 fnt","|faint|p2a: Ludicolo","|","|-weather|RainDance|[upkeep]","|-heal|p1a: Tentacruel|79/301|[from] item: Black Sludge","|","|win|Apex✦ Warmachine"],"p1rating":{"entryid":"7700007","serverid":"eos","formatid":"monotype","userid":"apexwarmachine","username":"Apex✦ Warmachine","w":2,"l":"2","t":"0","gxe":52.1,"r":"1500","rd":"130","sigma":"0","rptime":"1439802000","rpr":1516.3405151554,"rprd":106.26104016586,"rpsigma":"0","acre":1077.448539823,"lacre":1077.448539823,"oldacre":"1039.2456413263"},"p2rating":{"entryid":"6490530","serverid":"eos","formatid":"monotype","userid":"dusklimstella","username":"Dusk Limstella","w":"5","l":5,"t":"0","gxe":48,"r":"1510.9703135858","rd":102.50340439371,"sigma":"0","rptime":1439802000,"rpr":1484.1893170072,"rprd":98.894475132885,"rpsigma":"0","acre":1056.2778286995,"lacre":1056.2778286995,"oldacre":"1081.1001655207"},"endType":"forfeit"}