{"seed":[44836,37943,39596,30847],"turns":30,"p1":"Imp❇ Jk","p2":"Alliance - Soma","p1team":[{"name":"toges.copy","species":"cobalion","item":"leftovers","ability":"Justified","moves":["stealthrock","taunt","ironhead","thunderwave"],"nature":"Impish","evs":{"hp":252,"atk":0,"def":212,"spa":0,"spd":0,"spe":44},"ivs":{"hp":31,"atk":31,"def":31,"spa":31,"spd":31,"spe":31}},{"name":"beyblade","species":"hitmontop","item":"assaultvest","ability":"Intimidate","moves":["endeavor","highjumpkick","suckerpunch","rapidspin"],"nature":"Careful","evs":{"hp":252,"atk":0,"def":16,"spa":0,"spd":240,"spe":0},"ivs":{"hp":31,"atk":31,"def":31,"spa":31,"spd":31,"spe":31}},{"name":"the.punk","species":"scrafty","item":"leftovers","ability":"Shed Skin","moves":["crunch","drainpunch","bulkup","icepunch"],"nature":"Careful","evs":{"hp":252,"atk":4,"def":0,"spa":0,"spd":252,"spe":0},"ivs":{"hp":31,"atk":31,"def":31,"spa":31,"spd":31,"spe":31}},{"name":"diddy.kong","species":"infernape","item":"focussash","ability":"Blaze","moves":["flamethrower","vacuumwave","encore","nastyplot"],"nature":"Timid","evs":{"hp":0,"atk":0,"def":0,"spa":252,"spd":0,"spe":252},"ivs":{"hp":31,"atk":31,"def":31,"spa":31,"spd":31,"spe":31}},{"name":"beetle.juice","species":"heracross","item":"heracronite","ability":"Moxie","moves":["bulletseed","rockblast","closecombat","pinmissile"],"nature":"Adamant","evs":{"hp":252,"atk":232,"def":24,"spa":0,"spd":0,"spe":0},"ivs":{"hp":31,"atk":31,"def":31,"spa":31,"spd":31,"spe":31}},{"name":"doggy","species":"terrakion","item":"choicescarf","ability":"Justified","moves":["earthquake","ironhead","stoneedge","closecombat"],"nature":"Adamant","evs":{"hp":0,"atk":252,"def":0,"spa":0,"spd":0,"spe":252},"ivs":{"hp":31,"atk":31,"def":31,"spa":31,"spd":31,"spe":31}}],"p2team":[{"name":"Melkor","species":"kyuremblack","item":"assaultvest","ability":"Teravolt","moves":["outrage","fusionbolt","ironhead","icebeam"],"nature":"Adamant","evs":{"hp":36,"atk":252,"def":48,"spa":0,"spd":56,"spe":116},"ivs":{"hp":31,"atk":31,"def":31,"spa":31,"spd":31,"spe":31}},{"name":"Deity","species":"latias","item":"redcard","ability":"Levitate","moves":["icebeam","healingwish","tailwind","defog"],"nature":"Timid","evs":{"hp":176,"atk":0,"def":20,"spa":36,"spd":36,"spe":240},"ivs":{"hp":31,"atk":31,"def":31,"spa":31,"spd":31,"spe":31}},{"name":"Varda","species":"altaria","item":"altarianite","ability":"Natural Cure","moves":["frustration","dragondance","healbell","roost"],"nature":"Adamant","evs":{"hp":0,"atk":252,"def":44,"spa":0,"spd":36,"spe":176},"gender":"F","shiny":true,"happiness":0,"ivs":{"hp":31,"atk":31,"def":31,"spa":31,"spd":31,"spe":31}},{"name":"Masamune","species":"dragonite","item":"choiceband","ability":"Multiscale","moves":["outrage","earthquake","extremespeed","firepunch"],"nature":"Adamant","evs":{"hp":168,"atk":252,"def":32,"spa":0,"spd":56,"spe":0},"shiny":true,"ivs":{"hp":31,"atk":31,"def":31,"spa":31,"spd":31,"spe":31}},{"name":"Sword","species":"garchomp","item":"garchompite","ability":"Rough Skin","moves":["earthquake","stealthrock","fireblast","rocktomb"],"nature":"Adamant","evs":{"hp":0,"atk":252,"def":110,"spa":28,"spd":0,"spe":120},"gender":"M","ivs":{"hp":31,"atk":31,"def":31,"spa":31,"spd":31,"spe":31}},{"name":"Utumno","species":"latios","item":"choicescarf","ability":"Levitate","moves":["dracometeor","psyshock","icebeam","hiddenpowerfire"],"nature":"Timid","evs":{"hp":0,"atk":0,"def":8,"spa":252,"spd":8,"spe":240},"ivs":{"hp":31,"atk":30,"def":31,"spa":30,"spd":31,"spe":30}}],"log":["|player|p1|Imp❇ Jk|196","|player|p2|Alliance - Soma|alliancesoma.png","|gametype|singles","|gen|6","|tier|Monotype","|rated","|rule|Baton Pass Clause: Limit one Baton Passer, can't pass Spe and other stats simultaneously","|rule|Swagger Clause: Swagger is banned","|rule|Same Type Clause: Pokémon in a team must share a type","|clearpoke","|poke|p1|Cobalion","|poke|p1|Hitmontop, M","|poke|p1|Scrafty, M","|poke|p1|Infernape, M","|poke|p1|Heracross, F","|poke|p1|Terrakion","|poke|p2|Kyurem-Black","|poke|p2|Latias, F","|poke|p2|Altaria, F, shiny","|poke|p2|Dragonite, M, shiny","|poke|p2|Garchomp, M","|poke|p2|Latios, M","|rule|Sleep Clause Mod: Limit one foe put to sleep","|rule|Species Clause: Limit one of each Pokémon","|rule|OHKO Clause: OHKO moves are banned","|rule|Moody Clause: Moody is banned","|rule|Evasion Moves Clause: Evasion moves are banned","|rule|Endless Battle Clause: Forcing endless battles is banned","|rule|HP Percentage Mod: HP is shown in percentages","|teampreview","|","|start","|switch|p1a: beetle.juice|Heracross, F|364/364","|switch|p2a: Sword|Garchomp, M|357/357","|turn|1","|","|detailschange|p1a: beetle.juice|Heracross-Mega, F","|-mega|p1a: beetle.juice|Heracross|Heracronite","|move|p2a: Sword|Fire Blast|p1a: beetle.juice","|-supereffective|p1a: beetle.juice","|-damage|p1a: beetle.juice|238/364","|move|p1a: beetle.juice|Bullet Seed|p2a: Sword","|-damage|p2a: Sword|315/357","|-damage|p2a: Sword|278/357","|-damage|p2a: Sword|241/357","|-damage|p2a: Sword|198/357","|-damage|p2a: Sword|158/357","|-hitcount|p2a: Sword|5","|","|turn|2","|","|switch|p2a: Melkor|Kyurem-Black|400/400","|-ability|p2a: Melkor|Teravolt","|move|p1a: beetle.juice|Bullet Seed|p2a: Melkor","|-resisted|p2a: Melkor","|-damage|p2a: Melkor|378/400","|-resisted|p2a: Melkor","|-damage|p2a: Melkor|356/400","|-resisted|p2a: Melkor","|-damage|p2a: Melkor|335/400","|-crit|p2a: Melkor","|-resisted|p2a: Melkor","|-damage|p2a: Melkor|304/400","|-resisted|p2a: Melkor","|-damage|p2a: Melkor|282/400","|-hitcount|p2a: Melkor|5","|","|turn|3","|","|switch|p1a: beyblade|Hitmontop, M|304/304","|-ability|p1a: beyblade|Intimidate","|-unboost|p2a: Melkor|atk|1","|move|p2a: Melkor|Fusion Bolt|p1a: beyblade","|-damage|p1a: beyblade|185/304","|","|turn|4","|","|switch|p2a: Varda|Altaria, F, shiny|291/291","|switch|p1a: beetle.juice|Heracross-Mega, F|238/364","|","|turn|5","|","|detailschange|p2a: Varda|Altaria-Mega, F, shiny","|-mega|p2a: Varda|Altaria|Altarianite","|move|p2a: Varda|Frustration|p1a: beetle.juice","|-supereffective|p1a: beetle.juice","|-damage|p1a: beetle.juice|0 fnt","|faint|p1a: beetle.juice","|","|","|switch|p1a: toges.copy|Cobalion|386/386","|turn|6","|","|move|p1a: toges.copy|Stealth Rock|p2a: Varda","|-sidestart|p2: Alliance - Soma|move: Stealth Rock","|move|p2a: Varda|Frustration|p1a: toges.copy","|-damage|p1a: toges.copy|233/386","|","|-heal|p1a: toges.copy|257/386|[from] item: Leftovers","|turn|7","|","|switch|p2a: Deity|Latias, F|345/345","|-damage|p2a: Deity|302/345|[from] Stealth Rock","|move|p1a: toges.copy|Thunder Wave|p2a: Deity","|-status|p2a: Deity|par","|","|-heal|p1a: toges.copy|281/386|[from] item: Leftovers","|turn|8","|","|move|p1a: toges.copy|Taunt|p2a: Deity","|-start|p2a: Deity|move: Taunt","|cant|p2a: Deity|move: Taunt|Defog","|","|-heal|p1a: toges.copy|305/386|[from] item: Leftovers","|turn|9","|","|move|p1a: toges.copy|Iron Head|p2a: Deity","|-damage|p2a: Deity|206/345 par","|-enditem|p2a: Deity|Red Card|[of] p1a: toges.copy","|drag|p1a: diddy.kong|Infernape, M|293/293","|cant|p2a: Deity|flinch","|","|turn|10","|","|switch|p1a: toges.copy|Cobalion|305/386","|switch|p2a: Melkor|Kyurem-Black|282/400","|-damage|p2a: Melkor|182/400|[from] Stealth Rock","|-ability|p2a: Melkor|Teravolt","|","|-heal|p1a: toges.copy|329/386|[from] item: Leftovers","|turn|11","|","|switch|p1a: beyblade|Hitmontop, M|185/304","|-ability|p1a: beyblade|Intimidate","|-unboost|p2a: Melkor|atk|1","|move|p2a: Melkor|Fusion Bolt|p1a: beyblade","|-damage|p1a: beyblade|76/304","|","|turn|12","|","|move|p1a: beyblade|Sucker Punch|p2a: Melkor","|-damage|p2a: Melkor|119/400","|move|p2a: Melkor|Ice Beam|p1a: beyblade","|-damage|p1a: beyblade|24/304","|","|turn|13","|","|switch|p2a: Deity|Latias, F|206/345 par","|-damage|p2a: Deity|163/345 par|[from] Stealth Rock","|move|p1a: beyblade|Sucker Punch|p2a: Deity","|-fail|p1a: beyblade","|","|turn|14","|","|switch|p1a: toges.copy|Cobalion|329/386","|move|p2a: Deity|Healing Wish|p2a: Deity","|faint|p2a: Deity","|","|-heal|p1a: toges.copy|353/386|[from] item: Leftovers","|","|switch|p2a: Sword|Garchomp, M|158/357","|-heal|p2a: Sword|357/357|[from] move: Healing Wish","|-damage|p2a: Sword|335/357|[from] Stealth Rock","|turn|15","|","|switch|p1a: diddy.kong|Infernape, M|293/293","|move|p2a: Sword|Earthquake|p1a: diddy.kong","|-supereffective|p1a: diddy.kong","|-enditem|p1a: diddy.kong|Focus Sash","|-damage|p1a: diddy.kong|1/293","|","|turn|16","|","|switch|p2a: Melkor|Kyurem-Black|119/400","|-damage|p2a: Melkor|19/400|[from] Stealth Rock","|-ability|p2a: Melkor|Teravolt","|move|p1a: diddy.kong|Flamethrower|p2a: Melkor","|-damage|p2a: Melkor|0 fnt","|faint|p2a: Melkor","|","|","|switch|p2a: Varda|Altaria-Mega, F, shiny|291/291","|-damage|p2a: Varda|255/291|[from] Stealth Rock","|turn|17","|","|move|p1a: diddy.kong|Flamethrower|p2a: Varda","|-crit|p2a: Varda","|-resisted|p2a: Varda","|-damage|p2a: Varda|124/291","|-status|p2a: Varda|brn","|move|p2a: Varda|Dragon Dance|p2a: Varda","|-boost|p2a: Varda|atk|1","|-boost|p2a: Varda|spe|1","|","|-damage|p2a: Varda|88/291 brn|[from] brn","|turn|18","|","|move|p2a: Varda|Roost|p2a: Varda","|-heal|p2a: Varda|234/291 brn","|move|p1a: diddy.kong|Encore|p2a: Varda","|-start|p2a: Varda|Encore","|","|-damage|p2a: Varda|198/291 brn|[from] brn","|turn|19","|","|switch|p2a: Masamune|Dragonite, M, shiny|365/365","|-damage|p2a: Masamune|274/365|[from] Stealth Rock","|move|p1a: diddy.kong|Nasty Plot|p1a: diddy.kong","|-boost|p1a: diddy.kong|spa|2","|","|turn|20","|","|switch|p1a: beyblade|Hitmontop, M|24/304","|-ability|p1a: beyblade|Intimidate","|-unboost|p2a: Masamune|atk|1","|move|p2a: Masamune|Earthquake|p1a: beyblade","|-damage|p1a: beyblade|0 fnt","|faint|p1a: beyblade","|","|","|switch|p1a: doggy|Terrakion|323/323","|turn|21","|","|switch|p2a: Sword|Garchomp, M|335/357","|-damage|p2a: Sword|313/357|[from] Stealth Rock","|move|p1a: doggy|Stone Edge|p2a: Sword","|-resisted|p2a: Sword","|-damage|p2a: Sword|214/357","|","|turn|22","|","|switch|p1a: diddy.kong|Infernape, M|1/293","|move|p2a: Sword|Earthquake|p1a: diddy.kong","|-supereffective|p1a: diddy.kong","|-damage|p1a: diddy.kong|0 fnt","|faint|p1a: diddy.kong","|","|","|switch|p1a: doggy|Terrakion|323/323","|turn|23","|","|switch|p2a: Varda|Altaria-Mega, F, shiny|198/291 brn","|-damage|p2a: Varda|162/291 brn|[from] Stealth Rock","|move|p1a: doggy|Close Combat|p2a: Varda","|-resisted|p2a: Varda","|-damage|p2a: Varda|61/291 brn","|-unboost|p1a: doggy|def|1","|-unboost|p1a: doggy|spd|1","|","|-damage|p2a: Varda|25/291 brn|[from] brn","|turn|24","|","|move|p1a: doggy|Close Combat|p2a: Varda","|-resisted|p2a: Varda","|-damage|p2a: Varda|0 fnt","|-unboost|p1a: doggy|def|1","|-unboost|p1a: doggy|spd|1","|faint|p2a: Varda","|","|","|switch|p2a: Masamune|Dragonite, M, shiny|274/365","|-damage|p2a: Masamune|183/365|[from] Stealth Rock","|turn|25","|","|switch|p1a: toges.copy|Cobalion|353/386","|move|p2a: Masamune|Earthquake|p1a: toges.copy","|-crit|p1a: toges.copy","|-supereffective|p1a: toges.copy","|-damage|p1a: toges.copy|0 fnt","|faint|p1a: toges.copy","|","|","|switch|p1a: the.punk|Scrafty, M|334/334","|turn|26","|","|move|p2a: Masamune|Earthquake|p1a: the.punk","|-damage|p1a: the.punk|146/334","|move|p1a: the.punk|Ice Punch|p2a: Masamune","|-supereffective|p2a: Masamune","|-damage|p2a: Masamune|0 fnt","|faint|p2a: Masamune","|","|-heal|p1a: the.punk|166/334|[from] item: Leftovers","|","|switch|p2a: Utumno|Latios, M|301/301","|-damage|p2a: Utumno|264/301|[from] Stealth Rock","|turn|27","|","|move|p2a: Utumno|Draco Meteor|p1a: the.punk","|-damage|p1a: the.punk|12/334","|-unboost|p2a: Utumno|spa|2","|move|p1a: the.punk|Crunch|p2a: Utumno","|-supereffective|p2a: Utumno","|-damage|p2a: Utumno|60/301","|","|-heal|p1a: the.punk|32/334|[from] item: Leftovers","|turn|28","|","|switch|p2a: Sword|Garchomp, M|214/357","|-damage|p2a: Sword|192/357|[from] Stealth Rock","|move|p1a: the.punk|Crunch|p2a: Sword","|-damage|p2a: Sword|114/357","|-damage|p1a: the.punk|0 fnt|[from] ability: Rough Skin|[of] p2a: Sword","|faint|p1a: the.punk","|","|","|switch|p1a: doggy|Terrakion|323/323","|turn|29","|","|move|p1a: doggy|Close Combat|p2a: Sword","|-damage|p2a: Sword|0 fnt","|-damage|p1a: doggy|283/323|[from] ability: Rough Skin|[of] p2a: Sword","|-unboost|p1a: doggy|def|1","|-unboost|p1a: doggy|spd|1","|faint|p2a: Sword","|","|","|switch|p2a: Utumno|Latios, M|60/301","|-damage|p2a: Utumno|23/301|[from] Stealth Rock","|turn|30","|","|move|p2a: Utumno|Psyshock|p1a: doggy","|-supereffective|p1a: doggy","|-damage|p1a: doggy|0 fnt","|faint|p1a: doggy","|","|win|Alliance - Soma"],"p1rating":{"entryid":"7537159","serverid":"eos","formatid":"monotype","userid":"impjk","username":"Imp❇ Jk","w":"13","l":15,"t":"0","gxe":44.5,"r":"1440.7132842412","rd":"65.290370195561","sigma":"0","rptime":"1439802000","rpr":1457.8415598136,"rprd":62.605082883594,"rpsigma":"0","acre":1138.5312498771,"lacre":1138.5312498771,"oldacre":"1164.2260908625"},"p2rating":{"entryid":"6425224","serverid":"eos","formatid":"monotype","userid":"alliancesoma","username":"Alliance - Soma","w":6,"l":"1","t":"0","gxe":67.7,"r":"1629.7844353925","rd":"109.78787840198","sigma":"0","rptime":"1439802000","rpr":1646.007976597,"rprd":105.98838592498,"rpsigma":"0","acre":1180.2619448063,"lacre":1180.2619448063,"oldacre":"1154.5671038209"},"endType":"normal"}