{"seed":[56160,54001,379,59244],"turns":29,"p1":"GTX♅Cool","p2":"The drunk knight","p1team":[{"name":"Manaphy","species":"Manaphy","item":"leftovers","ability":"Hydration","moves":["tailglow","raindance","scald","icebeam"],"nature":"","evs":{"hp":96,"atk":0,"def":0,"spa":252,"spd":0,"spe":160},"ivs":{"hp":31,"atk":31,"def":31,"spa":31,"spd":31,"spe":31}},{"name":"Empoleon","species":"Empoleon","item":"leftovers","ability":"Defiant","moves":["scald","roar","toxic","waterfall"],"nature":"","evs":{"hp":248,"atk":0,"def":8,"spa":0,"spd":252,"spe":0},"ivs":{"hp":31,"atk":31,"def":31,"spa":31,"spd":31,"spe":31}},{"name":"Keldeo","species":"Keldeo","item":"lifeorb","ability":"Justified","moves":["scald","sacredsword","hydropump","hiddenpowerelectric"],"nature":"Timid","evs":{"hp":0,"atk":0,"def":4,"spa":252,"spd":0,"spe":252},"ivs":{"hp":31,"atk":31,"def":31,"spa":30,"spd":31,"spe":31}},{"name":"Gyarados","species":"Gyarados","item":"lumberry","ability":"Moxie","moves":["waterfall","earthquake","dragondance","protect"],"nature":"Adamant","evs":{"hp":12,"atk":252,"def":0,"spa":0,"spd":0,"spe":244},"ivs":{"hp":31,"atk":31,"def":31,"spa":31,"spd":31,"spe":31}},{"name":"Swampert","species":"Swampert","item":"swampertite","ability":"Damp","moves":["waterfall","earthquake","icepunch","poweruppunch"],"nature":"Adamant","evs":{"hp":0,"atk":252,"def":4,"spa":0,"spd":0,"spe":252},"ivs":{"hp":31,"atk":31,"def":31,"spa":31,"spd":31,"spe":31}},{"name":"Azumarill","species":"Azumarill","item":"assaultvest","ability":"Sap Sipper","moves":["muddywater","scald","lightscreen","protect"],"nature":"Sassy","evs":{"hp":252,"atk":0,"def":108,"spa":0,"spd":148,"spe":0},"ivs":{"hp":31,"atk":31,"def":31,"spa":31,"spd":31,"spe":31}}],"p2team":[{"name":"Nokia","species":"sableye","item":"sablenite","ability":"Prankster","moves":["willowisp","recover","calmmind","dazzlinggleam"],"nature":"Bold","evs":{"hp":248,"atk":0,"def":252,"spa":8,"spd":0,"spe":0},"ivs":{"hp":31,"atk":0,"def":31,"spa":31,"spd":31,"spe":31}},{"name":"Juggarnaut","species":"aegislash","item":"weaknesspolicy","ability":"Stance Change","moves":["flashcannon","shadowsneak","sacredsword","kingsshield"],"nature":"Relaxed","evs":{"hp":248,"atk":8,"def":252,"spa":0,"spd":0,"spe":0},"shiny":true,"ivs":{"hp":31,"atk":31,"def":31,"spa":31,"spd":31,"spe":31}},{"name":"Monolith","species":"golurk","item":"focussash","ability":"No Guard","moves":["dynamicpunch","earthquake","stoneedge","stealthrock"],"nature":"Adamant","evs":{"hp":248,"atk":252,"def":0,"spa":0,"spd":8,"spe":0},"ivs":{"hp":31,"atk":31,"def":31,"spa":31,"spd":31,"spe":31}},{"name":"Rockerfeller","species":"spiritomb","item":"chestoberry","ability":"Pressure","moves":["rest","calmmind","sleeptalk","darkpulse"],"nature":"Bold","evs":{"hp":248,"atk":0,"def":252,"spa":0,"spd":8,"spe":0},"ivs":{"hp":31,"atk":31,"def":31,"spa":31,"spd":31,"spe":31}},{"name":"Time","species":"dusclops","item":"eviolite","ability":"Pressure","moves":["meanlook","rest","willowisp","spite"],"nature":"Calm","evs":{"hp":248,"atk":0,"def":8,"spa":0,"spd":252,"spe":0},"ivs":{"hp":31,"atk":31,"def":31,"spa":31,"spd":31,"spe":31}},{"name":"Tut","species":"cofagrigus","item":"rockyhelmet","ability":"Mummy","moves":["willowisp","painsplit","hex","calmmind"],"nature":"Bold","evs":{"hp":248,"atk":0,"def":252,"spa":8,"spd":0,"spe":0},"ivs":{"hp":31,"atk":31,"def":31,"spa":31,"spd":31,"spe":31}}],"log":["|player|p1|GTX♅Cool|163","|player|p2|The drunk knight|169","|gametype|singles","|gen|6","|tier|Monotype","|rated","|rule|Baton Pass Clause: Limit one Baton Passer, can't pass Spe and other stats simultaneously","|rule|Swagger Clause: Swagger is banned","|rule|Same Type Clause: Pokémon in a team must share a type","|clearpoke","|poke|p1|Manaphy","|poke|p1|Empoleon, F","|poke|p1|Keldeo","|poke|p1|Gyarados, M","|poke|p1|Swampert, M","|poke|p1|Azumarill, M","|poke|p2|Sableye, M","|poke|p2|Aegislash, F, shiny","|poke|p2|Golurk","|poke|p2|Spiritomb, F","|poke|p2|Dusclops, M","|poke|p2|Cofagrigus, F","|rule|Sleep Clause Mod: Limit one foe put to sleep","|rule|Species Clause: Limit one of each Pokémon","|rule|OHKO Clause: OHKO moves are banned","|rule|Moody Clause: Moody is banned","|rule|Evasion Moves Clause: Evasion moves are banned","|rule|Endless Battle Clause: Forcing endless battles is banned","|rule|HP Percentage Mod: HP is shown in percentages","|teampreview","|","|start","|switch|p1a: Azumarill|Azumarill, M|404/404","|switch|p2a: Monolith|Golurk|381/381","|turn|1","|","|move|p2a: Monolith|Dynamic Punch|p1a: Azumarill","|-resisted|p1a: Azumarill","|-damage|p1a: Azumarill|339/404","|-start|p1a: Azumarill|confusion","|-activate|p1a: Azumarill|confusion","|-damage|p1a: Azumarill|318/404|[from] confusion","|","|turn|2","|","|move|p2a: Monolith|Stealth Rock|p1a: Azumarill","|-sidestart|p1: GTX♅Cool|move: Stealth Rock","|-activate|p1a: Azumarill|confusion","|-damage|p1a: Azumarill|300/404|[from] confusion","|","|turn|3","|","|move|p2a: Monolith|Earthquake|p1a: Azumarill","|-damage|p1a: Azumarill|111/404","|-end|p1a: Azumarill|confusion","|move|p1a: Azumarill|Scald|p2a: Monolith","|-supereffective|p2a: Monolith","|-damage|p2a: Monolith|225/381","|","|turn|4","|","|move|p2a: Monolith|Earthquake|p1a: Azumarill","|-damage|p1a: Azumarill|0 fnt","|faint|p1a: Azumarill","|","|","|switch|p1a: Manaphy|Manaphy|365/365","|-damage|p1a: Manaphy|320/365|[from] Stealth Rock","|turn|5","|","|move|p1a: Manaphy|Tail Glow|p1a: Manaphy","|-boost|p1a: Manaphy|spa|3","|move|p2a: Monolith|Dynamic Punch|p1a: Manaphy","|-damage|p1a: Manaphy|203/365","|-start|p1a: Manaphy|confusion","|","|-heal|p1a: Manaphy|225/365|[from] item: Leftovers","|turn|6","|","|-activate|p1a: Manaphy|confusion","|-damage|p1a: Manaphy|193/365|[from] confusion","|move|p2a: Monolith|Earthquake|p1a: Manaphy","|-damage|p1a: Manaphy|0 fnt","|faint|p1a: Manaphy","|","|","|switch|p1a: Empoleon|Empoleon, F|371/371","|-damage|p1a: Empoleon|348/371|[from] Stealth Rock","|turn|7","|","|move|p1a: Empoleon|Scald|p2a: Monolith","|-supereffective|p2a: Monolith","|-damage|p2a: Monolith|0 fnt","|faint|p2a: Monolith","|","|-heal|p1a: Empoleon|371/371|[from] item: Leftovers","|","|switch|p2a: Time|Dusclops, M|283/283","|-ability|p2a: Time|Pressure","|turn|8","|","|move|p1a: Empoleon|Toxic|p2a: Time","|-status|p2a: Time|tox","|move|p2a: Time|Mean Look|p1a: Empoleon","|-activate|p1a: Empoleon|trapped","|","|-damage|p2a: Time|266/283 tox|[from] psn","|turn|9","|","|move|p1a: Empoleon|Waterfall|p2a: Time","|-damage|p2a: Time|224/283 tox","|move|p2a: Time|Will-O-Wisp|p1a: Empoleon","|-status|p1a: Empoleon|brn","|","|-damage|p1a: Empoleon|325/371 brn|[from] brn","|-damage|p2a: Time|190/283 tox|[from] psn","|turn|10","|","|move|p1a: Empoleon|Scald|p2a: Time","|-damage|p2a: Time|150/283 tox","|move|p2a: Time|Rest|p2a: Time","|-status|p2a: Time|slp","|-heal|p2a: Time|283/283 slp|[silent]","|-status|p2a: Time|slp|[from] move: Rest","|","|-heal|p1a: Empoleon|348/371 brn|[from] item: Leftovers","|-damage|p1a: Empoleon|302/371 brn|[from] brn","|turn|11","|","|move|p1a: Empoleon|Scald|p2a: Time","|-crit|p2a: Time","|-damage|p2a: Time|220/283 slp","|cant|p2a: Time|slp","|","|-heal|p1a: Empoleon|325/371 brn|[from] item: Leftovers","|-damage|p1a: Empoleon|279/371 brn|[from] brn","|turn|12","|","|move|p1a: Empoleon|Scald|p2a: Time","|-damage|p2a: Time|180/283 slp","|cant|p2a: Time|slp","|","|-heal|p1a: Empoleon|302/371 brn|[from] item: Leftovers","|-damage|p1a: Empoleon|256/371 brn|[from] brn","|turn|13","|","|move|p1a: Empoleon|Scald|p2a: Time","|-damage|p2a: Time|140/283 slp","|-curestatus|p2a: Time|slp","|move|p2a: Time|Rest|p2a: Time","|-status|p2a: Time|slp","|-heal|p2a: Time|283/283 slp|[silent]","|-status|p2a: Time|slp|[from] move: Rest","|","|-heal|p1a: Empoleon|279/371 brn|[from] item: Leftovers","|-damage|p1a: Empoleon|233/371 brn|[from] brn","|turn|14","|","|move|p1a: Empoleon|Scald|p2a: Time","|-damage|p2a: Time|240/283 slp","|cant|p2a: Time|slp","|","|-heal|p1a: Empoleon|256/371 brn|[from] item: Leftovers","|-damage|p1a: Empoleon|210/371 brn|[from] brn","|turn|15","|","|move|p1a: Empoleon|Scald|p2a: Time","|-damage|p2a: Time|198/283 slp","|cant|p2a: Time|slp","|","|-heal|p1a: Empoleon|233/371 brn|[from] item: Leftovers","|-damage|p1a: Empoleon|187/371 brn|[from] brn","|turn|16","|","|move|p1a: Empoleon|Scald|p2a: Time","|-damage|p2a: Time|159/283 slp","|-curestatus|p2a: Time|slp","|move|p2a: Time|Spite|p1a: Empoleon","|-activate|p1a: Empoleon|move: Spite|Scald|4","|","|-heal|p1a: Empoleon|210/371 brn|[from] item: Leftovers","|-damage|p1a: Empoleon|164/371 brn|[from] brn","|turn|17","|","|move|p1a: Empoleon|Waterfall|p2a: Time","|-damage|p2a: Time|137/283","|cant|p2a: Time|flinch","|","|-heal|p1a: Empoleon|187/371 brn|[from] item: Leftovers","|-damage|p1a: Empoleon|141/371 brn|[from] brn","|turn|18","|","|move|p1a: Empoleon|Waterfall|p2a: Time","|-damage|p2a: Time|114/283","|cant|p2a: Time|flinch","|","|-heal|p1a: Empoleon|164/371 brn|[from] item: Leftovers","|-damage|p1a: Empoleon|118/371 brn|[from] brn","|turn|19","|","|move|p1a: Empoleon|Waterfall|p2a: Time","|-damage|p2a: Time|92/283","|move|p2a: Time|Rest|p2a: Time","|-status|p2a: Time|slp","|-heal|p2a: Time|283/283 slp|[silent]","|-status|p2a: Time|slp|[from] move: Rest","|","|-heal|p1a: Empoleon|141/371 brn|[from] item: Leftovers","|-damage|p1a: Empoleon|95/371 brn|[from] brn","|turn|20","|","|move|p1a: Empoleon|Scald|p2a: Time","|-damage|p2a: Time|243/283 slp","|cant|p2a: Time|slp","|","|-heal|p1a: Empoleon|118/371 brn|[from] item: Leftovers","|-damage|p1a: Empoleon|72/371 brn|[from] brn","|turn|21","|","|move|p1a: Empoleon|Scald|p2a: Time","|-damage|p2a: Time|198/283 slp","|cant|p2a: Time|slp","|","|-heal|p1a: Empoleon|95/371 brn|[from] item: Leftovers","|-damage|p1a: Empoleon|49/371 brn|[from] brn","|turn|22","|","|move|p1a: Empoleon|Scald|p2a: Time","|-damage|p2a: Time|155/283 slp","|-curestatus|p2a: Time|slp","|move|p2a: Time|Rest|p2a: Time","|-status|p2a: Time|slp","|-heal|p2a: Time|283/283 slp|[silent]","|-status|p2a: Time|slp|[from] move: Rest","|","|-heal|p1a: Empoleon|72/371 brn|[from] item: Leftovers","|-damage|p1a: Empoleon|26/371 brn|[from] brn","|turn|23","|","|cant|p2a: Time|slp","|move|p1a: Empoleon|Roar|p2a: Time","|drag|p2a: Tut|Cofagrigus, F|319/319","|","|-heal|p1a: Empoleon|49/371 brn|[from] item: Leftovers","|-damage|p1a: Empoleon|3/371 brn|[from] brn","|turn|24","|","|switch|p2a: Time|Dusclops, M|283/283 slp","|-ability|p2a: Time|Pressure","|move|p1a: Empoleon|Toxic|p2a: Time","|-fail|p2a: Time","|","|-heal|p1a: Empoleon|26/371 brn|[from] item: Leftovers","|-damage|p1a: Empoleon|0 fnt|[from] brn","|faint|p1a: Empoleon","|","|switch|p1a: Swampert|Swampert, M|341/341","|-damage|p1a: Swampert|320/341|[from] Stealth Rock","|turn|25","|","|detailschange|p1a: Swampert|Swampert-Mega, M","|-mega|p1a: Swampert|Swampert|Swampertite","|move|p1a: Swampert|Waterfall|p2a: Time","|-damage|p2a: Time|187/283 slp","|cant|p2a: Time|slp","|","|turn|26","|","|switch|p2a: Tut|Cofagrigus, F|319/319","|move|p1a: Swampert|Waterfall|p2a: Tut","|-damage|p2a: Tut|222/319","|-activate|p2a: Tut|ability: Mummy|swiftswim|[of] p1a: Swampert","|-damage|p1a: Swampert|264/341|[from] item: Rocky Helmet|[of] p2a: Tut","|","|turn|27","|","|move|p1a: Swampert|Earthquake|p2a: Tut","|-damage|p2a: Tut|90/319","|move|p2a: Tut|Will-O-Wisp|p1a: Swampert","|-status|p1a: Swampert|brn","|","|-damage|p1a: Swampert|222/341 brn|[from] brn","|turn|28","|","|move|p1a: Swampert|Ice Punch|p2a: Tut","|-damage|p2a: Tut|60/319","|-damage|p1a: Swampert|166/341 brn|[from] item: Rocky Helmet|[of] p2a: Tut","|move|p2a: Tut|Pain Split|p1a: Swampert","|-sethp|p1a: Swampert|113/341 brn|p2a: Tut|113/319|[from] move: Pain Split","|","|-damage|p1a: Swampert|71/341 brn|[from] brn","|turn|29","|","|win|The drunk knight"],"p1rating":{"entryid":"7611673","serverid":"eos","formatid":"monotype","userid":"gtxcool","username":"GTX♅Cool","w":"9","l":35,"t":"0","gxe":24.6,"r":"1303.9710038892","rd":"56.940900212718","sigma":"0","rptime":"1439802000","rpr":1287.4049842815,"rprd":53.972669855076,"rpsigma":"0","acre":1029.1693134069,"lacre":1029.1693134069,"oldacre":"1043.4336456851"},"p2rating":{"entryid":"7545743","serverid":"eos","formatid":"monotype","userid":"thedrunkknight","username":"The drunk knight","w":4,"l":"2","t":"0","gxe":51.9,"r":1501.0905780608,"rd":103.36508133678,"sigma":"0","rptime":1439802000,"rpr":1515.1240212623,"rprd":100.22209214596,"rpsigma":"0","acre":1113.8281896165,"lacre":1113.8281896165,"oldacre":"1091.0795432327"},"endType":"forfeit"}