{"seed":[58799,48308,44094,43547],"turns":39,"p1":"Emg_DemZii","p2":"Alliance-Succubus","p1team":[{"name":"RAINDROP","species":"politoed","item":"choicespecs","ability":"Drizzle","moves":["hydropump","icebeam","focusblast","hiddenpowergrass"],"nature":"Modest","evs":{"hp":248,"atk":0,"def":0,"spa":252,"spd":8,"spe":0},"ivs":{"hp":31,"atk":30,"def":31,"spa":30,"spd":31,"spe":31},"shiny":true},{"name":"Quagsire","species":"Quagsire","item":"leftovers","ability":"Unaware","moves":["earthquake","recover","toxic","scald"],"nature":"Impish","evs":{"hp":252,"atk":4,"def":252,"spa":0,"spd":0,"spe":0},"ivs":{"hp":31,"atk":31,"def":31,"spa":31,"spd":31,"spe":31}},{"name":"Fatty","species":"slowking","item":"leftovers","ability":"Regenerator","moves":["psychic","calmmind","thunderwave","signalbeam"],"nature":"Modest","evs":{"hp":252,"atk":0,"def":0,"spa":252,"spd":4,"spe":0},"shiny":true,"ivs":{"hp":31,"atk":31,"def":31,"spa":31,"spd":31,"spe":31}},{"name":"RageCandyBar","species":"gyarados","item":"gyaradosite","ability":"Intimidate","moves":["dragondance","bounce","waterfall","icefang"],"nature":"Adamant","evs":{"hp":0,"atk":252,"def":0,"spa":0,"spd":4,"spe":252},"shiny":true,"ivs":{"hp":31,"atk":31,"def":31,"spa":31,"spd":31,"spe":31}},{"name":"Golden Death","species":"azumarill","item":"choiceband","ability":"Sap Sipper","moves":["aquajet","playrough","bulldoze","icepunch"],"nature":"Adamant","evs":{"hp":248,"atk":252,"def":0,"spa":0,"spd":8,"spe":0},"shiny":true,"ivs":{"hp":31,"atk":31,"def":31,"spa":31,"spd":31,"spe":31}},{"name":"U know wat it is","species":"tentacruel","item":"blacksludge","ability":"Liquid Ooze","moves":["rapidspin","acidspray","sludgebomb","surf"],"nature":"Calm","evs":{"hp":248,"atk":0,"def":0,"spa":8,"spd":252,"spe":0},"shiny":true,"ivs":{"hp":31,"atk":31,"def":31,"spa":31,"spd":31,"spe":31}}],"p2team":[{"name":"New Meta","species":"tyranitar","item":"tyranitarite","ability":"Sand Stream","moves":["curse","rest","sleeptalk","payback"],"nature":"Impish","evs":{"hp":248,"atk":8,"def":252,"spa":0,"spd":0,"spe":0},"gender":"M","ivs":{"hp":31,"atk":31,"def":31,"spa":31,"spd":31,"spe":31}},{"name":"Cocktus","species":"cacturne","item":"focussash","ability":"Sand Veil","moves":["swordsdance","suckerpunch","spikyshield","fellstinger"],"nature":"Adamant","evs":{"hp":0,"atk":252,"def":4,"spa":0,"spd":0,"spe":252},"gender":"M","ivs":{"hp":31,"atk":31,"def":31,"spa":31,"spd":31,"spe":31}},{"name":"Gajeel","species":"bisharp","item":"blackglasses","ability":"Defiant","moves":["suckerpunch","knockoff","pursuit","ironhead"],"nature":"Adamant","evs":{"hp":0,"atk":252,"def":0,"spa":0,"spd":0,"spe":252},"gender":"M","ivs":{"hp":31,"atk":31,"def":31,"spa":31,"spd":31,"spe":31}},{"name":"Name Idea?","species":"mandibuzz","item":"rockyhelmet","ability":"Overcoat","moves":["foulplay","roost","defog","taunt"],"nature":"Impish","evs":{"hp":252,"atk":0,"def":252,"spa":0,"spd":4,"spe":0},"ivs":{"hp":31,"atk":31,"def":31,"spa":31,"spd":31,"spe":31}},{"name":"Wii-Unbound","species":"hoopaunbound","item":"choicescarf","ability":"Magician","moves":["darkpulse","thunderbolt","psyshock","energyball"],"nature":"Timid","evs":{"hp":0,"atk":0,"def":0,"spa":252,"spd":4,"spe":252},"ivs":{"hp":31,"atk":31,"def":31,"spa":31,"spd":31,"spe":31}},{"name":"Krooky Monster","species":"krookodile","item":"choicescarf","ability":"Moxie","moves":["knockoff","earthquake","stoneedge","outrage"],"nature":"Jolly","evs":{"hp":0,"atk":252,"def":4,"spa":0,"spd":0,"spe":252},"gender":"M","ivs":{"hp":31,"atk":31,"def":31,"spa":31,"spd":31,"spe":31}}],"log":["|player|p1|Emg_DemZii|274","|player|p2|Alliance-Succubus|96","|gametype|singles","|gen|6","|tier|Monotype","|rated","|rule|Baton Pass Clause: Limit one Baton Passer, can't pass Spe and other stats simultaneously","|rule|Swagger Clause: Swagger is banned","|rule|Same Type Clause: Pokémon in a team must share a type","|clearpoke","|poke|p1|Politoed, M, shiny","|poke|p1|Quagsire, F","|poke|p1|Slowking, M, shiny","|poke|p1|Gyarados, F, shiny","|poke|p1|Azumarill, M, shiny","|poke|p1|Tentacruel, F, shiny","|poke|p2|Tyranitar, M","|poke|p2|Cacturne, M","|poke|p2|Bisharp, M","|poke|p2|Mandibuzz, F","|poke|p2|Hoopa-Unbound","|poke|p2|Krookodile, M","|rule|Sleep Clause Mod: Limit one foe put to sleep","|rule|Species Clause: Limit one of each Pokémon","|rule|OHKO Clause: OHKO moves are banned","|rule|Moody Clause: Moody is banned","|rule|Evasion Moves Clause: Evasion moves are banned","|rule|Endless Battle Clause: Forcing endless battles is banned","|rule|HP Percentage Mod: HP is shown in percentages","|teampreview","|","|start","|switch|p1a: RAINDROP|Politoed, M, shiny|383/383","|switch|p2a: Wii-Unbound|Hoopa-Unbound|301/301","|-weather|RainDance","|turn|1","|","|move|p2a: Wii-Unbound|Energy Ball|p1a: RAINDROP","|-supereffective|p1a: RAINDROP","|-damage|p1a: RAINDROP|107/383","|move|p1a: RAINDROP|Hydro Pump|p2a: Wii-Unbound","|-damage|p2a: Wii-Unbound|0 fnt","|faint|p2a: Wii-Unbound","|","|-weather|RainDance|[upkeep]","|","|switch|p2a: Cocktus|Cacturne, M|281/281","|turn|2","|","|switch|p1a: Golden Death|Azumarill, M, shiny|403/403","|move|p2a: Cocktus|Swords Dance|p2a: Cocktus","|-boost|p2a: Cocktus|atk|2","|","|-weather|RainDance|[upkeep]","|turn|3","|","|move|p2a: Cocktus|Swords Dance|p2a: Cocktus","|-boost|p2a: Cocktus|atk|2","|move|p1a: Golden Death|Ice Punch|p2a: Cocktus","|-supereffective|p2a: Cocktus","|-damage|p2a: Cocktus|23/281","|","|-weather|RainDance|[upkeep]","|turn|4","|","|move|p2a: Cocktus|Spiky Shield|p2a: Cocktus","|-singleturn|p2a: Cocktus|move: Protect","|move|p1a: Golden Death|Ice Punch|p2a: Cocktus","|-activate|p2a: Cocktus|Protect","|-damage|p1a: Golden Death|353/403|[from] Spiky Shield|[of] p2a: Cocktus","|","|-weather|RainDance|[upkeep]","|turn|5","|","|move|p2a: Cocktus|Sucker Punch|p1a: Golden Death","|-resisted|p1a: Golden Death","|-damage|p1a: Golden Death|116/403","|move|p1a: Golden Death|Ice Punch|p2a: Cocktus","|-supereffective|p2a: Cocktus","|-damage|p2a: Cocktus|0 fnt","|faint|p2a: Cocktus","|","|-weather|none","|","|switch|p2a: Krooky Monster|Krookodile, M|331/331","|turn|6","|","|switch|p1a: RAINDROP|Politoed, M, shiny|107/383","|-weather|RainDance","|move|p2a: Krooky Monster|Knock Off|p1a: RAINDROP","|-damage|p1a: RAINDROP|0 fnt","|-enditem|p1a: RAINDROP|Choice Specs|[from] move: Knock Off|[of] p2a: Krooky Monster","|faint|p1a: RAINDROP","|-boost|p2a: Krooky Monster|atk|1|[from] ability: Moxie","|","|-weather|RainDance|[upkeep]","|","|switch|p1a: RageCandyBar|Gyarados, F, shiny|331/331","|-ability|p1a: RageCandyBar|Intimidate","|-unboost|p2a: Krooky Monster|atk|1","|turn|7","|","|switch|p2a: Name Idea?|Mandibuzz, F|424/424","|detailschange|p1a: RageCandyBar|Gyarados-Mega, F, shiny","|-mega|p1a: RageCandyBar|Gyarados|Gyaradosite","|-ability|p1a: RageCandyBar|Mold Breaker","|move|p1a: RageCandyBar|Dragon Dance|p1a: RageCandyBar","|-boost|p1a: RageCandyBar|atk|1","|-boost|p1a: RageCandyBar|spe|1","|","|-weather|RainDance|[upkeep]","|turn|8","|","|move|p1a: RageCandyBar|Ice Fang|p2a: Name Idea?","|-supereffective|p2a: Name Idea?","|-damage|p2a: Name Idea?|224/424","|-damage|p1a: RageCandyBar|276/331|[from] item: Rocky Helmet|[of] p2a: Name Idea?","|move|p2a: Name Idea?|Foul Play|p1a: RageCandyBar","|-resisted|p1a: RageCandyBar","|-damage|p1a: RageCandyBar|123/331","|","|-weather|RainDance|[upkeep]","|turn|9","|","|move|p1a: RageCandyBar|Ice Fang|p2a: Name Idea?","|-supereffective|p2a: Name Idea?","|-damage|p2a: Name Idea?|14/424","|-damage|p1a: RageCandyBar|68/331|[from] item: Rocky Helmet|[of] p2a: Name Idea?","|move|p2a: Name Idea?|Foul Play|p1a: RageCandyBar","|-resisted|p1a: RageCandyBar","|-damage|p1a: RageCandyBar|0 fnt","|faint|p1a: RageCandyBar","|","|-weather|RainDance|[upkeep]","|","|switch|p1a: Golden Death|Azumarill, M, shiny|116/403","|turn|10","|","|move|p1a: Golden Death|Aqua Jet|p2a: Name Idea?","|-damage|p2a: Name Idea?|0 fnt","|-damage|p1a: Golden Death|49/403|[from] item: Rocky Helmet|[of] p2a: Name Idea?","|faint|p2a: Name Idea?","|","|-weather|none","|","|switch|p2a: Krooky Monster|Krookodile, M|331/331","|turn|11","|","|move|p1a: Golden Death|Aqua Jet|p2a: Krooky Monster","|-supereffective|p2a: Krooky Monster","|-damage|p2a: Krooky Monster|187/331","|move|p2a: Krooky Monster|Knock Off|p1a: Golden Death","|-resisted|p1a: Golden Death","|-damage|p1a: Golden Death|0 fnt","|-enditem|p1a: Golden Death|Choice Band|[from] move: Knock Off|[of] p2a: Krooky Monster","|faint|p1a: Golden Death","|-boost|p2a: Krooky Monster|atk|1|[from] ability: Moxie","|","|","|switch|p1a: Quagsire|Quagsire, F|394/394","|turn|12","|","|move|p2a: Krooky Monster|Knock Off|p1a: Quagsire","|-damage|p1a: Quagsire|274/394","|-enditem|p1a: Quagsire|Leftovers|[from] move: Knock Off|[of] p2a: Krooky Monster","|move|p1a: Quagsire|Scald|p2a: Krooky Monster","|-supereffective|p2a: Krooky Monster","|-damage|p2a: Krooky Monster|17/331","|","|turn|13","|","|move|p2a: Krooky Monster|Knock Off|p1a: Quagsire","|-damage|p1a: Quagsire|190/394","|move|p1a: Quagsire|Scald|p2a: Krooky Monster","|-supereffective|p2a: Krooky Monster","|-damage|p2a: Krooky Monster|0 fnt","|faint|p2a: Krooky Monster","|","|","|switch|p2a: Gajeel|Bisharp, M|271/271","|turn|14","|","|move|p2a: Gajeel|Sucker Punch|p1a: Quagsire","|-fail|p2a: Gajeel","|move|p1a: Quagsire|Recover|p1a: Quagsire","|-heal|p1a: Quagsire|387/394","|","|turn|15","|","|move|p2a: Gajeel|Sucker Punch|p1a: Quagsire","|-damage|p1a: Quagsire|249/394","|move|p1a: Quagsire|Earthquake|p2a: Gajeel","|-supereffective|p2a: Gajeel","|-damage|p2a: Gajeel|49/271","|","|turn|16","|","|move|p2a: Gajeel|Sucker Punch|p1a: Quagsire","|-fail|p2a: Gajeel","|move|p1a: Quagsire|Recover|p1a: Quagsire","|-heal|p1a: Quagsire|394/394","|","|turn|17","|","|move|p2a: Gajeel|Iron Head|p1a: Quagsire","|-resisted|p1a: Quagsire","|-damage|p1a: Quagsire|337/394","|cant|p1a: Quagsire|flinch","|","|turn|18","|","|move|p2a: Gajeel|Iron Head|p1a: Quagsire","|-crit|p1a: Quagsire","|-resisted|p1a: Quagsire","|-damage|p1a: Quagsire|250/394","|move|p1a: Quagsire|Earthquake|p2a: Gajeel","|-supereffective|p2a: Gajeel","|-damage|p2a: Gajeel|0 fnt","|faint|p2a: Gajeel","|","|","|switch|p2a: New Meta|Tyranitar, M|403/403","|-weather|Sandstorm","|turn|19","|","|detailschange|p2a: New Meta|Tyranitar-Mega, M","|-mega|p2a: New Meta|Tyranitar|Tyranitarite","|move|p2a: New Meta|Curse|p2a: New Meta","|-unboost|p2a: New Meta|spe|1","|-boost|p2a: New Meta|atk|1","|-boost|p2a: New Meta|def|1","|move|p1a: Quagsire|Toxic|p2a: New Meta","|-status|p2a: New Meta|tox","|","|-weather|Sandstorm|[upkeep]","|-damage|p2a: New Meta|378/403 tox|[from] psn","|turn|20","|","|move|p2a: New Meta|Curse|p2a: New Meta","|-unboost|p2a: New Meta|spe|1","|-boost|p2a: New Meta|atk|1","|-boost|p2a: New Meta|def|1","|move|p1a: Quagsire|Earthquake|p2a: New Meta","|-supereffective|p2a: New Meta","|-damage|p2a: New Meta|264/403 tox","|","|-weather|Sandstorm|[upkeep]","|-damage|p2a: New Meta|214/403 tox|[from] psn","|turn|21","|","|move|p1a: Quagsire|Scald|p2a: New Meta","|-supereffective|p2a: New Meta","|-damage|p2a: New Meta|146/403 tox","|move|p2a: New Meta|Rest|p2a: New Meta","|-status|p2a: New Meta|slp","|-heal|p2a: New Meta|403/403 slp|[silent]","|-status|p2a: New Meta|slp|[from] move: Rest","|","|-weather|Sandstorm|[upkeep]","|turn|22","|","|move|p1a: Quagsire|Scald|p2a: New Meta","|-supereffective|p2a: New Meta","|-damage|p2a: New Meta|335/403 slp","|cant|p2a: New Meta|slp","|move|p2a: New Meta|Sleep Talk|p2a: New Meta","|move|p2a: New Meta|Curse|p2a: New Meta|[from]Sleep Talk","|-unboost|p2a: New Meta|spe|1","|-boost|p2a: New Meta|atk|1","|-boost|p2a: New Meta|def|1","|","|-weather|Sandstorm|[upkeep]","|turn|23","|","|move|p1a: Quagsire|Scald|p2a: New Meta","|-supereffective|p2a: New Meta","|-damage|p2a: New Meta|267/403 slp","|cant|p2a: New Meta|slp","|move|p2a: New Meta|Sleep Talk|p2a: New Meta","|move|p2a: New Meta|Rest|p2a: New Meta|[from]Sleep Talk","|-fail|p2a: New Meta","|","|-weather|none","|turn|24","|","|move|p1a: Quagsire|Scald|p2a: New Meta","|-supereffective|p2a: New Meta","|-damage|p2a: New Meta|171/403 slp","|-curestatus|p2a: New Meta|slp","|move|p2a: New Meta|Payback|p1a: Quagsire","|-damage|p1a: Quagsire|106/394","|","|turn|25","|","|move|p1a: Quagsire|Scald|p2a: New Meta","|-supereffective|p2a: New Meta","|-damage|p2a: New Meta|73/403","|move|p2a: New Meta|Rest|p2a: New Meta","|-status|p2a: New Meta|slp","|-heal|p2a: New Meta|403/403 slp|[silent]","|-status|p2a: New Meta|slp|[from] move: Rest","|","|turn|26","|","|move|p1a: Quagsire|Recover|p1a: Quagsire","|-heal|p1a: Quagsire|303/394","|cant|p2a: New Meta|slp","|move|p2a: New Meta|Sleep Talk|p2a: New Meta","|move|p2a: New Meta|Payback|p1a: Quagsire|[from]Sleep Talk","|-damage|p1a: Quagsire|161/394","|","|turn|27","|","|move|p1a: Quagsire|Recover|p1a: Quagsire","|-heal|p1a: Quagsire|358/394","|cant|p2a: New Meta|slp","|move|p2a: New Meta|Sleep Talk|p2a: New Meta","|move|p2a: New Meta|Rest|p2a: New Meta|[from]Sleep Talk","|-fail|p2a: New Meta","|","|turn|28","|","|move|p1a: Quagsire|Scald|p2a: New Meta","|-supereffective|p2a: New Meta","|-damage|p2a: New Meta|295/403 slp","|-curestatus|p2a: New Meta|slp","|move|p2a: New Meta|Payback|p1a: Quagsire","|-damage|p1a: Quagsire|223/394","|","|turn|29","|","|move|p1a: Quagsire|Scald|p2a: New Meta","|-supereffective|p2a: New Meta","|-damage|p2a: New Meta|185/403","|move|p2a: New Meta|Payback|p1a: Quagsire","|-damage|p1a: Quagsire|84/394","|","|turn|30","|","|move|p1a: Quagsire|Recover|p1a: Quagsire","|-heal|p1a: Quagsire|281/394","|move|p2a: New Meta|Payback|p1a: Quagsire","|-damage|p1a: Quagsire|125/394","|","|turn|31","|","|move|p1a: Quagsire|Recover|p1a: Quagsire","|-heal|p1a: Quagsire|322/394","|move|p2a: New Meta|Payback|p1a: Quagsire","|-damage|p1a: Quagsire|186/394","|","|turn|32","|","|move|p1a: Quagsire|Recover|p1a: Quagsire","|-heal|p1a: Quagsire|383/394","|move|p2a: New Meta|Rest|p2a: New Meta","|-status|p2a: New Meta|slp","|-heal|p2a: New Meta|403/403 slp|[silent]","|-status|p2a: New Meta|slp|[from] move: Rest","|","|turn|33","|","|switch|p1a: U know wat it is|Tentacruel, F, shiny|363/363","|cant|p2a: New Meta|slp","|move|p2a: New Meta|Sleep Talk|p2a: New Meta","|move|p2a: New Meta|Payback|p1a: U know wat it is|[from]Sleep Talk","|-damage|p1a: U know wat it is|14/363","|","|-heal|p1a: U know wat it is|36/363|[from] item: Black Sludge","|turn|34","|","|move|p1a: U know wat it is|Surf|p2a: New Meta","|-supereffective|p2a: New Meta","|-damage|p2a: New Meta|263/403 slp","|cant|p2a: New Meta|slp","|move|p2a: New Meta|Sleep Talk|p2a: New Meta","|move|p2a: New Meta|Rest|p2a: New Meta|[from]Sleep Talk","|-fail|p2a: New Meta","|","|-heal|p1a: U know wat it is|58/363|[from] item: Black Sludge","|turn|35","|","|move|p1a: U know wat it is|Surf|p2a: New Meta","|-supereffective|p2a: New Meta","|-damage|p2a: New Meta|117/403 slp","|-curestatus|p2a: New Meta|slp","|move|p2a: New Meta|Payback|p1a: U know wat it is","|-damage|p1a: U know wat it is|0 fnt","|faint|p1a: U know wat it is","|","|","|switch|p1a: Fatty|Slowking, M, shiny|394/394","|turn|36","|","|move|p1a: Fatty|Calm Mind|p1a: Fatty","|-boost|p1a: Fatty|spa|1","|-boost|p1a: Fatty|spd|1","|move|p2a: New Meta|Rest|p2a: New Meta","|-status|p2a: New Meta|slp","|-heal|p2a: New Meta|403/403 slp|[silent]","|-status|p2a: New Meta|slp|[from] move: Rest","|","|turn|37","|","|move|p1a: Fatty|Calm Mind|p1a: Fatty","|-boost|p1a: Fatty|spa|1","|-boost|p1a: Fatty|spd|1","|cant|p2a: New Meta|slp","|move|p2a: New Meta|Sleep Talk|p2a: New Meta","|move|p2a: New Meta|Curse|p2a: New Meta|[from]Sleep Talk","|-unboost|p2a: New Meta|spe|1","|-boost|p2a: New Meta|atk|1","|-boost|p2a: New Meta|def|1","|","|turn|38","|","|move|p1a: Fatty|Signal Beam|p2a: New Meta","|-supereffective|p2a: New Meta","|-damage|p2a: New Meta|139/403 slp","|cant|p2a: New Meta|slp","|move|p2a: New Meta|Sleep Talk|p2a: New Meta","|move|p2a: New Meta|Rest|p2a: New Meta|[from]Sleep Talk","|-fail|p2a: New Meta","|","|turn|39","|","|move|p1a: Fatty|Signal Beam|p2a: New Meta","|-supereffective|p2a: New Meta","|-damage|p2a: New Meta|0 fnt","|faint|p2a: New Meta","|","|win|Emg_DemZii"],"p1rating":{"entryid":"7361210","serverid":"eos","formatid":"monotype","userid":"emgdemzii","username":"Emg_DemZii","w":10,"l":"31","t":"0","gxe":26.4,"r":1293.3173289322,"rd":56.096624699694,"sigma":"0","rptime":1439802000,"rpr":1304.6434298691,"rprd":55.52224762427,"rpsigma":"0","acre":1061.8870224584,"lacre":1061.8870224584,"oldacre":"1029.270522135"},"p2rating":{"entryid":"7605632","serverid":"eos","formatid":"monotype","userid":"alliancesuccubus","username":"Alliance-Succubus","w":"1","l":6,"t":"0","gxe":33.8,"r":"1423.8128042884","rd":"102.74422725719","sigma":"0","rptime":"1439802000","rpr":1368.5832206521,"rprd":96.012574555218,"rpsigma":"0","acre":1000,"lacre":1000,"oldacre":"1000"},"endType":"normal"}