{"seed":[39327,31172,43545,33900],"turns":27,"p1":"Alpha알파α큐레무Kyurem","p2":"Sovereign♕Vanguard","p1team":[{"name":"ラティオス","species":"latios","item":"choicescarf","ability":"Levitate","moves":["shadowball","dragonpulse","psyshock","icebeam"],"nature":"Timid","evs":{"hp":0,"atk":0,"def":4,"spa":252,"spd":0,"spe":252},"ivs":{"hp":31,"atk":0,"def":31,"spa":31,"spd":31,"spe":31}},{"name":"キュレム","species":"kyuremblack","item":"choiceband","ability":"Teravolt","moves":["zenheadbutt","outrage","fusionbolt","ironhead"],"nature":"Adamant","evs":{"hp":0,"atk":252,"def":4,"spa":0,"spd":0,"spe":252},"shiny":true,"ivs":{"hp":31,"atk":31,"def":31,"spa":31,"spd":31,"spe":31}},{"name":"サザンドラ","species":"hydreigon","item":"lifeorb","ability":"Levitate","moves":["darkpulse","flamethrower","dracometeor","flashcannon"],"nature":"Timid","evs":{"hp":0,"atk":0,"def":4,"spa":252,"spd":0,"spe":252},"shiny":true,"ivs":{"hp":31,"atk":31,"def":31,"spa":31,"spd":31,"spe":31}},{"name":"ガブリアス","species":"garchomp","item":"rockyhelmet","ability":"Rough Skin","moves":["stealthrock","earthquake","dragontail","endure"],"nature":"Impish","evs":{"hp":252,"atk":0,"def":232,"spa":0,"spd":24,"spe":0},"ivs":{"hp":31,"atk":31,"def":31,"spa":31,"spd":31,"spe":31}},{"name":"ラティアス","species":"latias","item":"latiasite","ability":"Levitate","moves":["calmmind","recover","substitute","storedpower"],"nature":"Bold","evs":{"hp":252,"atk":0,"def":224,"spa":0,"spd":0,"spe":32},"ivs":{"hp":31,"atk":0,"def":31,"spa":31,"spd":31,"spe":31}},{"name":"ヌメルゴン","species":"goodra","item":"assaultvest","ability":"Sap Sipper","moves":["dracometeor","fireblast","sludgebomb","muddywater"],"nature":"Modest","evs":{"hp":248,"atk":0,"def":8,"spa":252,"spd":0,"spe":0},"ivs":{"hp":31,"atk":31,"def":31,"spa":31,"spd":31,"spe":31}}],"p2team":[{"name":"Metagross","species":"Metagross","item":"leftovers","ability":"Clear Body","moves":["zenheadbutt","earthquake","bulletpunch","icepunch"],"nature":"Adamant","evs":{"hp":252,"atk":252,"def":0,"spa":0,"spd":4,"spe":0},"shiny":true,"ivs":{"hp":31,"atk":31,"def":31,"spa":31,"spd":31,"spe":31}},{"name":"Latios","species":"Latios","item":"lifeorb","ability":"Levitate","moves":["dracometeor","psyshock","calmmind","surf"],"nature":"Timid","evs":{"hp":0,"atk":0,"def":4,"spa":252,"spd":0,"spe":252},"ivs":{"hp":31,"atk":31,"def":31,"spa":31,"spd":31,"spe":31}},{"name":"Alakazam","species":"Alakazam","item":"lifeorb","ability":"Magic Guard","moves":["psychic","focusblast","shadowball","hiddenpowerice"],"nature":"Timid","evs":{"hp":0,"atk":0,"def":4,"spa":252,"spd":0,"spe":252},"ivs":{"hp":31,"atk":30,"def":30,"spa":31,"spd":31,"spe":31}},{"name":"Espeon","species":"Espeon","item":"leftovers","ability":"Magic Bounce","moves":["batonpass","calmmind","psyshock","dazzlinggleam"],"nature":"Timid","evs":{"hp":0,"atk":0,"def":4,"spa":252,"spd":0,"spe":252},"ivs":{"hp":31,"atk":31,"def":31,"spa":31,"spd":31,"spe":31}},{"name":"Gardevoir","species":"Gardevoir","item":"gardevoirite","ability":"Synchronize","moves":["dazzlinggleam","psychic","psyshock","calmmind"],"nature":"Modest","evs":{"hp":248,"atk":0,"def":0,"spa":252,"spd":8,"spe":0},"ivs":{"hp":31,"atk":31,"def":31,"spa":31,"spd":31,"spe":31}},{"name":"Jirachi","species":"Jirachi","item":"leftovers","ability":"Serene Grace","moves":["ironhead","toxic","wish","protect"],"nature":"Careful","evs":{"hp":252,"atk":0,"def":0,"spa":0,"spd":224,"spe":32},"ivs":{"hp":31,"atk":31,"def":31,"spa":31,"spd":31,"spe":31}}],"log":["|player|p1|Alpha알파α큐레무Kyurem|multistrpe.png","|player|p2|Sovereign♕Vanguard|110","|gametype|singles","|gen|6","|tier|Monotype","|rated","|rule|Baton Pass Clause: Limit one Baton Passer, can't pass Spe and other stats simultaneously","|rule|Swagger Clause: Swagger is banned","|rule|Same Type Clause: Pokémon in a team must share a type","|clearpoke","|poke|p1|Latios, M","|poke|p1|Kyurem-Black, shiny","|poke|p1|Hydreigon, M, shiny","|poke|p1|Garchomp, M","|poke|p1|Latias, F","|poke|p1|Goodra, M","|poke|p2|Metagross, shiny","|poke|p2|Latios, M","|poke|p2|Alakazam, F","|poke|p2|Espeon, M","|poke|p2|Gardevoir, F","|poke|p2|Jirachi","|rule|Sleep Clause Mod: Limit one foe put to sleep","|rule|Species Clause: Limit one of each Pokémon","|rule|OHKO Clause: OHKO moves are banned","|rule|Moody Clause: Moody is banned","|rule|Evasion Moves Clause: Evasion moves are banned","|rule|Endless Battle Clause: Forcing endless battles is banned","|rule|HP Percentage Mod: HP is shown in percentages","|teampreview","|","|start","|switch|p1a: サザンドラ|Hydreigon, M, shiny|325/325","|switch|p2a: Espeon|Espeon, M|271/271","|turn|1","|","|move|p2a: Espeon|Dazzling Gleam|p1a: サザンドラ","|-supereffective|p1a: サザンドラ","|-damage|p1a: サザンドラ|0 fnt","|faint|p1a: サザンドラ","|","|","|switch|p1a: ヌメルゴン|Goodra, M|383/383","|turn|2","|","|move|p2a: Espeon|Dazzling Gleam|p1a: ヌメルゴン","|-supereffective|p1a: ヌメルゴン","|-damage|p1a: ヌメルゴン|287/383","|move|p1a: ヌメルゴン|Sludge Bomb|p2a: Espeon","|-damage|p2a: Espeon|155/271","|-status|p2a: Espeon|psn","|","|-heal|p2a: Espeon|171/271 psn|[from] item: Leftovers","|-damage|p2a: Espeon|138/271 psn|[from] psn","|turn|3","|","|move|p2a: Espeon|Calm Mind|p2a: Espeon","|-boost|p2a: Espeon|spa|1","|-boost|p2a: Espeon|spd|1","|move|p1a: ヌメルゴン|Sludge Bomb|p2a: Espeon","|-damage|p2a: Espeon|65/271 psn","|","|-heal|p2a: Espeon|81/271 psn|[from] item: Leftovers","|-damage|p2a: Espeon|48/271 psn|[from] psn","|turn|4","|","|move|p2a: Espeon|Baton Pass|p2a: Espeon","|","|switch|p2a: Latios|Latios, M|301/301","|move|p1a: ヌメルゴン|Sludge Bomb|p2a: Latios","|-damage|p2a: Latios|241/301","|","|turn|5","|","|move|p2a: Latios|Draco Meteor|p1a: ヌメルゴン","|-supereffective|p1a: ヌメルゴン","|-damage|p1a: ヌメルゴン|0 fnt","|-unboost|p2a: Latios|spa|2","|-damage|p2a: Latios|211/301|[from] item: Life Orb","|faint|p1a: ヌメルゴン","|","|","|switch|p1a: ラティオス|Latios, M|301/301","|turn|6","|","|move|p1a: ラティオス|Dragon Pulse|p2a: Latios","|-supereffective|p2a: Latios","|-damage|p2a: Latios|29/301","|move|p2a: Latios|Draco Meteor|p1a: ラティオス","|-supereffective|p1a: ラティオス","|-damage|p1a: ラティオス|0 fnt","|-unboost|p2a: Latios|spa|2","|-damage|p2a: Latios|0 fnt|[from] item: Life Orb","|faint|p1a: ラティオス","|faint|p2a: Latios","|","|","|switch|p1a: ガブリアス|Garchomp, M|420/420","|switch|p2a: Gardevoir|Gardevoir, F|339/339","|turn|7","|","|detailschange|p2a: Gardevoir|Gardevoir-Mega, F","|-mega|p2a: Gardevoir|Gardevoir|Gardevoirite","|move|p1a: ガブリアス|Earthquake|p2a: Gardevoir","|-damage|p2a: Gardevoir|129/339","|move|p2a: Gardevoir|Dazzling Gleam|p1a: ガブリアス","|-supereffective|p1a: ガブリアス","|-damage|p1a: ガブリアス|0 fnt","|faint|p1a: ガブリアス","|","|","|switch|p1a: キュレム|Kyurem-Black, shiny|391/391","|-ability|p1a: キュレム|Teravolt","|turn|8","|","|move|p1a: キュレム|Fusion Bolt|p2a: Gardevoir","|-damage|p2a: Gardevoir|0 fnt","|faint|p2a: Gardevoir","|","|","|switch|p2a: Jirachi|Jirachi|404/404","|turn|9","|","|move|p1a: キュレム|Fusion Bolt|p2a: Jirachi","|-damage|p2a: Jirachi|184/404","|move|p2a: Jirachi|Toxic|p1a: キュレム","|-status|p1a: キュレム|tox","|","|-heal|p2a: Jirachi|209/404|[from] item: Leftovers","|-damage|p1a: キュレム|367/391 tox|[from] psn","|turn|10","|","|switch|p1a: ラティアス|Latias, F|364/364","|switch|p2a: Metagross|Metagross, shiny|364/364","|","|turn|11","|","|switch|p1a: キュレム|Kyurem-Black, shiny|367/391 tox","|-ability|p1a: キュレム|Teravolt","|move|p2a: Metagross|Ice Punch|p1a: キュレム","|-damage|p1a: キュレム|268/391 tox","|","|-damage|p1a: キュレム|244/391 tox|[from] psn","|turn|12","|","|move|p1a: キュレム|Fusion Bolt|p2a: Metagross","|-damage|p2a: Metagross|174/364","|move|p2a: Metagross|Zen Headbutt|p1a: キュレム","|-crit|p1a: キュレム","|-damage|p1a: キュレム|18/391 tox","|","|-heal|p2a: Metagross|196/364|[from] item: Leftovers","|-damage|p1a: キュレム|0 fnt|[from] psn","|faint|p1a: キュレム","|","|switch|p1a: ラティアス|Latias, F|364/364","|turn|13","|","|detailschange|p1a: ラティアス|Latias-Mega, F","|-mega|p1a: ラティアス|Latias|Latiasite","|move|p1a: ラティアス|Calm Mind|p1a: ラティアス","|-boost|p1a: ラティアス|spa|1","|-boost|p1a: ラティアス|spd|1","|move|p2a: Metagross|Ice Punch|p1a: ラティアス","|-supereffective|p1a: ラティアス","|-damage|p1a: ラティアス|240/364","|","|-heal|p2a: Metagross|218/364|[from] item: Leftovers","|turn|14","|","|move|p1a: ラティアス|Calm Mind|p1a: ラティアス","|-boost|p1a: ラティアス|spa|1","|-boost|p1a: ラティアス|spd|1","|move|p2a: Metagross|Ice Punch|p1a: ラティアス","|-supereffective|p1a: ラティアス","|-damage|p1a: ラティアス|110/364","|","|-heal|p2a: Metagross|240/364|[from] item: Leftovers","|turn|15","|","|move|p1a: ラティアス|Recover|p1a: ラティアス","|-heal|p1a: ラティアス|292/364","|move|p2a: Metagross|Ice Punch|p1a: ラティアス","|-supereffective|p1a: ラティアス","|-damage|p1a: ラティアス|160/364","|","|-heal|p2a: Metagross|262/364|[from] item: Leftovers","|turn|16","|","|move|p1a: ラティアス|Recover|p1a: ラティアス","|-heal|p1a: ラティアス|342/364","|move|p2a: Metagross|Ice Punch|p1a: ラティアス","|-supereffective|p1a: ラティアス","|-damage|p1a: ラティアス|206/364","|","|-heal|p2a: Metagross|284/364|[from] item: Leftovers","|turn|17","|","|move|p1a: ラティアス|Calm Mind|p1a: ラティアス","|-boost|p1a: ラティアス|spa|1","|-boost|p1a: ラティアス|spd|1","|move|p2a: Metagross|Ice Punch|p1a: ラティアス","|-supereffective|p1a: ラティアス","|-damage|p1a: ラティアス|68/364","|","|-heal|p2a: Metagross|306/364|[from] item: Leftovers","|turn|18","|","|switch|p2a: Alakazam|Alakazam, F|251/251","|move|p1a: ラティアス|Recover|p1a: ラティアス","|-heal|p1a: ラティアス|250/364","|","|turn|19","|","|move|p2a: Alakazam|Shadow Ball|p1a: ラティアス","|-supereffective|p1a: ラティアス","|-damage|p1a: ラティアス|180/364","|move|p1a: ラティアス|Calm Mind|p1a: ラティアス","|-boost|p1a: ラティアス|spa|1","|-boost|p1a: ラティアス|spd|1","|","|turn|20","|","|move|p2a: Alakazam|Shadow Ball|p1a: ラティアス","|-supereffective|p1a: ラティアス","|-damage|p1a: ラティアス|118/364","|move|p1a: ラティアス|Recover|p1a: ラティアス","|-heal|p1a: ラティアス|300/364","|","|turn|21","|","|switch|p2a: Jirachi|Jirachi|209/404","|move|p1a: ラティアス|Calm Mind|p1a: ラティアス","|-boost|p1a: ラティアス|spa|1","|-boost|p1a: ラティアス|spd|1","|","|-heal|p2a: Jirachi|234/404|[from] item: Leftovers","|turn|22","|","|move|p1a: ラティアス|Substitute|p1a: ラティアス","|-start|p1a: ラティアス|Substitute","|-damage|p1a: ラティアス|209/364","|move|p2a: Jirachi|Toxic|p1a: ラティアス","|-fail|p1a: ラティアス","|","|-heal|p2a: Jirachi|259/404|[from] item: Leftovers","|turn|23","|","|move|p1a: ラティアス|Stored Power|p2a: Jirachi","|-resisted|p2a: Jirachi","|-damage|p2a: Jirachi|23/404","|move|p2a: Jirachi|Iron Head|p1a: ラティアス","|-activate|p1a: ラティアス|Substitute|[damage]","|","|-heal|p2a: Jirachi|48/404|[from] item: Leftovers","|turn|24","|","|move|p1a: ラティアス|Stored Power|p2a: Jirachi","|-resisted|p2a: Jirachi","|-damage|p2a: Jirachi|0 fnt","|faint|p2a: Jirachi","|","|","|switch|p2a: Espeon|Espeon, M|48/271 psn","|turn|25","|","|move|p2a: Espeon|Dazzling Gleam|p1a: ラティアス","|-supereffective|p1a: ラティアス","|-end|p1a: ラティアス|Substitute","|move|p1a: ラティアス|Recover|p1a: ラティアス","|-heal|p1a: ラティアス|364/364","|","|-heal|p2a: Espeon|64/271 psn|[from] item: Leftovers","|-damage|p2a: Espeon|31/271 psn|[from] psn","|turn|26","|","|move|p2a: Espeon|Dazzling Gleam|p1a: ラティアス","|-supereffective|p1a: ラティアス","|-damage|p1a: ラティアス|324/364","|move|p1a: ラティアス|Calm Mind|p1a: ラティアス","|-boost|p1a: ラティアス|spa|1","|-boost|p1a: ラティアス|spd|1","|","|-heal|p2a: Espeon|47/271 psn|[from] item: Leftovers","|-damage|p2a: Espeon|14/271 psn|[from] psn","|turn|27","|","|move|p2a: Espeon|Dazzling Gleam|p1a: ラティアス","|-supereffective|p1a: ラティアス","|-damage|p1a: ラティアス|292/364","|move|p1a: ラティアス|Substitute|p1a: ラティアス","|-start|p1a: ラティアス|Substitute","|-damage|p1a: ラティアス|201/364","|","|-heal|p2a: Espeon|30/271 psn|[from] item: Leftovers","|-damage|p2a: Espeon|0 fnt|[from] psn","|faint|p2a: Espeon","|","|win|Alpha알파α큐레무Kyurem"],"p1rating":{"entryid":"7692454","serverid":"eos","formatid":"monotype","userid":"alphakyurem","username":"Alpha알파α큐레무Kyurem","w":4,"l":"1","t":"0","gxe":59.7,"r":"1500","rd":"130","sigma":"0","rptime":"1439802000","rpr":1577.3455353263,"rprd":101.31011045339,"rpsigma":"0","acre":1129.5847337474,"lacre":1129.5847337474,"oldacre":"1108.4217465321"},"p2rating":{"entryid":"7434426","serverid":"eos","formatid":"monotype","userid":"sovereignvanguard","username":"Sovereign♕Vanguard","w":"14","l":19,"t":"0","gxe":43.6,"r":"1475.6434855174","rd":"59.781552157514","sigma":"0","rptime":"1439802000","rpr":1450.8379868143,"rprd":57.642860169745,"rpsigma":"0","acre":1039.2650403252,"lacre":1039.2650403252,"oldacre":"1054.6724263735"},"endType":"forfeit"}