{"seed":[18623,35360,19048,12267],"turns":34,"p1":"Guard Wanderer","p2":"The Emblem","p1team":[{"name":"Ariados","species":"Ariados","item":"focussash","ability":"Insomnia","moves":["agility","batonpass","stickyweb","suckerpunch"],"nature":"Impish","evs":{"hp":0,"atk":0,"def":188,"spa":0,"spd":68,"spe":252},"ivs":{"hp":31,"atk":31,"def":31,"spa":31,"spd":31,"spe":31}},{"name":"Tentacruel","species":"Tentacruel","item":"assaultvest","ability":"Liquid Ooze","moves":["scald","acidspray","gigadrain","hex"],"nature":"Timid","evs":{"hp":4,"atk":0,"def":0,"spa":252,"spd":0,"spe":252},"ivs":{"hp":31,"atk":31,"def":31,"spa":31,"spd":31,"spe":31}},{"name":"Skuntank","species":"Skuntank","item":"","ability":"Aftermath","moves":["snatch","thief","suckerpunch","poisonjab"],"nature":"Adamant","evs":{"hp":248,"atk":252,"def":0,"spa":0,"spd":8,"spe":0},"ivs":{"hp":31,"atk":31,"def":31,"spa":31,"spd":31,"spe":31}},{"name":"Venusaur","species":"Venusaur","item":"bigroot","ability":"Overgrow","moves":["gigadrain","leechseed","substitute","grassyterrain"],"nature":"Calm","evs":{"hp":248,"atk":0,"def":0,"spa":8,"spd":252,"spe":0},"ivs":{"hp":31,"atk":31,"def":31,"spa":31,"spd":31,"spe":31}},{"name":"Crobat","species":"Crobat","item":"whiteherb","ability":"Infiltrator","moves":["curse","acrobatics","roost","snatch"],"nature":"Jolly","evs":{"hp":248,"atk":8,"def":0,"spa":0,"spd":0,"spe":252},"ivs":{"hp":31,"atk":31,"def":31,"spa":31,"spd":31,"spe":31}},{"name":"Nidoking","species":"Nidoking","item":"lifeorb","ability":"Sheer Force","moves":["icebeam","flamethrower","sludgewave","earthpower"],"nature":"Timid","evs":{"hp":0,"atk":0,"def":0,"spa":252,"spd":4,"spe":252},"ivs":{"hp":31,"atk":31,"def":31,"spa":31,"spd":31,"spe":31}}],"p2team":[{"name":"Ferrothorn","species":"Ferrothorn","item":"rockyhelmet","ability":"Iron Barbs","moves":["gyroball","leechseed","toxic","protect"],"nature":"Relaxed","evs":{"hp":248,"atk":8,"def":252,"spa":0,"spd":0,"spe":0},"ivs":{"hp":31,"atk":31,"def":31,"spa":31,"spd":31,"spe":0}},{"name":"Breloom","species":"Breloom","item":"focussash","ability":"Technician","moves":["machpunch","swordsdance","seedbomb","focuspunch"],"nature":"Jolly","evs":{"hp":0,"atk":252,"def":0,"spa":0,"spd":8,"spe":248},"ivs":{"hp":31,"atk":31,"def":31,"spa":31,"spd":31,"spe":31}},{"name":"Celebi","species":"Celebi","item":"lifeorb","ability":"Natural Cure","moves":["thunderwave","earthpower","energyball","psychic"],"nature":"Timid","evs":{"hp":0,"atk":0,"def":0,"spa":252,"spd":4,"spe":252},"ivs":{"hp":31,"atk":31,"def":31,"spa":31,"spd":31,"spe":31}},{"name":"Serperior","species":"Serperior","item":"lifeorb","ability":"Contrary","moves":["leafstorm","dragonpulse","hiddenpowerfire","substitute"],"nature":"Timid","evs":{"hp":0,"atk":0,"def":0,"spa":252,"spd":4,"spe":252},"ivs":{"hp":31,"atk":30,"def":31,"spa":30,"spd":31,"spe":30}},{"name":"Venusaur","species":"Venusaur","item":"venusaurite","ability":"Chlorophyll","moves":["leechseed","gigadrain","sludgebomb","synthesis"],"nature":"Bold","evs":{"hp":248,"atk":0,"def":96,"spa":0,"spd":144,"spe":20},"ivs":{"hp":31,"atk":30,"def":31,"spa":30,"spd":31,"spe":30}},{"name":"Whimsicott","species":"Whimsicott","item":"leftovers","ability":"Prankster","moves":["moonblast","tailwind","encore","taunt"],"nature":"Timid","evs":{"hp":160,"atk":0,"def":252,"spa":4,"spd":0,"spe":92},"ivs":{"hp":31,"atk":31,"def":31,"spa":31,"spd":31,"spe":31}}],"log":["|player|p1|Guard Wanderer|235","|player|p2|The Emblem|272","|gametype|singles","|gen|6","|tier|Monotype","|rated","|rule|Baton Pass Clause: Limit one Baton Passer, can't pass Spe and other stats simultaneously","|rule|Swagger Clause: Swagger is banned","|rule|Same Type Clause: Pokémon in a team must share a type","|clearpoke","|poke|p1|Ariados, M","|poke|p1|Tentacruel, M","|poke|p1|Skuntank, M","|poke|p1|Venusaur, F","|poke|p1|Crobat, M","|poke|p1|Nidoking, M","|poke|p2|Ferrothorn, F","|poke|p2|Breloom, F","|poke|p2|Celebi","|poke|p2|Serperior, F","|poke|p2|Venusaur, M","|poke|p2|Whimsicott, F","|rule|Sleep Clause Mod: Limit one foe put to sleep","|rule|Species Clause: Limit one of each Pokémon","|rule|OHKO Clause: OHKO moves are banned","|rule|Moody Clause: Moody is banned","|rule|Evasion Moves Clause: Evasion moves are banned","|rule|Endless Battle Clause: Forcing endless battles is banned","|rule|HP Percentage Mod: HP is shown in percentages","|teampreview","|","|start","|switch|p1a: Ariados|Ariados, M|281/281","|switch|p2a: Whimsicott|Whimsicott, F|301/301","|turn|1","|","|move|p2a: Whimsicott|Taunt|p1a: Ariados","|-start|p1a: Ariados|move: Taunt","|cant|p1a: Ariados|move: Taunt|Sticky Web","|","|turn|2","|","|switch|p1a: Tentacruel|Tentacruel, M|302/302","|move|p2a: Whimsicott|Encore|p1a: Tentacruel","|-fail|p1a: Tentacruel","|","|turn|3","|","|move|p2a: Whimsicott|Tailwind|p2a: Whimsicott","|-sidestart|p2: The Emblem|move: Tailwind","|move|p1a: Tentacruel|Acid Spray|p2a: Whimsicott","|-supereffective|p2a: Whimsicott","|-damage|p2a: Whimsicott|13/301","|-unboost|p2a: Whimsicott|spd|2","|","|-heal|p2a: Whimsicott|31/301|[from] item: Leftovers","|turn|4","|","|switch|p2a: Ferrothorn|Ferrothorn, F|351/351","|move|p1a: Tentacruel|Scald|p2a: Ferrothorn","|-resisted|p2a: Ferrothorn","|-damage|p2a: Ferrothorn|302/351","|","|turn|5","|","|move|p1a: Tentacruel|Scald|p2a: Ferrothorn","|-crit|p2a: Ferrothorn","|-resisted|p2a: Ferrothorn","|-damage|p2a: Ferrothorn|233/351","|move|p2a: Ferrothorn|Leech Seed|p1a: Tentacruel","|-start|p1a: Tentacruel|move: Leech Seed","|","|-damage|p1a: Tentacruel|265/302|[from] Leech Seed|[of] p2a: Ferrothorn","|-damage|p2a: Ferrothorn|196/351|[from] ability: Liquid Ooze|[of] p1a: Tentacruel","|turn|6","|","|switch|p2a: Whimsicott|Whimsicott, F|31/301","|move|p1a: Tentacruel|Scald|p2a: Whimsicott","|-resisted|p2a: Whimsicott","|-damage|p2a: Whimsicott|0 fnt","|faint|p2a: Whimsicott","|","|-sideend|p2: The Emblem|move: Tailwind","|","|switch|p2a: Celebi|Celebi|341/341","|turn|7","|","|move|p1a: Tentacruel|Acid Spray|p2a: Celebi","|-supereffective|p2a: Celebi","|-damage|p2a: Celebi|233/341","|-unboost|p2a: Celebi|spd|2","|move|p2a: Celebi|Thunder Wave|p1a: Tentacruel","|-status|p1a: Tentacruel|par","|","|-damage|p1a: Tentacruel|228/302 par|[from] Leech Seed|[of] p2a: Celebi","|-damage|p2a: Celebi|196/341|[from] ability: Liquid Ooze|[of] p1a: Tentacruel","|turn|8","|","|move|p2a: Celebi|Psychic|p1a: Tentacruel","|-supereffective|p1a: Tentacruel","|-damage|p1a: Tentacruel|17/302 par","|-unboost|p1a: Tentacruel|spd|1","|-damage|p2a: Celebi|162/341|[from] item: Life Orb","|move|p1a: Tentacruel|Scald|p2a: Celebi","|-resisted|p2a: Celebi","|-damage|p2a: Celebi|54/341","|","|-damage|p1a: Tentacruel|0 fnt|[from] Leech Seed|[of] p2a: Celebi","|-damage|p2a: Celebi|37/341|[from] ability: Liquid Ooze|[of] p1a: Tentacruel","|faint|p1a: Tentacruel","|","|switch|p1a: Skuntank|Skuntank, M|409/409","|turn|9","|","|move|p2a: Celebi|Thunder Wave|p1a: Skuntank","|-status|p1a: Skuntank|par","|cant|p1a: Skuntank|par","|","|turn|10","|","|switch|p2a: Ferrothorn|Ferrothorn, F|196/351","|cant|p1a: Skuntank|par","|","|turn|11","|","|switch|p1a: Nidoking|Nidoking, M|303/303","|move|p2a: Ferrothorn|Leech Seed|p1a: Nidoking","|-start|p1a: Nidoking|move: Leech Seed","|","|-damage|p1a: Nidoking|266/303|[from] Leech Seed|[of] p2a: Ferrothorn","|-heal|p2a: Ferrothorn|233/351|[silent]","|turn|12","|","|move|p2a: Ferrothorn|Protect|p2a: Ferrothorn","|-singleturn|p2a: Ferrothorn|Protect","|move|p1a: Nidoking|Flamethrower|p2a: Ferrothorn","|-activate|p2a: Ferrothorn|Protect","|","|-damage|p1a: Nidoking|229/303|[from] Leech Seed|[of] p2a: Ferrothorn","|-heal|p2a: Ferrothorn|270/351|[silent]","|turn|13","|","|switch|p1a: Ariados|Ariados, M|281/281","|switch|p2a: Celebi|Celebi|37/341","|","|turn|14","|","|move|p2a: Celebi|Thunder Wave|p1a: Ariados","|-status|p1a: Ariados|par","|move|p1a: Ariados|Sticky Web|p2a: Celebi","|-sidestart|p2: The Emblem|move: Sticky Web","|","|turn|15","|","|move|p1a: Ariados|Sucker Punch|p2a: Celebi","|-supereffective|p2a: Celebi","|-damage|p2a: Celebi|0 fnt","|faint|p2a: Celebi","|","|","|switch|p2a: Serperior|Serperior, F|291/291","|-activate|p2a: Serperior|move: Sticky Web","|-boost|p2a: Serperior|spe|1","|turn|16","|","|move|p2a: Serperior|Leaf Storm|p1a: Ariados","|-resisted|p1a: Ariados","|-damage|p1a: Ariados|216/281 par","|-boost|p2a: Serperior|spa|2","|-damage|p2a: Serperior|262/291|[from] item: Life Orb","|cant|p1a: Ariados|par","|","|turn|17","|","|move|p2a: Serperior|Substitute|p2a: Serperior","|-start|p2a: Serperior|Substitute","|-damage|p2a: Serperior|190/291","|cant|p1a: Ariados|par","|","|turn|18","|","|switch|p1a: Crobat|Crobat, M|373/373","|move|p2a: Serperior|Hidden Power|p1a: Crobat","|-damage|p1a: Crobat|213/373","|-damage|p2a: Serperior|161/291|[from] item: Life Orb","|","|turn|19","|","|move|p2a: Serperior|Dragon Pulse|p1a: Crobat","|-damage|p1a: Crobat|0 fnt","|-damage|p2a: Serperior|132/291|[from] item: Life Orb","|faint|p1a: Crobat","|","|","|switch|p1a: Ariados|Ariados, M|216/281 par","|turn|20","|","|move|p1a: Ariados|Sucker Punch|p2a: Serperior","|-activate|p2a: Serperior|Substitute|[damage]","|move|p2a: Serperior|Hidden Power|p1a: Ariados","|-supereffective|p1a: Ariados","|-damage|p1a: Ariados|0 fnt","|-damage|p2a: Serperior|103/291|[from] item: Life Orb","|faint|p1a: Ariados","|","|","|switch|p1a: Venusaur|Venusaur, F|363/363","|turn|21","|","|move|p2a: Serperior|Dragon Pulse|p1a: Venusaur","|-damage|p1a: Venusaur|236/363","|-damage|p2a: Serperior|74/291|[from] item: Life Orb","|move|p1a: Venusaur|Giga Drain|p2a: Serperior","|-resisted|p2a: Serperior","|-end|p2a: Serperior|Substitute","|-heal|p1a: Venusaur|242/363|[from] drain|[of] p2a: Serperior","|","|turn|22","|","|move|p2a: Serperior|Hidden Power|p1a: Venusaur","|-supereffective|p1a: Venusaur","|-damage|p1a: Venusaur|60/363","|-damage|p2a: Serperior|45/291|[from] item: Life Orb","|move|p1a: Venusaur|Giga Drain|p2a: Serperior","|-resisted|p2a: Serperior","|-damage|p2a: Serperior|0 fnt","|-heal|p1a: Venusaur|90/363|[from] drain|[of] p2a: Serperior","|faint|p2a: Serperior","|","|","|switch|p2a: Breloom|Breloom, F|261/261","|-activate|p2a: Breloom|move: Sticky Web","|-unboost|p2a: Breloom|spe|1","|turn|23","|","|move|p1a: Venusaur|Giga Drain|p2a: Breloom","|-resisted|p2a: Breloom","|-damage|p2a: Breloom|169/261","|-heal|p1a: Venusaur|150/363|[from] drain|[of] p2a: Breloom","|move|p2a: Breloom|Swords Dance|p2a: Breloom","|-boost|p2a: Breloom|atk|2","|","|turn|24","|","|move|p2a: Breloom|Mach Punch|p1a: Venusaur","|-resisted|p1a: Venusaur","|-damage|p1a: Venusaur|21/363","|move|p1a: Venusaur|Giga Drain|p2a: Breloom","|-resisted|p2a: Breloom","|-damage|p2a: Breloom|64/261","|-heal|p1a: Venusaur|90/363|[from] drain|[of] p2a: Breloom","|","|turn|25","|","|move|p2a: Breloom|Mach Punch|p1a: Venusaur","|-resisted|p1a: Venusaur","|-damage|p1a: Venusaur|0 fnt","|faint|p1a: Venusaur","|","|","|switch|p1a: Skuntank|Skuntank, M|409/409 par","|turn|26","|","|-singleturn|p2a: Breloom|move: Focus Punch","|move|p1a: Skuntank|Poison Jab|p2a: Breloom","|-supereffective|p2a: Breloom","|-damage|p2a: Breloom|0 fnt","|faint|p2a: Breloom","|","|","|switch|p2a: Venusaur|Venusaur, M|363/363","|-activate|p2a: Venusaur|move: Sticky Web","|-unboost|p2a: Venusaur|spe|1","|turn|27","|","|detailschange|p2a: Venusaur|Venusaur-Mega, M","|-mega|p2a: Venusaur|Venusaur|Venusaurite","|move|p2a: Venusaur|Leech Seed|p1a: Skuntank","|-start|p1a: Skuntank|move: Leech Seed","|move|p1a: Skuntank|Thief|p2a: Venusaur","|-damage|p2a: Venusaur|291/363","|","|-damage|p1a: Skuntank|358/409 par|[from] Leech Seed|[of] p2a: Venusaur","|-heal|p2a: Venusaur|342/363|[silent]","|turn|28","|","|switch|p1a: Nidoking|Nidoking, M|229/303","|move|p2a: Venusaur|Giga Drain|p1a: Nidoking","|-damage|p1a: Nidoking|93/303","|-heal|p2a: Venusaur|363/363|[from] drain|[of] p1a: Nidoking","|","|turn|29","|","|move|p1a: Nidoking|Sludge Wave|p2a: Venusaur","|-crit|p2a: Venusaur","|-damage|p2a: Venusaur|124/363","|move|p2a: Venusaur|Giga Drain|p1a: Nidoking","|-crit|p1a: Nidoking","|-damage|p1a: Nidoking|0 fnt","|-heal|p2a: Venusaur|171/363|[from] drain|[of] p1a: Nidoking","|faint|p1a: Nidoking","|","|","|switch|p1a: Skuntank|Skuntank, M|358/409 par","|turn|30","|","|move|p2a: Venusaur|Leech Seed|p1a: Skuntank","|-start|p1a: Skuntank|move: Leech Seed","|cant|p1a: Skuntank|par","|","|-damage|p1a: Skuntank|307/409 par|[from] Leech Seed|[of] p2a: Venusaur","|-heal|p2a: Venusaur|222/363|[silent]","|turn|31","|","|move|p2a: Venusaur|Synthesis|p2a: Venusaur","|-heal|p2a: Venusaur|363/363","|move|p1a: Skuntank|Poison Jab|p2a: Venusaur","|-crit|p2a: Venusaur","|-damage|p2a: Venusaur|227/363","|","|-damage|p1a: Skuntank|256/409 par|[from] Leech Seed|[of] p2a: Venusaur","|-heal|p2a: Venusaur|278/363|[silent]","|turn|32","|","|cant|p1a: Skuntank|par","|move|p2a: Venusaur|Sludge Bomb|p1a: Skuntank","|-resisted|p1a: Skuntank","|-damage|p1a: Skuntank|159/409 par","|","|-damage|p1a: Skuntank|108/409 par|[from] Leech Seed|[of] p2a: Venusaur","|-heal|p2a: Venusaur|329/363|[silent]","|turn|33","|","|cant|p1a: Skuntank|par","|move|p2a: Venusaur|Synthesis|p2a: Venusaur","|-heal|p2a: Venusaur|363/363","|","|-damage|p1a: Skuntank|57/409 par|[from] Leech Seed|[of] p2a: Venusaur","|turn|34","|","|move|p1a: Skuntank|Snatch|p1a: Skuntank","|-singleturn|p1a: Skuntank|Snatch","|move|p2a: Venusaur|Sludge Bomb|p1a: Skuntank","|-resisted|p1a: Skuntank","|-damage|p1a: Skuntank|0 fnt","|faint|p1a: Skuntank","|","|win|The Emblem"],"p1rating":{"entryid":9966,"formatid":"monotype","userid":"guardwanderer","username":"Guard Wanderer","r":1500,"rd":130,"sigma":0,"rpr":1459.8393856612,"rprd":122.8583080769,"rpsigma":0,"rptime":1439802000,"w":0,"l":1,"t":0,"gxe":45,"acre":1000,"lacre":1000,"oldacre":1000},"p2rating":{"entryid":9967,"formatid":"monotype","userid":"theemblem","username":"The Emblem","r":1500,"rd":130,"sigma":0,"rpr":1540.1606143388,"rprd":122.8583080769,"rpsigma":0,"rptime":1439802000,"w":1,"l":0,"t":0,"gxe":55,"acre":1040,"lacre":1040,"oldacre":1000},"endType":"normal"}