{"seed":[9207,26079,31878,29997],"turns":38,"p1":"ThunderDriver","p2":"Dusk Limstella","p1team":[{"name":"Tyranitar","species":"Tyranitar","item":"tyranitarite","ability":"Sand Stream","moves":["dragondance","stoneedge","icepunch","firepunch"],"nature":"Adamant","evs":{"hp":0,"atk":252,"def":0,"spa":0,"spd":4,"spe":252},"ivs":{"hp":31,"atk":31,"def":31,"spa":31,"spd":31,"spe":31}},{"name":"Weavile","species":"Weavile","item":"lifeorb","ability":"Pressure","moves":["knockoff","brickbreak","iciclecrash","iceshard"],"nature":"Jolly","evs":{"hp":0,"atk":252,"def":0,"spa":0,"spd":4,"spe":252},"ivs":{"hp":31,"atk":31,"def":31,"spa":31,"spd":31,"spe":31}},{"name":"Mandibuzz","species":"Mandibuzz","item":"leftovers","ability":"Overcoat","moves":["toxic","defog","roost","bravebird"],"nature":"Impish","evs":{"hp":252,"atk":4,"def":252,"spa":0,"spd":0,"spe":0},"ivs":{"hp":31,"atk":31,"def":31,"spa":31,"spd":31,"spe":31}},{"name":"Sharpedo","species":"Sharpedo","item":"lifeorb","ability":"Speed Boost","moves":["protect","icefang","crunch","aquajet"],"nature":"Adamant","evs":{"hp":0,"atk":252,"def":0,"spa":0,"spd":4,"spe":252},"ivs":{"hp":31,"atk":31,"def":31,"spa":31,"spd":31,"spe":31}},{"name":"Krookodile","species":"Krookodile","item":"choicescarf","ability":"Moxie","moves":["pursuit","knockoff","earthquake","stoneedge"],"nature":"Jolly","evs":{"hp":0,"atk":252,"def":0,"spa":0,"spd":4,"spe":252},"ivs":{"hp":31,"atk":31,"def":31,"spa":31,"spd":31,"spe":31}},{"name":"Drapion","species":"Drapion","item":"blacksludge","ability":"Battle Armor","moves":["toxicspikes","crosspoison","aquatail","xscissor"],"nature":"Adamant","evs":{"hp":252,"atk":252,"def":0,"spa":0,"spd":4,"spe":0},"ivs":{"hp":31,"atk":31,"def":31,"spa":31,"spd":31,"spe":31}}],"p2team":[{"name":"Limstella","species":"togekiss","item":"leftovers","ability":"Serene Grace","moves":["airslash","ancientpower","defog","thunderwave"],"nature":"Timid","evs":{"hp":0,"atk":0,"def":0,"spa":252,"spd":0,"spe":252},"gender":"F","shiny":true,"ivs":{"hp":31,"atk":31,"def":31,"spa":31,"spd":31,"spe":31}},{"name":"Gardevoir","species":"Gardevoir","item":"choicescarf","ability":"Synchronize","moves":["shadowball","psyshock","thunderbolt","moonblast"],"nature":"Timid","evs":{"hp":0,"atk":0,"def":0,"spa":252,"spd":0,"spe":252},"ivs":{"hp":31,"atk":31,"def":31,"spa":31,"spd":31,"spe":31}},{"name":"Sylveon","species":"Sylveon","item":"pixieplate","ability":"Pixilate","moves":["calmmind","drainingkiss","wish","yawn"],"nature":"Bold","evs":{"hp":248,"atk":0,"def":252,"spa":8,"spd":0,"spe":0},"gender":"F","shiny":true,"ivs":{"hp":31,"atk":31,"def":31,"spa":31,"spd":31,"spe":31}},{"name":"Klefki","species":"Klefki","item":"redcard","ability":"Prankster","moves":["spikes","lightscreen","reflect","safeguard"],"nature":"Calm","evs":{"hp":248,"atk":0,"def":8,"spa":0,"spd":252,"spe":0},"ivs":{"hp":31,"atk":31,"def":31,"spa":31,"spd":31,"spe":31}},{"name":"Florges","species":"Florges","item":"leftovers","ability":"Flower Veil","moves":["aromatherapy","toxic","moonblast","synthesis"],"nature":"Calm","evs":{"hp":4,"atk":0,"def":0,"spa":252,"spd":252,"spe":0},"ivs":{"hp":31,"atk":31,"def":31,"spa":31,"spd":31,"spe":31}},{"name":"Slurpuff","species":"Slurpuff","item":"salacberry","ability":"Unburden","moves":["wish","bellydrum","playrough","substitute"],"nature":"Jolly","evs":{"hp":244,"atk":12,"def":0,"spa":0,"spd":0,"spe":252},"gender":"F","ivs":{"hp":31,"atk":31,"def":31,"spa":31,"spd":31,"spe":31}}],"log":["|player|p1|ThunderDriver|thunderdriver.gif","|player|p2|Dusk Limstella|192","|gametype|singles","|gen|6","|tier|Monotype","|rated","|rule|Baton Pass Clause: Limit one Baton Passer, can't pass Spe and other stats simultaneously","|rule|Swagger Clause: Swagger is banned","|rule|Same Type Clause: Pokémon in a team must share a type","|clearpoke","|poke|p1|Tyranitar, M","|poke|p1|Weavile, M","|poke|p1|Mandibuzz, F","|poke|p1|Sharpedo, M","|poke|p1|Krookodile, F","|poke|p1|Drapion, M","|poke|p2|Togekiss, F, shiny","|poke|p2|Gardevoir, M","|poke|p2|Sylveon, F, shiny","|poke|p2|Klefki, M","|poke|p2|Florges, F","|poke|p2|Slurpuff, F","|rule|Sleep Clause Mod: Limit one foe put to sleep","|rule|Species Clause: Limit one of each Pokémon","|rule|OHKO Clause: OHKO moves are banned","|rule|Moody Clause: Moody is banned","|rule|Evasion Moves Clause: Evasion moves are banned","|rule|Endless Battle Clause: Forcing endless battles is banned","|rule|HP Percentage Mod: HP is shown in percentages","|teampreview","|","|start","|switch|p1a: Drapion|Drapion, M|344/344","|switch|p2a: Klefki|Klefki, M|317/317","|turn|1","|","|move|p2a: Klefki|Reflect|p2a: Klefki","|-sidestart|p2: Dusk Limstella|Reflect","|move|p1a: Drapion|Toxic Spikes|p2a: Klefki","|-sidestart|p2: Dusk Limstella|move: Toxic Spikes","|","|turn|2","|","|move|p2a: Klefki|Spikes|p1a: Drapion","|-sidestart|p1: ThunderDriver|Spikes","|move|p1a: Drapion|Toxic Spikes|p2a: Klefki","|-sidestart|p2: Dusk Limstella|move: Toxic Spikes","|","|turn|3","|","|move|p2a: Klefki|Spikes|p1a: Drapion","|-sidestart|p1: ThunderDriver|Spikes","|move|p1a: Drapion|Aqua Tail|p2a: Klefki","|-damage|p2a: Klefki|267/317","|-enditem|p2a: Klefki|Red Card|[of] p1a: Drapion","|drag|p1a: Mandibuzz|Mandibuzz, F|424/424","|","|turn|4","|","|move|p2a: Klefki|Spikes|p1a: Mandibuzz","|-sidestart|p1: ThunderDriver|Spikes","|move|p1a: Mandibuzz|Defog|p2a: Klefki","|-unboost|p2a: Klefki|evasion|1","|-sideend|p2: Dusk Limstella|Reflect","|-sideend|p2: Dusk Limstella|Toxic Spikes|[from] move: Defog|[of] p2a: Klefki","|-sideend|p1: ThunderDriver|Spikes|[from] move: Defog|[of] p1a: Mandibuzz","|","|turn|5","|","|switch|p1a: Tyranitar|Tyranitar, M|341/341","|-weather|Sandstorm","|move|p2a: Klefki|Safeguard|p2a: Klefki","|-sidestart|p2: Dusk Limstella|Safeguard","|","|-weather|Sandstorm|[upkeep]","|turn|6","|","|detailschange|p1a: Tyranitar|Tyranitar-Mega, M","|-mega|p1a: Tyranitar|Tyranitar|Tyranitarite","|move|p2a: Klefki|Spikes|p1a: Tyranitar","|-sidestart|p1: ThunderDriver|Spikes","|move|p1a: Tyranitar|Dragon Dance|p1a: Tyranitar","|-boost|p1a: Tyranitar|atk|1","|-boost|p1a: Tyranitar|spe|1","|","|-weather|Sandstorm|[upkeep]","|turn|7","|","|move|p2a: Klefki|Reflect|p2a: Klefki","|-sidestart|p2: Dusk Limstella|Reflect","|move|p1a: Tyranitar|Fire Punch|p2a: Klefki","|-supereffective|p2a: Klefki","|-damage|p2a: Klefki|73/317","|","|-weather|Sandstorm|[upkeep]","|turn|8","|","|switch|p2a: Sylveon|Sylveon, F, shiny|393/393","|move|p1a: Tyranitar|Fire Punch|p2a: Sylveon","|-damage|p2a: Sylveon|307/393","|","|-weather|Sandstorm|[upkeep]","|-damage|p2a: Sylveon|283/393|[from] sandstorm","|turn|9","|","|move|p1a: Tyranitar|Stone Edge|p2a: Sylveon","|-damage|p2a: Sylveon|124/393","|move|p2a: Sylveon|Yawn|p1a: Tyranitar","|-start|p1a: Tyranitar|move: Yawn|[of] p2a: Sylveon","|","|-weather|none","|-sideend|p2: Dusk Limstella|Safeguard","|turn|10","|","|switch|p1a: Mandibuzz|Mandibuzz, F|424/424","|switch|p2a: Klefki|Klefki, M|73/317","|","|turn|11","|","|switch|p2a: Slurpuff|Slurpuff, F|366/366","|move|p1a: Mandibuzz|Defog|p2a: Slurpuff","|-unboost|p2a: Slurpuff|evasion|1","|-sideend|p2: Dusk Limstella|Reflect","|-sideend|p1: ThunderDriver|Spikes|[from] move: Defog|[of] p1a: Mandibuzz","|","|turn|12","|","|move|p2a: Slurpuff|Wish|p2a: Slurpuff","|move|p1a: Mandibuzz|Toxic|p2a: Slurpuff","|-status|p2a: Slurpuff|tox","|","|-damage|p2a: Slurpuff|344/366 tox|[from] psn","|turn|13","|","|switch|p2a: Klefki|Klefki, M|73/317","|switch|p1a: Krookodile|Krookodile, F|331/331","|","|-heal|p2a: Klefki|256/317|[from] move: Wish|[wisher] Slurpuff","|turn|14","|","|move|p2a: Klefki|Reflect|p2a: Klefki","|-sidestart|p2: Dusk Limstella|Reflect","|move|p1a: Krookodile|Knock Off|p2a: Klefki","|-resisted|p2a: Klefki","|-damage|p2a: Klefki|228/317","|","|turn|15","|","|switch|p1a: Sharpedo|Sharpedo, M|281/281","|move|p2a: Klefki|Safeguard|p2a: Klefki","|-sidestart|p2: Dusk Limstella|Safeguard","|","|turn|16","|","|switch|p2a: Limstella|Togekiss, F, shiny|311/311","|move|p1a: Sharpedo|Ice Fang|p2a: Limstella","|-supereffective|p2a: Limstella","|-damage|p2a: Limstella|206/311","|-damage|p1a: Sharpedo|253/281|[from] item: Life Orb","|","|-heal|p2a: Limstella|225/311|[from] item: Leftovers","|-boost|p1a: Sharpedo|spe|1|[from] ability: Speed Boost","|turn|17","|","|move|p1a: Sharpedo|Protect|p1a: Sharpedo","|-singleturn|p1a: Sharpedo|Protect","|move|p2a: Limstella|Thunder Wave|p1a: Sharpedo","|-activate|p1a: Sharpedo|Protect","|","|-heal|p2a: Limstella|244/311|[from] item: Leftovers","|-boost|p1a: Sharpedo|spe|1|[from] ability: Speed Boost","|turn|18","|","|move|p1a: Sharpedo|Ice Fang|p2a: Limstella","|-supereffective|p2a: Limstella","|-damage|p2a: Limstella|141/311","|-damage|p1a: Sharpedo|225/281|[from] item: Life Orb","|move|p2a: Limstella|Air Slash|p1a: Sharpedo","|-damage|p1a: Sharpedo|0 fnt","|faint|p1a: Sharpedo","|","|-heal|p2a: Limstella|160/311|[from] item: Leftovers","|-sideend|p2: Dusk Limstella|Reflect","|","|switch|p1a: Tyranitar|Tyranitar-Mega, M|341/341","|-weather|Sandstorm","|turn|19","|","|switch|p2a: Klefki|Klefki, M|228/317","|move|p1a: Tyranitar|Dragon Dance|p1a: Tyranitar","|-boost|p1a: Tyranitar|atk|1","|-boost|p1a: Tyranitar|spe|1","|","|-weather|Sandstorm|[upkeep]","|-sideend|p2: Dusk Limstella|Safeguard","|turn|20","|","|move|p2a: Klefki|Reflect|p2a: Klefki","|-sidestart|p2: Dusk Limstella|Reflect","|move|p1a: Tyranitar|Fire Punch|p2a: Klefki","|-supereffective|p2a: Klefki","|-damage|p2a: Klefki|32/317","|","|-weather|Sandstorm|[upkeep]","|turn|21","|","|switch|p2a: Slurpuff|Slurpuff, F|344/366 tox","|move|p1a: Tyranitar|Fire Punch|p2a: Slurpuff","|-damage|p2a: Slurpuff|249/366 tox","|","|-weather|Sandstorm|[upkeep]","|-damage|p2a: Slurpuff|227/366 tox|[from] sandstorm","|-damage|p2a: Slurpuff|205/366 tox|[from] psn","|turn|22","|","|move|p1a: Tyranitar|Stone Edge|p2a: Slurpuff|[miss]","|-miss|p1a: Tyranitar|p2a: Slurpuff","|move|p2a: Slurpuff|Wish|p2a: Slurpuff","|","|-weather|Sandstorm|[upkeep]","|-damage|p2a: Slurpuff|183/366 tox|[from] sandstorm","|-damage|p2a: Slurpuff|139/366 tox|[from] psn","|turn|23","|","|switch|p2a: Sylveon|Sylveon, F, shiny|124/393","|move|p1a: Tyranitar|Fire Punch|p2a: Sylveon","|-damage|p2a: Sylveon|43/393","|","|-weather|none","|-heal|p2a: Sylveon|226/393|[from] move: Wish|[wisher] Slurpuff","|turn|24","|","|move|p1a: Tyranitar|Stone Edge|p2a: Sylveon","|-damage|p2a: Sylveon|72/393","|move|p2a: Sylveon|Yawn|p1a: Tyranitar","|-start|p1a: Tyranitar|move: Yawn|[of] p2a: Sylveon","|","|-sideend|p2: Dusk Limstella|Reflect","|turn|25","|","|switch|p1a: Drapion|Drapion, M|344/344","|move|p2a: Sylveon|Wish|p2a: Sylveon","|","|turn|26","|","|move|p1a: Drapion|Aqua Tail|p2a: Sylveon|[miss]","|-miss|p1a: Drapion|p2a: Sylveon","|move|p2a: Sylveon|Calm Mind|p2a: Sylveon","|-boost|p2a: Sylveon|spa|1","|-boost|p2a: Sylveon|spd|1","|","|-heal|p2a: Sylveon|268/393|[from] move: Wish|[wisher] Sylveon","|turn|27","|","|move|p1a: Drapion|Cross Poison|p2a: Sylveon","|-supereffective|p2a: Sylveon","|-damage|p2a: Sylveon|68/393","|move|p2a: Sylveon|Wish|p2a: Sylveon","|","|turn|28","|","|switch|p2a: Klefki|Klefki, M|32/317","|move|p1a: Drapion|Aqua Tail|p2a: Klefki","|-damage|p2a: Klefki|0 fnt","|faint|p2a: Klefki","|","|","|switch|p2a: Limstella|Togekiss, F, shiny|160/311","|turn|29","|","|move|p2a: Limstella|Air Slash|p1a: Drapion","|-damage|p1a: Drapion|176/344","|move|p1a: Drapion|Cross Poison|p2a: Limstella","|-supereffective|p2a: Limstella","|-damage|p2a: Limstella|0 fnt","|faint|p2a: Limstella","|","|-heal|p1a: Drapion|197/344|[from] item: Black Sludge","|","|switch|p2a: Gardevoir|Gardevoir, M|277/277","|turn|30","|","|move|p2a: Gardevoir|Moonblast|p1a: Drapion","|-damage|p1a: Drapion|0 fnt","|faint|p1a: Drapion","|","|","|switch|p1a: Tyranitar|Tyranitar-Mega, M|341/341","|-weather|Sandstorm","|turn|31","|","|move|p2a: Gardevoir|Moonblast|p1a: Tyranitar","|-supereffective|p1a: Tyranitar","|-damage|p1a: Tyranitar|161/341","|move|p1a: Tyranitar|Dragon Dance|p1a: Tyranitar","|-boost|p1a: Tyranitar|atk|1","|-boost|p1a: Tyranitar|spe|1","|","|-weather|Sandstorm|[upkeep]","|-damage|p2a: Gardevoir|260/277|[from] sandstorm","|turn|32","|","|move|p2a: Gardevoir|Moonblast|p1a: Tyranitar","|-supereffective|p1a: Tyranitar","|-damage|p1a: Tyranitar|0 fnt","|faint|p1a: Tyranitar","|","|-weather|Sandstorm|[upkeep]","|-damage|p2a: Gardevoir|243/277|[from] sandstorm","|","|switch|p1a: Krookodile|Krookodile, F|331/331","|turn|33","|","|switch|p2a: Sylveon|Sylveon, F, shiny|68/393","|move|p1a: Krookodile|Stone Edge|p2a: Sylveon","|-damage|p2a: Sylveon|0 fnt","|faint|p2a: Sylveon","|-boost|p1a: Krookodile|atk|1|[from] ability: Moxie","|","|-weather|Sandstorm|[upkeep]","|","|switch|p2a: Florges|Florges, F|298/298","|turn|34","|","|move|p1a: Krookodile|Stone Edge|p2a: Florges","|-damage|p2a: Florges|53/298","|move|p2a: Florges|Moonblast|p1a: Krookodile","|-supereffective|p1a: Krookodile","|-damage|p1a: Krookodile|0 fnt","|faint|p1a: Krookodile","|","|-weather|Sandstorm|[upkeep]","|-damage|p2a: Florges|35/298|[from] sandstorm","|-heal|p2a: Florges|53/298|[from] item: Leftovers","|","|switch|p1a: Weavile|Weavile, M|281/281","|-ability|p1a: Weavile|Pressure","|turn|35","|","|move|p1a: Weavile|Icicle Crash|p2a: Florges","|-damage|p2a: Florges|0 fnt","|-damage|p1a: Weavile|253/281|[from] item: Life Orb","|faint|p2a: Florges","|","|-weather|none","|","|switch|p2a: Slurpuff|Slurpuff, F|139/366 tox","|turn|36","|","|move|p1a: Weavile|Icicle Crash|p2a: Slurpuff","|-damage|p2a: Slurpuff|0 fnt","|-damage|p1a: Weavile|225/281|[from] item: Life Orb","|faint|p2a: Slurpuff","|","|","|switch|p2a: Gardevoir|Gardevoir, M|243/277","|turn|37","|","|move|p2a: Gardevoir|Moonblast|p1a: Weavile","|-supereffective|p1a: Weavile","|-damage|p1a: Weavile|0 fnt","|faint|p1a: Weavile","|","|","|switch|p1a: Mandibuzz|Mandibuzz, F|424/424","|turn|38","|","|move|p2a: Gardevoir|Moonblast|p1a: Mandibuzz","|-crit|p1a: Mandibuzz","|-supereffective|p1a: Mandibuzz","|-damage|p1a: Mandibuzz|0 fnt","|faint|p1a: Mandibuzz","|","|win|Dusk Limstella"],"p1rating":{"entryid":"5967765","serverid":"eos","formatid":"monotype","userid":"thunderdriver","username":"ThunderDriver","w":"25","l":25,"t":"0","gxe":49,"r":"1509.7022689325","rd":"59.723175144186","sigma":"0","rptime":"1439802000","rpr":1492.0575453952,"rprd":58.144552366021,"rpsigma":"0","acre":1019.5935470223,"lacre":1019.5935470223,"oldacre":"1033.665202668"},"p2rating":{"entryid":"6490530","serverid":"eos","formatid":"monotype","userid":"dusklimstella","username":"Dusk Limstella","w":6,"l":"5","t":"0","gxe":51.5,"r":"1510.9703135858","rd":"102.50340439371","sigma":"0","rptime":"1439802000","rpr":1511.6908032685,"rprd":95.240223492779,"rpsigma":"0","acre":1085.7850959238,"lacre":1085.7850959238,"oldacre":"1056.2778286995"},"endType":"normal"}