{"seed":[28549,25767,37727,19471],"turns":28,"p1":"Knight Aura","p2":"Imp❇ Jk","p1team":[{"name":"Medicham","species":"Medicham","item":"medichamite","ability":"Pure Power","moves":["fakeout","bulletpunch","highjumpkick","psychocut"],"nature":"Jolly","evs":{"hp":0,"atk":252,"def":4,"spa":0,"spd":0,"spe":252},"ivs":{"hp":31,"atk":31,"def":31,"spa":31,"spd":31,"spe":31}},{"name":"Cobalion","species":"Cobalion","item":"leftovers","ability":"Justified","moves":["thunderwave","stealthrock","ironhead","roar"],"nature":"Impish","evs":{"hp":252,"atk":0,"def":224,"spa":0,"spd":32,"spe":0},"ivs":{"hp":31,"atk":31,"def":31,"spa":31,"spd":31,"spe":31}},{"name":"Conkeldurr","species":"Conkeldurr","item":"assaultvest","ability":"Guts","moves":["machpunch","drainpunch","icepunch","knockoff"],"nature":"Adamant","evs":{"hp":248,"atk":252,"def":0,"spa":0,"spd":8,"spe":0},"ivs":{"hp":31,"atk":31,"def":31,"spa":31,"spd":31,"spe":31}},{"name":"Terrakion","species":"Terrakion","item":"choicescarf","ability":"Justified","moves":["closecombat","stoneedge","ironhead","earthquake"],"nature":"Jolly","evs":{"hp":0,"atk":252,"def":0,"spa":0,"spd":4,"spe":252},"ivs":{"hp":31,"atk":31,"def":31,"spa":31,"spd":31,"spe":31}},{"name":"Keldeo","species":"Keldeo","item":"choicespecs","ability":"Justified","moves":["hydropump","secretsword","icywind","hiddenpowerflying"],"nature":"Timid","evs":{"hp":4,"atk":0,"def":0,"spa":252,"spd":0,"spe":252},"ivs":{"hp":30,"atk":30,"def":30,"spa":30,"spd":30,"spe":31}},{"name":"Toxicroak","species":"Toxicroak","item":"lifeorb","ability":"Dry Skin","moves":["gunkshot","drainpunch","icepunch","suckerpunch"],"nature":"Jolly","evs":{"hp":0,"atk":252,"def":0,"spa":0,"spd":4,"spe":252},"ivs":{"hp":31,"atk":31,"def":31,"spa":31,"spd":31,"spe":31}}],"p2team":[{"name":"toges.copy","species":"cobalion","item":"leftovers","ability":"Justified","moves":["stealthrock","taunt","ironhead","thunderwave"],"nature":"Impish","evs":{"hp":252,"atk":0,"def":212,"spa":0,"spd":0,"spe":44},"ivs":{"hp":31,"atk":31,"def":31,"spa":31,"spd":31,"spe":31}},{"name":"beyblade","species":"hitmontop","item":"assaultvest","ability":"Intimidate","moves":["endeavor","highjumpkick","suckerpunch","rapidspin"],"nature":"Careful","evs":{"hp":252,"atk":0,"def":16,"spa":0,"spd":240,"spe":0},"ivs":{"hp":31,"atk":31,"def":31,"spa":31,"spd":31,"spe":31}},{"name":"the.punk","species":"scrafty","item":"leftovers","ability":"Shed Skin","moves":["crunch","drainpunch","bulkup","icepunch"],"nature":"Careful","evs":{"hp":252,"atk":4,"def":0,"spa":0,"spd":252,"spe":0},"ivs":{"hp":31,"atk":31,"def":31,"spa":31,"spd":31,"spe":31}},{"name":"diddy.kong","species":"infernape","item":"focussash","ability":"Blaze","moves":["flamethrower","vacuumwave","encore","nastyplot"],"nature":"Timid","evs":{"hp":0,"atk":0,"def":0,"spa":252,"spd":0,"spe":252},"ivs":{"hp":31,"atk":31,"def":31,"spa":31,"spd":31,"spe":31}},{"name":"beetle.juice","species":"heracross","item":"heracronite","ability":"Moxie","moves":["bulletseed","rockblast","closecombat","pinmissile"],"nature":"Adamant","evs":{"hp":252,"atk":232,"def":24,"spa":0,"spd":0,"spe":0},"ivs":{"hp":31,"atk":31,"def":31,"spa":31,"spd":31,"spe":31}},{"name":"doggy","species":"terrakion","item":"choicescarf","ability":"Justified","moves":["earthquake","ironhead","stoneedge","closecombat"],"nature":"Adamant","evs":{"hp":0,"atk":252,"def":0,"spa":0,"spd":0,"spe":252},"ivs":{"hp":31,"atk":31,"def":31,"spa":31,"spd":31,"spe":31}}],"log":["|player|p1|Knight Aura|40","|player|p2|Imp❇ Jk|196","|gametype|singles","|gen|6","|tier|Monotype","|rated","|rule|Baton Pass Clause: Limit one Baton Passer, can't pass Spe and other stats simultaneously","|rule|Swagger Clause: Swagger is banned","|rule|Same Type Clause: Pokémon in a team must share a type","|clearpoke","|poke|p1|Medicham, M","|poke|p1|Cobalion","|poke|p1|Conkeldurr, F","|poke|p1|Terrakion","|poke|p1|Keldeo","|poke|p1|Toxicroak, F","|poke|p2|Cobalion","|poke|p2|Hitmontop, M","|poke|p2|Scrafty, M","|poke|p2|Infernape, F","|poke|p2|Heracross, F","|poke|p2|Terrakion","|rule|Sleep Clause Mod: Limit one foe put to sleep","|rule|Species Clause: Limit one of each Pokémon","|rule|OHKO Clause: OHKO moves are banned","|rule|Moody Clause: Moody is banned","|rule|Evasion Moves Clause: Evasion moves are banned","|rule|Endless Battle Clause: Forcing endless battles is banned","|rule|HP Percentage Mod: HP is shown in percentages","|teampreview","|","|start","|switch|p1a: Medicham|Medicham, M|261/261","|switch|p2a: beyblade|Hitmontop, M|304/304","|-ability|p2a: beyblade|Intimidate","|-unboost|p1a: Medicham|atk|1","|turn|1","|","|switch|p2a: toges.copy|Cobalion|386/386","|detailschange|p1a: Medicham|Medicham-Mega, M","|-mega|p1a: Medicham|Medicham|Medichamite","|move|p1a: Medicham|Fake Out|p2a: toges.copy","|-resisted|p2a: toges.copy","|-damage|p2a: toges.copy|369/386","|","|-heal|p2a: toges.copy|386/386|[from] item: Leftovers","|turn|2","|","|switch|p1a: Conkeldurr|Conkeldurr, F|413/413","|move|p2a: toges.copy|Thunder Wave|p1a: Conkeldurr","|-status|p1a: Conkeldurr|par","|","|turn|3","|","|switch|p2a: beetle.juice|Heracross, F|364/364","|move|p1a: Conkeldurr|Drain Punch|p2a: beetle.juice","|-resisted|p2a: beetle.juice","|-damage|p2a: beetle.juice|217/364","|","|turn|4","|","|detailschange|p2a: beetle.juice|Heracross-Mega, F","|-mega|p2a: beetle.juice|Heracross|Heracronite","|move|p2a: beetle.juice|Bullet Seed|p1a: Conkeldurr","|-damage|p1a: Conkeldurr|369/413 par","|-damage|p1a: Conkeldurr|325/413 par","|-damage|p1a: Conkeldurr|278/413 par","|-damage|p1a: Conkeldurr|237/413 par","|-damage|p1a: Conkeldurr|189/413 par","|-hitcount|p1a: Conkeldurr|5","|move|p1a: Conkeldurr|Ice Punch|p2a: beetle.juice","|-damage|p2a: beetle.juice|86/364","|","|turn|5","|","|cant|p1a: Conkeldurr|par","|move|p2a: beetle.juice|Bullet Seed|p1a: Conkeldurr","|-crit|p1a: Conkeldurr","|-damage|p1a: Conkeldurr|127/413 par","|-damage|p1a: Conkeldurr|83/413 par","|-crit|p1a: Conkeldurr","|-damage|p1a: Conkeldurr|13/413 par","|-damage|p1a: Conkeldurr|0 fnt","|-hitcount|p1a: Conkeldurr|4","|faint|p1a: Conkeldurr","|","|","|switch|p1a: Medicham|Medicham-Mega, M|261/261","|turn|6","|","|switch|p2a: beyblade|Hitmontop, M|304/304","|-ability|p2a: beyblade|Intimidate","|-unboost|p1a: Medicham|atk|1","|move|p1a: Medicham|Psycho Cut|p2a: beyblade","|-supereffective|p2a: beyblade","|-damage|p2a: beyblade|10/304","|","|turn|7","|","|move|p1a: Medicham|Bullet Punch|p2a: beyblade","|-damage|p2a: beyblade|0 fnt","|faint|p2a: beyblade","|","|","|switch|p2a: toges.copy|Cobalion|386/386","|turn|8","|","|switch|p1a: Cobalion|Cobalion|386/386","|move|p2a: toges.copy|Thunder Wave|p1a: Cobalion","|-status|p1a: Cobalion|par","|","|turn|9","|","|move|p2a: toges.copy|Stealth Rock|p1a: Cobalion","|-sidestart|p1: Knight Aura|move: Stealth Rock","|cant|p1a: Cobalion|par","|","|turn|10","|","|move|p2a: toges.copy|Taunt|p1a: Cobalion","|-start|p1a: Cobalion|move: Taunt","|cant|p1a: Cobalion|move: Taunt|Thunder Wave","|","|turn|11","|","|move|p2a: toges.copy|Iron Head|p1a: Cobalion","|-resisted|p1a: Cobalion","|-damage|p1a: Cobalion|359/386 par","|cant|p1a: Cobalion|flinch","|","|-heal|p1a: Cobalion|383/386 par|[from] item: Leftovers","|turn|12","|","|move|p2a: toges.copy|Iron Head|p1a: Cobalion","|-resisted|p1a: Cobalion","|-damage|p1a: Cobalion|357/386 par","|cant|p1a: Cobalion|flinch","|","|-heal|p1a: Cobalion|381/386 par|[from] item: Leftovers","|-end|p1a: Cobalion|move: Taunt","|turn|13","|","|switch|p1a: Keldeo|Keldeo|323/323","|-damage|p1a: Keldeo|303/323|[from] Stealth Rock","|move|p2a: toges.copy|Taunt|p1a: Keldeo","|-start|p1a: Keldeo|move: Taunt","|","|turn|14","|","|move|p1a: Keldeo|Secret Sword|p2a: toges.copy","|-supereffective|p2a: toges.copy","|-damage|p2a: toges.copy|108/386","|move|p2a: toges.copy|Thunder Wave|p1a: Keldeo","|-status|p1a: Keldeo|par","|","|-heal|p2a: toges.copy|132/386|[from] item: Leftovers","|turn|15","|","|switch|p2a: the.punk|Scrafty, M|334/334","|cant|p1a: Keldeo|par","|","|-end|p1a: Keldeo|move: Taunt","|turn|16","|","|move|p2a: the.punk|Drain Punch|p1a: Keldeo","|-damage|p1a: Keldeo|210/323 par","|cant|p1a: Keldeo|par","|","|turn|17","|","|move|p2a: the.punk|Bulk Up|p2a: the.punk","|-boost|p2a: the.punk|atk|1","|-boost|p2a: the.punk|def|1","|move|p1a: Keldeo|Secret Sword|p2a: the.punk","|-supereffective|p2a: the.punk","|-damage|p2a: the.punk|70/334","|","|-heal|p2a: the.punk|90/334|[from] item: Leftovers","|turn|18","|","|move|p2a: the.punk|Drain Punch|p1a: Keldeo","|-damage|p1a: Keldeo|86/323 par","|-heal|p2a: the.punk|152/334|[from] drain|[of] p1a: Keldeo","|move|p1a: Keldeo|Secret Sword|p2a: the.punk","|-supereffective|p2a: the.punk","|-damage|p2a: the.punk|0 fnt","|faint|p2a: the.punk","|","|","|switch|p2a: beetle.juice|Heracross-Mega, F|86/364","|turn|19","|","|move|p2a: beetle.juice|Bullet Seed|p1a: Keldeo","|-supereffective|p1a: Keldeo","|-damage|p1a: Keldeo|0 fnt","|-hitcount|p1a: Keldeo|1","|faint|p1a: Keldeo","|","|","|switch|p1a: Medicham|Medicham-Mega, M|261/261","|-damage|p1a: Medicham|245/261|[from] Stealth Rock","|turn|20","|","|switch|p2a: toges.copy|Cobalion|132/386","|move|p1a: Medicham|Psycho Cut|p2a: toges.copy","|-damage|p2a: toges.copy|0 fnt","|faint|p2a: toges.copy","|","|","|switch|p2a: diddy.kong|Infernape, F|293/293","|turn|21","|","|switch|p1a: Cobalion|Cobalion|381/386 par","|-damage|p1a: Cobalion|369/386 par|[from] Stealth Rock","|move|p2a: diddy.kong|Flamethrower|p1a: Cobalion","|-supereffective|p1a: Cobalion","|-damage|p1a: Cobalion|49/386 par","|","|-heal|p1a: Cobalion|73/386 par|[from] item: Leftovers","|turn|22","|","|move|p2a: diddy.kong|Flamethrower|p1a: Cobalion","|-supereffective|p1a: Cobalion","|-damage|p1a: Cobalion|0 fnt","|faint|p1a: Cobalion","|","|","|switch|p1a: Toxicroak|Toxicroak, F|307/307","|-damage|p1a: Toxicroak|288/307|[from] Stealth Rock","|turn|23","|","|move|p2a: diddy.kong|Flamethrower|p1a: Toxicroak","|-damage|p1a: Toxicroak|36/307","|move|p1a: Toxicroak|Gunk Shot|p2a: diddy.kong","|-enditem|p2a: diddy.kong|Focus Sash","|-damage|p2a: diddy.kong|1/293","|-damage|p1a: Toxicroak|6/307|[from] item: Life Orb","|","|turn|24","|","|move|p2a: diddy.kong|Vacuum Wave|p1a: Toxicroak","|-resisted|p1a: Toxicroak","|-damage|p1a: Toxicroak|0 fnt","|faint|p1a: Toxicroak","|","|","|switch|p1a: Medicham|Medicham-Mega, M|245/261","|-damage|p1a: Medicham|229/261|[from] Stealth Rock","|turn|25","|","|switch|p2a: beetle.juice|Heracross-Mega, F|86/364","|move|p1a: Medicham|Fake Out|p2a: beetle.juice","|-damage|p2a: beetle.juice|13/364","|","|turn|26","|","|move|p1a: Medicham|Bullet Punch|p2a: beetle.juice","|-damage|p2a: beetle.juice|0 fnt","|faint|p2a: beetle.juice","|","|","|switch|p2a: doggy|Terrakion|323/323","|turn|27","|","|move|p2a: doggy|Earthquake|p1a: Medicham","|-damage|p1a: Medicham|81/261","|move|p1a: Medicham|Psycho Cut|p2a: doggy","|-supereffective|p2a: doggy","|-damage|p2a: doggy|0 fnt","|faint|p2a: doggy","|","|","|switch|p2a: diddy.kong|Infernape, F|1/293","|turn|28","|","|move|p2a: diddy.kong|Vacuum Wave|p1a: Medicham","|-resisted|p1a: Medicham","|-damage|p1a: Medicham|44/261","|move|p1a: Medicham|Bullet Punch|p2a: diddy.kong","|-resisted|p2a: diddy.kong","|-damage|p2a: diddy.kong|0 fnt","|faint|p2a: diddy.kong","|","|win|Knight Aura"],"p1rating":{"entryid":"7693080","serverid":"eos","formatid":"monotype","userid":"knightaura","username":"Knight Aura","w":2,"l":"0","t":"0","gxe":57.9,"r":"1500","rd":"130","sigma":"0","rptime":"1439802000","rpr":1563.0895627661,"rprd":115.6018019733,"rpsigma":"0","acre":1092.8098835664,"lacre":1092.8098835664,"oldacre":"1053.0350415551"},"p2rating":{"entryid":"7537159","serverid":"eos","formatid":"monotype","userid":"impjk","username":"Imp❇ Jk","w":"13","l":16,"t":"0","gxe":43.3,"r":"1440.7132842412","rd":"65.290370195561","sigma":"0","rptime":"1439802000","rpr":1448.8252319361,"rprd":61.774638196339,"rpsigma":"0","acre":1107.5005430154,"lacre":1107.5005430154,"oldacre":"1138.5312498771"},"endType":"normal"}