{"seed":[53668,9514,62814,5370],"turns":33,"p1":"Twizz","p2":"M☆ster dinite","p1team":[{"name":"Magnezone","species":"Magnezone","item":"leftovers","ability":"Sturdy","moves":["flashcannon","thunderbolt","protect","hiddenpowerice"],"nature":"Modest","evs":{"hp":76,"atk":0,"def":180,"spa":252,"spd":0,"spe":0},"ivs":{"hp":31,"atk":30,"def":30,"spa":31,"spd":31,"spe":31}},{"name":"Zapdos","species":"Zapdos","item":"leftovers","ability":"Pressure","moves":["discharge","heatwave","toxic","roost"],"nature":"Bold","evs":{"hp":4,"atk":0,"def":252,"spa":56,"spd":196,"spe":0},"ivs":{"hp":31,"atk":31,"def":31,"spa":31,"spd":31,"spe":31}},{"name":"Ampharos","species":"Ampharos","item":"ampharosite","ability":"Static","moves":["cottonguard","rest","sleeptalk","dragonpulse"],"nature":"Bold","evs":{"hp":0,"atk":0,"def":252,"spa":136,"spd":120,"spe":0},"ivs":{"hp":31,"atk":31,"def":31,"spa":31,"spd":31,"spe":31}},{"name":"Raikou","species":"Raikou","item":"leftovers","ability":"Pressure","moves":["calmmind","substitute","thunderbolt","extrasensory"],"nature":"Timid","evs":{"hp":0,"atk":0,"def":0,"spa":252,"spd":4,"spe":252},"ivs":{"hp":31,"atk":31,"def":31,"spa":31,"spd":31,"spe":31}},{"name":"Rotom-Wash","species":"Rotom-Wash","item":"choicescarf","ability":"Levitate","moves":["voltswitch","hydropump","willowisp","trick"],"nature":"Timid","evs":{"hp":0,"atk":0,"def":0,"spa":252,"spd":4,"spe":252},"ivs":{"hp":31,"atk":31,"def":31,"spa":31,"spd":31,"spe":31}},{"name":"Condom","species":"eelektross","item":"assaultvest","ability":"Levitate","moves":["gigadrain","thunderbolt","drainpunch","knockoff"],"nature":"Quiet","evs":{"hp":3,"atk":136,"def":0,"spa":108,"spd":252,"spe":0},"ivs":{"hp":31,"atk":31,"def":31,"spa":31,"spd":31,"spe":31}}],"p2team":[{"name":"blazing dragon","species":"charizard","item":"charizarditex","ability":"Blaze","moves":["dragondance","dragonclaw","flareblitz","roost"],"nature":"Jolly","evs":{"hp":4,"atk":252,"def":0,"spa":0,"spd":0,"spe":252},"ivs":{"hp":31,"atk":31,"def":31,"spa":31,"spd":31,"spe":31}},{"name":"Landorus","species":"Landorus","item":"lifeorb","ability":"Sheer Force","moves":["earthpower","focusblast","psychic","hiddenpowerice"],"nature":"Modest","evs":{"hp":4,"atk":0,"def":0,"spa":252,"spd":0,"spe":252},"ivs":{"atk":30,"def":30,"hp":31,"spe":31,"spa":31,"spd":31}},{"name":"Thundurus-Therian","species":"Thundurus-Therian","item":"choicescarf","ability":"Volt Absorb","moves":["grassknot","thunderbolt","hiddenpowerice","focusblast"],"nature":"Timid","evs":{"hp":4,"atk":0,"def":0,"spa":252,"spd":0,"spe":252},"ivs":{"hp":31,"atk":30,"def":30,"spa":31,"spd":31,"spe":31}},{"name":"Skarmory","species":"Skarmory","item":"rockyhelmet","ability":"Sturdy","moves":["roost","defog","bravebird","whirlwind"],"nature":"Impish","evs":{"hp":252,"atk":0,"def":252,"spa":0,"spd":4,"spe":0},"ivs":{"hp":31,"atk":31,"def":31,"spa":31,"spd":31,"spe":31}},{"name":"Togekiss","species":"Togekiss","item":"leftovers","ability":"Serene Grace","moves":["flamethrower","airslash","thunderwave","roost"],"nature":"Timid","evs":{"hp":252,"atk":0,"def":4,"spa":252,"spd":0,"spe":0},"ivs":{"hp":31,"atk":31,"def":31,"spa":31,"spd":31,"spe":31}},{"name":"Dragonite","species":"Dragonite","item":"choiceband","ability":"Multiscale","moves":["outrage","extremespeed","firepunch","earthquake"],"nature":"Adamant","evs":{"hp":0,"atk":252,"def":4,"spa":0,"spd":0,"spe":252},"ivs":{"hp":31,"atk":31,"def":31,"spa":31,"spd":31,"spe":31}}],"log":["|player|p1|Twizz|264","|player|p2|M☆ster dinite|137","|gametype|singles","|gen|6","|tier|Monotype","|rated","|rule|Baton Pass Clause: Limit one Baton Passer, can't pass Spe and other stats simultaneously","|rule|Swagger Clause: Swagger is banned","|rule|Same Type Clause: Pokémon in a team must share a type","|clearpoke","|poke|p1|Magnezone","|poke|p1|Zapdos","|poke|p1|Ampharos, F","|poke|p1|Raikou","|poke|p1|Rotom-Wash","|poke|p1|Eelektross, M","|poke|p2|Charizard, F","|poke|p2|Landorus, M","|poke|p2|Thundurus-Therian, M","|poke|p2|Skarmory, M","|poke|p2|Togekiss, F","|poke|p2|Dragonite, M","|rule|Sleep Clause Mod: Limit one foe put to sleep","|rule|Species Clause: Limit one of each Pokémon","|rule|OHKO Clause: OHKO moves are banned","|rule|Moody Clause: Moody is banned","|rule|Evasion Moves Clause: Evasion moves are banned","|rule|Endless Battle Clause: Forcing endless battles is banned","|rule|HP Percentage Mod: HP is shown in percentages","|teampreview","|","|start","|switch|p1a: Rotom-Wash|Rotom-Wash|241/241","|switch|p2a: Togekiss|Togekiss, F|374/374","|turn|1","|","|move|p1a: Rotom-Wash|Volt Switch|p2a: Togekiss","|-supereffective|p2a: Togekiss","|-damage|p2a: Togekiss|180/374","|","|switch|p1a: Condom|Eelektross, M|311/311","|move|p2a: Togekiss|Air Slash|p1a: Condom","|-resisted|p1a: Condom","|-damage|p1a: Condom|273/311","|","|-heal|p2a: Togekiss|203/374|[from] item: Leftovers","|turn|2","|","|move|p2a: Togekiss|Roost|p2a: Togekiss","|-heal|p2a: Togekiss|374/374","|move|p1a: Condom|Thunderbolt|p2a: Togekiss","|-damage|p2a: Togekiss|259/374","|","|-heal|p2a: Togekiss|282/374|[from] item: Leftovers","|turn|3","|","|switch|p2a: Skarmory|Skarmory, M|334/334","|move|p1a: Condom|Knock Off|p2a: Skarmory","|-damage|p2a: Skarmory|275/334","|-damage|p1a: Condom|222/311|[from] item: Rocky Helmet|[of] p2a: Skarmory","|-enditem|p2a: Skarmory|Rocky Helmet|[from] move: Knock Off|[of] p1a: Condom","|","|turn|4","|","|move|p2a: Skarmory|Brave Bird|p1a: Condom","|-resisted|p1a: Condom","|-damage|p1a: Condom|146/311","|-damage|p2a: Skarmory|250/334|[from] recoil|[of] p1a: Condom","|move|p1a: Condom|Thunderbolt|p2a: Skarmory","|-supereffective|p2a: Skarmory","|-damage|p2a: Skarmory|0 fnt","|faint|p2a: Skarmory","|","|","|switch|p2a: blazing dragon|Charizard, F|298/298","|turn|5","|","|detailschange|p2a: blazing dragon|Charizard-Mega-X, F","|-mega|p2a: blazing dragon|Charizard|Charizardite X","|move|p2a: blazing dragon|Dragon Dance|p2a: blazing dragon","|-boost|p2a: blazing dragon|atk|1","|-boost|p2a: blazing dragon|spe|1","|move|p1a: Condom|Thunderbolt|p2a: blazing dragon","|-resisted|p2a: blazing dragon","|-damage|p2a: blazing dragon|223/298","|","|turn|6","|","|move|p2a: blazing dragon|Dragon Dance|p2a: blazing dragon","|-boost|p2a: blazing dragon|atk|1","|-boost|p2a: blazing dragon|spe|1","|move|p1a: Condom|Thunderbolt|p2a: blazing dragon","|-resisted|p2a: blazing dragon","|-damage|p2a: blazing dragon|148/298","|","|turn|7","|","|move|p2a: blazing dragon|Roost|p2a: blazing dragon","|-heal|p2a: blazing dragon|297/298","|move|p1a: Condom|Thunderbolt|p2a: blazing dragon","|-resisted|p2a: blazing dragon","|-damage|p2a: blazing dragon|217/298","|","|turn|8","|","|move|p2a: blazing dragon|Dragon Dance|p2a: blazing dragon","|-boost|p2a: blazing dragon|atk|1","|-boost|p2a: blazing dragon|spe|1","|move|p1a: Condom|Thunderbolt|p2a: blazing dragon","|-resisted|p2a: blazing dragon","|-damage|p2a: blazing dragon|135/298","|","|turn|9","|","|switch|p1a: Rotom-Wash|Rotom-Wash|241/241","|move|p2a: blazing dragon|Dragon Claw|p1a: Rotom-Wash","|-damage|p1a: Rotom-Wash|0 fnt","|faint|p1a: Rotom-Wash","|","|","|switch|p1a: Magnezone|Magnezone|300/300","|turn|10","|","|move|p2a: blazing dragon|Flare Blitz|p1a: Magnezone","|-supereffective|p1a: Magnezone","|-ability|p1a: Magnezone|Sturdy","|-damage|p1a: Magnezone|1/300","|-damage|p2a: blazing dragon|36/298|[from] recoil|[of] p1a: Magnezone","|move|p1a: Magnezone|Hidden Power|p2a: blazing dragon","|-damage|p2a: blazing dragon|0 fnt","|faint|p2a: blazing dragon","|","|-heal|p1a: Magnezone|19/300|[from] item: Leftovers","|","|switch|p2a: Dragonite|Dragonite, M|323/323","|turn|11","|","|move|p1a: Magnezone|Protect|p1a: Magnezone","|-singleturn|p1a: Magnezone|Protect","|move|p2a: Dragonite|Extreme Speed|p1a: Magnezone","|-activate|p1a: Magnezone|Protect","|","|-heal|p1a: Magnezone|37/300|[from] item: Leftovers","|turn|12","|","|move|p2a: Dragonite|Extreme Speed|p1a: Magnezone","|-resisted|p1a: Magnezone","|-damage|p1a: Magnezone|0 fnt","|faint|p1a: Magnezone","|","|","|switch|p1a: Zapdos|Zapdos|322/322","|-ability|p1a: Zapdos|Pressure","|turn|13","|","|switch|p2a: Togekiss|Togekiss, F|282/374","|move|p1a: Zapdos|Toxic|p2a: Togekiss","|-status|p2a: Togekiss|tox","|","|-heal|p2a: Togekiss|305/374 tox|[from] item: Leftovers","|-damage|p2a: Togekiss|282/374 tox|[from] psn","|turn|14","|","|switch|p1a: Condom|Eelektross, M|146/311","|move|p2a: Togekiss|Air Slash|p1a: Condom","|-resisted|p1a: Condom","|-damage|p1a: Condom|106/311","|","|-heal|p2a: Togekiss|305/374 tox|[from] item: Leftovers","|-damage|p2a: Togekiss|259/374 tox|[from] psn","|turn|15","|","|move|p2a: Togekiss|Flamethrower|p1a: Condom","|-damage|p1a: Condom|41/311","|move|p1a: Condom|Knock Off|p2a: Togekiss","|-resisted|p2a: Togekiss","|-damage|p2a: Togekiss|212/374 tox","|-enditem|p2a: Togekiss|Leftovers|[from] move: Knock Off|[of] p1a: Condom","|","|-damage|p2a: Togekiss|143/374 tox|[from] psn","|turn|16","|","|move|p2a: Togekiss|Flamethrower|p1a: Condom","|-damage|p1a: Condom|0 fnt","|faint|p1a: Condom","|","|-damage|p2a: Togekiss|51/374 tox|[from] psn","|","|switch|p1a: Raikou|Raikou|321/321","|-ability|p1a: Raikou|Pressure","|turn|17","|","|move|p1a: Raikou|Calm Mind|p1a: Raikou","|-boost|p1a: Raikou|spa|1","|-boost|p1a: Raikou|spd|1","|move|p2a: Togekiss|Flamethrower|p1a: Raikou","|-crit|p1a: Raikou","|-damage|p1a: Raikou|166/321","|-status|p1a: Raikou|brn","|","|-heal|p1a: Raikou|186/321 brn|[from] item: Leftovers","|-damage|p1a: Raikou|146/321 brn|[from] brn","|-damage|p2a: Togekiss|0 fnt|[from] psn","|faint|p2a: Togekiss","|","|switch|p2a: Landorus|Landorus, M|320/320","|turn|18","|","|move|p1a: Raikou|Extrasensory|p2a: Landorus","|-damage|p2a: Landorus|160/320","|move|p2a: Landorus|Earth Power|p1a: Raikou","|-supereffective|p1a: Raikou","|-damage|p1a: Raikou|0 fnt","|faint|p1a: Raikou","|","|","|switch|p1a: Zapdos|Zapdos|322/322","|-ability|p1a: Zapdos|Pressure","|turn|19","|","|move|p2a: Landorus|Hidden Power|p1a: Zapdos","|-supereffective|p1a: Zapdos","|-damage|p1a: Zapdos|158/322","|-damage|p2a: Landorus|128/320|[from] item: Life Orb","|move|p1a: Zapdos|Toxic|p2a: Landorus","|-status|p2a: Landorus|tox","|","|-heal|p1a: Zapdos|178/322|[from] item: Leftovers","|-damage|p2a: Landorus|108/320 tox|[from] psn","|turn|20","|","|move|p2a: Landorus|Hidden Power|p1a: Zapdos","|-supereffective|p1a: Zapdos","|-damage|p1a: Zapdos|12/322","|-damage|p2a: Landorus|76/320 tox|[from] item: Life Orb","|move|p1a: Zapdos|Roost|p1a: Zapdos","|-heal|p1a: Zapdos|173/322","|","|-heal|p1a: Zapdos|193/322|[from] item: Leftovers","|-damage|p2a: Landorus|36/320 tox|[from] psn","|turn|21","|","|move|p2a: Landorus|Hidden Power|p1a: Zapdos","|-supereffective|p1a: Zapdos","|-damage|p1a: Zapdos|11/322","|-damage|p2a: Landorus|4/320 tox|[from] item: Life Orb","|move|p1a: Zapdos|Roost|p1a: Zapdos","|-heal|p1a: Zapdos|172/322","|","|-heal|p1a: Zapdos|192/322|[from] item: Leftovers","|-damage|p2a: Landorus|0 fnt|[from] psn","|faint|p2a: Landorus","|","|switch|p2a: Dragonite|Dragonite, M|323/323","|turn|22","|","|move|p2a: Dragonite|Outrage|p1a: Zapdos","|-damage|p1a: Zapdos|0 fnt","|faint|p1a: Zapdos","|","|","|switch|p1a: Ampharos|Ampharos, F|321/321","|turn|23","|","|move|p2a: Dragonite|Outrage|p1a: Ampharos|[from]lockedmove","|-damage|p1a: Ampharos|47/321","|-status|p2a: Dragonite|par","|-start|p2a: Dragonite|confusion|[fatigue]","|move|p1a: Ampharos|Cotton Guard|p1a: Ampharos","|-boost|p1a: Ampharos|def|3","|","|turn|24","|","|move|p1a: Ampharos|Rest|p1a: Ampharos","|-status|p1a: Ampharos|slp","|-heal|p1a: Ampharos|321/321 slp|[silent]","|-status|p1a: Ampharos|slp|[from] move: Rest","|-activate|p2a: Dragonite|confusion","|move|p2a: Dragonite|Outrage|p1a: Ampharos","|-damage|p1a: Ampharos|210/321 slp","|","|turn|25","|","|cant|p1a: Ampharos|slp","|move|p1a: Ampharos|Sleep Talk|p1a: Ampharos","|move|p1a: Ampharos|Cotton Guard|p1a: Ampharos|[from]Sleep Talk","|-boost|p1a: Ampharos|def|3","|-activate|p2a: Dragonite|confusion","|-damage|p2a: Dragonite|280/323 par|[from] confusion","|","|turn|26","|","|switch|p2a: Thundurus-Therian|Thundurus-Therian, M|300/300","|cant|p1a: Ampharos|slp","|move|p1a: Ampharos|Sleep Talk|p1a: Ampharos","|move|p1a: Ampharos|Dragon Pulse|p2a: Thundurus-Therian|[from]Sleep Talk","|-damage|p2a: Thundurus-Therian|199/300","|","|turn|27","|","|detailschange|p1a: Ampharos|Ampharos-Mega, F","|-mega|p1a: Ampharos|Ampharos|Ampharosite","|-ability|p1a: Ampharos|Mold Breaker","|move|p2a: Thundurus-Therian|Hidden Power|p1a: Ampharos","|-supereffective|p1a: Ampharos","|-damage|p1a: Ampharos|82/321 slp","|-curestatus|p1a: Ampharos|slp","|move|p1a: Ampharos|Rest|p1a: Ampharos","|-status|p1a: Ampharos|slp","|-heal|p1a: Ampharos|321/321 slp|[silent]","|-status|p1a: Ampharos|slp|[from] move: Rest","|","|turn|28","|","|move|p2a: Thundurus-Therian|Hidden Power|p1a: Ampharos","|-supereffective|p1a: Ampharos","|-damage|p1a: Ampharos|191/321 slp","|cant|p1a: Ampharos|slp","|move|p1a: Ampharos|Sleep Talk|p1a: Ampharos","|move|p1a: Ampharos|Dragon Pulse|p2a: Thundurus-Therian|[from]Sleep Talk","|-damage|p2a: Thundurus-Therian|0 fnt","|faint|p2a: Thundurus-Therian","|","|","|switch|p2a: Dragonite|Dragonite, M|280/323 par","|turn|29","|","|cant|p1a: Ampharos|slp","|move|p1a: Ampharos|Sleep Talk|p1a: Ampharos","|move|p1a: Ampharos|Rest|p1a: Ampharos|[from]Sleep Talk","|-fail|p1a: Ampharos","|move|p2a: Dragonite|Earthquake|p1a: Ampharos","|-supereffective|p1a: Ampharos","|-damage|p1a: Ampharos|123/321 slp","|","|turn|30","|","|-curestatus|p1a: Ampharos|slp","|move|p1a: Ampharos|Rest|p1a: Ampharos","|-status|p1a: Ampharos|slp","|-heal|p1a: Ampharos|321/321 slp|[silent]","|-status|p1a: Ampharos|slp|[from] move: Rest","|move|p2a: Dragonite|Earthquake|p1a: Ampharos","|-supereffective|p1a: Ampharos","|-damage|p1a: Ampharos|251/321 slp","|","|turn|31","|","|cant|p1a: Ampharos|slp","|move|p1a: Ampharos|Sleep Talk|p1a: Ampharos","|move|p1a: Ampharos|Rest|p1a: Ampharos|[from]Sleep Talk","|-fail|p1a: Ampharos","|move|p2a: Dragonite|Earthquake|p1a: Ampharos","|-supereffective|p1a: Ampharos","|-damage|p1a: Ampharos|181/321 slp","|","|turn|32","|","|cant|p1a: Ampharos|slp","|move|p1a: Ampharos|Sleep Talk|p1a: Ampharos","|move|p1a: Ampharos|Rest|p1a: Ampharos|[from]Sleep Talk","|-fail|p1a: Ampharos","|cant|p2a: Dragonite|par","|","|turn|33","|","|-curestatus|p1a: Ampharos|slp","|move|p1a: Ampharos|Dragon Pulse|p2a: Dragonite","|-supereffective|p2a: Dragonite","|-damage|p2a: Dragonite|0 fnt","|faint|p2a: Dragonite","|","|win|Twizz"],"p1rating":{"entryid":"6985408","serverid":"eos","formatid":"monotype","userid":"twizz","username":"Twizz","w":32,"l":"46","t":"0","gxe":41.1,"r":1427.842811642,"rd":43.225842162207,"sigma":"0","rptime":1439802000,"rpr":1432.2301506805,"rprd":42.93053883962,"rpsigma":"0","acre":1102.8223525489,"lacre":1102.8223525489,"oldacre":"1075.1634042962"},"p2rating":{"entryid":"7670562","serverid":"eos","formatid":"monotype","userid":"msterdinite","username":"M☆ster dinite","w":"2","l":6,"t":"0","gxe":37.2,"r":"1379.474788673","rd":"100.52700847304","sigma":"0","rptime":"1439802000","rpr":1397.7406397043,"rprd":94.390202094624,"rpsigma":"0","acre":1043.6370029438,"lacre":1043.6370029438,"oldacre":"1062.2576276892"},"endType":"normal"}