{"seed":[28730,48290,34476,61380],"turns":24,"p1":"Trying Fire","p2":"OleBoyRoy","p1team":[{"name":"Infernape","species":"Infernape","item":"focussash","ability":"Iron Fist","moves":["overheat","closecombat","thunderpunch","taunt"],"nature":"Naive","evs":{"hp":0,"atk":168,"def":0,"spa":88,"spd":0,"spe":252},"ivs":{"hp":31,"atk":31,"def":31,"spa":31,"spd":31,"spe":31}},{"name":"Torkoal","species":"Torkoal","item":"leftovers","ability":"White Smoke","moves":["stealthrock","yawn","rapidspin","lavaplume"],"nature":"Bold","evs":{"hp":248,"atk":0,"def":252,"spa":8,"spd":0,"spe":0},"ivs":{"hp":31,"atk":0,"def":31,"spa":31,"spd":31,"spe":31}},{"name":"Charizard","species":"Charizard","item":"charizarditey","ability":"Blaze","moves":["fireblast","dragonpulse","solarbeam","roost"],"nature":"Timid","evs":{"hp":0,"atk":0,"def":0,"spa":252,"spd":4,"spe":252},"ivs":{"hp":31,"atk":31,"def":31,"spa":31,"spd":31,"spe":31}},{"name":"Darmanitan","species":"Darmanitan","item":"choicescarf","ability":"Sheer Force","moves":["flareblitz","superpower","uturn","rockslide"],"nature":"Jolly","evs":{"hp":0,"atk":252,"def":0,"spa":0,"spd":4,"spe":252},"ivs":{"hp":31,"atk":31,"def":31,"spa":31,"spd":31,"spe":31}},{"name":"Fletchinder","species":"Fletchinder","item":"","ability":"Gale Wings","moves":["acrobatics","swordsdance","willowisp","tailwind"],"nature":"Adamant","evs":{"hp":0,"atk":252,"def":4,"spa":0,"spd":0,"spe":252},"ivs":{"hp":31,"atk":31,"def":31,"spa":31,"spd":31,"spe":31}},{"name":"Heatran","species":"Heatran","item":"choicescarf","ability":"Flash Fire","moves":["fireblast","dragonpulse","flashcannon","earthpower"],"nature":"Timid","evs":{"hp":0,"atk":0,"def":0,"spa":252,"spd":4,"spe":252},"ivs":{"hp":31,"atk":31,"def":31,"spa":31,"spd":31,"spe":31}}],"p2team":[{"name":"Fun TransGuy","species":"breloom","item":"focussash","ability":"Technician","moves":["rocktomb","machpunch","swordsdance","spore"],"nature":"Adamant","evs":{"hp":4,"atk":252,"def":0,"spa":0,"spd":0,"spe":252},"gender":"F","shiny":true,"ivs":{"hp":31,"atk":31,"def":31,"spa":31,"spd":31,"spe":31}},{"name":"Dank-A-Saurus","species":"venusaur","item":"venusaurite","ability":"Overgrow","moves":["sludgebomb","gigadrain","leechseed","synthesis"],"nature":"Modest","evs":{"hp":0,"atk":0,"def":252,"spa":4,"spd":252,"spe":0},"gender":"M","shiny":true,"ivs":{"hp":31,"atk":31,"def":31,"spa":31,"spd":31,"spe":31}},{"name":"Queen Elizabeth","species":"serperior","item":"choicescarf","ability":"Contrary","moves":["leafstorm","dragonpulse","hiddenpowerwater","glare"],"nature":"Timid","evs":{"hp":4,"atk":0,"def":0,"spa":252,"spd":0,"spe":252},"gender":"F","ivs":{"hp":31,"atk":30,"def":30,"spa":30,"spd":31,"spe":31},"shiny":true},{"name":"Flufferz","species":"whimsicott","item":"leftovers","ability":"Prankster","moves":["cottonguard","leechseed","substitute","protect"],"nature":"Calm","evs":{"hp":4,"atk":0,"def":252,"spa":0,"spd":252,"spe":0},"gender":"F","shiny":true,"ivs":{"hp":31,"atk":31,"def":31,"spa":31,"spd":31,"spe":31}},{"name":"BC Puff","species":"jumpluff","item":"","ability":"Infiltrator","moves":["swordsdance","acrobatics","seedbomb","sleeppowder"],"nature":"Jolly","evs":{"hp":4,"atk":252,"def":0,"spa":0,"spd":0,"spe":252},"gender":"F","shiny":true,"ivs":{"hp":31,"atk":31,"def":31,"spa":31,"spd":31,"spe":31}},{"name":"High Guy","species":"ferrothorn","item":"rockyhelmet","ability":"Iron Barbs","moves":["substitute","leechseed","protect","powerwhip"],"nature":"Adamant","evs":{"hp":4,"atk":0,"def":252,"spa":0,"spd":252,"spe":0},"gender":"M","shiny":true,"ivs":{"hp":31,"atk":31,"def":31,"spa":31,"spd":31,"spe":31}}],"log":["|player|p1|Trying Fire|125","|player|p2|OleBoyRoy|196","|gametype|singles","|gen|6","|tier|Monotype","|rated","|rule|Baton Pass Clause: Limit one Baton Passer, can't pass Spe and other stats simultaneously","|rule|Swagger Clause: Swagger is banned","|rule|Same Type Clause: Pokémon in a team must share a type","|clearpoke","|poke|p1|Infernape, M","|poke|p1|Torkoal, M","|poke|p1|Charizard, F","|poke|p1|Darmanitan, M","|poke|p1|Fletchinder, M","|poke|p1|Heatran, M","|poke|p2|Breloom, F, shiny","|poke|p2|Venusaur, M, shiny","|poke|p2|Serperior, F, shiny","|poke|p2|Whimsicott, F, shiny","|poke|p2|Jumpluff, F, shiny","|poke|p2|Ferrothorn, M, shiny","|rule|Sleep Clause Mod: Limit one foe put to sleep","|rule|Species Clause: Limit one of each Pokémon","|rule|OHKO Clause: OHKO moves are banned","|rule|Moody Clause: Moody is banned","|rule|Evasion Moves Clause: Evasion moves are banned","|rule|Endless Battle Clause: Forcing endless battles is banned","|rule|HP Percentage Mod: HP is shown in percentages","|teampreview","|","|start","|switch|p1a: Infernape|Infernape, M|293/293","|switch|p2a: Dank-A-Saurus|Venusaur, M, shiny|301/301","|turn|1","|","|switch|p1a: Heatran|Heatran, M|323/323","|detailschange|p2a: Dank-A-Saurus|Venusaur-Mega, M, shiny","|-mega|p2a: Dank-A-Saurus|Venusaur|Venusaurite","|move|p2a: Dank-A-Saurus|Leech Seed|p1a: Heatran","|-start|p1a: Heatran|move: Leech Seed","|","|-damage|p1a: Heatran|283/323|[from] Leech Seed|[of] p2a: Dank-A-Saurus","|turn|2","|","|move|p1a: Heatran|Fire Blast|p2a: Dank-A-Saurus","|-supereffective|p2a: Dank-A-Saurus","|-damage|p2a: Dank-A-Saurus|173/301","|move|p2a: Dank-A-Saurus|Giga Drain|p1a: Heatran","|-resisted|p1a: Heatran","|-damage|p1a: Heatran|254/323","|-heal|p2a: Dank-A-Saurus|188/301|[from] drain|[of] p1a: Heatran","|","|-damage|p1a: Heatran|214/323|[from] Leech Seed|[of] p2a: Dank-A-Saurus","|-heal|p2a: Dank-A-Saurus|228/301|[silent]","|turn|3","|","|switch|p1a: Charizard|Charizard, F|297/297","|move|p2a: Dank-A-Saurus|Synthesis|p2a: Dank-A-Saurus","|-heal|p2a: Dank-A-Saurus|301/301","|","|turn|4","|","|detailschange|p1a: Charizard|Charizard-Mega-Y, F","|-mega|p1a: Charizard|Charizard|Charizardite Y","|-weather|SunnyDay","|move|p1a: Charizard|Fire Blast|p2a: Dank-A-Saurus","|-supereffective|p2a: Dank-A-Saurus","|-damage|p2a: Dank-A-Saurus|49/301","|move|p2a: Dank-A-Saurus|Sludge Bomb|p1a: Charizard","|-damage|p1a: Charizard|173/297","|","|-weather|SunnyDay|[upkeep]","|turn|5","|","|move|p1a: Charizard|Dragon Pulse|p2a: Dank-A-Saurus","|-damage|p2a: Dank-A-Saurus|0 fnt","|faint|p2a: Dank-A-Saurus","|","|-weather|SunnyDay|[upkeep]","|","|switch|p2a: Fun TransGuy|Breloom, F, shiny|262/262","|turn|6","|","|switch|p1a: Infernape|Infernape, M|293/293","|move|p2a: Fun TransGuy|Spore|p1a: Infernape","|-status|p1a: Infernape|slp","|","|-weather|SunnyDay|[upkeep]","|turn|7","|","|switch|p1a: Torkoal|Torkoal, M|343/343","|move|p2a: Fun TransGuy|Swords Dance|p2a: Fun TransGuy","|-boost|p2a: Fun TransGuy|atk|2","|","|-weather|SunnyDay|[upkeep]","|turn|8","|","|move|p2a: Fun TransGuy|Rock Tomb|p1a: Torkoal","|-supereffective|p1a: Torkoal","|-damage|p1a: Torkoal|91/343","|move|p1a: Torkoal|Lava Plume|p2a: Fun TransGuy","|-supereffective|p2a: Fun TransGuy","|-enditem|p2a: Fun TransGuy|Focus Sash","|-damage|p2a: Fun TransGuy|1/262","|","|-weather|none","|-heal|p1a: Torkoal|112/343|[from] item: Leftovers","|turn|9","|","|move|p2a: Fun TransGuy|Rock Tomb|p1a: Torkoal","|-crit|p1a: Torkoal","|-supereffective|p1a: Torkoal","|-damage|p1a: Torkoal|0 fnt","|faint|p1a: Torkoal","|","|","|switch|p1a: Fletchinder|Fletchinder, M|265/265","|turn|10","|","|move|p1a: Fletchinder|Acrobatics|p2a: Fun TransGuy","|-supereffective|p2a: Fun TransGuy","|-damage|p2a: Fun TransGuy|0 fnt","|faint|p2a: Fun TransGuy","|","|","|switch|p2a: Queen Elizabeth|Serperior, F, shiny|292/292","|turn|11","|","|move|p1a: Fletchinder|Acrobatics|p2a: Queen Elizabeth","|-supereffective|p2a: Queen Elizabeth","|-damage|p2a: Queen Elizabeth|0 fnt","|faint|p2a: Queen Elizabeth","|","|","|switch|p2a: BC Puff|Jumpluff, F, shiny|292/292","|turn|12","|","|move|p1a: Fletchinder|Acrobatics|p2a: BC Puff","|-supereffective|p2a: BC Puff","|-damage|p2a: BC Puff|0 fnt","|faint|p2a: BC Puff","|","|","|switch|p2a: Flufferz|Whimsicott, F, shiny|262/262","|turn|13","|","|move|p2a: Flufferz|Leech Seed|p1a: Fletchinder","|-start|p1a: Fletchinder|move: Leech Seed","|move|p1a: Fletchinder|Acrobatics|p2a: Flufferz","|-supereffective|p2a: Flufferz","|-damage|p2a: Flufferz|20/262","|","|-heal|p2a: Flufferz|36/262|[from] item: Leftovers","|-damage|p1a: Fletchinder|232/265|[from] Leech Seed|[of] p2a: Flufferz","|-heal|p2a: Flufferz|69/262|[silent]","|turn|14","|","|move|p2a: Flufferz|Protect|p2a: Flufferz","|-singleturn|p2a: Flufferz|Protect","|move|p1a: Fletchinder|Acrobatics|p2a: Flufferz","|-activate|p2a: Flufferz|Protect","|","|-heal|p2a: Flufferz|85/262|[from] item: Leftovers","|-damage|p1a: Fletchinder|199/265|[from] Leech Seed|[of] p2a: Flufferz","|-heal|p2a: Flufferz|118/262|[silent]","|turn|15","|","|move|p2a: Flufferz|Protect|p2a: Flufferz","|-fail|p2a: Flufferz","|move|p1a: Fletchinder|Acrobatics|p2a: Flufferz","|-supereffective|p2a: Flufferz","|-damage|p2a: Flufferz|0 fnt","|faint|p2a: Flufferz","|","|","|switch|p2a: High Guy|Ferrothorn, M, shiny|290/290","|turn|16","|","|switch|p1a: Darmanitan|Darmanitan, M|351/351","|move|p2a: High Guy|Substitute|p2a: High Guy","|-start|p2a: High Guy|Substitute","|-damage|p2a: High Guy|218/290","|","|turn|17","|","|move|p1a: Darmanitan|U-turn|p2a: High Guy","|-activate|p2a: High Guy|Substitute|[damage]","|","|switch|p1a: Fletchinder|Fletchinder, M|199/265","|move|p2a: High Guy|Leech Seed|p1a: Fletchinder|[miss]","|-miss|p2a: High Guy|p1a: Fletchinder","|","|turn|18","|","|move|p1a: Fletchinder|Acrobatics|p2a: High Guy","|-end|p2a: High Guy|Substitute","|move|p2a: High Guy|Leech Seed|p1a: Fletchinder","|-start|p1a: Fletchinder|move: Leech Seed","|","|-damage|p1a: Fletchinder|166/265|[from] Leech Seed|[of] p2a: High Guy","|-heal|p2a: High Guy|251/290|[silent]","|turn|19","|","|move|p2a: High Guy|Protect|p2a: High Guy","|-singleturn|p2a: High Guy|Protect","|move|p1a: Fletchinder|Will-O-Wisp|p2a: High Guy","|-activate|p2a: High Guy|Protect","|","|-damage|p1a: Fletchinder|133/265|[from] Leech Seed|[of] p2a: High Guy","|-heal|p2a: High Guy|284/290|[silent]","|turn|20","|","|move|p1a: Fletchinder|Will-O-Wisp|p2a: High Guy","|-status|p2a: High Guy|brn","|move|p2a: High Guy|Substitute|p2a: High Guy","|-start|p2a: High Guy|Substitute","|-damage|p2a: High Guy|212/290 brn","|","|-damage|p1a: Fletchinder|100/265|[from] Leech Seed|[of] p2a: High Guy","|-heal|p2a: High Guy|245/290 brn|[silent]","|-damage|p2a: High Guy|209/290 brn|[from] brn","|turn|21","|","|switch|p1a: Darmanitan|Darmanitan, M|351/351","|move|p2a: High Guy|Protect|p2a: High Guy","|-fail|p2a: High Guy","|","|-damage|p2a: High Guy|173/290 brn|[from] brn","|turn|22","|","|move|p1a: Darmanitan|Flare Blitz|p2a: High Guy","|-supereffective|p2a: High Guy","|-end|p2a: High Guy|Substitute","|-damage|p1a: Darmanitan|327/351|[from] recoil|[of] p2a: High Guy","|move|p2a: High Guy|Leech Seed|p1a: Darmanitan","|-start|p1a: Darmanitan|move: Leech Seed","|","|-damage|p1a: Darmanitan|284/351|[from] Leech Seed|[of] p2a: High Guy","|-heal|p2a: High Guy|216/290 brn|[silent]","|-damage|p2a: High Guy|180/290 brn|[from] brn","|turn|23","|","|move|p2a: High Guy|Protect|p2a: High Guy","|-singleturn|p2a: High Guy|Protect","|move|p1a: Darmanitan|Flare Blitz|p2a: High Guy","|-activate|p2a: High Guy|Protect","|","|-damage|p1a: Darmanitan|241/351|[from] Leech Seed|[of] p2a: High Guy","|-heal|p2a: High Guy|223/290 brn|[silent]","|-damage|p2a: High Guy|187/290 brn|[from] brn","|turn|24","|","|move|p1a: Darmanitan|Flare Blitz|p2a: High Guy","|-supereffective|p2a: High Guy","|-damage|p2a: High Guy|0 fnt","|-damage|p1a: Darmanitan|198/351|[from] ability: Iron Barbs|[of] p2a: High Guy","|-damage|p1a: Darmanitan|140/351|[from] item: Rocky Helmet|[of] p2a: High Guy","|-damage|p1a: Darmanitan|78/351|[from] recoil|[of] p2a: High Guy","|faint|p2a: High Guy","|","|win|Trying Fire"],"p1rating":{"entryid":"7702336","serverid":"eos","formatid":"monotype","userid":"tryingfire","username":"Trying Fire","w":9,"l":"1","t":"0","gxe":66.2,"r":"1500","rd":"130","sigma":"0","rptime":"1439802000","rpr":1630.3423661161,"rprd":89.990806535189,"rpsigma":"0","acre":1216.7326552012,"lacre":1216.7326552012,"oldacre":"1204.9796660798"},"p2rating":{"entryid":7703951,"formatid":"monotype","userid":"oleboyroy","username":"OleBoyRoy","r":1500,"rd":130,"sigma":0,"rpr":1459.8393856612,"rprd":122.8583080769,"rpsigma":0,"rptime":1439802000,"w":0,"l":1,"t":0,"gxe":45,"acre":1000,"lacre":1000,"oldacre":1000},"endType":"normal"}