{"seed":[61391,22312,24837,15922],"turns":20,"p1":"Knight♕Altair","p2":"nicolol123","p1team":[{"name":"Take a Chance xd","species":"chansey","item":"eviolite","ability":"Natural Cure","moves":["toxic","softboiled","seismictoss","stealthrock"],"nature":"Bold","evs":{"hp":4,"atk":0,"def":252,"spa":0,"spd":252,"spe":0},"ivs":{"hp":31,"atk":31,"def":31,"spa":31,"spd":31,"spe":31}},{"name":"Im very Punny xd","species":"lopunny","item":"lopunnite","ability":"Limber","moves":["highjumpkick","return","fakeout","icepunch"],"nature":"Jolly","evs":{"hp":0,"atk":252,"def":4,"spa":0,"spd":0,"spe":252},"ivs":{"hp":31,"atk":31,"def":31,"spa":31,"spd":31,"spe":31}},{"name":"Pory is gone 2 far","species":"porygon2","item":"eviolite","ability":"Trace","moves":["toxic","icebeam","discharge","recover"],"nature":"Bold","evs":{"hp":252,"atk":0,"def":252,"spa":4,"spd":0,"spe":0},"ivs":{"hp":31,"atk":31,"def":31,"spa":31,"spd":31,"spe":31}},{"name":"Mellow Out D00d","species":"meloetta","item":"lifeorb","ability":"Serene Grace","moves":["relicsong","psychic","closecombat","knockoff"],"nature":"Naive","evs":{"hp":0,"atk":128,"def":0,"spa":128,"spd":0,"spe":252},"ivs":{"hp":31,"atk":31,"def":31,"spa":31,"spd":31,"spe":31}},{"name":"The Raptorz Star","species":"staraptor","item":"choicescarf","ability":"Reckless","moves":["bravebird","doubleedge","finalgambit","uturn"],"nature":"Adamant","evs":{"hp":0,"atk":252,"def":4,"spa":0,"spd":0,"spe":252},"ivs":{"hp":31,"atk":31,"def":31,"spa":31,"spd":31,"spe":31}},{"name":"TheFunniestBunny","species":"diggersby","item":"focussash","ability":"Huge Power","moves":["return","earthquake","quickattack","swordsdance"],"nature":"Adamant","evs":{"hp":0,"atk":252,"def":4,"spa":0,"spd":0,"spe":252},"ivs":{"hp":31,"atk":31,"def":31,"spa":31,"spd":31,"spe":31}}],"p2team":[{"name":"Hawlucha","species":"Hawlucha","item":"sitrusberry","ability":"Unburden","moves":["acrobatics","flyingpress","honeclaws","highjumpkick"],"nature":"Adamant","evs":{"hp":252,"atk":252,"def":0,"spa":0,"spd":4,"spe":0},"ivs":{"hp":31,"atk":31,"def":31,"spa":31,"spd":31,"spe":31}},{"name":"Medicham","species":"Medicham","item":"medichamite","ability":"Pure Power","moves":["fakeout","drainpunch","psychocut","poweruppunch"],"nature":"Jolly","evs":{"hp":4,"atk":252,"def":0,"spa":0,"spd":0,"spe":252},"ivs":{"hp":31,"atk":31,"def":31,"spa":31,"spd":31,"spe":31}},{"name":"Breloom","species":"Breloom","item":"focussash","ability":"Technician","moves":["spore","bulletseed","rocktomb","machpunch"],"nature":"Jolly","evs":{"hp":4,"atk":252,"def":0,"spa":0,"spd":0,"spe":252},"ivs":{"hp":31,"atk":31,"def":31,"spa":31,"spd":31,"spe":31}},{"name":"Keldeo-Resolute","species":"Keldeo-Resolute","item":"weaknesspolicy","ability":"Justified","moves":["surf","calmmind","icywind","secretsword"],"nature":"Timid","evs":{"hp":4,"atk":0,"def":0,"spa":252,"spd":0,"spe":252},"ivs":{"hp":31,"atk":31,"def":31,"spa":31,"spd":31,"spe":31}},{"name":"Infernape","species":"Infernape","item":"focussash","ability":"Iron Fist","moves":["firepunch","machpunch","closecombat","swordsdance"],"nature":"Jolly","evs":{"hp":4,"atk":252,"def":0,"spa":0,"spd":0,"spe":252},"ivs":{"hp":31,"atk":31,"def":31,"spa":31,"spd":31,"spe":31}},{"name":"Lucario","species":"Lucario","item":"lifeorb","ability":"Steadfast","moves":["darkpulse","aurasphere","nastyplot","flashcannon"],"nature":"Timid","evs":{"hp":4,"atk":0,"def":0,"spa":252,"spd":0,"spe":252},"ivs":{"hp":31,"atk":31,"def":31,"spa":31,"spd":31,"spe":31}}],"log":["|player|p1|Knight♕Altair|274","|player|p2|nicolol123|209","|gametype|singles","|gen|6","|tier|Monotype","|rated","|rule|Baton Pass Clause: Limit one Baton Passer, can't pass Spe and other stats simultaneously","|rule|Swagger Clause: Swagger is banned","|rule|Same Type Clause: Pokémon in a team must share a type","|clearpoke","|poke|p1|Chansey, F","|poke|p1|Lopunny, F","|poke|p1|Porygon2","|poke|p1|Meloetta","|poke|p1|Staraptor, M","|poke|p1|Diggersby, F","|poke|p2|Hawlucha, M","|poke|p2|Medicham, M","|poke|p2|Breloom, F","|poke|p2|Keldeo-Resolute","|poke|p2|Infernape, F","|poke|p2|Lucario, F","|rule|Sleep Clause Mod: Limit one foe put to sleep","|rule|Species Clause: Limit one of each Pokémon","|rule|OHKO Clause: OHKO moves are banned","|rule|Moody Clause: Moody is banned","|rule|Evasion Moves Clause: Evasion moves are banned","|rule|Endless Battle Clause: Forcing endless battles is banned","|rule|HP Percentage Mod: HP is shown in percentages","|teampreview","|","|start","|switch|p1a: The Raptorz Star|Staraptor, M|311/311","|switch|p2a: Infernape|Infernape, F|294/294","|turn|1","|","|move|p1a: The Raptorz Star|Brave Bird|p2a: Infernape","|-supereffective|p2a: Infernape","|-enditem|p2a: Infernape|Focus Sash","|-damage|p2a: Infernape|1/294","|-damage|p1a: The Raptorz Star|214/311|[from] recoil|[of] p2a: Infernape","|move|p2a: Infernape|Swords Dance|p2a: Infernape","|-boost|p2a: Infernape|atk|2","|","|turn|2","|","|move|p1a: The Raptorz Star|Brave Bird|p2a: Infernape","|-supereffective|p2a: Infernape","|-damage|p2a: Infernape|0 fnt","|-damage|p1a: The Raptorz Star|213/311|[from] recoil|[of] p2a: Infernape","|faint|p2a: Infernape","|","|","|switch|p2a: Breloom|Breloom, F|262/262","|turn|3","|","|move|p1a: The Raptorz Star|Brave Bird|p2a: Breloom","|-supereffective|p2a: Breloom","|-enditem|p2a: Breloom|Focus Sash","|-damage|p2a: Breloom|1/262","|-damage|p1a: The Raptorz Star|127/311|[from] recoil|[of] p2a: Breloom","|move|p2a: Breloom|Spore|p1a: The Raptorz Star","|-status|p1a: The Raptorz Star|slp","|","|turn|4","|","|cant|p1a: The Raptorz Star|slp","|move|p2a: Breloom|Rock Tomb|p1a: The Raptorz Star","|-supereffective|p1a: The Raptorz Star","|-damage|p1a: The Raptorz Star|0 fnt","|faint|p1a: The Raptorz Star","|","|","|switch|p1a: Im very Punny xd|Lopunny, F|271/271","|turn|5","|","|detailschange|p1a: Im very Punny xd|Lopunny-Mega, F","|-mega|p1a: Im very Punny xd|Lopunny|Lopunnite","|move|p1a: Im very Punny xd|Fake Out|p2a: Breloom","|-damage|p2a: Breloom|0 fnt","|faint|p2a: Breloom","|","|","|switch|p2a: Hawlucha|Hawlucha, M|360/360","|turn|6","|","|move|p1a: Im very Punny xd|Ice Punch|p2a: Hawlucha","|-supereffective|p2a: Hawlucha","|-damage|p2a: Hawlucha|124/360","|-enditem|p2a: Hawlucha|Sitrus Berry|[eat]","|-heal|p2a: Hawlucha|214/360|[from] item: Sitrus Berry","|move|p2a: Hawlucha|Hone Claws|p2a: Hawlucha","|-boost|p2a: Hawlucha|atk|1","|-boost|p2a: Hawlucha|accuracy|1","|","|turn|7","|","|move|p2a: Hawlucha|High Jump Kick|p1a: Im very Punny xd","|-supereffective|p1a: Im very Punny xd","|-damage|p1a: Im very Punny xd|0 fnt","|faint|p1a: Im very Punny xd","|","|","|switch|p1a: Pory is gone 2 far|Porygon2|374/374","|-ability|p1a: Pory is gone 2 far|Unburden|[from] ability: Trace|[of] p2a: Hawlucha","|turn|8","|","|move|p2a: Hawlucha|High Jump Kick|p1a: Pory is gone 2 far","|-supereffective|p1a: Pory is gone 2 far","|-damage|p1a: Pory is gone 2 far|50/374","|move|p1a: Pory is gone 2 far|Ice Beam|p2a: Hawlucha","|-supereffective|p2a: Hawlucha","|-damage|p2a: Hawlucha|10/360","|","|turn|9","|","|move|p2a: Hawlucha|Flying Press|p1a: Pory is gone 2 far","|-supereffective|p1a: Pory is gone 2 far","|-damage|p1a: Pory is gone 2 far|0 fnt","|faint|p1a: Pory is gone 2 far","|","|","|switch|p1a: TheFunniestBunny|Diggersby, F|311/311","|turn|10","|","|move|p2a: Hawlucha|High Jump Kick|p1a: TheFunniestBunny","|-supereffective|p1a: TheFunniestBunny","|-enditem|p1a: TheFunniestBunny|Focus Sash","|-damage|p1a: TheFunniestBunny|1/311","|move|p1a: TheFunniestBunny|Swords Dance|p1a: TheFunniestBunny","|-boost|p1a: TheFunniestBunny|atk|2","|","|turn|11","|","|move|p1a: TheFunniestBunny|Quick Attack|p2a: Hawlucha","|-damage|p2a: Hawlucha|0 fnt","|faint|p2a: Hawlucha","|","|","|switch|p2a: Medicham|Medicham, M|262/262","|turn|12","|","|detailschange|p2a: Medicham|Medicham-Mega, M","|-mega|p2a: Medicham|Medicham|Medichamite","|move|p2a: Medicham|Fake Out|p1a: TheFunniestBunny","|-damage|p1a: TheFunniestBunny|0 fnt","|faint|p1a: TheFunniestBunny","|","|","|switch|p1a: Mellow Out D00d|Meloetta|341/341","|turn|13","|","|move|p2a: Medicham|Power-Up Punch|p1a: Mellow Out D00d","|-damage|p1a: Mellow Out D00d|196/341","|-boost|p2a: Medicham|atk|1","|move|p1a: Mellow Out D00d|Relic Song|p2a: Medicham","|-damage|p2a: Medicham|87/262","|-status|p2a: Medicham|slp","|-formechange|p1a: Mellow Out D00d|Meloetta-Pirouette|[msg]","|-damage|p1a: Mellow Out D00d|162/341|[from] item: Life Orb","|","|turn|14","|","|move|p1a: Mellow Out D00d|Knock Off|p2a: Medicham","|-damage|p2a: Medicham|0 fnt","|-damage|p1a: Mellow Out D00d|128/341|[from] item: Life Orb","|faint|p2a: Medicham","|","|","|switch|p2a: Lucario|Lucario, F|282/282","|turn|15","|","|move|p1a: Mellow Out D00d|Psychic|p2a: Lucario","|-damage|p2a: Lucario|172/282","|-damage|p1a: Mellow Out D00d|94/341|[from] item: Life Orb","|move|p2a: Lucario|Aura Sphere|p1a: Mellow Out D00d","|-supereffective|p1a: Mellow Out D00d","|-damage|p1a: Mellow Out D00d|0 fnt","|-damage|p2a: Lucario|144/282|[from] item: Life Orb","|faint|p1a: Mellow Out D00d","|","|","|switch|p1a: Take a Chance xd|Chansey, F|642/642","|turn|16","|","|move|p2a: Lucario|Nasty Plot|p2a: Lucario","|-boost|p2a: Lucario|spa|2","|move|p1a: Take a Chance xd|Seismic Toss|p2a: Lucario","|-damage|p2a: Lucario|44/282","|","|turn|17","|","|move|p2a: Lucario|Nasty Plot|p2a: Lucario","|-boost|p2a: Lucario|spa|2","|move|p1a: Take a Chance xd|Seismic Toss|p2a: Lucario","|-damage|p2a: Lucario|0 fnt","|faint|p2a: Lucario","|","|","|switch|p2a: Keldeo-Resolute|Keldeo-Resolute|324/324","|turn|18","|","|move|p2a: Keldeo-Resolute|Calm Mind|p2a: Keldeo-Resolute","|-boost|p2a: Keldeo-Resolute|spa|1","|-boost|p2a: Keldeo-Resolute|spd|1","|move|p1a: Take a Chance xd|Toxic|p2a: Keldeo-Resolute","|-status|p2a: Keldeo-Resolute|tox","|","|-damage|p2a: Keldeo-Resolute|304/324 tox|[from] psn","|turn|19","|","|move|p2a: Keldeo-Resolute|Secret Sword|p1a: Take a Chance xd","|-supereffective|p1a: Take a Chance xd","|-damage|p1a: Take a Chance xd|22/642","|move|p1a: Take a Chance xd|Soft-Boiled|p1a: Take a Chance xd","|-heal|p1a: Take a Chance xd|343/642","|","|-damage|p2a: Keldeo-Resolute|264/324 tox|[from] psn","|turn|20","|","|move|p2a: Keldeo-Resolute|Secret Sword|p1a: Take a Chance xd","|-supereffective|p1a: Take a Chance xd","|-damage|p1a: Take a Chance xd|0 fnt","|faint|p1a: Take a Chance xd","|","|win|nicolol123"],"p1rating":{"entryid":"7650439","serverid":"eos","formatid":"monotype","userid":"knightaltair","username":"Knight♕Altair","w":"10","l":15,"t":"0","gxe":38.6,"r":"1429.4655396307","rd":"67.301682633571","sigma":"0","rptime":"1439802000","rpr":1410.978270567,"rprd":65.309933781786,"rpsigma":"0","acre":1031.4108931326,"lacre":1031.4108931326,"oldacre":"1051.8138951851"},"p2rating":{"entryid":7694865,"formatid":"monotype","userid":"nicolol123","username":"nicolol123","r":1500,"rd":130,"sigma":0,"rpr":1533.8843683558,"rprd":122.36127135895,"rpsigma":0,"rptime":1439802000,"w":1,"l":0,"t":0,"gxe":54.2,"acre":1045.9214613966,"lacre":1045.9214613966,"oldacre":1000},"endType":"normal"}