{"seed":[12109,21296,57952,32145],"turns":34,"p1":"SL Espeon","p2":"V Myth","p1team":[{"name":"Skarmory","species":"Skarmory","item":"rockyhelmet","ability":"Sturdy","moves":["roost","stealthrock","bravebird","defog"],"nature":"Impish","evs":{"hp":0,"atk":252,"def":0,"spa":0,"spd":4,"spe":252},"ivs":{"hp":31,"atk":31,"def":31,"spa":31,"spd":31,"spe":31}},{"name":"Heatran","species":"Heatran","item":"airballoon","ability":"Flash Fire","moves":["protect","lavaplume","earthpower","willowisp"],"nature":"Calm","evs":{"hp":248,"atk":0,"def":0,"spa":8,"spd":252,"spe":0},"ivs":{"hp":31,"atk":31,"def":31,"spa":31,"spd":31,"spe":31}},{"name":"Excadrill","species":"Excadrill","item":"choicescarf","ability":"Mold Breaker","moves":["earthquake","ironhead","rockslide","xscissor"],"nature":"Jolly","evs":{"hp":0,"atk":252,"def":0,"spa":0,"spd":4,"spe":252},"ivs":{"hp":31,"atk":31,"def":31,"spa":31,"spd":31,"spe":31}},{"name":"Magnezone","species":"Magnezone","item":"choicescarf","ability":"Sturdy","moves":["hiddenpowerice","thunderbolt","triattack","voltswitch"],"nature":"Modest","evs":{"hp":248,"atk":0,"def":0,"spa":252,"spd":8,"spe":0},"ivs":{"hp":31,"atk":30,"def":30,"spa":31,"spd":31,"spe":31}},{"name":"Lucario","species":"Lucario","item":"lifeorb","ability":"Inner Focus","moves":["aurasphere","vacuumwave","flashcannon","shadowball"],"nature":"Timid","evs":{"hp":0,"atk":0,"def":0,"spa":252,"spd":4,"spe":252},"ivs":{"hp":31,"atk":31,"def":31,"spa":31,"spd":31,"spe":31}},{"name":"Jirachi","species":"Jirachi","item":"choicescarf","ability":"Serene Grace","moves":["ironhead","zenheadbutt","icepunch","uturn"],"nature":"Jolly","evs":{"hp":0,"atk":252,"def":0,"spa":0,"spd":4,"spe":252},"ivs":{"hp":31,"atk":31,"def":31,"spa":31,"spd":31,"spe":31}}],"p2team":[{"name":"Hippowdon","species":"Hippowdon","item":"leftovers","ability":"Sand Stream","moves":["stealthrock","earthquake","whirlwind","slackoff"],"nature":"Impish","evs":{"hp":248,"atk":8,"def":140,"spa":0,"spd":112,"spe":0},"ivs":{"hp":31,"atk":31,"def":31,"spa":31,"spd":31,"spe":31}},{"name":"Seismitoad","species":"Seismitoad","item":"assaultvest","ability":"Water Absorb","moves":["scald","earthpower","grassknot","sludgewave"],"nature":"Modest","evs":{"hp":100,"atk":0,"def":0,"spa":252,"spd":0,"spe":156},"ivs":{"hp":31,"atk":31,"def":31,"spa":31,"spd":31,"spe":31}},{"name":"Mamoswine","species":"Mamoswine","item":"lifeorb","ability":"Thick Fat","moves":["earthquake","iciclecrash","iceshard","freezedry"],"nature":"Lonely","evs":{"hp":0,"atk":216,"def":0,"spa":40,"spd":0,"spe":252},"ivs":{"hp":31,"atk":31,"def":31,"spa":31,"spd":31,"spe":31}},{"name":"Camerupt","species":"Camerupt","item":"cameruptite","ability":"Magma Armor","moves":["fireblast","earthpower","ancientpower","willowisp"],"nature":"Modest","evs":{"hp":168,"atk":0,"def":0,"spa":252,"spd":0,"spe":88},"ivs":{"hp":31,"atk":31,"def":31,"spa":31,"spd":31,"spe":31}},{"name":"Excadrill","species":"Excadrill","item":"choiceband","ability":"Sand Rush","moves":["earthquake","ironhead","rockslide","rapidspin"],"nature":"Jolly","evs":{"hp":0,"atk":252,"def":0,"spa":0,"spd":4,"spe":252},"ivs":{"hp":31,"atk":31,"def":31,"spa":31,"spd":31,"spe":31}},{"name":"Landorus-Therian","species":"Landorus-Therian","item":"leftovers","ability":"Intimidate","moves":["swordsdance","rockpolish","earthquake","rockslide"],"nature":"Adamant","evs":{"hp":248,"atk":252,"def":8,"spa":0,"spd":0,"spe":0},"ivs":{"hp":31,"atk":31,"def":31,"spa":31,"spd":31,"spe":31}}],"log":["|player|p1|SL Espeon|70","|player|p2|V Myth|288","|gametype|singles","|gen|6","|tier|Monotype","|rated","|rule|Baton Pass Clause: Limit one Baton Passer, can't pass Spe and other stats simultaneously","|rule|Swagger Clause: Swagger is banned","|rule|Same Type Clause: Pokémon in a team must share a type","|clearpoke","|poke|p1|Skarmory, M","|poke|p1|Heatran, M","|poke|p1|Excadrill, F","|poke|p1|Magnezone","|poke|p1|Lucario, M","|poke|p1|Jirachi","|poke|p2|Hippowdon, M","|poke|p2|Seismitoad, M","|poke|p2|Mamoswine, F","|poke|p2|Camerupt, F","|poke|p2|Excadrill, M","|poke|p2|Landorus-Therian, M","|rule|Sleep Clause Mod: Limit one foe put to sleep","|rule|Species Clause: Limit one of each Pokémon","|rule|OHKO Clause: OHKO moves are banned","|rule|Moody Clause: Moody is banned","|rule|Evasion Moves Clause: Evasion moves are banned","|rule|Endless Battle Clause: Forcing endless battles is banned","|rule|HP Percentage Mod: HP is shown in percentages","|teampreview","|","|start","|switch|p1a: Jirachi|Jirachi|341/341","|switch|p2a: Camerupt|Camerupt, F|323/323","|turn|1","|","|detailschange|p2a: Camerupt|Camerupt-Mega, F","|-mega|p2a: Camerupt|Camerupt|Cameruptite","|move|p1a: Jirachi|U-turn|p2a: Camerupt","|-resisted|p2a: Camerupt","|-damage|p2a: Camerupt|290/323","|","|switch|p1a: Heatran|Heatran, M|385/385","|-item|p1a: Heatran|Air Balloon","|move|p2a: Camerupt|Earth Power|p1a: Heatran","|-immune|p1a: Heatran|[msg]","|","|turn|2","|","|switch|p1a: Excadrill|Excadrill, F|361/361","|-ability|p1a: Excadrill|Mold Breaker","|switch|p2a: Landorus-Therian|Landorus-Therian, M|381/381","|-ability|p2a: Landorus-Therian|Intimidate","|-unboost|p1a: Excadrill|atk|1","|","|turn|3","|","|switch|p1a: Skarmory|Skarmory, M|271/271","|move|p2a: Landorus-Therian|Rock Slide|p1a: Skarmory","|-damage|p1a: Skarmory|204/271","|","|turn|4","|","|move|p1a: Skarmory|Stealth Rock|p2a: Landorus-Therian","|-sidestart|p2: V Myth|move: Stealth Rock","|move|p2a: Landorus-Therian|Swords Dance|p2a: Landorus-Therian","|-boost|p2a: Landorus-Therian|atk|2","|","|turn|5","|","|move|p1a: Skarmory|Brave Bird|p2a: Landorus-Therian","|-damage|p2a: Landorus-Therian|200/381","|-damage|p1a: Skarmory|144/271|[from] recoil|[of] p2a: Landorus-Therian","|move|p2a: Landorus-Therian|Rock Slide|p1a: Skarmory","|-damage|p1a: Skarmory|2/271","|","|-heal|p2a: Landorus-Therian|223/381|[from] item: Leftovers","|turn|6","|","|move|p1a: Skarmory|Roost|p1a: Skarmory","|-heal|p1a: Skarmory|138/271","|move|p2a: Landorus-Therian|Rock Polish|p2a: Landorus-Therian","|-boost|p2a: Landorus-Therian|spe|2","|","|-heal|p2a: Landorus-Therian|246/381|[from] item: Leftovers","|turn|7","|","|move|p2a: Landorus-Therian|Rock Slide|p1a: Skarmory","|-damage|p1a: Skarmory|0 fnt","|faint|p1a: Skarmory","|","|-heal|p2a: Landorus-Therian|269/381|[from] item: Leftovers","|","|switch|p1a: Magnezone|Magnezone|343/343","|turn|8","|","|move|p2a: Landorus-Therian|Rock Slide|p1a: Magnezone","|-resisted|p1a: Magnezone","|-damage|p1a: Magnezone|251/343","|move|p1a: Magnezone|Hidden Power|p2a: Landorus-Therian","|-supereffective|p2a: Landorus-Therian","|-damage|p2a: Landorus-Therian|0 fnt","|faint|p2a: Landorus-Therian","|","|","|switch|p2a: Camerupt|Camerupt-Mega, F|290/323","|-damage|p2a: Camerupt|250/323|[from] Stealth Rock","|turn|9","|","|move|p1a: Magnezone|Hidden Power|p2a: Camerupt","|-damage|p2a: Camerupt|178/323","|move|p2a: Camerupt|Ancient Power|p1a: Magnezone","|-resisted|p1a: Magnezone","|-damage|p1a: Magnezone|187/343","|","|turn|10","|","|switch|p1a: Heatran|Heatran, M|385/385","|-item|p1a: Heatran|Air Balloon","|move|p2a: Camerupt|Earth Power|p1a: Heatran","|-immune|p1a: Heatran|[msg]","|","|turn|11","|","|move|p1a: Heatran|Earth Power|p2a: Camerupt","|-supereffective|p2a: Camerupt","|-damage|p2a: Camerupt|0 fnt","|faint|p2a: Camerupt","|","|","|switch|p2a: Hippowdon|Hippowdon, M|419/419","|-damage|p2a: Hippowdon|393/419|[from] Stealth Rock","|-weather|Sandstorm","|turn|12","|","|switch|p1a: Jirachi|Jirachi|341/341","|switch|p2a: Seismitoad|Seismitoad, M|376/376","|-damage|p2a: Seismitoad|353/376|[from] Stealth Rock","|","|-weather|Sandstorm|[upkeep]","|turn|13","|","|move|p1a: Jirachi|Zen Headbutt|p2a: Seismitoad","|-damage|p2a: Seismitoad|200/376","|move|p2a: Seismitoad|Earth Power|p1a: Jirachi","|-supereffective|p1a: Jirachi","|-damage|p1a: Jirachi|71/341","|","|-weather|Sandstorm|[upkeep]","|turn|14","|","|switch|p2a: Excadrill|Excadrill, M|361/361","|-damage|p2a: Excadrill|350/361|[from] Stealth Rock","|move|p1a: Jirachi|Zen Headbutt|p2a: Excadrill","|-resisted|p2a: Excadrill","|-damage|p2a: Excadrill|267/361","|","|-weather|Sandstorm|[upkeep]","|turn|15","|","|switch|p1a: Magnezone|Magnezone|187/343","|move|p2a: Excadrill|Iron Head|p1a: Magnezone","|-resisted|p1a: Magnezone","|-damage|p1a: Magnezone|138/343","|","|-weather|Sandstorm|[upkeep]","|turn|16","|","|move|p2a: Excadrill|Iron Head|p1a: Magnezone","|-resisted|p1a: Magnezone","|-damage|p1a: Magnezone|91/343","|move|p1a: Magnezone|Tri Attack|p2a: Excadrill","|-resisted|p2a: Excadrill","|-damage|p2a: Excadrill|192/361","|","|-weather|none","|turn|17","|","|move|p2a: Excadrill|Iron Head|p1a: Magnezone","|-resisted|p1a: Magnezone","|-damage|p1a: Magnezone|40/343","|move|p1a: Magnezone|Tri Attack|p2a: Excadrill","|-crit|p2a: Excadrill","|-resisted|p2a: Excadrill","|-damage|p2a: Excadrill|83/361","|","|turn|18","|","|switch|p1a: Lucario|Lucario, M|281/281","|move|p2a: Excadrill|Iron Head|p1a: Lucario","|-resisted|p1a: Lucario","|-damage|p1a: Lucario|124/281","|","|turn|19","|","|switch|p2a: Hippowdon|Hippowdon, M|393/419","|-damage|p2a: Hippowdon|367/419|[from] Stealth Rock","|-weather|Sandstorm","|move|p1a: Lucario|Vacuum Wave|p2a: Hippowdon","|-damage|p2a: Hippowdon|273/419","|-damage|p1a: Lucario|96/281|[from] item: Life Orb","|","|-weather|Sandstorm|[upkeep]","|-heal|p2a: Hippowdon|299/419|[from] item: Leftovers","|turn|20","|","|move|p1a: Lucario|Aura Sphere|p2a: Hippowdon","|-damage|p2a: Hippowdon|88/419","|-damage|p1a: Lucario|68/281|[from] item: Life Orb","|move|p2a: Hippowdon|Slack Off|p2a: Hippowdon","|-heal|p2a: Hippowdon|298/419","|","|-weather|Sandstorm|[upkeep]","|-heal|p2a: Hippowdon|324/419|[from] item: Leftovers","|turn|21","|","|switch|p1a: Jirachi|Jirachi|71/341","|move|p2a: Hippowdon|Slack Off|p2a: Hippowdon","|-heal|p2a: Hippowdon|419/419","|","|-weather|Sandstorm|[upkeep]","|turn|22","|","|move|p1a: Jirachi|Ice Punch|p2a: Hippowdon","|-supereffective|p2a: Hippowdon","|-damage|p2a: Hippowdon|317/419","|move|p2a: Hippowdon|Earthquake|p1a: Jirachi","|-supereffective|p1a: Jirachi","|-damage|p1a: Jirachi|0 fnt","|faint|p1a: Jirachi","|","|-weather|Sandstorm|[upkeep]","|-heal|p2a: Hippowdon|343/419|[from] item: Leftovers","|","|switch|p1a: Magnezone|Magnezone|40/343","|turn|23","|","|switch|p2a: Mamoswine|Mamoswine, F|361/361","|-damage|p2a: Mamoswine|316/361|[from] Stealth Rock","|move|p1a: Magnezone|Tri Attack|p2a: Mamoswine","|-damage|p2a: Mamoswine|161/361","|","|-weather|none","|turn|24","|","|move|p2a: Mamoswine|Icicle Crash|p1a: Magnezone","|-crit|p1a: Magnezone","|-resisted|p1a: Magnezone","|-damage|p1a: Magnezone|0 fnt","|-damage|p2a: Mamoswine|125/361|[from] item: Life Orb","|faint|p1a: Magnezone","|","|","|switch|p1a: Excadrill|Excadrill, F|361/361","|-ability|p1a: Excadrill|Mold Breaker","|turn|25","|","|move|p2a: Mamoswine|Ice Shard|p1a: Excadrill","|-damage|p1a: Excadrill|204/361","|-damage|p2a: Mamoswine|89/361|[from] item: Life Orb","|move|p1a: Excadrill|Earthquake|p2a: Mamoswine","|-damage|p2a: Mamoswine|0 fnt","|faint|p2a: Mamoswine","|","|","|switch|p2a: Seismitoad|Seismitoad, M|200/376","|-damage|p2a: Seismitoad|177/376|[from] Stealth Rock","|turn|26","|","|switch|p2a: Hippowdon|Hippowdon, M|343/419","|-damage|p2a: Hippowdon|317/419|[from] Stealth Rock","|-weather|Sandstorm","|move|p1a: Excadrill|Earthquake|p2a: Hippowdon","|-damage|p2a: Hippowdon|181/419","|","|-weather|Sandstorm|[upkeep]","|-heal|p2a: Hippowdon|207/419|[from] item: Leftovers","|turn|27","|","|switch|p1a: Heatran|Heatran, M|385/385","|-item|p1a: Heatran|Air Balloon","|move|p2a: Hippowdon|Slack Off|p2a: Hippowdon","|-heal|p2a: Hippowdon|417/419","|","|-weather|Sandstorm|[upkeep]","|-heal|p2a: Hippowdon|419/419|[from] item: Leftovers","|turn|28","|","|move|p1a: Heatran|Will-O-Wisp|p2a: Hippowdon","|-status|p2a: Hippowdon|brn","|move|p2a: Hippowdon|Stealth Rock|p1a: Heatran","|-sidestart|p1: SL Espeon|move: Stealth Rock","|","|-weather|Sandstorm|[upkeep]","|-damage|p2a: Hippowdon|367/419 brn|[from] brn","|turn|29","|","|move|p1a: Heatran|Lava Plume|p2a: Hippowdon","|-damage|p2a: Hippowdon|241/419 brn","|move|p2a: Hippowdon|Whirlwind|p1a: Heatran","|drag|p1a: Lucario|Lucario, M|68/281","|-damage|p1a: Lucario|60/281|[from] Stealth Rock","|","|-weather|Sandstorm|[upkeep]","|-heal|p2a: Hippowdon|267/419 brn|[from] item: Leftovers","|-damage|p2a: Hippowdon|215/419 brn|[from] brn","|turn|30","|","|move|p1a: Lucario|Aura Sphere|p2a: Hippowdon","|-damage|p2a: Hippowdon|19/419 brn","|-damage|p1a: Lucario|32/281|[from] item: Life Orb","|move|p2a: Hippowdon|Earthquake|p1a: Lucario","|-supereffective|p1a: Lucario","|-damage|p1a: Lucario|0 fnt","|faint|p1a: Lucario","|","|-weather|none","|-heal|p2a: Hippowdon|45/419 brn|[from] item: Leftovers","|-damage|p2a: Hippowdon|0 fnt|[from] brn","|faint|p2a: Hippowdon","|","|switch|p1a: Excadrill|Excadrill, F|204/361","|switch|p2a: Seismitoad|Seismitoad, M|177/376","|-damage|p1a: Excadrill|193/361|[from] Stealth Rock","|-ability|p1a: Excadrill|Mold Breaker","|-damage|p2a: Seismitoad|154/376|[from] Stealth Rock","|turn|31","|","|move|p1a: Excadrill|Earthquake|p2a: Seismitoad","|-damage|p2a: Seismitoad|0 fnt","|faint|p2a: Seismitoad","|","|","|switch|p2a: Excadrill|Excadrill, M|83/361","|-damage|p2a: Excadrill|72/361|[from] Stealth Rock","|turn|32","|","|switch|p1a: Heatran|Heatran, M|385/385","|-damage|p1a: Heatran|337/385|[from] Stealth Rock","|-item|p1a: Heatran|Air Balloon","|move|p2a: Excadrill|Iron Head|p1a: Heatran","|-resisted|p1a: Heatran","|-damage|p1a: Heatran|289/385","|-enditem|p1a: Heatran|Air Balloon","|","|turn|33","|","|move|p2a: Excadrill|Iron Head|p1a: Heatran","|-resisted|p1a: Heatran","|-damage|p1a: Heatran|235/385","|move|p1a: Heatran|Will-O-Wisp|p2a: Excadrill","|-status|p2a: Excadrill|brn","|","|-damage|p2a: Excadrill|27/361 brn|[from] brn","|turn|34","|","|move|p1a: Heatran|Protect|p1a: Heatran","|-singleturn|p1a: Heatran|Protect","|move|p2a: Excadrill|Iron Head|p1a: Heatran","|-activate|p1a: Heatran|Protect","|","|-damage|p2a: Excadrill|0 fnt|[from] brn","|faint|p2a: Excadrill","|","|win|SL Espeon"],"p1rating":{"entryid":"7682665","serverid":"eos","formatid":"monotype","userid":"slespeon","username":"SL Espeon","w":1,"l":"1","t":"0","gxe":50,"r":1459.8393856612,"rd":122.8583080769,"sigma":"0","rptime":1439802000,"rpr":1500.029275973,"rprd":116.84146468108,"rpsigma":"0","acre":1040,"lacre":1040,"oldacre":"1000"},"p2rating":{"entryid":7692983,"formatid":"monotype","userid":"vmyth","username":"V Myth","r":1500,"rd":130,"sigma":0,"rpr":1459.8393856612,"rprd":122.8583080769,"rpsigma":0,"rptime":1439802000,"w":0,"l":1,"t":0,"gxe":45,"acre":1000,"lacre":1000,"oldacre":1000},"endType":"normal"}