{"seed":[6585,16395,22615,43986],"turns":20,"p1":"Trying Fire","p2":"V Brickbreaker","p1team":[{"name":"Infernape","species":"Infernape","item":"focussash","ability":"Iron Fist","moves":["overheat","closecombat","thunderpunch","taunt"],"nature":"Naive","evs":{"hp":0,"atk":168,"def":0,"spa":88,"spd":0,"spe":252},"ivs":{"hp":31,"atk":31,"def":31,"spa":31,"spd":31,"spe":31}},{"name":"Torkoal","species":"Torkoal","item":"leftovers","ability":"White Smoke","moves":["stealthrock","yawn","rapidspin","lavaplume"],"nature":"Bold","evs":{"hp":248,"atk":0,"def":252,"spa":8,"spd":0,"spe":0},"ivs":{"hp":31,"atk":0,"def":31,"spa":31,"spd":31,"spe":31}},{"name":"Charizard","species":"Charizard","item":"charizarditey","ability":"Blaze","moves":["fireblast","dragonpulse","solarbeam","roost"],"nature":"Timid","evs":{"hp":0,"atk":0,"def":0,"spa":252,"spd":4,"spe":252},"ivs":{"hp":31,"atk":31,"def":31,"spa":31,"spd":31,"spe":31}},{"name":"Darmanitan","species":"Darmanitan","item":"choicescarf","ability":"Sheer Force","moves":["flareblitz","superpower","uturn","rockslide"],"nature":"Jolly","evs":{"hp":0,"atk":252,"def":0,"spa":0,"spd":4,"spe":252},"ivs":{"hp":31,"atk":31,"def":31,"spa":31,"spd":31,"spe":31}},{"name":"Fletchinder","species":"Fletchinder","item":"","ability":"Gale Wings","moves":["acrobatics","swordsdance","willowisp","tailwind"],"nature":"Adamant","evs":{"hp":0,"atk":252,"def":4,"spa":0,"spd":0,"spe":252},"ivs":{"hp":31,"atk":31,"def":31,"spa":31,"spd":31,"spe":31}},{"name":"Heatran","species":"Heatran","item":"choicescarf","ability":"Flash Fire","moves":["fireblast","dragonpulse","flashcannon","earthpower"],"nature":"Timid","evs":{"hp":0,"atk":0,"def":0,"spa":252,"spd":4,"spe":252},"ivs":{"hp":31,"atk":31,"def":31,"spa":31,"spd":31,"spe":31}}],"p2team":[{"name":"Lime","species":"scizor","item":"lifeorb","ability":"Technician","moves":["bulletpunch","bugbite","aerialace","knockoff"],"nature":"Adamant","evs":{"hp":248,"atk":252,"def":0,"spa":0,"spd":8,"spe":0},"shiny":true,"ivs":{"hp":31,"atk":31,"def":31,"spa":31,"spd":31,"spe":31}},{"name":"Red","species":"genesectdouse","item":"dousedrive","ability":"Download","moves":["technoblast","extremespeed","ironhead","flamethrower"],"nature":"Hasty","evs":{"hp":0,"atk":160,"def":0,"spa":96,"spd":0,"spe":252},"shiny":true,"ivs":{"hp":31,"atk":31,"def":31,"spa":31,"spd":31,"spe":31}},{"name":"Spider","species":"galvantula","item":"focussash","ability":"Unnerve","moves":["bugbuzz","thunderwave","stickyweb","thunder"],"nature":"Timid","evs":{"hp":0,"atk":0,"def":0,"spa":252,"spd":4,"spe":252},"shiny":true,"ivs":{"hp":31,"atk":31,"def":31,"spa":31,"spd":31,"spe":31}},{"name":"Pete","species":"heracross","item":"heracronite","ability":"Moxie","moves":["rockblast","pinmissile","bulletseed","armthrust"],"nature":"Adamant","evs":{"hp":248,"atk":204,"def":24,"spa":0,"spd":16,"spe":16},"ivs":{"hp":31,"atk":31,"def":31,"spa":31,"spd":31,"spe":31}},{"name":"Flame","species":"volcarona","item":"leftovers","ability":"Flame Body","moves":["quiverdance","gigadrain","fierydance","hiddenpowerrock"],"nature":"Modest","evs":{"hp":0,"atk":0,"def":4,"spa":232,"spd":20,"spe":252},"ivs":{"hp":31,"atk":31,"def":30,"spa":31,"spd":30,"spe":30},"shiny":true},{"name":"Yanmega","species":"Yanmega","item":"leftovers","ability":"Speed Boost","moves":["protect","ancientpower","defog","airslash"],"nature":"Modest","evs":{"hp":0,"atk":0,"def":0,"spa":252,"spd":4,"spe":252},"ivs":{"hp":31,"atk":31,"def":31,"spa":31,"spd":31,"spe":31}}],"log":["|player|p1|Trying Fire|125","|player|p2|V Brickbreaker|220","|gametype|singles","|gen|6","|tier|Monotype","|rated","|rule|Baton Pass Clause: Limit one Baton Passer, can't pass Spe and other stats simultaneously","|rule|Swagger Clause: Swagger is banned","|rule|Same Type Clause: Pokémon in a team must share a type","|clearpoke","|poke|p1|Infernape, M","|poke|p1|Torkoal, M","|poke|p1|Charizard, M","|poke|p1|Darmanitan, F","|poke|p1|Fletchinder, M","|poke|p1|Heatran, F","|poke|p2|Scizor, F, shiny","|poke|p2|Genesect-*, shiny","|poke|p2|Galvantula, F, shiny","|poke|p2|Heracross, M","|poke|p2|Volcarona, M, shiny","|poke|p2|Yanmega, F","|rule|Sleep Clause Mod: Limit one foe put to sleep","|rule|Species Clause: Limit one of each Pokémon","|rule|OHKO Clause: OHKO moves are banned","|rule|Moody Clause: Moody is banned","|rule|Evasion Moves Clause: Evasion moves are banned","|rule|Endless Battle Clause: Forcing endless battles is banned","|rule|HP Percentage Mod: HP is shown in percentages","|teampreview","|","|start","|switch|p1a: Torkoal|Torkoal, M|343/343","|switch|p2a: Spider|Galvantula, F, shiny|281/281","|-ability|p2a: Spider|Unnerve|p1: Trying Fire","|turn|1","|","|move|p2a: Spider|Thunder Wave|p1a: Torkoal","|-status|p1a: Torkoal|par","|cant|p1a: Torkoal|par","|","|turn|2","|","|switch|p2a: Flame|Volcarona, M, shiny|311/311","|move|p1a: Torkoal|Lava Plume|p2a: Flame","|-damage|p2a: Flame|227/311","|","|-heal|p2a: Flame|246/311|[from] item: Leftovers","|turn|3","|","|switch|p1a: Darmanitan|Darmanitan, F|351/351","|move|p2a: Flame|Quiver Dance|p2a: Flame","|-boost|p2a: Flame|spa|1","|-boost|p2a: Flame|spd|1","|-boost|p2a: Flame|spe|1","|","|-heal|p2a: Flame|265/311|[from] item: Leftovers","|turn|4","|","|move|p1a: Darmanitan|Rock Slide|p2a: Flame","|-supereffective|p2a: Flame","|-damage|p2a: Flame|0 fnt","|faint|p2a: Flame","|","|","|switch|p2a: Red|Genesect-Douse, shiny|283/283","|-boost|p2a: Red|atk|1|[from] ability: Download","|turn|5","|","|switch|p1a: Heatran|Heatran, F|323/323","|move|p2a: Red|Techno Blast|p1a: Heatran","|-supereffective|p1a: Heatran","|-damage|p1a: Heatran|85/323","|","|turn|6","|","|move|p1a: Heatran|Fire Blast|p2a: Red","|-supereffective|p2a: Red","|-damage|p2a: Red|0 fnt","|faint|p2a: Red","|","|","|switch|p2a: Spider|Galvantula, F, shiny|281/281","|-ability|p2a: Spider|Unnerve|p1: Trying Fire","|turn|7","|","|move|p1a: Heatran|Fire Blast|p2a: Spider","|-supereffective|p2a: Spider","|-enditem|p2a: Spider|Focus Sash","|-damage|p2a: Spider|1/281","|move|p2a: Spider|Thunder Wave|p1a: Heatran","|-status|p1a: Heatran|par","|","|turn|8","|","|move|p2a: Spider|Sticky Web|p1a: Heatran","|-sidestart|p1: Trying Fire|move: Sticky Web","|move|p1a: Heatran|Fire Blast|p2a: Spider","|-supereffective|p2a: Spider","|-damage|p2a: Spider|0 fnt","|faint|p2a: Spider","|","|","|switch|p2a: Pete|Heracross, M|363/363","|turn|9","|","|move|p2a: Pete|Arm Thrust|p1a: Heatran","|-supereffective|p1a: Heatran","|-damage|p1a: Heatran|35/323 par","|-supereffective|p1a: Heatran","|-damage|p1a: Heatran|0 fnt","|-hitcount|p1a: Heatran|2","|faint|p1a: Heatran","|-boost|p2a: Pete|atk|1|[from] ability: Moxie","|","|","|switch|p1a: Fletchinder|Fletchinder, M|265/265","|turn|10","|","|detailschange|p2a: Pete|Heracross-Mega, M","|-mega|p2a: Pete|Heracross|Heracronite","|move|p1a: Fletchinder|Acrobatics|p2a: Pete","|-supereffective|p2a: Pete","|-damage|p2a: Pete|0 fnt","|faint|p2a: Pete","|","|","|switch|p2a: Yanmega|Yanmega, F|313/313","|turn|11","|","|move|p2a: Yanmega|Protect|p2a: Yanmega","|-singleturn|p2a: Yanmega|Protect","|move|p1a: Fletchinder|Acrobatics|p2a: Yanmega","|-activate|p2a: Yanmega|Protect","|","|-boost|p2a: Yanmega|spe|1|[from] ability: Speed Boost","|turn|12","|","|move|p1a: Fletchinder|Acrobatics|p2a: Yanmega","|-supereffective|p2a: Yanmega","|-damage|p2a: Yanmega|1/313","|move|p2a: Yanmega|Ancient Power|p1a: Fletchinder","|-supereffective|p1a: Fletchinder","|-damage|p1a: Fletchinder|0 fnt","|faint|p1a: Fletchinder","|","|-heal|p2a: Yanmega|20/313|[from] item: Leftovers","|-boost|p2a: Yanmega|spe|1|[from] ability: Speed Boost","|","|switch|p1a: Infernape|Infernape, M|293/293","|-activate|p1a: Infernape|move: Sticky Web","|-unboost|p1a: Infernape|spe|1","|turn|13","|","|move|p2a: Yanmega|Air Slash|p1a: Infernape","|-supereffective|p1a: Infernape","|-enditem|p1a: Infernape|Focus Sash","|-damage|p1a: Infernape|1/293","|cant|p1a: Infernape|flinch","|","|-heal|p2a: Yanmega|39/313|[from] item: Leftovers","|-boost|p2a: Yanmega|spe|1|[from] ability: Speed Boost","|turn|14","|","|move|p2a: Yanmega|Ancient Power|p1a: Infernape","|-damage|p1a: Infernape|0 fnt","|faint|p1a: Infernape","|","|-heal|p2a: Yanmega|58/313|[from] item: Leftovers","|-boost|p2a: Yanmega|spe|1|[from] ability: Speed Boost","|","|switch|p1a: Torkoal|Torkoal, M|343/343 par","|-activate|p1a: Torkoal|move: Sticky Web","|-fail|p1a: Torkoal|unboost|[from] ability: White Smoke|[of] p1a: Torkoal","|turn|15","|","|move|p2a: Yanmega|Air Slash|p1a: Torkoal|[miss]","|-miss|p2a: Yanmega|p1a: Torkoal","|cant|p1a: Torkoal|par","|","|-heal|p2a: Yanmega|77/313|[from] item: Leftovers","|-boost|p2a: Yanmega|spe|1|[from] ability: Speed Boost","|turn|16","|","|move|p2a: Yanmega|Air Slash|p1a: Torkoal","|-damage|p1a: Torkoal|174/343 par","|cant|p1a: Torkoal|flinch","|","|-heal|p2a: Yanmega|96/313|[from] item: Leftovers","|-heal|p1a: Torkoal|195/343 par|[from] item: Leftovers","|-boost|p2a: Yanmega|spe|1|[from] ability: Speed Boost","|turn|17","|","|move|p2a: Yanmega|Air Slash|p1a: Torkoal","|-damage|p1a: Torkoal|20/343 par","|move|p1a: Torkoal|Lava Plume|p2a: Yanmega","|-supereffective|p2a: Yanmega","|-damage|p2a: Yanmega|0 fnt","|faint|p2a: Yanmega","|","|-heal|p1a: Torkoal|41/343 par|[from] item: Leftovers","|","|switch|p2a: Lime|Scizor, F, shiny|343/343","|turn|18","|","|move|p2a: Lime|Knock Off|p1a: Torkoal","|-damage|p1a: Torkoal|0 fnt","|-enditem|p1a: Torkoal|Leftovers|[from] move: Knock Off|[of] p2a: Lime","|-damage|p2a: Lime|309/343|[from] item: Life Orb","|faint|p1a: Torkoal","|","|","|switch|p1a: Charizard|Charizard, M|297/297","|turn|19","|","|detailschange|p1a: Charizard|Charizard-Mega-Y, M","|-mega|p1a: Charizard|Charizard|Charizardite Y","|-weather|SunnyDay","|move|p2a: Lime|Bullet Punch|p1a: Charizard","|-resisted|p1a: Charizard","|-damage|p1a: Charizard|203/297","|-damage|p2a: Lime|275/343|[from] item: Life Orb","|move|p1a: Charizard|Fire Blast|p2a: Lime|[miss]","|-miss|p1a: Charizard|p2a: Lime","|","|-weather|SunnyDay|[upkeep]","|turn|20","|","|move|p2a: Lime|Bullet Punch|p1a: Charizard","|-resisted|p1a: Charizard","|-damage|p1a: Charizard|117/297","|-damage|p2a: Lime|241/343|[from] item: Life Orb","|move|p1a: Charizard|Fire Blast|p2a: Lime","|-supereffective|p2a: Lime","|-damage|p2a: Lime|0 fnt","|faint|p2a: Lime","|","|win|Trying Fire"],"p1rating":{"entryid":"7702336","serverid":"eos","formatid":"monotype","userid":"tryingfire","username":"Trying Fire","w":8,"l":"1","t":"0","gxe":64.4,"r":"1500","rd":"130","sigma":"0","rptime":"1439802000","rpr":1615.4118422229,"rprd":92.686868086872,"rpsigma":"0","acre":1204.9796660798,"lacre":1204.9796660798,"oldacre":"1192.5724722986"},"p2rating":{"entryid":7703855,"formatid":"monotype","userid":"vbrickbreaker","username":"V Brickbreaker","r":1500,"rd":130,"sigma":0,"rpr":1459.8393856612,"rprd":122.8583080769,"rpsigma":0,"rptime":1439802000,"w":0,"l":1,"t":0,"gxe":45,"acre":1000,"lacre":1000,"oldacre":1000},"endType":"normal"}