{"seed":[56797,26679,64435,8417],"turns":26,"p1":"Jake1079","p2":"Law and Order Svu","p1team":[{"name":"Victini","species":"Victini","item":"choicescarf","ability":"Victory Star","moves":["boltstrike","vcreate","uturn","zenheadbutt"],"nature":"Jolly","evs":{"hp":0,"atk":252,"def":0,"spa":0,"spd":4,"spe":252},"ivs":{"hp":31,"atk":31,"def":31,"spa":31,"spd":31,"spe":31}},{"name":"Gardevoir","species":"Gardevoir","item":"gardevoirite","ability":"Synchronize","moves":["hypervoice","thunderbolt","psyshock","shadowball"],"nature":"Timid","evs":{"hp":0,"atk":0,"def":0,"spa":252,"spd":4,"spe":252},"ivs":{"hp":31,"atk":31,"def":31,"spa":31,"spd":31,"spe":31}},{"name":"Slowbro","species":"Slowbro","item":"rockyhelmet","ability":"Regenerator","moves":["scald","calmmind","slackoff","fireblast"],"nature":"Bold","evs":{"hp":248,"atk":0,"def":252,"spa":8,"spd":0,"spe":0},"ivs":{"hp":31,"atk":31,"def":31,"spa":31,"spd":31,"spe":31}},{"name":"Malamar","species":"Malamar","item":"choicescarf","ability":"Contrary","moves":["superpower","switcheroo","psychocut","rockslide"],"nature":"Jolly","evs":{"hp":0,"atk":252,"def":0,"spa":0,"spd":4,"spe":252},"ivs":{"hp":31,"atk":31,"def":31,"spa":31,"spd":31,"spe":31}},{"name":"Starmie","species":"Starmie","item":"lifeorb","ability":"Natural Cure","moves":["scald","rapidspin","icebeam","psychic"],"nature":"Timid","evs":{"hp":0,"atk":0,"def":0,"spa":252,"spd":4,"spe":252},"ivs":{"hp":31,"atk":31,"def":31,"spa":31,"spd":31,"spe":31}},{"name":"Sigilyph","species":"Sigilyph","item":"leftovers","ability":"Magic Guard","moves":["cosmicpower","storedpower","roost","toxic"],"nature":"Calm","evs":{"hp":252,"atk":0,"def":0,"spa":4,"spd":252,"spe":0},"ivs":{"hp":31,"atk":31,"def":31,"spa":31,"spd":31,"spe":31}}],"p2team":[{"name":"Hippowdon","species":"Hippowdon","item":"leftovers","ability":"Sand Stream","moves":["earthquake","stoneedge","slackoff","stealthrock"],"nature":"Impish","evs":{"hp":216,"atk":4,"def":164,"spa":0,"spd":124,"spe":0},"gender":"F","ivs":{"hp":31,"atk":31,"def":31,"spa":31,"spd":31,"spe":31}},{"name":"Gastrodon","species":"Gastrodon","item":"leftovers","ability":"Storm Drain","moves":["scald","toxic","recover","earthpower"],"nature":"Bold","evs":{"hp":252,"atk":0,"def":252,"spa":4,"spd":0,"spe":0},"gender":"M","ivs":{"hp":31,"atk":31,"def":31,"spa":31,"spd":31,"spe":31}},{"name":"Landorus","species":"Landorus","item":"lifeorb","ability":"Sheer Force","moves":["sludgewave","earthpower","psychic","focusblast"],"nature":"Timid","evs":{"hp":0,"atk":0,"def":0,"spa":252,"spd":4,"spe":252},"ivs":{"hp":31,"atk":31,"def":31,"spa":31,"spd":31,"spe":31}},{"name":"Garchomp","species":"Garchomp","item":"garchompite","ability":"Rough Skin","moves":["earthquake","dragonclaw","fireblast","swordsdance"],"nature":"Naive","evs":{"hp":0,"atk":212,"def":0,"spa":44,"spd":0,"spe":252},"ivs":{"hp":31,"atk":31,"def":31,"spa":31,"spd":31,"spe":31}},{"name":"Mamoswine","species":"Mamoswine","item":"assaultvest","ability":"Thick Fat","moves":["earthquake","iciclespear","iceshard","knockoff"],"nature":"Adamant","evs":{"hp":248,"atk":252,"def":0,"spa":0,"spd":8,"spe":0},"ivs":{"hp":31,"atk":31,"def":31,"spa":31,"spd":31,"spe":31}},{"name":"Excadrill","species":"Excadrill","item":"lifeorb","ability":"Sand Rush","moves":["earthquake","ironhead","rockslide","rapidspin"],"nature":"Adamant","evs":{"hp":0,"atk":252,"def":0,"spa":0,"spd":4,"spe":252},"ivs":{"hp":31,"atk":31,"def":31,"spa":31,"spd":31,"spe":31}}],"log":["|player|p1|Jake1079|281","|player|p2|Law and Order Svu|67","|gametype|singles","|gen|6","|tier|Monotype","|rated","|rule|Baton Pass Clause: Limit one Baton Passer, can't pass Spe and other stats simultaneously","|rule|Swagger Clause: Swagger is banned","|rule|Same Type Clause: Pokémon in a team must share a type","|clearpoke","|poke|p1|Victini","|poke|p1|Gardevoir, M","|poke|p1|Slowbro, F","|poke|p1|Malamar, M","|poke|p1|Starmie","|poke|p1|Sigilyph, F","|poke|p2|Hippowdon, F","|poke|p2|Gastrodon, M","|poke|p2|Landorus, M","|poke|p2|Garchomp, F","|poke|p2|Mamoswine, M","|poke|p2|Excadrill, F","|rule|Sleep Clause Mod: Limit one foe put to sleep","|rule|Species Clause: Limit one of each Pokémon","|rule|OHKO Clause: OHKO moves are banned","|rule|Moody Clause: Moody is banned","|rule|Evasion Moves Clause: Evasion moves are banned","|rule|Endless Battle Clause: Forcing endless battles is banned","|rule|HP Percentage Mod: HP is shown in percentages","|teampreview","|","|start","|switch|p1a: Victini|Victini|341/341","|switch|p2a: Hippowdon|Hippowdon, F|411/411","|-weather|Sandstorm","|turn|1","|","|move|p1a: Victini|U-turn|p2a: Hippowdon","|-damage|p2a: Hippowdon|362/411","|","|switch|p1a: Malamar|Malamar, M|313/313","|move|p2a: Hippowdon|Earthquake|p1a: Malamar","|-damage|p1a: Malamar|177/313","|","|-weather|Sandstorm|[upkeep]","|-damage|p1a: Malamar|158/313|[from] sandstorm","|-heal|p2a: Hippowdon|387/411|[from] item: Leftovers","|turn|2","|","|move|p1a: Malamar|Superpower|p2a: Hippowdon","|-damage|p2a: Hippowdon|307/411","|-boost|p1a: Malamar|atk|1","|-boost|p1a: Malamar|def|1","|move|p2a: Hippowdon|Stealth Rock|p1a: Malamar","|-sidestart|p1: Jake1079|move: Stealth Rock","|","|-weather|Sandstorm|[upkeep]","|-damage|p1a: Malamar|139/313|[from] sandstorm","|-heal|p2a: Hippowdon|332/411|[from] item: Leftovers","|turn|3","|","|move|p1a: Malamar|Superpower|p2a: Hippowdon","|-damage|p2a: Hippowdon|223/411","|-boost|p1a: Malamar|atk|1","|-boost|p1a: Malamar|def|1","|move|p2a: Hippowdon|Earthquake|p1a: Malamar","|-damage|p1a: Malamar|69/313","|","|-weather|Sandstorm|[upkeep]","|-damage|p1a: Malamar|50/313|[from] sandstorm","|-heal|p2a: Hippowdon|248/411|[from] item: Leftovers","|turn|4","|","|move|p1a: Malamar|Superpower|p2a: Hippowdon","|-damage|p2a: Hippowdon|97/411","|-boost|p1a: Malamar|atk|1","|-boost|p1a: Malamar|def|1","|move|p2a: Hippowdon|Earthquake|p1a: Malamar","|-damage|p1a: Malamar|0 fnt","|faint|p1a: Malamar","|","|-weather|Sandstorm|[upkeep]","|-heal|p2a: Hippowdon|122/411|[from] item: Leftovers","|","|switch|p1a: Starmie|Starmie|261/261","|-damage|p1a: Starmie|229/261|[from] Stealth Rock","|turn|5","|","|switch|p2a: Gastrodon|Gastrodon, M|426/426","|move|p1a: Starmie|Scald|p2a: Gastrodon","|-boost|p2a: Gastrodon|spa|1|[from] ability: Storm Drain","|","|-weather|none","|turn|6","|","|move|p1a: Starmie|Rapid Spin|p2a: Gastrodon","|-damage|p2a: Gastrodon|412/426","|-sideend|p1: Jake1079|Stealth Rock|[from] move: Rapid Spin|[of] p1a: Starmie","|-damage|p1a: Starmie|203/261|[from] item: Life Orb","|move|p2a: Gastrodon|Toxic|p1a: Starmie","|-status|p1a: Starmie|tox","|","|-heal|p2a: Gastrodon|426/426|[from] item: Leftovers","|-damage|p1a: Starmie|187/261 tox|[from] psn","|turn|7","|","|switch|p1a: Sigilyph|Sigilyph, F|348/348","|move|p2a: Gastrodon|Earth Power|p1a: Sigilyph","|-immune|p1a: Sigilyph|[msg]","|","|turn|8","|","|move|p1a: Sigilyph|Cosmic Power|p1a: Sigilyph","|-boost|p1a: Sigilyph|def|1","|-boost|p1a: Sigilyph|spd|1","|move|p2a: Gastrodon|Toxic|p1a: Sigilyph","|-status|p1a: Sigilyph|tox","|","|turn|9","|","|switch|p2a: Mamoswine|Mamoswine, M|423/423","|move|p1a: Sigilyph|Cosmic Power|p1a: Sigilyph","|-boost|p1a: Sigilyph|def|1","|-boost|p1a: Sigilyph|spd|1","|","|turn|10","|","|move|p1a: Sigilyph|Cosmic Power|p1a: Sigilyph","|-boost|p1a: Sigilyph|def|1","|-boost|p1a: Sigilyph|spd|1","|move|p2a: Mamoswine|Icicle Spear|p1a: Sigilyph","|-supereffective|p1a: Sigilyph","|-damage|p1a: Sigilyph|300/348 tox","|-supereffective|p1a: Sigilyph","|-damage|p1a: Sigilyph|252/348 tox","|-hitcount|p1a: Sigilyph|2","|","|-heal|p1a: Sigilyph|273/348 tox|[from] item: Leftovers","|turn|11","|","|move|p1a: Sigilyph|Cosmic Power|p1a: Sigilyph","|-boost|p1a: Sigilyph|def|1","|-boost|p1a: Sigilyph|spd|1","|move|p2a: Mamoswine|Knock Off|p1a: Sigilyph","|-supereffective|p1a: Sigilyph","|-damage|p1a: Sigilyph|173/348 tox","|-enditem|p1a: Sigilyph|Leftovers|[from] move: Knock Off|[of] p2a: Mamoswine","|","|turn|12","|","|move|p1a: Sigilyph|Roost|p1a: Sigilyph","|-heal|p1a: Sigilyph|347/348 tox","|move|p2a: Mamoswine|Icicle Spear|p1a: Sigilyph","|-damage|p1a: Sigilyph|326/348 tox","|-damage|p1a: Sigilyph|304/348 tox","|-hitcount|p1a: Sigilyph|2","|","|turn|13","|","|move|p1a: Sigilyph|Cosmic Power|p1a: Sigilyph","|-boost|p1a: Sigilyph|def|1","|-boost|p1a: Sigilyph|spd|1","|move|p2a: Mamoswine|Icicle Spear|p1a: Sigilyph","|-supereffective|p1a: Sigilyph","|-damage|p1a: Sigilyph|266/348 tox","|-supereffective|p1a: Sigilyph","|-damage|p1a: Sigilyph|234/348 tox","|-hitcount|p1a: Sigilyph|2","|","|turn|14","|","|move|p1a: Sigilyph|Stored Power|p2a: Mamoswine","|-damage|p2a: Mamoswine|167/423","|move|p2a: Mamoswine|Icicle Spear|p1a: Sigilyph","|-supereffective|p1a: Sigilyph","|-damage|p1a: Sigilyph|198/348 tox","|-supereffective|p1a: Sigilyph","|-damage|p1a: Sigilyph|160/348 tox","|-hitcount|p1a: Sigilyph|2","|","|turn|15","|","|move|p2a: Mamoswine|Ice Shard|p1a: Sigilyph","|-supereffective|p1a: Sigilyph","|-damage|p1a: Sigilyph|104/348 tox","|move|p1a: Sigilyph|Roost|p1a: Sigilyph","|-heal|p1a: Sigilyph|278/348 tox","|","|turn|16","|","|move|p1a: Sigilyph|Roost|p1a: Sigilyph","|-heal|p1a: Sigilyph|348/348 tox","|move|p2a: Mamoswine|Icicle Spear|p1a: Sigilyph","|-damage|p1a: Sigilyph|329/348 tox","|-damage|p1a: Sigilyph|311/348 tox","|-damage|p1a: Sigilyph|292/348 tox","|-damage|p1a: Sigilyph|274/348 tox","|-hitcount|p1a: Sigilyph|4","|","|turn|17","|","|move|p2a: Mamoswine|Ice Shard|p1a: Sigilyph","|-supereffective|p1a: Sigilyph","|-damage|p1a: Sigilyph|218/348 tox","|move|p1a: Sigilyph|Cosmic Power|p1a: Sigilyph","|-boost|p1a: Sigilyph|def|1","|-boost|p1a: Sigilyph|spd|1","|","|turn|18","|","|move|p2a: Mamoswine|Ice Shard|p1a: Sigilyph","|-supereffective|p1a: Sigilyph","|-damage|p1a: Sigilyph|174/348 tox","|move|p1a: Sigilyph|Roost|p1a: Sigilyph","|-heal|p1a: Sigilyph|348/348 tox","|","|turn|19","|","|move|p2a: Mamoswine|Ice Shard|p1a: Sigilyph","|-supereffective|p1a: Sigilyph","|-damage|p1a: Sigilyph|304/348 tox","|move|p1a: Sigilyph|Stored Power|p2a: Mamoswine","|-damage|p2a: Mamoswine|0 fnt","|faint|p2a: Mamoswine","|","|","|switch|p2a: Garchomp|Garchomp, F|357/357","|turn|20","|","|detailschange|p2a: Garchomp|Garchomp-Mega, F","|-mega|p2a: Garchomp|Garchomp|Garchompite","|move|p2a: Garchomp|Swords Dance|p2a: Garchomp","|-boost|p2a: Garchomp|atk|2","|move|p1a: Sigilyph|Stored Power|p2a: Garchomp","|-crit|p2a: Garchomp","|-damage|p2a: Garchomp|0 fnt","|faint|p2a: Garchomp","|","|","|switch|p2a: Excadrill|Excadrill, F|361/361","|turn|21","|","|move|p2a: Excadrill|Iron Head|p1a: Sigilyph","|-damage|p1a: Sigilyph|238/348 tox","|-damage|p2a: Excadrill|325/361|[from] item: Life Orb","|move|p1a: Sigilyph|Stored Power|p2a: Excadrill","|-resisted|p2a: Excadrill","|-damage|p2a: Excadrill|94/361","|","|turn|22","|","|move|p2a: Excadrill|Rock Slide|p1a: Sigilyph","|-supereffective|p1a: Sigilyph","|-damage|p1a: Sigilyph|155/348 tox","|-damage|p2a: Excadrill|58/361|[from] item: Life Orb","|move|p1a: Sigilyph|Stored Power|p2a: Excadrill","|-resisted|p2a: Excadrill","|-damage|p2a: Excadrill|0 fnt","|faint|p2a: Excadrill","|","|","|switch|p2a: Landorus|Landorus, M|319/319","|turn|23","|","|move|p2a: Landorus|Sludge Wave|p1a: Sigilyph","|-damage|p1a: Sigilyph|116/348 tox","|move|p1a: Sigilyph|Stored Power|p2a: Landorus","|-damage|p2a: Landorus|0 fnt","|faint|p2a: Landorus","|","|","|switch|p2a: Hippowdon|Hippowdon, F|122/411","|-weather|Sandstorm","|turn|24","|","|move|p1a: Sigilyph|Stored Power|p2a: Hippowdon","|-damage|p2a: Hippowdon|0 fnt","|faint|p2a: Hippowdon","|","|-weather|Sandstorm|[upkeep]","|","|switch|p2a: Gastrodon|Gastrodon, M|426/426","|turn|25","|","|move|p1a: Sigilyph|Stored Power|p2a: Gastrodon","|-damage|p2a: Gastrodon|54/426","|move|p2a: Gastrodon|Scald|p1a: Sigilyph","|-damage|p1a: Sigilyph|98/348 tox","|","|-weather|Sandstorm|[upkeep]","|-heal|p2a: Gastrodon|80/426|[from] item: Leftovers","|turn|26","|","|move|p1a: Sigilyph|Stored Power|p2a: Gastrodon","|-damage|p2a: Gastrodon|0 fnt","|faint|p2a: Gastrodon","|","|win|Jake1079"],"p1rating":{"entryid":"7429437","serverid":"eos","formatid":"monotype","userid":"jake1079","username":"Jake1079","w":60,"l":"63","t":"0","gxe":50.1,"r":"1494.7088054889","rd":"34.476349523519","sigma":"0","rptime":"1439802000","rpr":1501.0167578549,"rprd":34.189917405607,"rpsigma":"0","acre":1263.0431051895,"lacre":1263.0431051895,"oldacre":"1249.1628733343"},"p2rating":{"entryid":"7651874","serverid":"eos","formatid":"monotype","userid":"lawandordersvu","username":"law and order svu","w":"3","l":4,"t":"0","gxe":43.4,"r":1472.2427126516,"rd":98.851869066684,"sigma":"0","rptime":1439802000,"rpr":1448.0095466056,"rprd":95.135077222197,"rpsigma":"0","acre":1070.5571680474,"lacre":1070.5571680474,"oldacre":"1083.0235800312"},"endType":"normal"}