{"seed":[64166,7704,21755,55423],"turns":32,"p1":"Crystal Umaan","p2":"LightOfAKnowing","p1team":[{"name":"Altaria","species":"Altaria","item":"altarianite","ability":"Cloud Nine","moves":["return","dragondance","dragonclaw","earthquake"],"nature":"Adamant","evs":{"hp":0,"atk":252,"def":0,"spa":0,"spd":4,"spe":252},"ivs":{"hp":31,"atk":31,"def":31,"spa":31,"spd":31,"spe":31}},{"name":"Dragonite","species":"Dragonite","item":"lumberry","ability":"Multiscale","moves":["outrage","extremespeed","ironhead","dragondance"],"nature":"Adamant","evs":{"hp":0,"atk":252,"def":0,"spa":0,"spd":4,"spe":252},"ivs":{"hp":31,"atk":31,"def":31,"spa":31,"spd":31,"spe":31}},{"name":"Garchomp","species":"Garchomp","item":"focussash","ability":"Rough Skin","moves":["dragonclaw","earthquake","stealthrock","ironhead"],"nature":"Jolly","evs":{"hp":0,"atk":252,"def":0,"spa":0,"spd":4,"spe":252},"shiny":true,"ivs":{"hp":31,"atk":31,"def":31,"spa":31,"spd":31,"spe":31}},{"name":"Goodra","species":"Goodra","item":"assaultvest","ability":"Gooey","moves":["dragonpulse","flamethrower","thunderbolt","sludgewave"],"nature":"Modest","evs":{"hp":248,"atk":0,"def":0,"spa":252,"spd":8,"spe":0},"ivs":{"hp":31,"atk":31,"def":31,"spa":31,"spd":31,"spe":31}},{"name":"Noivern","species":"Noivern","item":"lifeorb","ability":"Infiltrator","moves":["focusblast","dragonpulse","hurricane","flamethrower"],"nature":"Timid","evs":{"hp":0,"atk":0,"def":0,"spa":252,"spd":4,"spe":252},"shiny":true,"ivs":{"hp":31,"atk":31,"def":31,"spa":31,"spd":31,"spe":31}},{"name":"Haxorus","species":"Haxorus","item":"focussash","ability":"Mold Breaker","moves":["dragondance","dragonclaw","earthquake","poisonjab"],"nature":"Adamant","evs":{"hp":0,"atk":252,"def":0,"spa":0,"spd":36,"spe":220},"shiny":true,"ivs":{"hp":31,"atk":31,"def":31,"spa":31,"spd":31,"spe":31}}],"p2team":[{"name":"Vespiquen","species":"Vespiquen","item":"laxincense","ability":"Pressure","moves":["defendorder","infestation","mudslap","roost"],"nature":"Gentle","evs":{"hp":248,"atk":8,"def":0,"spa":0,"spd":252,"spe":0},"ivs":{"hp":31,"atk":31,"def":31,"spa":31,"spd":31,"spe":31}},{"name":"Heracross","species":"Heracross","item":"choicescarf","ability":"Moxie","moves":["closecombat","megahorn","knockoff","pursuit"],"nature":"Jolly","evs":{"hp":0,"atk":252,"def":0,"spa":0,"spd":4,"spe":252},"ivs":{"hp":31,"atk":31,"def":31,"spa":31,"spd":31,"spe":31}},{"name":"Forretress","species":"Forretress","item":"custapberry","ability":"Sturdy","moves":["stealthrock","rapidspin","explosion","spikes"],"nature":"Impish","evs":{"hp":248,"atk":8,"def":252,"spa":0,"spd":0,"spe":0},"ivs":{"hp":31,"atk":31,"def":31,"spa":31,"spd":31,"spe":31}},{"name":"Galvantula","species":"Galvantula","item":"focussash","ability":"Swarm","moves":["stickyweb","bugbuzz","voltswitch","suckerpunch"],"nature":"Hasty","evs":{"hp":0,"atk":4,"def":0,"spa":252,"spd":0,"spe":252},"ivs":{"hp":31,"atk":31,"def":31,"spa":31,"spd":31,"spe":31}},{"name":"Pinsir","species":"Pinsir","item":"pinsirite","ability":"Moxie","moves":["quickattack","xscissor","frustration","closecombat"],"nature":"Adamant","evs":{"hp":248,"atk":252,"def":0,"spa":0,"spd":8,"spe":0},"happiness":0,"ivs":{"hp":31,"atk":31,"def":31,"spa":31,"spd":31,"spe":31}},{"name":"Genesect","species":"Genesect","item":"choicescarf","ability":"Download","moves":["icebeam","bugbuzz","technoblast","flashcannon"],"nature":"Timid","evs":{"hp":0,"atk":0,"def":4,"spa":252,"spd":0,"spe":252},"happiness":0,"ivs":{"hp":31,"atk":31,"def":31,"spa":31,"spd":31,"spe":31}}],"log":["|player|p1|Crystal Umaan|105","|player|p2|LightOfAKnowing|lightofaknowing.gif","|gametype|singles","|gen|6","|tier|Monotype","|rated","|rule|Baton Pass Clause: Limit one Baton Passer, can't pass Spe and other stats simultaneously","|rule|Swagger Clause: Swagger is banned","|rule|Same Type Clause: Pokémon in a team must share a type","|clearpoke","|poke|p1|Altaria, M","|poke|p1|Dragonite, F","|poke|p1|Garchomp, M, shiny","|poke|p1|Goodra, M","|poke|p1|Noivern, F, shiny","|poke|p1|Haxorus, M, shiny","|poke|p2|Vespiquen, F","|poke|p2|Heracross, F","|poke|p2|Forretress, F","|poke|p2|Galvantula, F","|poke|p2|Pinsir, M","|poke|p2|Genesect-*","|rule|Sleep Clause Mod: Limit one foe put to sleep","|rule|Species Clause: Limit one of each Pokémon","|rule|OHKO Clause: OHKO moves are banned","|rule|Moody Clause: Moody is banned","|rule|Evasion Moves Clause: Evasion moves are banned","|rule|Endless Battle Clause: Forcing endless battles is banned","|rule|HP Percentage Mod: HP is shown in percentages","|teampreview","|","|start","|switch|p1a: Noivern|Noivern, F, shiny|311/311","|switch|p2a: Forretress|Forretress, F|353/353","|turn|1","|","|move|p1a: Noivern|Flamethrower|p2a: Forretress","|-crit|p2a: Forretress","|-supereffective|p2a: Forretress","|-ability|p2a: Forretress|Sturdy","|-damage|p2a: Forretress|1/353","|-damage|p1a: Noivern|280/311|[from] item: Life Orb","|move|p2a: Forretress|Stealth Rock|p1a: Noivern","|-sidestart|p1: Crystal Umaan|move: Stealth Rock","|","|turn|2","|-enditem|p2a: Forretress|Custap Berry|[eat]","|-activate|p2a: Forretress|Custap Berry","|","|move|p2a: Forretress|Explosion|p1a: Noivern","|-damage|p1a: Noivern|62/311","|faint|p2a: Forretress","|move|p1a: Noivern|Flamethrower|p2: Forretress|[notarget]","|-notarget","|","|","|switch|p2a: Heracross|Heracross, F|301/301","|turn|3","|","|move|p2a: Heracross|Knock Off|p1a: Noivern","|-damage|p1a: Noivern|0 fnt","|-enditem|p1a: Noivern|Life Orb|[from] move: Knock Off|[of] p2a: Heracross","|faint|p1a: Noivern","|-boost|p2a: Heracross|atk|1|[from] ability: Moxie","|","|","|switch|p1a: Altaria|Altaria, M|291/291","|-damage|p1a: Altaria|219/291|[from] Stealth Rock","|-ability|p1a: Altaria|Cloud Nine","|turn|4","|","|detailschange|p1a: Altaria|Altaria-Mega, M","|-mega|p1a: Altaria|Altaria|Altarianite","|move|p2a: Heracross|Knock Off|p1a: Altaria","|-resisted|p1a: Altaria","|-damage|p1a: Altaria|169/291","|move|p1a: Altaria|Return|p2a: Heracross","|-supereffective|p2a: Heracross","|-damage|p2a: Heracross|0 fnt","|faint|p2a: Heracross","|","|","|switch|p2a: Genesect|Genesect|283/283","|-boost|p2a: Genesect|spa|1|[from] ability: Download","|turn|5","|","|move|p2a: Genesect|Ice Beam|p1a: Altaria","|-supereffective|p1a: Altaria","|-damage|p1a: Altaria|0 fnt","|faint|p1a: Altaria","|","|","|switch|p1a: Goodra|Goodra, M|383/383","|-damage|p1a: Goodra|336/383|[from] Stealth Rock","|turn|6","|","|move|p2a: Genesect|Ice Beam|p1a: Goodra","|-supereffective|p1a: Goodra","|-damage|p1a: Goodra|194/383","|-status|p1a: Goodra|frz","|cant|p1a: Goodra|frz","|","|turn|7","|","|switch|p2a: Galvantula|Galvantula, F|281/281","|-curestatus|p1a: Goodra|frz","|move|p1a: Goodra|Flamethrower|p2a: Galvantula","|-supereffective|p2a: Galvantula","|-enditem|p2a: Galvantula|Focus Sash","|-damage|p2a: Galvantula|1/281","|","|turn|8","|","|move|p2a: Galvantula|Sticky Web|p1a: Goodra","|-sidestart|p1: Crystal Umaan|move: Sticky Web","|move|p1a: Goodra|Flamethrower|p2a: Galvantula","|-supereffective|p2a: Galvantula","|-damage|p2a: Galvantula|0 fnt","|faint|p2a: Galvantula","|","|","|switch|p2a: Vespiquen|Vespiquen, F|343/343","|-ability|p2a: Vespiquen|Pressure","|turn|9","|","|move|p1a: Goodra|Flamethrower|p2a: Vespiquen","|-supereffective|p2a: Vespiquen","|-damage|p2a: Vespiquen|199/343","|move|p2a: Vespiquen|Defend Order|p2a: Vespiquen","|-boost|p2a: Vespiquen|def|1","|-boost|p2a: Vespiquen|spd|1","|","|turn|10","|","|move|p1a: Goodra|Flamethrower|p2a: Vespiquen","|-supereffective|p2a: Vespiquen","|-damage|p2a: Vespiquen|97/343","|move|p2a: Vespiquen|Roost|p2a: Vespiquen","|-heal|p2a: Vespiquen|269/343","|","|turn|11","|","|move|p1a: Goodra|Flamethrower|p2a: Vespiquen","|-supereffective|p2a: Vespiquen","|-damage|p2a: Vespiquen|167/343","|move|p2a: Vespiquen|Infestation|p1a: Goodra","|-damage|p1a: Goodra|184/383","|-unboost|p2a: Vespiquen|spe|1","|-activate|p1a: Goodra|move: Infestation|[of] p2a: Vespiquen","|","|-damage|p1a: Goodra|137/383|[from] move: Infestation|[partiallytrapped]","|turn|12","|","|move|p1a: Goodra|Flamethrower|p2a: Vespiquen","|-supereffective|p2a: Vespiquen","|-damage|p2a: Vespiquen|69/343","|move|p2a: Vespiquen|Mud-Slap|p1a: Goodra","|-damage|p1a: Goodra|131/383","|-unboost|p1a: Goodra|accuracy|1","|","|-damage|p1a: Goodra|84/383|[from] move: Infestation|[partiallytrapped]","|turn|13","|","|move|p1a: Goodra|Flamethrower|p2a: Vespiquen|[miss]","|-miss|p1a: Goodra|p2a: Vespiquen","|move|p2a: Vespiquen|Roost|p2a: Vespiquen","|-heal|p2a: Vespiquen|241/343","|","|-damage|p1a: Goodra|37/383|[from] move: Infestation|[partiallytrapped]","|turn|14","|","|move|p1a: Goodra|Flamethrower|p2a: Vespiquen","|-supereffective|p2a: Vespiquen","|-damage|p2a: Vespiquen|147/343","|move|p2a: Vespiquen|Defend Order|p2a: Vespiquen","|-boost|p2a: Vespiquen|def|1","|-boost|p2a: Vespiquen|spd|1","|","|-damage|p1a: Goodra|0 fnt|[from] move: Infestation|[partiallytrapped]","|faint|p1a: Goodra","|","|switch|p1a: Haxorus|Haxorus, M, shiny|293/293","|-activate|p1a: Haxorus|move: Sticky Web","|-unboost|p1a: Haxorus|spe|1","|-damage|p1a: Haxorus|257/293|[from] Stealth Rock","|-ability|p1a: Haxorus|Mold Breaker","|turn|15","|","|move|p1a: Haxorus|Dragon Dance|p1a: Haxorus","|-boost|p1a: Haxorus|atk|1","|-boost|p1a: Haxorus|spe|1","|move|p2a: Vespiquen|Roost|p2a: Vespiquen","|-heal|p2a: Vespiquen|319/343","|","|turn|16","|","|move|p1a: Haxorus|Dragon Dance|p1a: Haxorus","|-boost|p1a: Haxorus|atk|1","|-boost|p1a: Haxorus|spe|1","|move|p2a: Vespiquen|Mud-Slap|p1a: Haxorus","|-damage|p1a: Haxorus|240/293","|-unboost|p1a: Haxorus|accuracy|1","|","|turn|17","|","|move|p1a: Haxorus|Dragon Dance|p1a: Haxorus","|-boost|p1a: Haxorus|atk|1","|-boost|p1a: Haxorus|spe|1","|move|p2a: Vespiquen|Mud-Slap|p1a: Haxorus","|-damage|p1a: Haxorus|222/293","|-unboost|p1a: Haxorus|accuracy|1","|","|turn|18","|","|move|p1a: Haxorus|Dragon Claw|p2a: Vespiquen","|-damage|p2a: Vespiquen|64/343","|move|p2a: Vespiquen|Mud-Slap|p1a: Haxorus","|-damage|p1a: Haxorus|206/293","|-unboost|p1a: Haxorus|accuracy|1","|","|turn|19","|","|move|p1a: Haxorus|Dragon Claw|p2a: Vespiquen|[miss]","|-miss|p1a: Haxorus|p2a: Vespiquen","|move|p2a: Vespiquen|Roost|p2a: Vespiquen","|-heal|p2a: Vespiquen|236/343","|","|turn|20","|","|move|p1a: Haxorus|Dragon Dance|p1a: Haxorus","|-boost|p1a: Haxorus|atk|1","|-boost|p1a: Haxorus|spe|1","|move|p2a: Vespiquen|Roost|p2a: Vespiquen","|-heal|p2a: Vespiquen|343/343","|","|turn|21","|","|move|p1a: Haxorus|Dragon Claw|p2a: Vespiquen","|-damage|p2a: Vespiquen|61/343","|move|p2a: Vespiquen|Infestation|p1a: Haxorus","|-damage|p1a: Haxorus|182/293","|-activate|p1a: Haxorus|move: Infestation|[of] p2a: Vespiquen","|","|-damage|p1a: Haxorus|146/293|[from] move: Infestation|[partiallytrapped]","|turn|22","|","|move|p1a: Haxorus|Dragon Claw|p2a: Vespiquen|[miss]","|-miss|p1a: Haxorus|p2a: Vespiquen","|move|p2a: Vespiquen|Roost|p2a: Vespiquen","|-heal|p2a: Vespiquen|233/343","|","|-damage|p1a: Haxorus|110/293|[from] move: Infestation|[partiallytrapped]","|turn|23","|","|move|p1a: Haxorus|Dragon Claw|p2a: Vespiquen|[miss]","|-miss|p1a: Haxorus|p2a: Vespiquen","|move|p2a: Vespiquen|Roost|p2a: Vespiquen","|-heal|p2a: Vespiquen|343/343","|","|-damage|p1a: Haxorus|74/293|[from] move: Infestation|[partiallytrapped]","|turn|24","|","|move|p1a: Haxorus|Dragon Claw|p2a: Vespiquen","|-damage|p2a: Vespiquen|39/343","|move|p2a: Vespiquen|Mud-Slap|p1a: Haxorus","|-damage|p1a: Haxorus|55/293","|-unboost|p1a: Haxorus|accuracy|1","|","|-damage|p1a: Haxorus|19/293|[from] move: Infestation|[partiallytrapped]","|turn|25","|","|move|p1a: Haxorus|Dragon Claw|p2a: Vespiquen|[miss]","|-miss|p1a: Haxorus|p2a: Vespiquen","|move|p2a: Vespiquen|Roost|p2a: Vespiquen","|-heal|p2a: Vespiquen|211/343","|","|-end|p1a: Haxorus|Infestation|[partiallytrapped]","|turn|26","|","|move|p1a: Haxorus|Dragon Claw|p2a: Vespiquen|[miss]","|-miss|p1a: Haxorus|p2a: Vespiquen","|move|p2a: Vespiquen|Roost|p2a: Vespiquen","|-heal|p2a: Vespiquen|343/343","|","|turn|27","|","|move|p1a: Haxorus|Dragon Claw|p2a: Vespiquen|[miss]","|-miss|p1a: Haxorus|p2a: Vespiquen","|move|p2a: Vespiquen|Mud-Slap|p1a: Haxorus","|-damage|p1a: Haxorus|3/293","|-unboost|p1a: Haxorus|accuracy|1","|","|turn|28","|","|move|p1a: Haxorus|Dragon Claw|p2a: Vespiquen|[miss]","|-miss|p1a: Haxorus|p2a: Vespiquen","|move|p2a: Vespiquen|Infestation|p1a: Haxorus","|-damage|p1a: Haxorus|0 fnt","|faint|p1a: Haxorus","|","|","|switch|p1a: Dragonite|Dragonite, F|323/323","|-damage|p1a: Dragonite|243/323|[from] Stealth Rock","|turn|29","|","|move|p1a: Dragonite|Dragon Dance|p1a: Dragonite","|-boost|p1a: Dragonite|atk|1","|-boost|p1a: Dragonite|spe|1","|move|p2a: Vespiquen|Infestation|p1a: Dragonite","|-resisted|p1a: Dragonite","|-damage|p1a: Dragonite|233/323","|-activate|p1a: Dragonite|move: Infestation|[of] p2a: Vespiquen","|","|-damage|p1a: Dragonite|193/323|[from] move: Infestation|[partiallytrapped]","|turn|30","|","|switch|p2a: Genesect|Genesect|283/283","|-boost|p2a: Genesect|atk|1|[from] ability: Download","|move|p1a: Dragonite|Dragon Dance|p1a: Dragonite","|-boost|p1a: Dragonite|atk|1","|-boost|p1a: Dragonite|spe|1","|","|turn|31","|","|move|p1a: Dragonite|Outrage|p2a: Genesect","|-resisted|p2a: Genesect","|-damage|p2a: Genesect|47/283","|move|p2a: Genesect|Ice Beam|p1a: Dragonite","|-supereffective|p1a: Dragonite","|-damage|p1a: Dragonite|0 fnt","|faint|p1a: Dragonite","|","|","|switch|p1a: Garchomp|Garchomp, M, shiny|357/357","|-activate|p1a: Garchomp|move: Sticky Web","|-unboost|p1a: Garchomp|spe|1","|-damage|p1a: Garchomp|335/357|[from] Stealth Rock","|turn|32","|","|move|p2a: Genesect|Ice Beam|p1a: Garchomp","|-supereffective|p1a: Garchomp","|-damage|p1a: Garchomp|0 fnt","|faint|p1a: Garchomp","|","|win|LightOfAKnowing"],"p1rating":{"entryid":3483,"formatid":"monotype","userid":"crystalumaan","username":"Crystal Umaan","r":1500,"rd":130,"sigma":0,"rpr":1459.8393856612,"rprd":122.8583080769,"rpsigma":0,"rptime":1439802000,"w":0,"l":1,"t":0,"gxe":45,"acre":1000,"lacre":1000,"oldacre":1000},"p2rating":{"entryid":"386","serverid":"eos","formatid":"monotype","userid":"lightofaknowing","username":"LightOfAKnowing","w":1,"l":"1","t":"0","gxe":50,"r":"1500","rd":"130","sigma":"0","rptime":"1439802000","rpr":1500,"rprd":116.77753930647,"rpsigma":"0","acre":1040,"lacre":1040,"oldacre":"1000"},"endType":"normal"}