{"seed":[14962,54400,5323,26923],"turns":23,"p1":"Marx Bot","p2":"Emg_DemZii","p1team":[{"name":"Charizard","species":"Charizard","item":"charizarditey","ability":"Blaze","moves":["airslash","fireblast","solarbeam","focusblast"],"nature":"Timid","evs":{"hp":0,"atk":0,"def":0,"spa":252,"spd":4,"spe":252},"ivs":{"hp":31,"atk":31,"def":31,"spa":31,"spd":31,"spe":31}},{"name":"Landorus","species":"Landorus","item":"choicescarf","ability":"Sheer Force","moves":["earthpower","psychic","focusblast","sludgewave"],"nature":"Timid","evs":{"hp":0,"atk":0,"def":0,"spa":252,"spd":4,"spe":252},"ivs":{"hp":31,"atk":31,"def":31,"spa":31,"spd":31,"spe":31}},{"name":"Defog","species":"skarmory","item":"rockyhelmet","ability":"Sturdy","moves":["bravebird","stealthrock","ironhead","defog"],"nature":"Adamant","evs":{"hp":232,"atk":252,"def":0,"spa":0,"spd":0,"spe":24},"ivs":{"hp":31,"atk":31,"def":31,"spa":31,"spd":31,"spe":31}},{"name":"Archeops","species":"Archeops","item":"choiceband","ability":"Defeatist","moves":["dragonclaw","earthquake","headsmash","uturn"],"nature":"Jolly","evs":{"hp":0,"atk":252,"def":0,"spa":0,"spd":4,"spe":252},"ivs":{"hp":31,"atk":31,"def":31,"spa":31,"spd":31,"spe":31}},{"name":"Thundurus-Therian","species":"Thundurus-Therian","item":"lifeorb","ability":"Volt Absorb","moves":["darkpulse","discharge","sludgewave","voltswitch"],"nature":"Timid","evs":{"hp":0,"atk":0,"def":0,"spa":252,"spd":4,"spe":252},"ivs":{"hp":31,"atk":31,"def":31,"spa":31,"spd":31,"spe":31}},{"name":"Murkrow","species":"Murkrow","item":"eviolite","ability":"Prankster","moves":["darkpulse","thunderwave","featherdance","roost"],"nature":"Calm","evs":{"hp":248,"atk":0,"def":0,"spa":8,"spd":252,"spe":0},"ivs":{"hp":31,"atk":31,"def":31,"spa":31,"spd":31,"spe":31}}],"p2team":[{"name":"RAINDROP","species":"politoed","item":"choicespecs","ability":"Drizzle","moves":["hydropump","icebeam","focusblast","hiddenpowergrass"],"nature":"Modest","evs":{"hp":248,"atk":0,"def":0,"spa":252,"spd":8,"spe":0},"ivs":{"hp":31,"atk":30,"def":31,"spa":30,"spd":31,"spe":31},"shiny":true},{"name":"Quagsire","species":"Quagsire","item":"leftovers","ability":"Unaware","moves":["earthquake","recover","toxic","scald"],"nature":"Impish","evs":{"hp":252,"atk":4,"def":252,"spa":0,"spd":0,"spe":0},"ivs":{"hp":31,"atk":31,"def":31,"spa":31,"spd":31,"spe":31}},{"name":"Fatty","species":"slowking","item":"leftovers","ability":"Regenerator","moves":["psychic","calmmind","thunderwave","signalbeam"],"nature":"Modest","evs":{"hp":252,"atk":0,"def":0,"spa":252,"spd":4,"spe":0},"shiny":true,"ivs":{"hp":31,"atk":31,"def":31,"spa":31,"spd":31,"spe":31}},{"name":"RageCandyBar","species":"gyarados","item":"gyaradosite","ability":"Intimidate","moves":["dragondance","bounce","waterfall","icefang"],"nature":"Adamant","evs":{"hp":0,"atk":252,"def":0,"spa":0,"spd":4,"spe":252},"shiny":true,"ivs":{"hp":31,"atk":31,"def":31,"spa":31,"spd":31,"spe":31}},{"name":"Golden Death","species":"azumarill","item":"choiceband","ability":"Sap Sipper","moves":["aquajet","playrough","bulldoze","icepunch"],"nature":"Adamant","evs":{"hp":248,"atk":252,"def":0,"spa":0,"spd":8,"spe":0},"shiny":true,"ivs":{"hp":31,"atk":31,"def":31,"spa":31,"spd":31,"spe":31}},{"name":"U know wat it is","species":"tentacruel","item":"blacksludge","ability":"Liquid Ooze","moves":["rapidspin","acidspray","sludgebomb","surf"],"nature":"Calm","evs":{"hp":248,"atk":0,"def":0,"spa":8,"spd":252,"spe":0},"shiny":true,"ivs":{"hp":31,"atk":31,"def":31,"spa":31,"spd":31,"spe":31}}],"log":["|player|p1|Marx Bot|238","|player|p2|Emg_DemZii|274","|gametype|singles","|gen|6","|tier|Monotype","|rated","|rule|Baton Pass Clause: Limit one Baton Passer, can't pass Spe and other stats simultaneously","|rule|Swagger Clause: Swagger is banned","|rule|Same Type Clause: Pokémon in a team must share a type","|clearpoke","|poke|p1|Charizard, F","|poke|p1|Landorus, M","|poke|p1|Skarmory, F","|poke|p1|Archeops, F","|poke|p1|Thundurus-Therian, M","|poke|p1|Murkrow, M","|poke|p2|Politoed, M, shiny","|poke|p2|Quagsire, F","|poke|p2|Slowking, F, shiny","|poke|p2|Gyarados, M, shiny","|poke|p2|Azumarill, F, shiny","|poke|p2|Tentacruel, M, shiny","|rule|Sleep Clause Mod: Limit one foe put to sleep","|rule|Species Clause: Limit one of each Pokémon","|rule|OHKO Clause: OHKO moves are banned","|rule|Moody Clause: Moody is banned","|rule|Evasion Moves Clause: Evasion moves are banned","|rule|Endless Battle Clause: Forcing endless battles is banned","|rule|HP Percentage Mod: HP is shown in percentages","|teampreview","|","|start","|switch|p1a: Charizard|Charizard, F|297/297","|switch|p2a: RAINDROP|Politoed, M, shiny|383/383","|-weather|RainDance","|turn|1","|","|switch|p2a: Golden Death|Azumarill, F, shiny|403/403","|move|p1a: Charizard|Solar Beam|p2a: Golden Death|[still]","|-prepare|p1a: Charizard|Solar Beam|p2a: Golden Death","|","|-weather|RainDance|[upkeep]","|turn|2","|","|move|p2a: Golden Death|Aqua Jet|p1a: Charizard","|-supereffective|p1a: Charizard","|-damage|p1a: Charizard|79/297","|move|p1a: Charizard|Solar Beam|p2a: Golden Death|[from]lockedmove","|-boost|p2a: Golden Death|atk|1|[from] ability: Sap Sipper","|","|-weather|RainDance|[upkeep]","|turn|3","|","|switch|p1a: Defog|Skarmory, F|329/329","|move|p2a: Golden Death|Aqua Jet|p1a: Defog","|-damage|p1a: Defog|214/329","|-damage|p2a: Golden Death|336/403|[from] item: Rocky Helmet|[of] p1a: Defog","|","|-weather|RainDance|[upkeep]","|turn|4","|","|switch|p2a: Quagsire|Quagsire, F|394/394","|move|p1a: Defog|Stealth Rock|p2a: Quagsire","|-sidestart|p2: Emg_DemZii|move: Stealth Rock","|","|-weather|RainDance|[upkeep]","|turn|5","|","|move|p1a: Defog|Iron Head|p2a: Quagsire","|-resisted|p2a: Quagsire","|-damage|p2a: Quagsire|346/394","|move|p2a: Quagsire|Scald|p1a: Defog","|-damage|p1a: Defog|93/329","|","|-weather|none","|-heal|p2a: Quagsire|370/394|[from] item: Leftovers","|turn|6","|","|move|p1a: Defog|Brave Bird|p2a: Quagsire","|-damage|p2a: Quagsire|222/394","|-damage|p1a: Defog|44/329|[from] recoil|[of] p2a: Quagsire","|move|p2a: Quagsire|Scald|p1a: Defog","|-damage|p1a: Defog|0 fnt","|faint|p1a: Defog","|","|-heal|p2a: Quagsire|246/394|[from] item: Leftovers","|","|switch|p1a: Charizard|Charizard, F|79/297","|turn|7","|","|switch|p2a: U know wat it is|Tentacruel, M, shiny|363/363","|-damage|p2a: U know wat it is|318/363|[from] Stealth Rock","|detailschange|p1a: Charizard|Charizard-Mega-Y, F","|-mega|p1a: Charizard|Charizard|Charizardite Y","|-weather|SunnyDay","|move|p1a: Charizard|Air Slash|p2a: U know wat it is","|-damage|p2a: U know wat it is|215/363","|","|-weather|SunnyDay|[upkeep]","|-heal|p2a: U know wat it is|237/363|[from] item: Black Sludge","|turn|8","|","|switch|p2a: Golden Death|Azumarill, F, shiny|336/403","|-damage|p2a: Golden Death|286/403|[from] Stealth Rock","|move|p1a: Charizard|Solar Beam|p2a: Golden Death|[still]","|-prepare|p1a: Charizard|Solar Beam|p2a: Golden Death","|-anim|p1a: Charizard|Solar Beam|p2a: Golden Death","|-boost|p2a: Golden Death|atk|1|[from] ability: Sap Sipper","|","|-weather|SunnyDay|[upkeep]","|turn|9","|","|move|p2a: Golden Death|Aqua Jet|p1a: Charizard","|-supereffective|p1a: Charizard","|-damage|p1a: Charizard|0 fnt","|faint|p1a: Charizard","|","|-weather|SunnyDay|[upkeep]","|","|switch|p1a: Murkrow|Murkrow, M|323/323","|turn|10","|","|switch|p2a: Fatty|Slowking, F, shiny|394/394","|-damage|p2a: Fatty|345/394|[from] Stealth Rock","|move|p1a: Murkrow|Thunder Wave|p2a: Fatty","|-status|p2a: Fatty|par","|","|-weather|SunnyDay|[upkeep]","|-heal|p2a: Fatty|369/394 par|[from] item: Leftovers","|turn|11","|","|move|p1a: Murkrow|Dark Pulse|p2a: Fatty","|-supereffective|p2a: Fatty","|-damage|p2a: Fatty|213/394 par","|cant|p2a: Fatty|flinch","|","|-weather|none","|-heal|p2a: Fatty|237/394 par|[from] item: Leftovers","|turn|12","|","|move|p1a: Murkrow|Dark Pulse|p2a: Fatty","|-supereffective|p2a: Fatty","|-damage|p2a: Fatty|91/394 par","|move|p2a: Fatty|Thunder Wave|p1a: Murkrow","|-status|p1a: Murkrow|par","|","|-heal|p2a: Fatty|115/394 par|[from] item: Leftovers","|turn|13","|","|move|p1a: Murkrow|Dark Pulse|p2a: Fatty","|-supereffective|p2a: Fatty","|-damage|p2a: Fatty|0 fnt","|faint|p2a: Fatty","|","|","|switch|p2a: RAINDROP|Politoed, M, shiny|383/383","|-damage|p2a: RAINDROP|336/383|[from] Stealth Rock","|-weather|RainDance","|turn|14","|","|move|p1a: Murkrow|Thunder Wave|p2a: RAINDROP","|-status|p2a: RAINDROP|par","|move|p2a: RAINDROP|Ice Beam|p1a: Murkrow","|-supereffective|p1a: Murkrow","|-damage|p1a: Murkrow|101/323 par","|","|-weather|RainDance|[upkeep]","|turn|15","|","|cant|p1a: Murkrow|par","|move|p2a: RAINDROP|Ice Beam|p1a: Murkrow","|-supereffective|p1a: Murkrow","|-damage|p1a: Murkrow|0 fnt","|faint|p1a: Murkrow","|","|-weather|RainDance|[upkeep]","|","|switch|p1a: Thundurus-Therian|Thundurus-Therian, M|299/299","|turn|16","|","|switch|p2a: U know wat it is|Tentacruel, M, shiny|237/363","|-damage|p2a: U know wat it is|192/363|[from] Stealth Rock","|move|p1a: Thundurus-Therian|Discharge|p2a: U know wat it is","|-supereffective|p2a: U know wat it is","|-damage|p2a: U know wat it is|0 fnt","|-damage|p1a: Thundurus-Therian|270/299|[from] item: Life Orb","|faint|p2a: U know wat it is","|","|-weather|RainDance|[upkeep]","|","|switch|p2a: Quagsire|Quagsire, F|246/394","|-damage|p2a: Quagsire|222/394|[from] Stealth Rock","|turn|17","|","|move|p1a: Thundurus-Therian|Dark Pulse|p2a: Quagsire","|-damage|p2a: Quagsire|18/394","|-damage|p1a: Thundurus-Therian|241/299|[from] item: Life Orb","|move|p2a: Quagsire|Toxic|p1a: Thundurus-Therian","|-status|p1a: Thundurus-Therian|tox","|","|-weather|RainDance|[upkeep]","|-heal|p2a: Quagsire|42/394|[from] item: Leftovers","|-damage|p1a: Thundurus-Therian|223/299 tox|[from] psn","|turn|18","|","|move|p1a: Thundurus-Therian|Dark Pulse|p2a: Quagsire","|-damage|p2a: Quagsire|0 fnt","|-damage|p1a: Thundurus-Therian|194/299 tox|[from] item: Life Orb","|faint|p2a: Quagsire","|","|-weather|none","|-damage|p1a: Thundurus-Therian|158/299 tox|[from] psn","|","|switch|p2a: RAINDROP|Politoed, M, shiny|336/383 par","|-damage|p2a: RAINDROP|289/383 par|[from] Stealth Rock","|-weather|RainDance","|turn|19","|","|move|p1a: Thundurus-Therian|Volt Switch|p2a: RAINDROP","|-supereffective|p2a: RAINDROP","|-damage|p2a: RAINDROP|0 fnt","|-damage|p1a: Thundurus-Therian|129/299 tox|[from] item: Life Orb","|faint|p2a: RAINDROP","|","|switch|p1a: Landorus|Landorus, M|319/319","|","|-weather|RainDance|[upkeep]","|","|switch|p2a: Golden Death|Azumarill, F, shiny|286/403","|-damage|p2a: Golden Death|236/403|[from] Stealth Rock","|turn|20","|","|move|p1a: Landorus|Sludge Wave|p2a: Golden Death","|-supereffective|p2a: Golden Death","|-damage|p2a: Golden Death|0 fnt","|faint|p2a: Golden Death","|","|-weather|RainDance|[upkeep]","|","|switch|p2a: RageCandyBar|Gyarados, M, shiny|331/331","|-damage|p2a: RageCandyBar|249/331|[from] Stealth Rock","|-ability|p2a: RageCandyBar|Intimidate","|-unboost|p1a: Landorus|atk|1","|turn|21","|","|detailschange|p2a: RageCandyBar|Gyarados-Mega, M, shiny","|-mega|p2a: RageCandyBar|Gyarados|Gyaradosite","|-ability|p2a: RageCandyBar|Mold Breaker","|move|p1a: Landorus|Sludge Wave|p2a: RageCandyBar","|-damage|p2a: RageCandyBar|143/331","|move|p2a: RageCandyBar|Dragon Dance|p2a: RageCandyBar","|-boost|p2a: RageCandyBar|atk|1","|-boost|p2a: RageCandyBar|spe|1","|","|-weather|RainDance|[upkeep]","|turn|22","|","|switch|p1a: Thundurus-Therian|Thundurus-Therian, M|129/299 tox","|move|p2a: RageCandyBar|Ice Fang|p1a: Thundurus-Therian","|-supereffective|p1a: Thundurus-Therian","|-damage|p1a: Thundurus-Therian|0 fnt","|faint|p1a: Thundurus-Therian","|","|-weather|RainDance|[upkeep]","|","|switch|p1a: Landorus|Landorus, M|319/319","|turn|23","|","|move|p1a: Landorus|Focus Blast|p2a: RageCandyBar","|-supereffective|p2a: RageCandyBar","|-damage|p2a: RageCandyBar|0 fnt","|faint|p2a: RageCandyBar","|","|win|Marx Bot"],"p1rating":{"entryid":"5765428","serverid":"eos","formatid":"monotype","userid":"marxbot","username":"Marx Bot","w":211,"l":"307","t":"0","gxe":42.4,"r":"1443.2519041118","rd":"31.49696815005","sigma":"0","rptime":"1439802000","rpr":1442.1253902682,"rprd":30.971315760799,"rpsigma":"0","acre":1096.3715924998,"lacre":1096.3715924998,"oldacre":"1066.8202413772"},"p2rating":{"entryid":"7361210","serverid":"eos","formatid":"monotype","userid":"emgdemzii","username":"Emg_DemZii","w":"10","l":32,"t":"0","gxe":25.8,"r":"1293.3173289322","rd":"56.096624699694","sigma":"0","rptime":"1439802000","rpr":1299.2630596001,"rprd":54.944483011887,"rpsigma":"0","acre":1042.8777497134,"lacre":1042.8777497134,"oldacre":"1061.8870224584"},"endType":"normal"}