{"seed":[58764,65333,42517,2077],"turns":26,"p1":"Silver-loatist","p2":"Apex✦ Warmachine","p1team":[{"name":"CHILLY NIGGA","species":"empoleon","item":"leftovers","ability":"Defiant","moves":["icebeam","scald","flashcannon","icywind"],"nature":"Bold","evs":{"hp":4,"atk":0,"def":252,"spa":252,"spd":0,"spe":0},"shiny":true,"ivs":{"hp":31,"atk":31,"def":31,"spa":31,"spd":31,"spe":31}},{"name":"DEEEEEZ NUTS","species":"magneton","item":"eviolite","ability":"Magnet Pull","moves":["toxic","zapcannon","substitute","hiddenpowerice"],"nature":"Modest","evs":{"hp":248,"atk":0,"def":252,"spa":8,"spd":0,"spe":0},"ivs":{"hp":31,"atk":30,"def":30,"spa":31,"spd":31,"spe":31}},{"name":"ASHY NIGGUH","species":"heatran","item":"airballoon","ability":"Flash Fire","moves":["earthpower","flamethrower","roar","stealthrock"],"nature":"Modest","evs":{"hp":252,"atk":0,"def":4,"spa":252,"spd":0,"spe":0},"ivs":{"hp":31,"atk":31,"def":31,"spa":31,"spd":31,"spe":31}},{"name":"JEW","species":"probopass","item":"airballoon","ability":"Sand Force","moves":["ancientpower","rockblast","icepunch","sandstorm"],"nature":"Adamant","evs":{"hp":252,"atk":120,"def":68,"spa":0,"spd":68,"spe":0},"ivs":{"hp":31,"atk":31,"def":31,"spa":31,"spd":31,"spe":31}},{"name":"IRON NIGGA","species":"metagross","item":"assaultvest","ability":"Clear Body","moves":["bulletpunch","hammerarm","poweruppunch","zenheadbutt"],"nature":"Adamant","evs":{"hp":252,"atk":252,"def":0,"spa":0,"spd":4,"spe":0},"shiny":true,"ivs":{"hp":31,"atk":31,"def":31,"spa":31,"spd":31,"spe":31}},{"name":"NIGGA KEYS","species":"klefki","item":"lightclay","ability":"Prankster","moves":["reflect","lightscreen","drainingkiss","calmmind"],"nature":"Modest","evs":{"hp":4,"atk":0,"def":252,"spa":0,"spd":252,"spe":0},"ivs":{"hp":31,"atk":31,"def":31,"spa":31,"spd":31,"spe":31}}],"p2team":[{"name":"Diancie","species":"Diancie","item":"diancite","ability":"Clear Body","moves":["diamondstorm","earthpower","moonblast","rockpolish"],"nature":"Timid","evs":{"hp":48,"atk":4,"def":0,"spa":252,"spd":0,"spe":204},"ivs":{"hp":31,"atk":31,"def":31,"spa":31,"spd":31,"spe":31}},{"name":"Slurpuff","species":"Slurpuff","item":"sitrusberry","ability":"Unburden","moves":["playrough","drainpunch","protect","bellydrum"],"nature":"Adamant","evs":{"hp":4,"atk":252,"def":0,"spa":0,"spd":72,"spe":180},"ivs":{"hp":31,"atk":31,"def":31,"spa":31,"spd":31,"spe":31}},{"name":"Azumarill","species":"Azumarill","item":"sitrusberry","ability":"Huge Power","moves":["aquajet","icepunch","playrough","bellydrum"],"nature":"Adamant","evs":{"hp":4,"atk":252,"def":0,"spa":0,"spd":0,"spe":252},"ivs":{"hp":31,"atk":31,"def":31,"spa":31,"spd":31,"spe":31}},{"name":"Togekiss","species":"Togekiss","item":"leftovers","ability":"Serene Grace","moves":["thunderwave","roost","airslash","dazzlinggleam"],"nature":"Calm","evs":{"hp":120,"atk":0,"def":0,"spa":252,"spd":0,"spe":136},"ivs":{"hp":31,"atk":31,"def":31,"spa":31,"spd":31,"spe":31}},{"name":"Sylveon","species":"Sylveon","item":"wiseglasses","ability":"Pixilate","moves":["hypervoice","shadowball","hiddenpowerfire","healbell"],"nature":"Modest","evs":{"hp":112,"atk":0,"def":0,"spa":252,"spd":0,"spe":144},"ivs":{"hp":31,"atk":30,"def":31,"spa":30,"spd":31,"spe":30}},{"name":"Klefki","species":"Klefki","item":"lightclay","ability":"Prankster","moves":["reflect","lightscreen","thunderwave","toxic"],"nature":"Sassy","evs":{"hp":0,"atk":0,"def":252,"spa":4,"spd":252,"spe":0},"ivs":{"hp":31,"atk":31,"def":31,"spa":31,"spd":31,"spe":31}}],"log":["|player|p1|Silver-loatist|121","|player|p2|Apex✦ Warmachine|293","|gametype|singles","|gen|6","|tier|Monotype","|rated","|rule|Baton Pass Clause: Limit one Baton Passer, can't pass Spe and other stats simultaneously","|rule|Swagger Clause: Swagger is banned","|rule|Same Type Clause: Pokémon in a team must share a type","|clearpoke","|poke|p1|Empoleon, M, shiny","|poke|p1|Magneton","|poke|p1|Heatran, F","|poke|p1|Probopass, F","|poke|p1|Metagross, shiny","|poke|p1|Klefki, F","|poke|p2|Diancie","|poke|p2|Slurpuff, F","|poke|p2|Azumarill, M","|poke|p2|Togekiss, M","|poke|p2|Sylveon, F","|poke|p2|Klefki, F","|rule|Sleep Clause Mod: Limit one foe put to sleep","|rule|Species Clause: Limit one of each Pokémon","|rule|OHKO Clause: OHKO moves are banned","|rule|Moody Clause: Moody is banned","|rule|Evasion Moves Clause: Evasion moves are banned","|rule|Endless Battle Clause: Forcing endless battles is banned","|rule|HP Percentage Mod: HP is shown in percentages","|teampreview","|","|start","|switch|p1a: ASHY NIGGUH|Heatran, F|386/386","|switch|p2a: Klefki|Klefki, F|255/255","|-item|p1a: ASHY NIGGUH|Air Balloon","|turn|1","|","|move|p2a: Klefki|Light Screen|p2a: Klefki","|-sidestart|p2: Apex✦ Warmachine|move: Light Screen","|move|p1a: ASHY NIGGUH|Flamethrower|p2a: Klefki","|-supereffective|p2a: Klefki","|-damage|p2a: Klefki|104/255","|","|turn|2","|","|move|p2a: Klefki|Thunder Wave|p1a: ASHY NIGGUH","|-status|p1a: ASHY NIGGUH|par","|cant|p1a: ASHY NIGGUH|par","|","|turn|3","|","|move|p2a: Klefki|Reflect|p2a: Klefki","|-sidestart|p2: Apex✦ Warmachine|Reflect","|move|p1a: ASHY NIGGUH|Flamethrower|p2a: Klefki","|-supereffective|p2a: Klefki","|-damage|p2a: Klefki|0 fnt","|faint|p2a: Klefki","|","|","|switch|p2a: Azumarill|Azumarill, M|342/342","|turn|4","|","|move|p2a: Azumarill|Belly Drum|p2a: Azumarill","|-damage|p2a: Azumarill|171/342","|-setboost|p2a: Azumarill|atk|6|[from] move: Belly Drum","|-enditem|p2a: Azumarill|Sitrus Berry|[eat]","|-heal|p2a: Azumarill|256/342|[from] item: Sitrus Berry","|move|p1a: ASHY NIGGUH|Stealth Rock|p2a: Azumarill","|-sidestart|p2: Apex✦ Warmachine|move: Stealth Rock","|","|turn|5","|","|move|p2a: Azumarill|Aqua Jet|p1a: ASHY NIGGUH","|-supereffective|p1a: ASHY NIGGUH","|-damage|p1a: ASHY NIGGUH|0 fnt","|-enditem|p1a: ASHY NIGGUH|Air Balloon","|faint|p1a: ASHY NIGGUH","|","|","|switch|p1a: DEEEEEZ NUTS|Magneton|303/303","|turn|6","|","|move|p2a: Azumarill|Aqua Jet|p1a: DEEEEEZ NUTS","|-damage|p1a: DEEEEEZ NUTS|119/303","|move|p1a: DEEEEEZ NUTS|Substitute|p1a: DEEEEEZ NUTS","|-start|p1a: DEEEEEZ NUTS|Substitute","|-damage|p1a: DEEEEEZ NUTS|44/303","|","|turn|7","|","|move|p2a: Azumarill|Aqua Jet|p1a: DEEEEEZ NUTS","|-crit|p1a: DEEEEEZ NUTS","|-end|p1a: DEEEEEZ NUTS|Substitute","|move|p1a: DEEEEEZ NUTS|Zap Cannon|p2a: Azumarill","|-supereffective|p2a: Azumarill","|-damage|p2a: Azumarill|25/342","|-status|p2a: Azumarill|par","|","|turn|8","|","|move|p2a: Azumarill|Aqua Jet|p1a: DEEEEEZ NUTS","|-damage|p1a: DEEEEEZ NUTS|0 fnt","|faint|p1a: DEEEEEZ NUTS","|","|-sideend|p2: Apex✦ Warmachine|move: Light Screen","|","|switch|p1a: IRON NIGGA|Metagross, shiny|364/364","|turn|9","|","|move|p2a: Azumarill|Aqua Jet|p1a: IRON NIGGA","|-damage|p1a: IRON NIGGA|75/364","|move|p1a: IRON NIGGA|Power-Up Punch|p2a: Azumarill","|-resisted|p2a: Azumarill","|-damage|p2a: Azumarill|10/342 par","|-boost|p1a: IRON NIGGA|atk|1","|","|turn|10","|","|move|p1a: IRON NIGGA|Bullet Punch|p2a: Azumarill","|-damage|p2a: Azumarill|0 fnt","|faint|p2a: Azumarill","|","|-sideend|p2: Apex✦ Warmachine|Reflect","|","|switch|p2a: Togekiss|Togekiss, M|341/341","|-damage|p2a: Togekiss|256/341|[from] Stealth Rock","|turn|11","|","|move|p1a: IRON NIGGA|Bullet Punch|p2a: Togekiss","|-supereffective|p2a: Togekiss","|-damage|p2a: Togekiss|8/341","|move|p2a: Togekiss|Thunder Wave|p1a: IRON NIGGA","|-status|p1a: IRON NIGGA|par","|","|-heal|p2a: Togekiss|29/341|[from] item: Leftovers","|turn|12","|","|move|p1a: IRON NIGGA|Bullet Punch|p2a: Togekiss","|-supereffective|p2a: Togekiss","|-damage|p2a: Togekiss|0 fnt","|faint|p2a: Togekiss","|","|","|switch|p2a: Sylveon|Sylveon, F|359/359","|-damage|p2a: Sylveon|315/359|[from] Stealth Rock","|turn|13","|","|move|p2a: Sylveon|Hidden Power|p1a: IRON NIGGA","|-supereffective|p1a: IRON NIGGA","|-damage|p1a: IRON NIGGA|0 fnt","|faint|p1a: IRON NIGGA","|","|","|switch|p1a: NIGGA KEYS|Klefki, F|256/256","|turn|14","|","|move|p1a: NIGGA KEYS|Light Screen|p1a: NIGGA KEYS","|-sidestart|p1: Silver-loatist|move: Light Screen","|move|p2a: Sylveon|Hidden Power|p1a: NIGGA KEYS","|-crit|p1a: NIGGA KEYS","|-supereffective|p1a: NIGGA KEYS","|-damage|p1a: NIGGA KEYS|50/256","|","|turn|15","|","|move|p1a: NIGGA KEYS|Reflect|p1a: NIGGA KEYS","|-sidestart|p1: Silver-loatist|Reflect","|move|p2a: Sylveon|Hidden Power|p1a: NIGGA KEYS","|-supereffective|p1a: NIGGA KEYS","|-damage|p1a: NIGGA KEYS|0 fnt","|faint|p1a: NIGGA KEYS","|","|","|switch|p1a: JEW|Probopass, F|324/324","|-item|p1a: JEW|Air Balloon","|turn|16","|","|move|p2a: Sylveon|Hidden Power|p1a: JEW","|-damage|p1a: JEW|297/324","|-enditem|p1a: JEW|Air Balloon","|move|p1a: JEW|Sandstorm|p1a: JEW","|-weather|Sandstorm","|","|-weather|Sandstorm|[upkeep]","|-damage|p2a: Sylveon|293/359|[from] sandstorm","|turn|17","|","|move|p2a: Sylveon|Hyper Voice|p1a: JEW","|-crit|p1a: JEW","|-resisted|p1a: JEW","|-damage|p1a: JEW|224/324","|move|p1a: JEW|Ancient Power|p2a: Sylveon","|-damage|p2a: Sylveon|242/359","|","|-weather|Sandstorm|[upkeep]","|-damage|p2a: Sylveon|220/359|[from] sandstorm","|turn|18","|","|move|p2a: Sylveon|Hyper Voice|p1a: JEW","|-resisted|p1a: JEW","|-damage|p1a: JEW|199/324","|move|p1a: JEW|Ancient Power|p2a: Sylveon","|-damage|p2a: Sylveon|171/359","|-boost|p1a: JEW|atk|1","|-boost|p1a: JEW|def|1","|-boost|p1a: JEW|spa|1","|-boost|p1a: JEW|spd|1","|-boost|p1a: JEW|spe|1","|","|-weather|Sandstorm|[upkeep]","|-damage|p2a: Sylveon|149/359|[from] sandstorm","|turn|19","|","|move|p2a: Sylveon|Hyper Voice|p1a: JEW","|-resisted|p1a: JEW","|-damage|p1a: JEW|181/324","|move|p1a: JEW|Rock Blast|p2a: Sylveon","|-damage|p2a: Sylveon|79/359","|-damage|p2a: Sylveon|6/359","|-hitcount|p2a: Sylveon|2","|","|-weather|Sandstorm|[upkeep]","|-damage|p2a: Sylveon|0 fnt|[from] sandstorm","|faint|p2a: Sylveon","|","|switch|p2a: Slurpuff|Slurpuff, F|306/306","|-damage|p2a: Slurpuff|268/306|[from] Stealth Rock","|turn|20","|","|move|p2a: Slurpuff|Drain Punch|p1a: JEW","|-supereffective|p1a: JEW","|-damage|p1a: JEW|109/324","|-heal|p2a: Slurpuff|304/306|[from] drain|[of] p1a: JEW","|move|p1a: JEW|Rock Blast|p2a: Slurpuff","|-damage|p2a: Slurpuff|246/306","|-damage|p2a: Slurpuff|195/306","|-damage|p2a: Slurpuff|144/306","|-enditem|p2a: Slurpuff|Sitrus Berry|[eat]","|-heal|p2a: Slurpuff|220/306|[from] item: Sitrus Berry","|-hitcount|p2a: Slurpuff|3","|","|-weather|none","|turn|21","|","|move|p2a: Slurpuff|Protect|p2a: Slurpuff","|-singleturn|p2a: Slurpuff|Protect","|move|p1a: JEW|Ancient Power|p2a: Slurpuff","|-activate|p2a: Slurpuff|Protect","|","|-sideend|p1: Silver-loatist|move: Light Screen","|turn|22","|","|move|p2a: Slurpuff|Drain Punch|p1a: JEW","|-supereffective|p1a: JEW","|-damage|p1a: JEW|49/324","|-heal|p2a: Slurpuff|250/306|[from] drain|[of] p1a: JEW","|move|p1a: JEW|Ancient Power|p2a: Slurpuff","|-crit|p2a: Slurpuff","|-damage|p2a: Slurpuff|132/306","|","|-sideend|p1: Silver-loatist|Reflect","|turn|23","|","|move|p2a: Slurpuff|Drain Punch|p1a: JEW","|-supereffective|p1a: JEW","|-damage|p1a: JEW|0 fnt","|-heal|p2a: Slurpuff|157/306|[from] drain|[of] p1a: JEW","|faint|p1a: JEW","|","|","|switch|p1a: CHILLY NIGGA|Empoleon, M, shiny|310/310","|turn|24","|","|move|p2a: Slurpuff|Protect|p2a: Slurpuff","|-singleturn|p2a: Slurpuff|Protect","|move|p1a: CHILLY NIGGA|Flash Cannon|p2a: Slurpuff","|-activate|p2a: Slurpuff|Protect","|","|turn|25","|","|move|p2a: Slurpuff|Drain Punch|p1a: CHILLY NIGGA","|-supereffective|p1a: CHILLY NIGGA","|-damage|p1a: CHILLY NIGGA|192/310","|-heal|p2a: Slurpuff|216/306|[from] drain|[of] p1a: CHILLY NIGGA","|move|p1a: CHILLY NIGGA|Flash Cannon|p2a: Slurpuff","|-supereffective|p2a: Slurpuff","|-damage|p2a: Slurpuff|0 fnt","|faint|p2a: Slurpuff","|","|-heal|p1a: CHILLY NIGGA|211/310|[from] item: Leftovers","|","|switch|p2a: Diancie|Diancie|253/253","|-damage|p2a: Diancie|222/253|[from] Stealth Rock","|turn|26","|","|detailschange|p2a: Diancie|Diancie-Mega","|-mega|p2a: Diancie|Diancie|Diancite","|move|p2a: Diancie|Earth Power|p1a: CHILLY NIGGA","|-supereffective|p1a: CHILLY NIGGA","|-damage|p1a: CHILLY NIGGA|0 fnt","|faint|p1a: CHILLY NIGGA","|","|win|Apex✦ Warmachine"],"p1rating":{"entryid":6757,"formatid":"monotype","userid":"silverloatist","username":"Silver-loatist","r":1500,"rd":130,"sigma":0,"rpr":1459.8393856612,"rprd":122.8583080769,"rpsigma":0,"rptime":1439802000,"w":0,"l":1,"t":0,"gxe":45,"acre":1000,"lacre":1000,"oldacre":1000},"p2rating":{"entryid":"1756","serverid":"eos","formatid":"monotype","userid":"apexwarmachine","username":"Apex✦ Warmachine","w":4,"l":"2","t":"0","gxe":56.6,"r":"1500","rd":"130","sigma":"0","rptime":"1439802000","rpr":1552.3513944107,"rprd":99.186710102519,"rpsigma":"0","acre":1093.593787449,"lacre":1093.593787449,"oldacre":"1069.9476330261"},"endType":"normal"}