{"seed":[44057,14207,28699,1716],"turns":29,"p1":"Zera Blanco","p2":"Guard Wanderer","p1team":[{"name":"Gyarados","species":"Gyarados","item":"gyaradosite","ability":"Moxie","moves":["attract","bounce","waterfall","dragondance"],"nature":"Adamant","evs":{"hp":0,"atk":252,"def":0,"spa":0,"spd":4,"spe":252},"shiny":true,"ivs":{"hp":31,"atk":31,"def":31,"spa":31,"spd":31,"spe":31}},{"name":"Azumarill","species":"Azumarill","item":"sitrusberry","ability":"Huge Power","moves":["bellydrum","bodyslam","waterfall","playrough"],"nature":"Adamant","evs":{"hp":252,"atk":252,"def":0,"spa":0,"spd":4,"spe":0},"gender":"F","ivs":{"hp":31,"atk":31,"def":31,"spa":31,"spd":31,"spe":31}},{"name":"Manaphy","species":"Manaphy","item":"leftovers","ability":"Hydration","moves":["raindance","tailglow","waterpulse","energyball"],"nature":"Timid","evs":{"hp":0,"atk":0,"def":0,"spa":252,"spd":4,"spe":252},"ivs":{"hp":31,"atk":31,"def":31,"spa":31,"spd":31,"spe":31}},{"name":"Blastoise","species":"Blastoise","item":"leftovers","ability":"Rain Dish","moves":["aquaring","raindance","darkpulse","scald"],"nature":"Modest","evs":{"hp":252,"atk":0,"def":0,"spa":252,"spd":4,"spe":0},"gender":"M","ivs":{"hp":31,"atk":31,"def":31,"spa":31,"spd":31,"spe":31}},{"name":"Keldeo-Resolute","species":"Keldeo-Resolute","item":"expertbelt","ability":"Justified","moves":["calmmind","secretsword","scald","hiddenpowerpoison"],"nature":"Timid","evs":{"hp":0,"atk":0,"def":0,"spa":252,"spd":4,"spe":252},"ivs":{"hp":31,"atk":31,"def":30,"spa":30,"spd":30,"spe":31}},{"name":"Empoleon","species":"Empoleon","item":"expertbelt","ability":"Defiant","moves":["flashcannon","scald","icebeam","hiddenpowergrass"],"nature":"Timid","evs":{"hp":0,"atk":0,"def":0,"spa":252,"spd":0,"spe":252},"ivs":{"hp":31,"atk":30,"def":31,"spa":30,"spd":31,"spe":31}}],"p2team":[{"name":"Ariados","species":"Ariados","item":"focussash","ability":"Insomnia","moves":["agility","batonpass","stickyweb","suckerpunch"],"nature":"Impish","evs":{"hp":0,"atk":0,"def":188,"spa":0,"spd":68,"spe":252},"ivs":{"hp":31,"atk":31,"def":31,"spa":31,"spd":31,"spe":31}},{"name":"Tentacruel","species":"Tentacruel","item":"assaultvest","ability":"Liquid Ooze","moves":["scald","acidspray","gigadrain","hex"],"nature":"Timid","evs":{"hp":4,"atk":0,"def":0,"spa":252,"spd":0,"spe":252},"ivs":{"hp":31,"atk":31,"def":31,"spa":31,"spd":31,"spe":31}},{"name":"Skuntank","species":"Skuntank","item":"rowapberry","ability":"Aftermath","moves":["snatch","thief","suckerpunch","poisonjab"],"nature":"Adamant","evs":{"hp":248,"atk":252,"def":0,"spa":0,"spd":8,"spe":0},"ivs":{"hp":31,"atk":31,"def":31,"spa":31,"spd":31,"spe":31}},{"name":"Venusaur","species":"Venusaur","item":"bigroot","ability":"Overgrow","moves":["gigadrain","leechseed","substitute","grassyterrain"],"nature":"Calm","evs":{"hp":248,"atk":0,"def":0,"spa":8,"spd":252,"spe":0},"ivs":{"hp":31,"atk":31,"def":31,"spa":31,"spd":31,"spe":31}},{"name":"Seviper","species":"Seviper","item":"blacksludge","ability":"Shed Skin","moves":["earthquake","coil","suckerpunch","glare"],"nature":"Adamant","evs":{"hp":248,"atk":252,"def":0,"spa":0,"spd":8,"spe":0},"ivs":{"hp":31,"atk":31,"def":31,"spa":31,"spd":31,"spe":31}},{"name":"Crobat","species":"Crobat","item":"whiteherb","ability":"Infiltrator","moves":["curse","bravebird","roost","snatch"],"nature":"Jolly","evs":{"hp":248,"atk":8,"def":0,"spa":0,"spd":0,"spe":252},"ivs":{"hp":31,"atk":31,"def":31,"spa":31,"spd":31,"spe":31}}],"log":["|player|p1|Zera Blanco|170","|player|p2|Guard Wanderer|235","|gametype|singles","|gen|6","|tier|Monotype","|rated","|rule|Baton Pass Clause: Limit one Baton Passer, can't pass Spe and other stats simultaneously","|rule|Swagger Clause: Swagger is banned","|rule|Same Type Clause: Pokémon in a team must share a type","|clearpoke","|poke|p1|Gyarados, F, shiny","|poke|p1|Azumarill, F","|poke|p1|Manaphy","|poke|p1|Blastoise, M","|poke|p1|Keldeo-Resolute","|poke|p1|Empoleon, M","|poke|p2|Ariados, F","|poke|p2|Tentacruel, M","|poke|p2|Skuntank, F","|poke|p2|Venusaur, M","|poke|p2|Seviper, F","|poke|p2|Crobat, M","|rule|Sleep Clause Mod: Limit one foe put to sleep","|rule|Species Clause: Limit one of each Pokémon","|rule|OHKO Clause: OHKO moves are banned","|rule|Moody Clause: Moody is banned","|rule|Evasion Moves Clause: Evasion moves are banned","|rule|Endless Battle Clause: Forcing endless battles is banned","|rule|HP Percentage Mod: HP is shown in percentages","|teampreview","|","|start","|switch|p1a: Gyarados|Gyarados, F, shiny|331/331","|switch|p2a: Ariados|Ariados, F|281/281","|turn|1","|","|move|p1a: Gyarados|Bounce|p2a: Ariados|[still]","|-prepare|p1a: Gyarados|Bounce|p2a: Ariados","|move|p2a: Ariados|Sticky Web|p1a: Gyarados","|-sidestart|p1: Zera Blanco|move: Sticky Web","|","|turn|2","|","|move|p1a: Gyarados|Bounce|p2a: Ariados|[from]lockedmove","|-supereffective|p2a: Ariados","|-enditem|p2a: Ariados|Focus Sash","|-damage|p2a: Ariados|1/281","|move|p2a: Ariados|Agility|p2a: Ariados","|-boost|p2a: Ariados|spe|2","|","|turn|3","|","|move|p2a: Ariados|Baton Pass|p2a: Ariados","|","|switch|p2a: Crobat|Crobat, M|373/373","|move|p1a: Gyarados|Bounce|p2a: Crobat|[still]","|-prepare|p1a: Gyarados|Bounce|p2a: Crobat","|","|turn|4","|","|move|p2a: Crobat|Curse|p2a: Crobat","|-unboost|p2a: Crobat|spe|1","|-boost|p2a: Crobat|atk|1","|-boost|p2a: Crobat|def|1","|move|p1a: Gyarados|Bounce|p2a: Crobat|[from]lockedmove","|-damage|p2a: Crobat|232/373","|-status|p2a: Crobat|par","|","|turn|5","|","|move|p1a: Gyarados|Attract|p2a: Crobat","|-start|p2a: Crobat|Attract","|-activate|p2a: Crobat|Attract|[of] p1a: Gyarados","|move|p2a: Crobat|Brave Bird|p1a: Gyarados","|-damage|p1a: Gyarados|111/331","|-damage|p2a: Crobat|159/373 par|[from] recoil|[of] p1a: Gyarados","|","|turn|6","|","|detailschange|p1a: Gyarados|Gyarados-Mega, F, shiny","|-mega|p1a: Gyarados|Gyarados|Gyaradosite","|-ability|p1a: Gyarados|Mold Breaker","|move|p1a: Gyarados|Dragon Dance|p1a: Gyarados","|-boost|p1a: Gyarados|atk|1","|-boost|p1a: Gyarados|spe|1","|-activate|p2a: Crobat|Attract|[of] p1a: Gyarados","|move|p2a: Crobat|Roost|p2a: Crobat","|-heal|p2a: Crobat|346/373 par","|","|turn|7","|","|-activate|p2a: Crobat|Attract|[of] p1a: Gyarados","|cant|p2a: Crobat|Attract","|move|p1a: Gyarados|Waterfall|p2a: Crobat","|-damage|p2a: Crobat|114/373 par","|","|turn|8","|","|move|p1a: Gyarados|Waterfall|p2a: Crobat","|-damage|p2a: Crobat|0 fnt","|faint|p2a: Crobat","|","|","|switch|p2a: Ariados|Ariados, F|1/281","|turn|9","|","|move|p2a: Ariados|Sucker Punch|p1a: Gyarados","|-resisted|p1a: Gyarados","|-damage|p1a: Gyarados|86/331","|move|p1a: Gyarados|Waterfall|p2a: Ariados","|-damage|p2a: Ariados|0 fnt","|faint|p2a: Ariados","|","|","|switch|p2a: Venusaur|Venusaur, M|363/363","|turn|10","|","|move|p1a: Gyarados|Attract|p2a: Venusaur","|-start|p2a: Venusaur|Attract","|-activate|p2a: Venusaur|Attract|[of] p1a: Gyarados","|cant|p2a: Venusaur|Attract","|","|turn|11","|","|move|p1a: Gyarados|Bounce|p2a: Venusaur|[still]","|-prepare|p1a: Gyarados|Bounce|p2a: Venusaur","|-activate|p2a: Venusaur|Attract|[of] p1a: Gyarados","|move|p2a: Venusaur|Giga Drain|p1a: Gyarados|[miss]","|-miss|p2a: Venusaur|p1a: Gyarados","|","|turn|12","|","|move|p1a: Gyarados|Bounce|p2a: Venusaur|[from]lockedmove","|-supereffective|p2a: Venusaur","|-damage|p2a: Venusaur|0 fnt","|faint|p2a: Venusaur","|","|","|switch|p2a: Skuntank|Skuntank, F|409/409","|turn|13","|","|move|p2a: Skuntank|Sucker Punch|p1a: Gyarados","|-resisted|p1a: Gyarados","|-damage|p1a: Gyarados|23/331","|move|p1a: Gyarados|Waterfall|p2a: Skuntank","|-damage|p2a: Skuntank|48/409","|","|turn|14","|","|move|p2a: Skuntank|Sucker Punch|p1a: Gyarados","|-resisted|p1a: Gyarados","|-damage|p1a: Gyarados|0 fnt","|faint|p1a: Gyarados","|","|","|switch|p1a: Empoleon|Empoleon, M|309/309","|-activate|p1a: Empoleon|move: Sticky Web","|-unboost|p1a: Empoleon|spe|1","|-boost|p1a: Empoleon|atk|2|[from] ability: Defiant","|turn|15","|","|move|p2a: Skuntank|Thief|p1a: Empoleon","|-damage|p1a: Empoleon|206/309","|move|p1a: Empoleon|Scald|p2a: Skuntank","|-damage|p2a: Skuntank|0 fnt","|faint|p2a: Skuntank","|","|","|switch|p2a: Seviper|Seviper, F|349/349","|turn|16","|","|move|p2a: Seviper|Glare|p1a: Empoleon","|-status|p1a: Empoleon|par","|move|p1a: Empoleon|Scald|p2a: Seviper","|-damage|p2a: Seviper|169/349","|-status|p2a: Seviper|brn","|","|-activate|p2a: Seviper|ability: Shed Skin","|-curestatus|p2a: Seviper|brn","|-heal|p2a: Seviper|190/349|[from] item: Black Sludge","|turn|17","|","|move|p2a: Seviper|Coil|p2a: Seviper","|-boost|p2a: Seviper|atk|1","|-boost|p2a: Seviper|def|1","|-boost|p2a: Seviper|accuracy|1","|move|p1a: Empoleon|Scald|p2a: Seviper","|-crit|p2a: Seviper","|-damage|p2a: Seviper|0 fnt","|faint|p2a: Seviper","|","|","|switch|p2a: Tentacruel|Tentacruel, M|302/302","|turn|18","|","|move|p2a: Tentacruel|Hex|p1a: Empoleon","|-crit|p1a: Empoleon","|-damage|p1a: Empoleon|43/309 par","|cant|p1a: Empoleon|par","|","|turn|19","|","|move|p2a: Tentacruel|Giga Drain|p1a: Empoleon","|-crit|p1a: Empoleon","|-damage|p1a: Empoleon|0 fnt","|faint|p1a: Empoleon","|","|","|switch|p1a: Keldeo-Resolute|Keldeo-Resolute|323/323","|-activate|p1a: Keldeo-Resolute|move: Sticky Web","|-unboost|p1a: Keldeo-Resolute|spe|1","|turn|20","|","|move|p2a: Tentacruel|Acid Spray|p1a: Keldeo-Resolute","|-damage|p1a: Keldeo-Resolute|265/323","|-unboost|p1a: Keldeo-Resolute|spd|2","|move|p1a: Keldeo-Resolute|Secret Sword|p2a: Tentacruel","|-resisted|p2a: Tentacruel","|-damage|p2a: Tentacruel|189/302","|","|turn|21","|","|move|p2a: Tentacruel|Giga Drain|p1a: Keldeo-Resolute","|-supereffective|p1a: Keldeo-Resolute","|-damage|p1a: Keldeo-Resolute|0 fnt","|-heal|p2a: Tentacruel|302/302|[from] drain|[of] p1a: Keldeo-Resolute","|faint|p1a: Keldeo-Resolute","|","|","|switch|p1a: Manaphy|Manaphy|341/341","|-activate|p1a: Manaphy|move: Sticky Web","|-unboost|p1a: Manaphy|spe|1","|turn|22","|","|move|p2a: Tentacruel|Acid Spray|p1a: Manaphy","|-damage|p1a: Manaphy|287/341","|-unboost|p1a: Manaphy|spd|2","|move|p1a: Manaphy|Energy Ball|p2a: Tentacruel","|-damage|p2a: Tentacruel|247/302","|","|-heal|p1a: Manaphy|308/341|[from] item: Leftovers","|turn|23","|","|move|p2a: Tentacruel|Acid Spray|p1a: Manaphy","|-damage|p1a: Manaphy|209/341","|-unboost|p1a: Manaphy|spd|2","|move|p1a: Manaphy|Energy Ball|p2a: Tentacruel","|-damage|p2a: Tentacruel|197/302","|","|-heal|p1a: Manaphy|230/341|[from] item: Leftovers","|turn|24","|","|move|p2a: Tentacruel|Giga Drain|p1a: Manaphy","|-supereffective|p1a: Manaphy","|-damage|p1a: Manaphy|0 fnt","|-heal|p2a: Tentacruel|302/302|[from] drain|[of] p1a: Manaphy","|faint|p1a: Manaphy","|","|","|switch|p1a: Azumarill|Azumarill, F|404/404","|-activate|p1a: Azumarill|move: Sticky Web","|-unboost|p1a: Azumarill|spe|1","|turn|25","|","|move|p2a: Tentacruel|Acid Spray|p1a: Azumarill","|-supereffective|p1a: Azumarill","|-damage|p1a: Azumarill|272/404","|-unboost|p1a: Azumarill|spd|2","|move|p1a: Azumarill|Body Slam|p2a: Tentacruel","|-damage|p2a: Tentacruel|117/302","|","|turn|26","|","|move|p2a: Tentacruel|Giga Drain|p1a: Azumarill","|-crit|p1a: Azumarill","|-supereffective|p1a: Azumarill","|-damage|p1a: Azumarill|0 fnt","|-heal|p2a: Tentacruel|253/302|[from] drain|[of] p1a: Azumarill","|faint|p1a: Azumarill","|","|","|switch|p1a: Blastoise|Blastoise, M|362/362","|-activate|p1a: Blastoise|move: Sticky Web","|-unboost|p1a: Blastoise|spe|1","|turn|27","|","|move|p2a: Tentacruel|Acid Spray|p1a: Blastoise","|-damage|p1a: Blastoise|314/362","|-unboost|p1a: Blastoise|spd|2","|move|p1a: Blastoise|Dark Pulse|p2a: Tentacruel","|-damage|p2a: Tentacruel|210/302","|","|-heal|p1a: Blastoise|336/362|[from] item: Leftovers","|turn|28","|","|move|p2a: Tentacruel|Giga Drain|p1a: Blastoise","|-supereffective|p1a: Blastoise","|-damage|p1a: Blastoise|68/362","|-heal|p2a: Tentacruel|302/302|[from] drain|[of] p1a: Blastoise","|move|p1a: Blastoise|Dark Pulse|p2a: Tentacruel","|-damage|p2a: Tentacruel|256/302","|","|-heal|p1a: Blastoise|90/362|[from] item: Leftovers","|turn|29","|","|move|p2a: Tentacruel|Giga Drain|p1a: Blastoise","|-supereffective|p1a: Blastoise","|-damage|p1a: Blastoise|0 fnt","|-heal|p2a: Tentacruel|301/302|[from] drain|[of] p1a: Blastoise","|faint|p1a: Blastoise","|","|win|Guard Wanderer"],"p1rating":{"entryid":7698275,"formatid":"monotype","userid":"zerablanco","username":"Zera Blanco","r":1500,"rd":130,"sigma":0,"rpr":1452.8250872396,"rprd":121.89272075079,"rpsigma":0,"rptime":1439802000,"w":0,"l":1,"t":0,"gxe":44.1,"acre":1000,"lacre":1000,"oldacre":1000},"p2rating":{"entryid":"6731189","serverid":"eos","formatid":"monotype","userid":"guardwanderer","username":"Guard Wanderer","w":121,"l":"147","t":"0","gxe":45.4,"r":"1462.5656404044","rd":"26.257687430158","sigma":"0","rptime":"1439802000","rpr":1465.3524678684,"rprd":26.07115256499,"rpsigma":"0","acre":1153.9790668456,"lacre":1153.9790668456,"oldacre":"1138.4452004364"},"endType":"normal"}