{"seed":[55162,35183,6179,149],"turns":22,"p1":"LightOfAKnowing","p2":"Sereana","p1team":[{"name":"Vespiquen","species":"Vespiquen","item":"laxincense","ability":"Pressure","moves":["defendorder","infestation","mudslap","roost"],"nature":"Gentle","evs":{"hp":248,"atk":8,"def":0,"spa":0,"spd":252,"spe":0},"ivs":{"hp":31,"atk":31,"def":31,"spa":31,"spd":31,"spe":31}},{"name":"Heracross","species":"Heracross","item":"choicescarf","ability":"Moxie","moves":["closecombat","megahorn","knockoff","pursuit"],"nature":"Jolly","evs":{"hp":0,"atk":252,"def":0,"spa":0,"spd":4,"spe":252},"ivs":{"hp":31,"atk":31,"def":31,"spa":31,"spd":31,"spe":31}},{"name":"Forretress","species":"Forretress","item":"custapberry","ability":"Sturdy","moves":["stealthrock","rapidspin","explosion","spikes"],"nature":"Impish","evs":{"hp":248,"atk":8,"def":252,"spa":0,"spd":0,"spe":0},"ivs":{"hp":31,"atk":31,"def":31,"spa":31,"spd":31,"spe":31}},{"name":"Galvantula","species":"Galvantula","item":"focussash","ability":"Swarm","moves":["stickyweb","bugbuzz","voltswitch","suckerpunch"],"nature":"Hasty","evs":{"hp":0,"atk":4,"def":0,"spa":252,"spd":0,"spe":252},"ivs":{"hp":31,"atk":31,"def":31,"spa":31,"spd":31,"spe":31}},{"name":"Pinsir","species":"Pinsir","item":"pinsirite","ability":"Moxie","moves":["quickattack","xscissor","frustration","closecombat"],"nature":"Adamant","evs":{"hp":248,"atk":252,"def":0,"spa":0,"spd":8,"spe":0},"happiness":0,"ivs":{"hp":31,"atk":31,"def":31,"spa":31,"spd":31,"spe":31}},{"name":"Genesect","species":"Genesect","item":"choicescarf","ability":"Download","moves":["icebeam","bugbuzz","technoblast","flashcannon"],"nature":"Timid","evs":{"hp":0,"atk":0,"def":4,"spa":252,"spd":0,"spe":252},"happiness":0,"ivs":{"hp":31,"atk":31,"def":31,"spa":31,"spd":31,"spe":31}}],"p2team":[{"name":"Hoopa-Unbound","species":"Hoopa-Unbound","item":"choicescarf","ability":"Magician","moves":["hyperspacefury","drainpunch","icepunch","hyperspacehole"],"nature":"Hasty","evs":{"hp":0,"atk":248,"def":0,"spa":8,"spd":0,"spe":252},"ivs":{"hp":31,"atk":31,"def":31,"spa":31,"spd":31,"spe":31}},{"name":"Gardevoir","species":"Gardevoir","item":"gardevoirite","ability":"Trace","moves":["substitute","hypervoice","focusblast","energyball"],"nature":"Timid","evs":{"hp":0,"atk":0,"def":24,"spa":232,"spd":0,"spe":252},"ivs":{"hp":31,"atk":31,"def":31,"spa":31,"spd":31,"spe":31}},{"name":"Victini","species":"Victini","item":"choicescarf","ability":"Victory Star","moves":["vcreate","blueflare","uturn","boltstrike"],"nature":"Naive","evs":{"hp":0,"atk":252,"def":0,"spa":4,"spd":0,"spe":252},"ivs":{"hp":31,"atk":31,"def":31,"spa":31,"spd":31,"spe":31}},{"name":"Jirachi","species":"Jirachi","item":"leftovers","ability":"Serene Grace","moves":["stealthrock","ironhead","thunderwave","uturn"],"nature":"Jolly","evs":{"hp":124,"atk":132,"def":0,"spa":0,"spd":0,"spe":252},"ivs":{"hp":31,"atk":31,"def":31,"spa":31,"spd":31,"spe":31}},{"name":"Mew","species":"Mew","item":"leftovers","ability":"Synchronize","moves":["willowisp","roost","healbell","defog"],"nature":"Calm","evs":{"hp":252,"atk":0,"def":4,"spa":0,"spd":252,"spe":0},"ivs":{"hp":31,"atk":31,"def":31,"spa":31,"spd":31,"spe":31}},{"name":"Slowbro","species":"Slowbro","item":"rockyhelmet","ability":"Regenerator","moves":["slackoff","scald","icebeam","thunderwave"],"nature":"Bold","evs":{"hp":248,"atk":0,"def":252,"spa":8,"spd":0,"spe":0},"ivs":{"hp":31,"atk":31,"def":31,"spa":31,"spd":31,"spe":31}}],"log":["|player|p1|LightOfAKnowing|lightofaknowing.gif","|player|p2|Sereana|mashumashu.png","|gametype|singles","|gen|6","|tier|Monotype","|rated","|rule|Baton Pass Clause: Limit one Baton Passer, can't pass Spe and other stats simultaneously","|rule|Swagger Clause: Swagger is banned","|rule|Same Type Clause: Pokémon in a team must share a type","|clearpoke","|poke|p1|Vespiquen, F","|poke|p1|Heracross, F","|poke|p1|Forretress, F","|poke|p1|Galvantula, M","|poke|p1|Pinsir, F","|poke|p1|Genesect-*","|poke|p2|Hoopa-Unbound","|poke|p2|Gardevoir, F","|poke|p2|Victini","|poke|p2|Jirachi","|poke|p2|Mew","|poke|p2|Slowbro, M","|rule|Sleep Clause Mod: Limit one foe put to sleep","|rule|Species Clause: Limit one of each Pokémon","|rule|OHKO Clause: OHKO moves are banned","|rule|Moody Clause: Moody is banned","|rule|Evasion Moves Clause: Evasion moves are banned","|rule|Endless Battle Clause: Forcing endless battles is banned","|rule|HP Percentage Mod: HP is shown in percentages","|teampreview","|","|start","|switch|p1a: Forretress|Forretress, F|353/353","|switch|p2a: Victini|Victini|341/341","|turn|1","|","|move|p2a: Victini|Blue Flare|p1a: Forretress","|-supereffective|p1a: Forretress","|-ability|p1a: Forretress|Sturdy","|-damage|p1a: Forretress|1/353","|-status|p1a: Forretress|brn","|move|p1a: Forretress|Stealth Rock|p2a: Victini","|-sidestart|p2: Sereana|move: Stealth Rock","|","|-damage|p1a: Forretress|0 fnt|[from] brn","|faint|p1a: Forretress","|","|switch|p1a: Galvantula|Galvantula, M|281/281","|turn|2","|","|move|p2a: Victini|Blue Flare|p1a: Galvantula|[miss]","|-miss|p2a: Victini|p1a: Galvantula","|move|p1a: Galvantula|Sticky Web|p2a: Victini","|-sidestart|p2: Sereana|move: Sticky Web","|","|turn|3","|","|move|p2a: Victini|Blue Flare|p1a: Galvantula","|-supereffective|p1a: Galvantula","|-enditem|p1a: Galvantula|Focus Sash","|-damage|p1a: Galvantula|1/281","|-status|p1a: Galvantula|brn","|move|p1a: Galvantula|Bug Buzz|p2a: Victini","|-damage|p2a: Victini|133/341","|","|-damage|p1a: Galvantula|0 fnt|[from] brn","|faint|p1a: Galvantula","|","|switch|p1a: Pinsir|Pinsir, F|333/333","|turn|4","|","|switch|p2a: Slowbro|Slowbro, M|393/393","|-activate|p2a: Slowbro|move: Sticky Web","|-unboost|p2a: Slowbro|spe|1","|-damage|p2a: Slowbro|344/393|[from] Stealth Rock","|detailschange|p1a: Pinsir|Pinsir-Mega, F","|-mega|p1a: Pinsir|Pinsir|Pinsirite","|move|p1a: Pinsir|Quick Attack|p2a: Slowbro","|-damage|p2a: Slowbro|266/393","|-damage|p1a: Pinsir|278/333|[from] item: Rocky Helmet|[of] p2a: Slowbro","|","|turn|5","|","|switch|p1a: Genesect|Genesect|283/283","|-boost|p1a: Genesect|spa|1|[from] ability: Download","|move|p2a: Slowbro|Thunder Wave|p1a: Genesect","|-status|p1a: Genesect|par","|","|turn|6","|","|move|p1a: Genesect|Bug Buzz|p2a: Slowbro","|-supereffective|p2a: Slowbro","|-damage|p2a: Slowbro|0 fnt","|faint|p2a: Slowbro","|","|","|switch|p2a: Mew|Mew|404/404","|-activate|p2a: Mew|move: Sticky Web","|-unboost|p2a: Mew|spe|1","|-damage|p2a: Mew|354/404|[from] Stealth Rock","|turn|7","|","|move|p2a: Mew|Defog|p1a: Genesect","|-unboost|p1a: Genesect|evasion|1","|-sideend|p2: Sereana|Stealth Rock|[from] move: Defog|[of] p2a: Mew","|-sideend|p2: Sereana|Sticky Web|[from] move: Defog|[of] p2a: Mew","|cant|p1a: Genesect|par","|","|-heal|p2a: Mew|379/404|[from] item: Leftovers","|turn|8","|","|switch|p2a: Jirachi|Jirachi|372/372","|move|p1a: Genesect|Bug Buzz|p2a: Jirachi","|-damage|p2a: Jirachi|129/372","|","|-heal|p2a: Jirachi|152/372|[from] item: Leftovers","|turn|9","|","|move|p2a: Jirachi|Stealth Rock|p1a: Genesect","|-sidestart|p1: LightOfAKnowing|move: Stealth Rock","|move|p1a: Genesect|Bug Buzz|p2a: Jirachi","|-damage|p2a: Jirachi|0 fnt","|faint|p2a: Jirachi","|","|","|switch|p2a: Victini|Victini|133/341","|turn|10","|","|move|p2a: Victini|Blue Flare|p1a: Genesect","|-supereffective|p1a: Genesect","|-damage|p1a: Genesect|0 fnt","|faint|p1a: Genesect","|","|","|switch|p1a: Pinsir|Pinsir-Mega, F|278/333","|-damage|p1a: Pinsir|112/333|[from] Stealth Rock","|turn|11","|","|switch|p2a: Mew|Mew|379/404","|move|p1a: Pinsir|Quick Attack|p2a: Mew","|-damage|p2a: Mew|258/404","|","|-heal|p2a: Mew|283/404|[from] item: Leftovers","|turn|12","|","|switch|p1a: Vespiquen|Vespiquen, F|343/343","|-damage|p1a: Vespiquen|172/343|[from] Stealth Rock","|-ability|p1a: Vespiquen|Pressure","|move|p2a: Mew|Will-O-Wisp|p1a: Vespiquen|[miss]","|-miss|p2a: Mew|p1a: Vespiquen","|","|-heal|p2a: Mew|308/404|[from] item: Leftovers","|turn|13","|","|move|p2a: Mew|Will-O-Wisp|p1a: Vespiquen","|-status|p1a: Vespiquen|brn","|move|p1a: Vespiquen|Infestation|p2a: Mew","|-supereffective|p2a: Mew","|-damage|p2a: Mew|276/404","|-activate|p2a: Mew|move: Infestation|[of] p1a: Vespiquen","|","|-heal|p2a: Mew|301/404|[from] item: Leftovers","|-damage|p1a: Vespiquen|130/343 brn|[from] brn","|-damage|p2a: Mew|251/404|[from] move: Infestation|[partiallytrapped]","|turn|14","|","|move|p2a: Mew|Roost|p2a: Mew","|-heal|p2a: Mew|404/404","|move|p1a: Vespiquen|Roost|p1a: Vespiquen","|-heal|p1a: Vespiquen|302/343 brn","|","|-damage|p1a: Vespiquen|260/343 brn|[from] brn","|-damage|p2a: Mew|354/404|[from] move: Infestation|[partiallytrapped]","|turn|15","|","|move|p2a: Mew|Roost|p2a: Mew","|-heal|p2a: Mew|404/404","|move|p1a: Vespiquen|Mud-Slap|p2a: Mew","|-damage|p2a: Mew|393/404","|-unboost|p2a: Mew|accuracy|1","|","|-heal|p2a: Mew|404/404|[from] item: Leftovers","|-damage|p1a: Vespiquen|218/343 brn|[from] brn","|-damage|p2a: Mew|354/404|[from] move: Infestation|[partiallytrapped]","|turn|16","|","|move|p2a: Mew|Roost|p2a: Mew","|-heal|p2a: Mew|404/404","|move|p1a: Vespiquen|Defend Order|p1a: Vespiquen","|-boost|p1a: Vespiquen|def|1","|-boost|p1a: Vespiquen|spd|1","|","|-damage|p1a: Vespiquen|176/343 brn|[from] brn","|-damage|p2a: Mew|354/404|[from] move: Infestation|[partiallytrapped]","|turn|17","|","|move|p2a: Mew|Roost|p2a: Mew","|-heal|p2a: Mew|404/404","|move|p1a: Vespiquen|Roost|p1a: Vespiquen","|-heal|p1a: Vespiquen|343/343 brn","|","|-damage|p1a: Vespiquen|301/343 brn|[from] brn","|-end|p2a: Mew|Infestation|[partiallytrapped]","|turn|18","|","|switch|p2a: Gardevoir|Gardevoir, F|277/277","|-ability|p2a: Gardevoir|Pressure|[from] ability: Trace|[of] p1a: Vespiquen","|-ability|p2a: Gardevoir|Pressure","|move|p1a: Vespiquen|Defend Order|p1a: Vespiquen","|-boost|p1a: Vespiquen|def|1","|-boost|p1a: Vespiquen|spd|1","|","|-damage|p1a: Vespiquen|259/343 brn|[from] brn","|turn|19","|","|detailschange|p2a: Gardevoir|Gardevoir-Mega, F","|-mega|p2a: Gardevoir|Gardevoir|Gardevoirite","|move|p2a: Gardevoir|Substitute|p2a: Gardevoir","|-start|p2a: Gardevoir|Substitute","|-damage|p2a: Gardevoir|208/277","|move|p1a: Vespiquen|Infestation|p2a: Gardevoir","|-activate|p2a: Gardevoir|Substitute|[damage]","|","|-damage|p1a: Vespiquen|217/343 brn|[from] brn","|turn|20","|","|move|p2a: Gardevoir|Hyper Voice|p1a: Vespiquen","|-damage|p1a: Vespiquen|130/343 brn","|move|p1a: Vespiquen|Mud-Slap|p2a: Gardevoir","|-activate|p2a: Gardevoir|Substitute|[damage]","|","|-damage|p1a: Vespiquen|88/343 brn|[from] brn","|turn|21","|","|move|p2a: Gardevoir|Hyper Voice|p1a: Vespiquen","|-damage|p1a: Vespiquen|0 fnt","|faint|p1a: Vespiquen","|","|","|switch|p1a: Heracross|Heracross, F|301/301","|-damage|p1a: Heracross|264/301|[from] Stealth Rock","|turn|22","|","|move|p1a: Heracross|Megahorn|p2a: Gardevoir","|-crit|p2a: Gardevoir","|-end|p2a: Gardevoir|Substitute","|move|p2a: Gardevoir|Hyper Voice|p1a: Heracross","|-supereffective|p1a: Heracross","|-damage|p1a: Heracross|0 fnt","|faint|p1a: Heracross","|","|","|switch|p1a: Pinsir|Pinsir-Mega, F|112/333","|-damage|p1a: Pinsir|0 fnt|[from] Stealth Rock","|faint|p1a: Pinsir","|","|win|Sereana"],"p1rating":{"entryid":"6481865","serverid":"eos","formatid":"monotype","userid":"lightofaknowing","username":"Light-Of-A-Knowing","w":"138","l":172,"t":"0","gxe":44.8,"r":"1451.3018967187","rd":"31.685917602531","sigma":"0","rptime":"1439802000","rpr":1460.497389677,"rprd":31.027445416323,"rpsigma":"0","acre":1244.3217229059,"lacre":1244.3217229059,"oldacre":"1274.6372864538"},"p2rating":{"entryid":"7004134","serverid":"eos","formatid":"monotype","userid":"sereana","username":"Sereana","w":12,"l":"7","t":"0","gxe":59.5,"r":"1563.8319388626","rd":"74.24074477102","sigma":"0","rptime":"1439802000","rpr":1574.2724937921,"rprd":72.770520605304,"rpsigma":"0","acre":1229.9357859705,"lacre":1229.9357859705,"oldacre":"1199.6202224226"},"endType":"normal"}