{"seed":[65158,52961,4408,18407],"turns":21,"p1":"Apex✦ Warmachine","p2":"Crystal Umaan","p1team":[{"name":"Darmanitan","species":"Darmanitan","item":"lifeorb","ability":"Sheer Force","moves":["flareblitz","uturn","superpower","rockslide"],"nature":"Jolly","evs":{"hp":0,"atk":252,"def":0,"spa":0,"spd":4,"spe":252},"ivs":{"hp":31,"atk":31,"def":31,"spa":31,"spd":31,"spe":31}},{"name":"Entei","species":"Entei","item":"choicescarf","ability":"Pressure","moves":["sacredfire","extremespeed","ironhead","stoneedge"],"nature":"Adamant","evs":{"hp":0,"atk":252,"def":0,"spa":0,"spd":4,"spe":252},"shiny":true,"ivs":{"hp":31,"atk":31,"def":31,"spa":31,"spd":31,"spe":31}},{"name":"Charizard","species":"Charizard","item":"charizarditey","ability":"Blaze","moves":["flamethrower","airslash","solarbeam","ancientpower"],"nature":"Timid","evs":{"hp":0,"atk":0,"def":0,"spa":252,"spd":4,"spe":252},"ivs":{"hp":31,"atk":31,"def":31,"spa":31,"spd":31,"spe":31}},{"name":"Heatran","species":"Heatran","item":"airballoon","ability":"Flash Fire","moves":["flamethrower","earthpower","flashcannon","substitute"],"nature":"Timid","evs":{"hp":0,"atk":0,"def":0,"spa":252,"spd":4,"spe":252},"ivs":{"hp":31,"atk":31,"def":31,"spa":31,"spd":31,"spe":31}},{"name":"Volcarona","species":"Volcarona","item":"airballoon","ability":"Flame Body","moves":["quiverdance","fierydance","bugbuzz","tailwind"],"nature":"Timid","evs":{"hp":0,"atk":0,"def":0,"spa":252,"spd":4,"spe":252},"ivs":{"hp":31,"atk":31,"def":31,"spa":31,"spd":31,"spe":31}},{"name":"Moltres","species":"Moltres","item":"leftovers","ability":"Pressure","moves":["defog","willowisp","flamethrower","hurricane"],"nature":"Timid","evs":{"hp":0,"atk":0,"def":0,"spa":252,"spd":4,"spe":252},"ivs":{"hp":31,"atk":31,"def":31,"spa":31,"spd":31,"spe":31}}],"p2team":[{"name":"Assumarill","species":"azumarill","item":"assaultvest","ability":"Huge Power","moves":["aquajet","waterfall","playrough","knockoff"],"nature":"Adamant","evs":{"hp":248,"atk":252,"def":0,"spa":0,"spd":8,"spe":0},"gender":"F","ivs":{"hp":31,"atk":31,"def":31,"spa":31,"spd":31,"spe":31}},{"name":"Typhoon","species":"gyarados","item":"gyaradosite","ability":"Intimidate","moves":["dragondance","crunch","waterfall","earthquake"],"nature":"Adamant","evs":{"hp":0,"atk":252,"def":0,"spa":0,"spd":4,"spe":252},"gender":"F","ivs":{"hp":31,"atk":31,"def":31,"spa":31,"spd":31,"spe":31}},{"name":"Moyster","species":"cloyster","item":"assaultvest","ability":"Skill Link","moves":["iciclespear","rockblast","spikecannon","toxicspikes"],"nature":"Adamant","evs":{"hp":248,"atk":252,"def":0,"spa":0,"spd":8,"spe":0},"gender":"F","ivs":{"hp":31,"atk":31,"def":31,"spa":31,"spd":31,"spe":31}},{"name":"Chaos Washer","species":"rotomwash","item":"chestoberry","ability":"Levitate","moves":["voltswitch","hydropump","willowisp","rest"],"nature":"Bold","evs":{"hp":248,"atk":0,"def":252,"spa":0,"spd":0,"spe":8},"ivs":{"hp":31,"atk":31,"def":31,"spa":31,"spd":31,"spe":31}},{"name":"Pudding","species":"feraligatr","item":"lifeorb","ability":"Sheer Force","moves":["dragondance","waterfall","crunch","icepunch"],"nature":"Adamant","evs":{"hp":0,"atk":252,"def":0,"spa":0,"spd":4,"spe":252},"gender":"M","ivs":{"hp":31,"atk":31,"def":31,"spa":31,"spd":31,"spe":31}},{"name":"Master Akuji","species":"tentacruel","item":"airballoon","ability":"Liquid Ooze","moves":["toxicspikes","rapidspin","confuseray","haze"],"nature":"","gender":"M","evs":{"hp":0,"atk":0,"def":0,"spa":0,"spd":0,"spe":0},"ivs":{"hp":31,"atk":31,"def":31,"spa":31,"spd":31,"spe":31}}],"log":["|player|p1|Apex✦ Warmachine|293","|player|p2|Crystal Umaan|105","|gametype|singles","|gen|6","|tier|Monotype","|rated","|rule|Baton Pass Clause: Limit one Baton Passer, can't pass Spe and other stats simultaneously","|rule|Swagger Clause: Swagger is banned","|rule|Same Type Clause: Pokémon in a team must share a type","|clearpoke","|poke|p1|Darmanitan, M","|poke|p1|Entei, shiny","|poke|p1|Charizard, M","|poke|p1|Heatran, F","|poke|p1|Volcarona, M","|poke|p1|Moltres","|poke|p2|Azumarill, F","|poke|p2|Gyarados, F","|poke|p2|Cloyster, F","|poke|p2|Rotom-Wash","|poke|p2|Feraligatr, M","|poke|p2|Tentacruel, M","|rule|Sleep Clause Mod: Limit one foe put to sleep","|rule|Species Clause: Limit one of each Pokémon","|rule|OHKO Clause: OHKO moves are banned","|rule|Moody Clause: Moody is banned","|rule|Evasion Moves Clause: Evasion moves are banned","|rule|Endless Battle Clause: Forcing endless battles is banned","|rule|HP Percentage Mod: HP is shown in percentages","|teampreview","|","|start","|switch|p1a: Charizard|Charizard, M|297/297","|switch|p2a: Master Akuji|Tentacruel, M|301/301","|-item|p2a: Master Akuji|Air Balloon","|turn|1","|","|detailschange|p1a: Charizard|Charizard-Mega-Y, M","|-mega|p1a: Charizard|Charizard|Charizardite Y","|-weather|SunnyDay","|move|p1a: Charizard|Ancient Power|p2a: Master Akuji","|-crit|p2a: Master Akuji","|-damage|p2a: Master Akuji|199/301","|-enditem|p2a: Master Akuji|Air Balloon","|move|p2a: Master Akuji|Confuse Ray|p1a: Charizard","|-start|p1a: Charizard|confusion","|","|-weather|SunnyDay|[upkeep]","|turn|2","|","|switch|p1a: Moltres|Moltres|321/321","|-ability|p1a: Moltres|Pressure","|move|p2a: Master Akuji|Toxic Spikes|p1a: Moltres","|-sidestart|p1: Apex✦ Warmachine|move: Toxic Spikes","|","|-weather|SunnyDay|[upkeep]","|turn|3","|","|move|p1a: Moltres|Hurricane|p2a: Master Akuji","|-damage|p2a: Master Akuji|22/301","|move|p2a: Master Akuji|Confuse Ray|p1a: Moltres","|-start|p1a: Moltres|confusion","|","|-weather|SunnyDay|[upkeep]","|turn|4","|","|-activate|p1a: Moltres|confusion","|-damage|p1a: Moltres|288/321|[from] confusion","|move|p2a: Master Akuji|Toxic Spikes|p1a: Moltres","|-sidestart|p1: Apex✦ Warmachine|move: Toxic Spikes","|","|-weather|SunnyDay|[upkeep]","|-heal|p1a: Moltres|308/321|[from] item: Leftovers","|turn|5","|","|-activate|p1a: Moltres|confusion","|move|p1a: Moltres|Flamethrower|p2a: Master Akuji","|-resisted|p2a: Master Akuji","|-damage|p2a: Master Akuji|0 fnt","|faint|p2a: Master Akuji","|","|-weather|none","|-heal|p1a: Moltres|321/321|[from] item: Leftovers","|","|switch|p2a: Pudding|Feraligatr, M|311/311","|turn|6","|","|-activate|p1a: Moltres|confusion","|move|p1a: Moltres|Will-O-Wisp|p2a: Pudding","|-status|p2a: Pudding|brn","|move|p2a: Pudding|Dragon Dance|p2a: Pudding","|-boost|p2a: Pudding|atk|1","|-boost|p2a: Pudding|spe|1","|","|-damage|p2a: Pudding|273/311 brn|[from] brn","|turn|7","|","|move|p2a: Pudding|Dragon Dance|p2a: Pudding","|-boost|p2a: Pudding|atk|1","|-boost|p2a: Pudding|spe|1","|-end|p1a: Moltres|confusion","|move|p1a: Moltres|Defog|p2a: Pudding","|-unboost|p2a: Pudding|evasion|1","|-sideend|p1: Apex✦ Warmachine|Toxic Spikes|[from] move: Defog|[of] p1a: Moltres","|","|-damage|p2a: Pudding|235/311 brn|[from] brn","|turn|8","|","|move|p2a: Pudding|Dragon Dance|p2a: Pudding","|-boost|p2a: Pudding|atk|1","|-boost|p2a: Pudding|spe|1","|move|p1a: Moltres|Hurricane|p2a: Pudding","|-damage|p2a: Pudding|15/311 brn","|","|-damage|p2a: Pudding|0 fnt|[from] brn","|faint|p2a: Pudding","|","|switch|p2a: Moyster|Cloyster, F|303/303","|turn|9","|","|move|p1a: Moltres|Will-O-Wisp|p2a: Moyster","|-status|p2a: Moyster|brn","|move|p2a: Moyster|Rock Blast|p1a: Moltres","|-supereffective|p1a: Moltres","|-damage|p1a: Moltres|261/321","|-supereffective|p1a: Moltres","|-damage|p1a: Moltres|207/321","|-supereffective|p1a: Moltres","|-damage|p1a: Moltres|143/321","|-supereffective|p1a: Moltres","|-damage|p1a: Moltres|83/321","|-supereffective|p1a: Moltres","|-damage|p1a: Moltres|23/321","|-hitcount|p1a: Moltres|5","|","|-heal|p1a: Moltres|43/321|[from] item: Leftovers","|-damage|p2a: Moyster|266/303 brn|[from] brn","|turn|10","|","|move|p1a: Moltres|Flamethrower|p2a: Moyster","|-crit|p2a: Moyster","|-damage|p2a: Moyster|0 fnt","|faint|p2a: Moyster","|","|-heal|p1a: Moltres|63/321|[from] item: Leftovers","|","|switch|p2a: Typhoon|Gyarados, F|331/331","|-ability|p2a: Typhoon|Intimidate","|-unboost|p1a: Moltres|atk|1","|turn|11","|","|detailschange|p2a: Typhoon|Gyarados-Mega, F","|-mega|p2a: Typhoon|Gyarados|Gyaradosite","|-ability|p2a: Typhoon|Mold Breaker","|move|p1a: Moltres|Will-O-Wisp|p2a: Typhoon","|-status|p2a: Typhoon|brn","|move|p2a: Typhoon|Waterfall|p1a: Moltres","|-crit|p1a: Moltres","|-supereffective|p1a: Moltres","|-damage|p1a: Moltres|0 fnt","|faint|p1a: Moltres","|","|-damage|p2a: Typhoon|290/331 brn|[from] brn","|","|switch|p1a: Darmanitan|Darmanitan, M|351/351","|turn|12","|","|move|p1a: Darmanitan|U-turn|p2a: Typhoon","|-supereffective|p2a: Typhoon","|-damage|p2a: Typhoon|92/331 brn","|-damage|p1a: Darmanitan|316/351|[from] item: Life Orb","|","|switch|p1a: Entei|Entei, shiny|371/371","|-ability|p1a: Entei|Pressure","|move|p2a: Typhoon|Dragon Dance|p2a: Typhoon","|-boost|p2a: Typhoon|atk|1","|-boost|p2a: Typhoon|spe|1","|","|-damage|p2a: Typhoon|51/331 brn|[from] brn","|turn|13","|","|move|p1a: Entei|Extreme Speed|p2a: Typhoon","|-damage|p2a: Typhoon|0 fnt","|faint|p2a: Typhoon","|","|","|switch|p2a: Assumarill|Azumarill, F|403/403","|turn|14","|","|move|p1a: Entei|Extreme Speed|p2a: Assumarill","|-damage|p2a: Assumarill|283/403","|move|p2a: Assumarill|Waterfall|p1a: Entei","|-supereffective|p1a: Entei","|-damage|p1a: Entei|0 fnt","|faint|p1a: Entei","|","|","|switch|p1a: Charizard|Charizard-Mega-Y, M|297/297","|-weather|SunnyDay","|turn|15","|","|switch|p1a: Heatran|Heatran, F|323/323","|-item|p1a: Heatran|Air Balloon","|move|p2a: Assumarill|Aqua Jet|p1a: Heatran","|-supereffective|p1a: Heatran","|-damage|p1a: Heatran|233/323","|-enditem|p1a: Heatran|Air Balloon","|","|-weather|SunnyDay|[upkeep]","|turn|16","|","|move|p1a: Heatran|Flash Cannon|p2a: Assumarill","|-damage|p2a: Assumarill|159/403","|move|p2a: Assumarill|Waterfall|p1a: Heatran","|-supereffective|p1a: Heatran","|-damage|p1a: Heatran|81/323","|","|-weather|SunnyDay|[upkeep]","|turn|17","|","|move|p2a: Assumarill|Aqua Jet|p1a: Heatran","|-supereffective|p1a: Heatran","|-damage|p1a: Heatran|1/323","|move|p1a: Heatran|Flamethrower|p2a: Assumarill","|-resisted|p2a: Assumarill","|-damage|p2a: Assumarill|59/403","|-status|p2a: Assumarill|brn","|","|-weather|SunnyDay|[upkeep]","|-damage|p2a: Assumarill|9/403 brn|[from] brn","|turn|18","|","|move|p2a: Assumarill|Aqua Jet|p1a: Heatran","|-supereffective|p1a: Heatran","|-damage|p1a: Heatran|0 fnt","|faint|p1a: Heatran","|","|-weather|SunnyDay|[upkeep]","|-damage|p2a: Assumarill|0 fnt|[from] brn","|faint|p2a: Assumarill","|","|switch|p1a: Volcarona|Volcarona, M|311/311","|switch|p2a: Chaos Washer|Rotom-Wash|303/303","|-item|p1a: Volcarona|Air Balloon","|turn|19","|","|move|p1a: Volcarona|Tailwind|p1a: Volcarona","|-sidestart|p1: Apex✦ Warmachine|move: Tailwind","|move|p2a: Chaos Washer|Hydro Pump|p1a: Volcarona","|-supereffective|p1a: Volcarona","|-damage|p1a: Volcarona|173/311","|-enditem|p1a: Volcarona|Air Balloon","|","|-weather|none","|turn|20","|","|move|p1a: Volcarona|Bug Buzz|p2a: Chaos Washer","|-damage|p2a: Chaos Washer|152/303","|move|p2a: Chaos Washer|Hydro Pump|p1a: Volcarona","|-supereffective|p1a: Volcarona","|-damage|p1a: Volcarona|0 fnt","|faint|p1a: Volcarona","|","|","|switch|p1a: Charizard|Charizard-Mega-Y, M|297/297","|-weather|SunnyDay","|turn|21","|","|move|p1a: Charizard|Solar Beam|p2a: Chaos Washer|[still]","|-prepare|p1a: Charizard|Solar Beam|p2a: Chaos Washer","|-anim|p1a: Charizard|Solar Beam|p2a: Chaos Washer","|-supereffective|p2a: Chaos Washer","|-damage|p2a: Chaos Washer|0 fnt","|faint|p2a: Chaos Washer","|","|win|Apex✦ Warmachine"],"p1rating":{"entryid":"1756","serverid":"eos","formatid":"monotype","userid":"apexwarmachine","username":"Apex✦ Warmachine","w":8,"l":"2","t":"0","gxe":65.3,"r":"1500","rd":"130","sigma":"0","rptime":"1439802000","rpr":1622.834875048,"rprd":87.718172560117,"rpsigma":"0","acre":1165.9054551778,"lacre":1165.9054551778,"oldacre":"1148.4661748674"},"p2rating":{"entryid":"3483","serverid":"eos","formatid":"monotype","userid":"crystalumaan","username":"Crystal Umaan","w":"1","l":3,"t":"0","gxe":42.3,"r":"1500","rd":"130","sigma":"0","rptime":"1439802000","rpr":1439.1765093242,"rprd":106.91164920561,"rpsigma":"0","acre":1028.8388606014,"lacre":1028.8388606014,"oldacre":"1040"},"endType":"normal"}