{"seed":[46272,56931,60136,38889],"turns":25,"p1":"Imp❇ Jk","p2":"Topaz~Pikel","p1team":[{"name":"Cobalion","species":"Cobalion","item":"leftovers","ability":"Justified","moves":["thunderwave","ironhead","stealthrock","taunt"],"nature":"Impish","evs":{"hp":252,"atk":4,"def":252,"spa":0,"spd":0,"spe":0},"ivs":{"hp":31,"atk":31,"def":31,"spa":31,"spd":31,"spe":31}},{"name":"Scrafty","species":"Scrafty","item":"leftovers","ability":"Shed Skin","moves":["icepunch","crunch","drainpunch","bulkup"],"nature":"Careful","evs":{"hp":252,"atk":4,"def":0,"spa":0,"spd":252,"spe":0},"ivs":{"hp":31,"atk":31,"def":31,"spa":31,"spd":31,"spe":31}},{"name":"Hitmontop","species":"Hitmontop","item":"assaultvest","ability":"Intimidate","moves":["endeavor","seismictoss","suckerpunch","rapidspin"],"nature":"Impish","evs":{"hp":252,"atk":0,"def":64,"spa":0,"spd":192,"spe":0},"ivs":{"hp":31,"atk":31,"def":31,"spa":31,"spd":31,"spe":31}},{"name":"Infernape","species":"Infernape","item":"focussash","ability":"Blaze","moves":["flamethrower","vacuumwave","nastyplot","encore"],"nature":"Timid","evs":{"hp":0,"atk":0,"def":0,"spa":252,"spd":0,"spe":252},"ivs":{"hp":31,"atk":31,"def":31,"spa":31,"spd":31,"spe":31}},{"name":"Heracross","species":"Heracross","item":"heracronite","ability":"Moxie","moves":["bulletseed","pinmissile","rockblast","closecombat"],"nature":"Adamant","evs":{"hp":252,"atk":124,"def":132,"spa":0,"spd":0,"spe":0},"ivs":{"hp":31,"atk":31,"def":31,"spa":31,"spd":31,"spe":31}},{"name":"Terrakion","species":"Terrakion","item":"choicescarf","ability":"Justified","moves":["closecombat","stoneedge","earthquake","ironhead"],"nature":"Adamant","evs":{"hp":4,"atk":252,"def":0,"spa":0,"spd":0,"spe":252},"ivs":{"hp":31,"atk":31,"def":31,"spa":31,"spd":31,"spe":31}}],"p2team":[{"name":"Rekt","species":"medicham","item":"medichamite","ability":"Pure Power","moves":["highjumpkick","zenheadbutt","icepunch","fakeout"],"nature":"Jolly","evs":{"hp":0,"atk":252,"def":0,"spa":0,"spd":4,"spe":252},"ivs":{"hp":31,"atk":31,"def":31,"spa":31,"spd":31,"spe":31}},{"name":"DEG IS BAD","species":"hoopaunbound","item":"choicescarf","ability":"Magician","moves":["gunkshot","hyperspacefury","drainpunch","knockoff"],"nature":"Jolly","evs":{"hp":0,"atk":252,"def":0,"spa":0,"spd":4,"spe":252},"ivs":{"hp":31,"atk":31,"def":31,"spa":31,"spd":31,"spe":31}},{"name":"BarsForEons","species":"latios","item":"lifeorb","ability":"Levitate","moves":["dracometeor","psyshock","hiddenpowerfire","defog"],"nature":"Timid","evs":{"hp":0,"atk":0,"def":0,"spa":252,"spd":4,"spe":252},"ivs":{"hp":31,"atk":30,"def":31,"spa":30,"spd":31,"spe":30}},{"name":"VICTORY","species":"victini","item":"choiceband","ability":"Victory Star","moves":["vcreate","boltstrike","uturn","zenheadbutt"],"nature":"Jolly","evs":{"hp":0,"atk":252,"def":0,"spa":0,"spd":4,"spe":252},"ivs":{"hp":31,"atk":31,"def":31,"spa":31,"spd":31,"spe":31}},{"name":"Zarelette","species":"meloetta","item":"leftovers","ability":"Serene Grace","moves":["thunderwave","hypervoice","psyshock","focusblast"],"nature":"Calm","evs":{"hp":252,"atk":0,"def":0,"spa":0,"spd":160,"spe":96},"ivs":{"hp":31,"atk":31,"def":31,"spa":31,"spd":31,"spe":31}},{"name":"Wish Maker","species":"jirachi","item":"leftovers","ability":"Serene Grace","moves":["stealthrock","ironhead","wish","protect"],"nature":"Impish","evs":{"hp":252,"atk":0,"def":252,"spa":0,"spd":4,"spe":0},"ivs":{"hp":31,"atk":31,"def":31,"spa":31,"spd":31,"spe":31}}],"log":["|player|p1|Imp❇ Jk|93","|player|p2|Topaz~Pikel|164","|gametype|singles","|gen|6","|tier|Monotype","|rated","|rule|Baton Pass Clause: Limit one Baton Passer, can't pass Spe and other stats simultaneously","|rule|Swagger Clause: Swagger is banned","|rule|Same Type Clause: Pokémon in a team must share a type","|clearpoke","|poke|p1|Cobalion","|poke|p1|Scrafty, M","|poke|p1|Hitmontop, M","|poke|p1|Infernape, F","|poke|p1|Heracross, F","|poke|p1|Terrakion","|poke|p2|Medicham, F","|poke|p2|Hoopa-Unbound","|poke|p2|Latios, M","|poke|p2|Victini","|poke|p2|Meloetta","|poke|p2|Jirachi","|rule|Sleep Clause Mod: Limit one foe put to sleep","|rule|Species Clause: Limit one of each Pokémon","|rule|OHKO Clause: OHKO moves are banned","|rule|Moody Clause: Moody is banned","|rule|Evasion Moves Clause: Evasion moves are banned","|rule|Endless Battle Clause: Forcing endless battles is banned","|rule|HP Percentage Mod: HP is shown in percentages","|teampreview","|","|start","|switch|p1a: Terrakion|Terrakion|324/324","|switch|p2a: Rekt|Medicham, F|261/261","|turn|1","|","|switch|p1a: Hitmontop|Hitmontop, M|304/304","|-ability|p1a: Hitmontop|Intimidate","|-unboost|p2a: Rekt|atk|1","|detailschange|p2a: Rekt|Medicham-Mega, F","|-mega|p2a: Rekt|Medicham|Medichamite","|move|p2a: Rekt|Fake Out|p1a: Hitmontop","|-damage|p1a: Hitmontop|259/304","|","|turn|2","|","|move|p2a: Rekt|Zen Headbutt|p1a: Hitmontop|[miss]","|-miss|p2a: Rekt|p1a: Hitmontop","|move|p1a: Hitmontop|Endeavor|p2a: Rekt","|-damage|p2a: Rekt|259/261","|","|turn|3","|","|move|p2a: Rekt|Zen Headbutt|p1a: Hitmontop","|-supereffective|p1a: Hitmontop","|-damage|p1a: Hitmontop|0 fnt","|faint|p1a: Hitmontop","|","|","|switch|p1a: Cobalion|Cobalion|386/386","|turn|4","|","|move|p2a: Rekt|High Jump Kick|p1a: Cobalion|[miss]","|-miss|p2a: Rekt|p1a: Cobalion","|-damage|p2a: Rekt|129/261|[from] highjumpkick","|move|p1a: Cobalion|Thunder Wave|p2a: Rekt","|-status|p2a: Rekt|par","|","|turn|5","|","|move|p1a: Cobalion|Stealth Rock|p2a: Rekt","|-sidestart|p2: Topaz~Pikel|move: Stealth Rock","|move|p2a: Rekt|High Jump Kick|p1a: Cobalion","|-supereffective|p1a: Cobalion","|-damage|p1a: Cobalion|62/386","|","|-heal|p1a: Cobalion|86/386|[from] item: Leftovers","|turn|6","|","|move|p1a: Cobalion|Iron Head|p2a: Rekt","|-damage|p2a: Rekt|33/261 par","|move|p2a: Rekt|Zen Headbutt|p1a: Cobalion","|-damage|p1a: Cobalion|0 fnt","|faint|p1a: Cobalion","|","|","|switch|p1a: Heracross|Heracross, F|364/364","|turn|7","|","|detailschange|p1a: Heracross|Heracross-Mega, F","|-mega|p1a: Heracross|Heracross|Heracronite","|move|p1a: Heracross|Bullet Seed|p2a: Rekt","|-damage|p2a: Rekt|0 fnt","|-hitcount|p2a: Rekt|1","|faint|p2a: Rekt","|","|","|switch|p2a: BarsForEons|Latios, M|301/301","|-damage|p2a: BarsForEons|264/301|[from] Stealth Rock","|turn|8","|","|switch|p1a: Scrafty|Scrafty, M|334/334","|move|p2a: BarsForEons|Psyshock|p1a: Scrafty","|-immune|p1a: Scrafty|[msg]","|","|turn|9","|","|move|p2a: BarsForEons|Draco Meteor|p1a: Scrafty","|-damage|p1a: Scrafty|126/334","|-unboost|p2a: BarsForEons|spa|2","|-damage|p2a: BarsForEons|234/301|[from] item: Life Orb","|move|p1a: Scrafty|Bulk Up|p1a: Scrafty","|-boost|p1a: Scrafty|atk|1","|-boost|p1a: Scrafty|def|1","|","|-heal|p1a: Scrafty|146/334|[from] item: Leftovers","|turn|10","|","|switch|p2a: DEG IS BAD|Hoopa-Unbound|301/301","|-damage|p2a: DEG IS BAD|264/301|[from] Stealth Rock","|move|p1a: Scrafty|Crunch|p2a: DEG IS BAD","|-damage|p2a: DEG IS BAD|80/301","|-unboost|p2a: DEG IS BAD|def|1","|","|-heal|p1a: Scrafty|166/334|[from] item: Leftovers","|turn|11","|","|switch|p1a: Heracross|Heracross-Mega, F|364/364","|move|p2a: DEG IS BAD|Drain Punch|p1a: Heracross","|-resisted|p1a: Heracross","|-damage|p1a: Heracross|322/364","|-heal|p2a: DEG IS BAD|101/301|[from] drain|[of] p1a: Heracross","|","|turn|12","|","|move|p2a: DEG IS BAD|Drain Punch|p1a: Heracross","|-resisted|p1a: Heracross","|-damage|p1a: Heracross|279/364","|-heal|p2a: DEG IS BAD|123/301|[from] drain|[of] p1a: Heracross","|move|p1a: Heracross|Pin Missile|p2a: DEG IS BAD","|-supereffective|p2a: DEG IS BAD","|-damage|p2a: DEG IS BAD|0 fnt","|-hitcount|p2a: DEG IS BAD|1","|faint|p2a: DEG IS BAD","|","|","|switch|p2a: BarsForEons|Latios, M|234/301","|-damage|p2a: BarsForEons|197/301|[from] Stealth Rock","|turn|13","|","|move|p2a: BarsForEons|Psyshock|p1a: Heracross","|-supereffective|p1a: Heracross","|-damage|p1a: Heracross|11/364","|-damage|p2a: BarsForEons|167/301|[from] item: Life Orb","|move|p1a: Heracross|Pin Missile|p2a: BarsForEons","|-supereffective|p2a: BarsForEons","|-damage|p2a: BarsForEons|29/301","|-supereffective|p2a: BarsForEons","|-damage|p2a: BarsForEons|0 fnt","|-hitcount|p2a: BarsForEons|2","|faint|p2a: BarsForEons","|","|","|switch|p2a: VICTORY|Victini|341/341","|-damage|p2a: VICTORY|256/341|[from] Stealth Rock","|turn|14","|","|move|p2a: VICTORY|U-turn|p1a: Heracross","|-resisted|p1a: Heracross","|-damage|p1a: Heracross|0 fnt","|faint|p1a: Heracross","|","|switch|p2a: Zarelette|Meloetta|404/404","|-damage|p2a: Zarelette|354/404|[from] Stealth Rock","|","|-heal|p2a: Zarelette|379/404|[from] item: Leftovers","|","|switch|p1a: Scrafty|Scrafty, M|166/334","|turn|15","|","|move|p2a: Zarelette|Focus Blast|p1a: Scrafty","|-supereffective|p1a: Scrafty","|-damage|p1a: Scrafty|2/334","|move|p1a: Scrafty|Crunch|p2a: Zarelette","|-supereffective|p2a: Zarelette","|-damage|p2a: Zarelette|149/404","|","|-heal|p2a: Zarelette|174/404|[from] item: Leftovers","|-heal|p1a: Scrafty|22/334|[from] item: Leftovers","|turn|16","|","|move|p2a: Zarelette|Hyper Voice|p1a: Scrafty","|-damage|p1a: Scrafty|0 fnt","|faint|p1a: Scrafty","|","|-heal|p2a: Zarelette|199/404|[from] item: Leftovers","|","|switch|p1a: Infernape|Infernape, F|293/293","|turn|17","|","|move|p1a: Infernape|Flamethrower|p2a: Zarelette","|-damage|p2a: Zarelette|109/404","|move|p2a: Zarelette|Psyshock|p1a: Infernape","|-supereffective|p1a: Infernape","|-enditem|p1a: Infernape|Focus Sash","|-damage|p1a: Infernape|1/293","|","|-heal|p2a: Zarelette|134/404|[from] item: Leftovers","|turn|18","|","|move|p1a: Infernape|Flamethrower|p2a: Zarelette","|-damage|p2a: Zarelette|11/404","|move|p2a: Zarelette|Thunder Wave|p1a: Infernape","|-status|p1a: Infernape|par","|","|-heal|p2a: Zarelette|36/404|[from] item: Leftovers","|turn|19","|","|move|p1a: Infernape|Vacuum Wave|p2a: Zarelette","|-damage|p2a: Zarelette|0 fnt","|faint|p2a: Zarelette","|","|","|switch|p2a: Wish Maker|Jirachi|404/404","|-damage|p2a: Wish Maker|379/404|[from] Stealth Rock","|turn|20","|","|move|p1a: Infernape|Vacuum Wave|p2a: Wish Maker","|-damage|p2a: Wish Maker|315/404","|move|p2a: Wish Maker|Iron Head|p1a: Infernape","|-resisted|p1a: Infernape","|-damage|p1a: Infernape|0 fnt","|faint|p1a: Infernape","|","|-heal|p2a: Wish Maker|340/404|[from] item: Leftovers","|","|switch|p1a: Terrakion|Terrakion|324/324","|turn|21","|","|move|p1a: Terrakion|Earthquake|p2a: Wish Maker","|-supereffective|p2a: Wish Maker","|-damage|p2a: Wish Maker|164/404","|move|p2a: Wish Maker|Wish|p2a: Wish Maker","|","|-heal|p2a: Wish Maker|189/404|[from] item: Leftovers","|turn|22","|","|move|p2a: Wish Maker|Protect|p2a: Wish Maker","|-singleturn|p2a: Wish Maker|Protect","|move|p1a: Terrakion|Earthquake|p2a: Wish Maker","|-activate|p2a: Wish Maker|Protect","|","|-heal|p2a: Wish Maker|391/404|[from] move: Wish|[wisher] Wish Maker","|-heal|p2a: Wish Maker|404/404|[from] item: Leftovers","|turn|23","|","|move|p1a: Terrakion|Earthquake|p2a: Wish Maker","|-supereffective|p2a: Wish Maker","|-damage|p2a: Wish Maker|228/404","|move|p2a: Wish Maker|Wish|p2a: Wish Maker","|","|-heal|p2a: Wish Maker|253/404|[from] item: Leftovers","|turn|24","|","|move|p1a: Terrakion|Earthquake|p2a: Wish Maker","|-crit|p2a: Wish Maker","|-supereffective|p2a: Wish Maker","|-damage|p2a: Wish Maker|0 fnt","|faint|p2a: Wish Maker","|","|","|switch|p2a: VICTORY|Victini|256/341","|-damage|p2a: VICTORY|171/341|[from] Stealth Rock","|turn|25","|","|move|p1a: Terrakion|Earthquake|p2a: VICTORY","|-supereffective|p2a: VICTORY","|-damage|p2a: VICTORY|0 fnt","|faint|p2a: VICTORY","|","|win|Imp❇ Jk"],"p1rating":{"entryid":"7537159","serverid":"eos","formatid":"monotype","userid":"impjk","username":"Imp❇ Jk","w":14,"l":"17","t":"0","gxe":44.4,"r":"1440.7132842412","rd":"65.290370195561","sigma":"0","rptime":"1439802000","rpr":1457.0207646743,"rprd":60.312812999738,"rpsigma":"0","acre":1116.0437864121,"lacre":1116.0437864121,"oldacre":"1081.1310228301"},"p2rating":{"entryid":"7419563","serverid":"eos","formatid":"monotype","userid":"topazpikel","username":"Topaz~Pikel","w":"19","l":11,"t":"0","gxe":62.6,"r":"1614.3592719644","rd":"65.272586849069","sigma":"0","rptime":"1439802000","rpr":1598.3937182865,"rprd":61.952110108814,"rpsigma":"0","acre":1140.1726727016,"lacre":1140.1726727016,"oldacre":"1171.5348078149"},"endType":"normal"}