{"seed":[9348,43308,22490,61125],"turns":38,"p1":"GTX♅Bzumzum","p2":"Carnie Apexin","p1team":[{"name":"Elec","species":"manectric","item":"manectite","ability":"Lightning Rod","moves":["thunderbolt","hiddenpowerice","mudslap","overheat"],"nature":"Timid","evs":{"hp":0,"atk":0,"def":0,"spa":252,"spd":4,"spe":252},"gender":"M","ivs":{"hp":31,"atk":30,"def":30,"spa":31,"spd":31,"spe":31}},{"name":"Breezer","species":"rotomfrost","item":"sitrusberry","ability":"Levitate","moves":["blizzard","painsplit","protect","willowisp"],"nature":"Bold","evs":{"hp":252,"atk":0,"def":28,"spa":228,"spd":0,"spe":0},"ivs":{"hp":31,"atk":31,"def":30,"spa":30,"spd":30,"spe":30},"shiny":true},{"name":"MY ZONE!!!","species":"magnezone","item":"choicespecs","ability":"Sturdy","moves":["hiddenpowerice","flashcannon","triattack","signalbeam"],"nature":"Modest","evs":{"hp":248,"atk":0,"def":0,"spa":252,"spd":8,"spe":0},"ivs":{"hp":31,"atk":30,"def":30,"spa":31,"spd":31,"spe":31},"shiny":true},{"name":"Thundurus","species":"Thundurus","item":"lifeorb","ability":"Prankster","moves":["grassknot","psychic","embargo","raindance"],"nature":"Timid","evs":{"hp":0,"atk":0,"def":4,"spa":252,"spd":0,"spe":252},"ivs":{"hp":31,"atk":30,"def":30,"spa":31,"spd":31,"spe":31},"shiny":true},{"name":"Zapz","species":"zapdos","item":"leftovers","ability":"Pressure","moves":["heatwave","roost","extrasensory","defog"],"nature":"Modest","evs":{"hp":252,"atk":0,"def":0,"spa":252,"spd":4,"spe":0},"shiny":true,"ivs":{"hp":31,"atk":31,"def":31,"spa":31,"spd":31,"spe":31}},{"name":"Plugg-in Failure","species":"electivire","item":"choicescarf","ability":"Vital Spirit","moves":["firepunch","earthquake","icepunch","rockslide"],"nature":"Jolly","evs":{"hp":0,"atk":252,"def":0,"spa":0,"spd":4,"spe":252},"gender":"M","shiny":true,"ivs":{"hp":31,"atk":31,"def":31,"spa":31,"spd":31,"spe":31}}],"p2team":[{"name":"Jewl","species":"diancie","item":"diancite","ability":"Clear Body","moves":["diamondstorm","moonblast","healbell","earthpower"],"nature":"Hasty","evs":{"hp":0,"atk":4,"def":0,"spa":252,"spd":0,"spe":252},"ivs":{"hp":31,"atk":31,"def":31,"spa":31,"spd":31,"spe":31}},{"name":"Bun Bun","species":"azumarill","item":"sitrusberry","ability":"Huge Power","moves":["aquajet","aquatail","bellydrum","playrough"],"nature":"Adamant","evs":{"hp":252,"atk":0,"def":252,"spa":0,"spd":0,"spe":0},"gender":"F","shiny":true,"ivs":{"hp":31,"atk":31,"def":31,"spa":31,"spd":31,"spe":31}},{"name":"cupid","species":"togekiss","item":"leftovers","ability":"Serene Grace","moves":["airslash","thunderwave","healbell","dazzlinggleam"],"nature":"Modest","evs":{"hp":0,"atk":0,"def":0,"spa":252,"spd":4,"spe":252},"gender":"F","ivs":{"hp":31,"atk":31,"def":31,"spa":31,"spd":31,"spe":31}},{"name":"Death","species":"sylveon","item":"weaknesspolicy","ability":"Pixilate","moves":["batonpass","hypervoice","calmmind","wish"],"nature":"Bold","evs":{"hp":200,"atk":0,"def":252,"spa":8,"spd":48,"spe":0},"ivs":{"hp":31,"atk":31,"def":31,"spa":31,"spd":31,"spe":31}},{"name":"KEY Player","species":"klefki","item":"lightclay","ability":"Prankster","moves":["lightscreen","reflect","thunderwave","playrough"],"nature":"Impish","evs":{"hp":248,"atk":8,"def":252,"spa":0,"spd":0,"spe":0},"gender":"M","shiny":true,"ivs":{"hp":31,"atk":31,"def":31,"spa":31,"spd":31,"spe":31}},{"name":"Aries","species":"whimsicott","item":"assaultvest","ability":"Infiltrator","moves":["hurricane","gigadrain","moonblast","knockoff"],"nature":"Naive","evs":{"hp":0,"atk":4,"def":0,"spa":252,"spd":0,"spe":252},"gender":"F","ivs":{"hp":31,"atk":31,"def":31,"spa":31,"spd":31,"spe":31}}],"log":["|player|p1|GTX♅Bzumzum|225","|player|p2|Carnie Apexin|92","|gametype|singles","|gen|6","|tier|Monotype","|rated","|rule|Baton Pass Clause: Limit one Baton Passer, can't pass Spe and other stats simultaneously","|rule|Swagger Clause: Swagger is banned","|rule|Same Type Clause: Pokémon in a team must share a type","|clearpoke","|poke|p1|Manectric, M","|poke|p1|Rotom-Frost, shiny","|poke|p1|Magnezone, shiny","|poke|p1|Thundurus, M, shiny","|poke|p1|Zapdos, shiny","|poke|p1|Electivire, M, shiny","|poke|p2|Diancie","|poke|p2|Azumarill, F, shiny","|poke|p2|Togekiss, F","|poke|p2|Sylveon, M","|poke|p2|Klefki, M, shiny","|poke|p2|Whimsicott, F","|rule|Sleep Clause Mod: Limit one foe put to sleep","|rule|Species Clause: Limit one of each Pokémon","|rule|OHKO Clause: OHKO moves are banned","|rule|Moody Clause: Moody is banned","|rule|Evasion Moves Clause: Evasion moves are banned","|rule|Endless Battle Clause: Forcing endless battles is banned","|rule|HP Percentage Mod: HP is shown in percentages","|teampreview","|","|start","|switch|p1a: Zapz|Zapdos, shiny|384/384","|switch|p2a: KEY Player|Klefki, M, shiny|317/317","|-ability|p1a: Zapz|Pressure","|turn|1","|","|move|p2a: KEY Player|Reflect|p2a: KEY Player","|-sidestart|p2: Carnie Apexin|Reflect","|move|p1a: Zapz|Heat Wave|p2a: KEY Player","|-miss|p1a: Zapz|p2a: KEY Player","|","|turn|2","|","|move|p2a: KEY Player|Light Screen|p2a: KEY Player","|-sidestart|p2: Carnie Apexin|move: Light Screen","|move|p1a: Zapz|Defog|p2a: KEY Player","|-unboost|p2a: KEY Player|evasion|1","|-sideend|p2: Carnie Apexin|Reflect","|-sideend|p2: Carnie Apexin|move: Light Screen","|","|turn|3","|","|move|p2a: KEY Player|Light Screen|p2a: KEY Player","|-sidestart|p2: Carnie Apexin|move: Light Screen","|move|p1a: Zapz|Heat Wave|p2a: KEY Player","|-supereffective|p2a: KEY Player","|-damage|p2a: KEY Player|173/317","|","|turn|4","|","|switch|p2a: Death|Sylveon, M|381/381","|move|p1a: Zapz|Defog|p2a: Death","|-unboost|p2a: Death|evasion|1","|-sideend|p2: Carnie Apexin|move: Light Screen","|","|turn|5","|","|move|p1a: Zapz|Extrasensory|p2a: Death","|-damage|p2a: Death|303/381","|cant|p2a: Death|flinch","|","|turn|6","|","|move|p1a: Zapz|Extrasensory|p2a: Death","|-damage|p2a: Death|230/381","|move|p2a: Death|Calm Mind|p2a: Death","|-boost|p2a: Death|spa|1","|-boost|p2a: Death|spd|1","|","|turn|7","|","|move|p1a: Zapz|Heat Wave|p2a: Death","|-damage|p2a: Death|163/381","|move|p2a: Death|Calm Mind|p2a: Death","|-boost|p2a: Death|spa|1","|-boost|p2a: Death|spd|1","|","|turn|8","|","|move|p1a: Zapz|Extrasensory|p2a: Death","|-damage|p2a: Death|122/381","|cant|p2a: Death|flinch","|","|turn|9","|","|move|p1a: Zapz|Extrasensory|p2a: Death","|-damage|p2a: Death|82/381","|move|p2a: Death|Wish|p2a: Death","|","|turn|10","|","|move|p1a: Zapz|Heat Wave|p2a: Death","|-damage|p2a: Death|39/381","|move|p2a: Death|Calm Mind|p2a: Death","|-boost|p2a: Death|spa|1","|-boost|p2a: Death|spd|1","|","|-heal|p2a: Death|229/381|[from] move: Wish|[wisher] Death","|turn|11","|","|move|p1a: Zapz|Heat Wave|p2a: Death","|-damage|p2a: Death|195/381","|move|p2a: Death|Calm Mind|p2a: Death","|-boost|p2a: Death|spa|1","|-boost|p2a: Death|spd|1","|","|turn|12","|","|switch|p1a: Plugg-in Failure|Electivire, M, shiny|291/291","|move|p2a: Death|Wish|p2a: Death","|","|turn|13","|","|move|p1a: Plugg-in Failure|Earthquake|p2a: Death","|-damage|p2a: Death|91/381","|move|p2a: Death|Calm Mind|p2a: Death","|-boost|p2a: Death|spa|1","|-boost|p2a: Death|spd|1","|","|-heal|p2a: Death|281/381|[from] move: Wish|[wisher] Death","|turn|14","|","|switch|p1a: MY ZONE!!!|Magnezone, shiny|343/343","|move|p2a: Death|Calm Mind|p2a: Death","|-boost|p2a: Death|spa|1","|-boost|p2a: Death|spd|1","|","|turn|15","|","|move|p2a: Death|Wish|p2a: Death","|move|p1a: MY ZONE!!!|Tri Attack|p2a: Death","|-damage|p2a: Death|250/381","|","|turn|16","|","|move|p1a: MY ZONE!!!|Tri Attack|p2a: Death","|-damage|p2a: Death|217/381","|move|p2a: Death|Baton Pass|p2a: Death","|","|switch|p2a: Jewl|Diancie|241/241","|","|turn|17","|","|switch|p1a: Breezer|Rotom-Frost, shiny|304/304","|detailschange|p2a: Jewl|Diancie-Mega","|-mega|p2a: Jewl|Diancie|Diancite","|move|p2a: Jewl|Earth Power|p1a: Breezer","|-immune|p1a: Breezer|[msg]","|","|turn|18","|","|move|p2a: Jewl|Diamond Storm|p1a: Breezer","|-supereffective|p1a: Breezer","|-damage|p1a: Breezer|20/304","|-boost|p2a: Jewl|def|1","|-enditem|p1a: Breezer|Sitrus Berry|[eat]","|-heal|p1a: Breezer|96/304|[from] item: Sitrus Berry","|move|p1a: Breezer|Blizzard|p2a: Jewl","|-damage|p2a: Jewl|204/241","|","|turn|19","|","|move|p1a: Breezer|Protect|p1a: Breezer","|-singleturn|p1a: Breezer|Protect","|move|p2a: Jewl|Diamond Storm|p1a: Breezer","|-activate|p1a: Breezer|Protect","|","|turn|20","|","|move|p2a: Jewl|Moonblast|p1a: Breezer","|-damage|p1a: Breezer|0 fnt","|faint|p1a: Breezer","|","|","|switch|p1a: Thundurus|Thundurus, M, shiny|299/299","|turn|21","|","|move|p1a: Thundurus|Grass Knot|p2a: Jewl","|-supereffective|p2a: Jewl","|-damage|p2a: Jewl|160/241","|-damage|p1a: Thundurus|270/299|[from] item: Life Orb","|move|p2a: Jewl|Diamond Storm|p1a: Thundurus","|-supereffective|p1a: Thundurus","|-damage|p1a: Thundurus|0 fnt","|-boost|p2a: Jewl|def|1","|faint|p1a: Thundurus","|","|","|switch|p1a: Elec|Manectric, M|281/281","|turn|22","|","|detailschange|p1a: Elec|Manectric-Mega, M","|-mega|p1a: Elec|Manectric|Manectite","|-ability|p1a: Elec|Intimidate","|-unboost|p2a: Jewl|atk|1","|move|p2a: Jewl|Earth Power|p1a: Elec","|-supereffective|p1a: Elec","|-damage|p1a: Elec|0 fnt","|faint|p1a: Elec","|","|","|switch|p1a: Plugg-in Failure|Electivire, M, shiny|291/291","|turn|23","|","|move|p1a: Plugg-in Failure|Ice Punch|p2a: Jewl","|-damage|p2a: Jewl|116/241","|move|p2a: Jewl|Diamond Storm|p1a: Plugg-in Failure","|-damage|p1a: Plugg-in Failure|119/291","|","|turn|24","|","|move|p1a: Plugg-in Failure|Ice Punch|p2a: Jewl","|-damage|p2a: Jewl|72/241","|move|p2a: Jewl|Diamond Storm|p1a: Plugg-in Failure","|-crit|p1a: Plugg-in Failure","|-damage|p1a: Plugg-in Failure|0 fnt","|faint|p1a: Plugg-in Failure","|","|","|switch|p1a: MY ZONE!!!|Magnezone, shiny|343/343","|turn|25","|","|move|p2a: Jewl|Earth Power|p1a: MY ZONE!!!","|-supereffective|p1a: MY ZONE!!!","|-ability|p1a: MY ZONE!!!|Sturdy","|-damage|p1a: MY ZONE!!!|1/343","|move|p1a: MY ZONE!!!|Flash Cannon|p2a: Jewl","|-supereffective|p2a: Jewl","|-damage|p2a: Jewl|0 fnt","|faint|p2a: Jewl","|","|","|switch|p2a: KEY Player|Klefki, M, shiny|173/317","|turn|26","|","|move|p2a: KEY Player|Light Screen|p2a: KEY Player","|-sidestart|p2: Carnie Apexin|move: Light Screen","|move|p1a: MY ZONE!!!|Flash Cannon|p2a: KEY Player","|-damage|p2a: KEY Player|45/317","|","|turn|27","|","|move|p2a: KEY Player|Reflect|p2a: KEY Player","|-sidestart|p2: Carnie Apexin|Reflect","|move|p1a: MY ZONE!!!|Flash Cannon|p2a: KEY Player","|-damage|p2a: KEY Player|0 fnt","|faint|p2a: KEY Player","|","|","|switch|p2a: Aries|Whimsicott, F|261/261","|turn|28","|","|move|p2a: Aries|Giga Drain|p1a: MY ZONE!!!","|-resisted|p1a: MY ZONE!!!","|-damage|p1a: MY ZONE!!!|0 fnt","|faint|p1a: MY ZONE!!!","|","|","|switch|p1a: Zapz|Zapdos, shiny|384/384","|-ability|p1a: Zapz|Pressure","|turn|29","|","|move|p2a: Aries|Knock Off|p1a: Zapz","|-damage|p1a: Zapz|325/384","|-enditem|p1a: Zapz|Leftovers|[from] move: Knock Off|[of] p2a: Aries","|move|p1a: Zapz|Extrasensory|p2a: Aries","|-damage|p2a: Aries|209/261","|","|turn|30","|","|move|p2a: Aries|Hurricane|p1a: Zapz","|-resisted|p1a: Zapz","|-damage|p1a: Zapz|274/384","|move|p1a: Zapz|Heat Wave|p2a: Aries","|-supereffective|p2a: Aries","|-damage|p2a: Aries|89/261","|","|turn|31","|","|move|p2a: Aries|Moonblast|p1a: Zapz","|-damage|p1a: Zapz|154/384","|-unboost|p1a: Zapz|spa|1","|move|p1a: Zapz|Heat Wave|p2a: Aries","|-supereffective|p2a: Aries","|-damage|p2a: Aries|12/261","|","|turn|32","|","|move|p2a: Aries|Hurricane|p1a: Zapz","|-resisted|p1a: Zapz","|-damage|p1a: Zapz|108/384","|move|p1a: Zapz|Defog|p2a: Aries","|-unboost|p2a: Aries|evasion|1","|-sideend|p2: Carnie Apexin|Reflect","|-sideend|p2: Carnie Apexin|move: Light Screen","|","|turn|33","|","|move|p2a: Aries|Knock Off|p1a: Zapz","|-crit|p1a: Zapz","|-damage|p1a: Zapz|44/384","|move|p1a: Zapz|Roost|p1a: Zapz","|-heal|p1a: Zapz|236/384","|","|turn|34","|","|move|p2a: Aries|Hurricane|p1a: Zapz","|-resisted|p1a: Zapz","|-damage|p1a: Zapz|188/384","|move|p1a: Zapz|Roost|p1a: Zapz","|-heal|p1a: Zapz|380/384","|","|turn|35","|","|move|p2a: Aries|Hurricane|p1a: Zapz|[miss]","|-miss|p2a: Aries|p1a: Zapz","|move|p1a: Zapz|Extrasensory|p2a: Aries","|-damage|p2a: Aries|0 fnt","|faint|p2a: Aries","|","|","|switch|p2a: Death|Sylveon, M|217/381","|turn|36","|","|move|p1a: Zapz|Extrasensory|p2a: Death","|-damage|p2a: Death|160/381","|move|p2a: Death|Calm Mind|p2a: Death","|-boost|p2a: Death|spa|1","|-boost|p2a: Death|spd|1","|","|turn|37","|","|move|p1a: Zapz|Extrasensory|p2a: Death","|-damage|p2a: Death|127/381","|move|p2a: Death|Hyper Voice|p1a: Zapz","|-damage|p1a: Zapz|121/384","|","|turn|38","|","|move|p1a: Zapz|Heat Wave|p2a: Death","|-damage|p2a: Death|87/381","|move|p2a: Death|Hyper Voice|p1a: Zapz","|-damage|p1a: Zapz|0 fnt","|faint|p1a: Zapz","|","|win|Carnie Apexin"],"p1rating":{"entryid":"6857825","serverid":"eos","formatid":"monotype","userid":"gtxbzumzum","username":"GTX♅Bzumzum","w":"41","l":136,"t":"0","gxe":23.6,"r":1279.8818645621,"rd":31.061966180633,"sigma":"0","rptime":1439802000,"rpr":1277.8640340879,"rprd":30.949264410728,"rpsigma":"0","acre":1013.6070695553,"lacre":1013.6070695553,"oldacre":"1025.8799140831"},"p2rating":{"entryid":"7057897","serverid":"eos","formatid":"monotype","userid":"carnieapexin","username":"Carnie Apexin","w":22,"l":"44","t":"1","gxe":34.2,"r":1370.3400010385,"rd":50.703957476918,"sigma":"0","rptime":1439802000,"rpr":1375.7562013931,"rprd":50.210051835352,"rpsigma":"0","acre":1092.9015566281,"lacre":1092.9015566281,"oldacre":"1066.3350570452"},"endType":"normal"}