{"seed":[60208,32983,46090,8630],"turns":18,"p1":"SWL Jyph","p2":"Factionless","p1team":[{"name":"Amoonguss","species":"Amoonguss","item":"blacksludge","ability":"Regenerator","moves":["spore","sludgebomb","gigadrain","synthesis"],"nature":"Bold","evs":{"hp":252,"atk":0,"def":252,"spa":0,"spd":4,"spe":0},"ivs":{"hp":31,"atk":31,"def":31,"spa":31,"spd":31,"spe":31}},{"name":"Nidoqueen","species":"Nidoqueen","item":"lifeorb","ability":"Sheer Force","moves":["stealthrock","earthpower","fireblast","icebeam"],"nature":"Modest","evs":{"hp":252,"atk":0,"def":0,"spa":252,"spd":4,"spe":0},"ivs":{"hp":31,"atk":31,"def":31,"spa":31,"spd":31,"spe":31}},{"name":"Tentacruel","species":"Tentacruel","item":"blacksludge","ability":"Liquid Ooze","moves":["haze","scald","rapidspin","gigadrain"],"nature":"Calm","evs":{"hp":252,"atk":0,"def":4,"spa":0,"spd":22,"spe":0},"ivs":{"hp":31,"atk":31,"def":31,"spa":31,"spd":31,"spe":31}},{"name":"Gengar","species":"Gengar","item":"lifeorb","ability":"Levitate","moves":["dazzlinggleam","shadowball","sludgewave","thunderbolt"],"nature":"Timid","evs":{"hp":0,"atk":0,"def":0,"spa":252,"spd":4,"spe":252},"ivs":{"hp":31,"atk":31,"def":31,"spa":31,"spd":31,"spe":31}},{"name":"Beedrill","species":"Beedrill","item":"beedrillite","ability":"Swarm","moves":["protect","drillrun","poisonjab","uturn"],"nature":"Jolly","evs":{"hp":0,"atk":252,"def":0,"spa":0,"spd":4,"spe":252},"ivs":{"hp":31,"atk":31,"def":31,"spa":31,"spd":31,"spe":31}},{"name":"Drapion","species":"Drapion","item":"assaultvest","ability":"Battle Armor","moves":["knockoff","pursuit","rockslide","earthquake"],"nature":"Adamant","evs":{"hp":248,"atk":200,"def":0,"spa":0,"spd":60,"spe":0},"ivs":{"hp":31,"atk":31,"def":31,"spa":31,"spd":31,"spe":31}}],"p2team":[{"name":"Victini","species":"Victini","item":"whiteherb","ability":"Victory Star","moves":["vcreate","boltstrike","taunt","psychic"],"nature":"Jolly","evs":{"hp":0,"atk":252,"def":0,"spa":0,"spd":4,"spe":252},"ivs":{"hp":31,"atk":31,"def":31,"spa":31,"spd":31,"spe":31}},{"name":"Entei","species":"Entei","item":"assaultvest","ability":"Pressure","moves":["sacredfire","extremespeed","stoneedge","ironhead"],"nature":"Adamant","evs":{"hp":6,"atk":252,"def":0,"spa":0,"spd":0,"spe":252},"shiny":true,"ivs":{"hp":31,"atk":31,"def":31,"spa":31,"spd":31,"spe":31}},{"name":"Charizard","species":"Charizard","item":"charizarditex","ability":"Blaze","moves":["dragondance","flareblitz","dragonclaw","earthquake"],"nature":"Jolly","evs":{"hp":132,"atk":124,"def":0,"spa":0,"spd":0,"spe":252},"gender":"M","ivs":{"hp":31,"atk":31,"def":31,"spa":31,"spd":31,"spe":31}},{"name":"Ninetales","species":"Ninetales","item":"heatrock","ability":"Drought","moves":["solarbeam","flamethrower","confuseray","willowisp"],"nature":"Calm","evs":{"hp":252,"atk":0,"def":4,"spa":0,"spd":252,"spe":0},"ivs":{"hp":31,"atk":31,"def":31,"spa":31,"spd":31,"spe":31}},{"name":"Pumba","species":"emboar","item":"assaultvest","ability":"Reckless","moves":["flareblitz","wildcharge","headsmash","superpower"],"nature":"Adamant","evs":{"hp":252,"atk":0,"def":252,"spa":0,"spd":4,"spe":0},"shiny":true,"ivs":{"hp":31,"atk":31,"def":31,"spa":31,"spd":31,"spe":31}},{"name":"Rotom-Heat","species":"Rotom-Heat","item":"whiteherb","ability":"Levitate","moves":["overheat","hiddenpowerwater","thunderbolt","thunderwave"],"nature":"Modest","evs":{"hp":0,"atk":0,"def":0,"spa":252,"spd":4,"spe":252},"ivs":{"hp":31,"atk":30,"def":30,"spa":30,"spd":31,"spe":31}}],"log":["|player|p1|SWL Jyph|swljyph.png","|player|p2|Factionless|87","|gametype|singles","|gen|6","|tier|Monotype","|rated","|rule|Baton Pass Clause: Limit one Baton Passer, can't pass Spe and other stats simultaneously","|rule|Swagger Clause: Swagger is banned","|rule|Same Type Clause: Pokémon in a team must share a type","|clearpoke","|poke|p1|Amoonguss, M","|poke|p1|Nidoqueen, F","|poke|p1|Tentacruel, F","|poke|p1|Gengar, F","|poke|p1|Beedrill, M","|poke|p1|Drapion, F","|poke|p2|Victini","|poke|p2|Entei, shiny","|poke|p2|Charizard, M","|poke|p2|Ninetales, F","|poke|p2|Emboar, M, shiny","|poke|p2|Rotom-Heat","|rule|Sleep Clause Mod: Limit one foe put to sleep","|rule|Species Clause: Limit one of each Pokémon","|rule|OHKO Clause: OHKO moves are banned","|rule|Moody Clause: Moody is banned","|rule|Evasion Moves Clause: Evasion moves are banned","|rule|Endless Battle Clause: Forcing endless battles is banned","|rule|HP Percentage Mod: HP is shown in percentages","|teampreview","|","|start","|switch|p1a: Nidoqueen|Nidoqueen, F|384/384","|switch|p2a: Ninetales|Ninetales, F|350/350","|-weather|SunnyDay","|turn|1","|","|switch|p2a: Charizard|Charizard, M|330/330","|move|p1a: Nidoqueen|Stealth Rock|p2a: Charizard","|-sidestart|p2: Factionless|move: Stealth Rock","|","|-weather|SunnyDay|[upkeep]","|turn|2","|","|detailschange|p2a: Charizard|Charizard-Mega-X, M","|-mega|p2a: Charizard|Charizard|Charizardite X","|move|p2a: Charizard|Earthquake|p1a: Nidoqueen","|-supereffective|p1a: Nidoqueen","|-damage|p1a: Nidoqueen|126/384","|move|p1a: Nidoqueen|Earth Power|p2a: Charizard","|-supereffective|p2a: Charizard","|-damage|p2a: Charizard|0 fnt","|faint|p2a: Charizard","|","|-weather|SunnyDay|[upkeep]","|","|switch|p2a: Rotom-Heat|Rotom-Heat|241/241","|-damage|p2a: Rotom-Heat|181/241|[from] Stealth Rock","|turn|3","|","|move|p2a: Rotom-Heat|Overheat|p1a: Nidoqueen","|-damage|p1a: Nidoqueen|0 fnt","|-unboost|p2a: Rotom-Heat|spa|2","|faint|p1a: Nidoqueen","|-enditem|p2a: Rotom-Heat|White Herb","|-restoreboost|p2a: Rotom-Heat|[silent]","|","|-weather|SunnyDay|[upkeep]","|","|switch|p1a: Drapion|Drapion, F|343/343","|turn|4","|","|move|p2a: Rotom-Heat|Overheat|p1a: Drapion","|-damage|p1a: Drapion|75/343","|-unboost|p2a: Rotom-Heat|spa|2","|move|p1a: Drapion|Rock Slide|p2a: Rotom-Heat","|-supereffective|p2a: Rotom-Heat","|-damage|p2a: Rotom-Heat|51/241","|","|-weather|SunnyDay|[upkeep]","|turn|5","|","|switch|p1a: Tentacruel|Tentacruel, F|364/364","|move|p2a: Rotom-Heat|Overheat|p1a: Tentacruel","|-resisted|p1a: Tentacruel","|-damage|p1a: Tentacruel|304/364","|-unboost|p2a: Rotom-Heat|spa|2","|","|-weather|SunnyDay|[upkeep]","|-heal|p1a: Tentacruel|326/364|[from] item: Black Sludge","|turn|6","|","|move|p2a: Rotom-Heat|Thunder Wave|p1a: Tentacruel","|-status|p1a: Tentacruel|par","|move|p1a: Tentacruel|Scald|p2a: Rotom-Heat","|-crit|p2a: Rotom-Heat","|-supereffective|p2a: Rotom-Heat","|-damage|p2a: Rotom-Heat|0 fnt","|faint|p2a: Rotom-Heat","|","|-weather|SunnyDay|[upkeep]","|-heal|p1a: Tentacruel|348/364 par|[from] item: Black Sludge","|","|switch|p2a: Pumba|Emboar, M, shiny|424/424","|-damage|p2a: Pumba|371/424|[from] Stealth Rock","|turn|7","|","|move|p2a: Pumba|Wild Charge|p1a: Tentacruel","|-supereffective|p1a: Tentacruel","|-damage|p1a: Tentacruel|40/364 par","|-damage|p2a: Pumba|294/424|[from] recoil|[of] p1a: Tentacruel","|cant|p1a: Tentacruel|par","|","|-weather|SunnyDay|[upkeep]","|-heal|p1a: Tentacruel|62/364 par|[from] item: Black Sludge","|turn|8","|","|move|p2a: Pumba|Flare Blitz|p1a: Tentacruel","|-resisted|p1a: Tentacruel","|-damage|p1a: Tentacruel|0 fnt","|-damage|p2a: Pumba|274/424|[from] recoil|[of] p1a: Tentacruel","|faint|p1a: Tentacruel","|","|-weather|none","|","|switch|p1a: Beedrill|Beedrill, M|271/271","|turn|9","|","|detailschange|p1a: Beedrill|Beedrill-Mega, M","|-mega|p1a: Beedrill|Beedrill|Beedrillite","|move|p1a: Beedrill|Poison Jab|p2a: Pumba","|-damage|p2a: Pumba|52/424","|move|p2a: Pumba|Flare Blitz|p1a: Beedrill","|-supereffective|p1a: Beedrill","|-damage|p1a: Beedrill|0 fnt","|-damage|p2a: Pumba|0 fnt|[from] recoil|[of] p1a: Beedrill","|faint|p1a: Beedrill","|faint|p2a: Pumba","|","|","|switch|p2a: Ninetales|Ninetales, F|350/350","|switch|p1a: Drapion|Drapion, F|75/343","|-damage|p2a: Ninetales|263/350|[from] Stealth Rock","|-weather|SunnyDay","|turn|10","|","|move|p2a: Ninetales|Flamethrower|p1a: Drapion","|-damage|p1a: Drapion|0 fnt","|faint|p1a: Drapion","|","|-weather|SunnyDay|[upkeep]","|","|switch|p1a: Gengar|Gengar, F|261/261","|turn|11","|","|move|p1a: Gengar|Sludge Wave|p2a: Ninetales","|-damage|p2a: Ninetales|115/350","|-damage|p1a: Gengar|235/261|[from] item: Life Orb","|move|p2a: Ninetales|Confuse Ray|p1a: Gengar","|-start|p1a: Gengar|confusion","|","|-weather|SunnyDay|[upkeep]","|turn|12","|","|switch|p1a: Amoonguss|Amoonguss, M|432/432","|move|p2a: Ninetales|Will-O-Wisp|p1a: Amoonguss","|-status|p1a: Amoonguss|brn","|","|-weather|SunnyDay|[upkeep]","|-damage|p1a: Amoonguss|378/432 brn|[from] brn","|turn|13","|","|move|p2a: Ninetales|Flamethrower|p1a: Amoonguss","|-supereffective|p1a: Amoonguss","|-damage|p1a: Amoonguss|84/432 brn","|move|p1a: Amoonguss|Spore|p2a: Ninetales","|-status|p2a: Ninetales|slp","|","|-weather|SunnyDay|[upkeep]","|-heal|p1a: Amoonguss|111/432 brn|[from] item: Black Sludge","|-damage|p1a: Amoonguss|57/432 brn|[from] brn","|turn|14","|","|switch|p2a: Entei|Entei, shiny|372/372","|-damage|p2a: Entei|279/372|[from] Stealth Rock","|-ability|p2a: Entei|Pressure","|switch|p1a: Gengar|Gengar, F|235/261","|","|-weather|SunnyDay|[upkeep]","|turn|15","|","|move|p1a: Gengar|Sludge Wave|p2a: Entei","|-crit|p2a: Entei","|-damage|p2a: Entei|0 fnt","|-damage|p1a: Gengar|209/261|[from] item: Life Orb","|faint|p2a: Entei","|","|-weather|SunnyDay|[upkeep]","|","|switch|p2a: Victini|Victini|341/341","|-damage|p2a: Victini|256/341|[from] Stealth Rock","|turn|16","|","|switch|p1a: Amoonguss|Amoonguss, M|201/432 brn","|move|p2a: Victini|V-create|p1a: Amoonguss","|-supereffective|p1a: Amoonguss","|-damage|p1a: Amoonguss|0 fnt","|-unboost|p2a: Victini|spe|1","|-unboost|p2a: Victini|def|1","|-unboost|p2a: Victini|spd|1","|faint|p1a: Amoonguss","|-enditem|p2a: Victini|White Herb","|-restoreboost|p2a: Victini|[silent]","|","|-weather|SunnyDay|[upkeep]","|","|switch|p1a: Gengar|Gengar, F|209/261","|turn|17","|","|switch|p2a: Ninetales|Ninetales, F|115/350 slp","|-damage|p2a: Ninetales|28/350 slp|[from] Stealth Rock","|move|p1a: Gengar|Shadow Ball|p2a: Ninetales","|-damage|p2a: Ninetales|0 fnt","|-damage|p1a: Gengar|183/261|[from] item: Life Orb","|faint|p2a: Ninetales","|","|-weather|none","|","|switch|p2a: Victini|Victini|256/341","|-damage|p2a: Victini|171/341|[from] Stealth Rock","|turn|18","|","|move|p1a: Gengar|Shadow Ball|p2a: Victini","|-supereffective|p2a: Victini","|-damage|p2a: Victini|0 fnt","|-damage|p1a: Gengar|157/261|[from] item: Life Orb","|faint|p2a: Victini","|","|win|SWL Jyph"],"p1rating":{"entryid":"7479706","serverid":"eos","formatid":"monotype","userid":"swljyph","username":"SWL Jyph","w":12,"l":"3","t":"0","gxe":67,"r":"1607.1389398832","rd":"83.957852518992","sigma":"0","rptime":"1439802000","rpr":1636.6342967231,"rprd":79.088924915678,"rpsigma":"0","acre":1223.040023197,"lacre":1223.040023197,"oldacre":"1204.2107206133"},"p2rating":{"entryid":"7495680","serverid":"eos","formatid":"monotype","userid":"factionless","username":"Factionless","w":"7","l":5,"t":"0","gxe":55.5,"r":"1544.6638280906","rd":"89.420852188348","sigma":"0","rptime":"1439802000","rpr":1542.6101063373,"rprd":84.555946368863,"rpsigma":"0","acre":1097.8165041099,"lacre":1097.8165041099,"oldacre":"1116.6458066936"},"endType":"normal"}