{"seed":[53858,7369,57810,54936],"turns":32,"p1":"Vin Prof Gortex","p2":"Guard Wanderer","p1team":[{"name":"Bisharp","species":"Bisharp","item":"leftovers","ability":"Defiant","moves":["swordsdance","knockoff","suckerpunch","lowkick"],"nature":"Jolly","evs":{"hp":0,"atk":252,"def":0,"spa":0,"spd":4,"spe":252},"ivs":{"hp":31,"atk":31,"def":31,"spa":31,"spd":31,"spe":31}},{"name":"Doublade","species":"Doublade","item":"eviolite","ability":"No Guard","moves":["shadowsneak","swordsdance","ironhead","aerialace"],"nature":"Adamant","evs":{"hp":248,"atk":252,"def":0,"spa":0,"spd":8,"spe":0},"ivs":{"hp":31,"atk":31,"def":31,"spa":31,"spd":31,"spe":31}},{"name":"Ferrothorn","species":"Ferrothorn","item":"rockyhelmet","ability":"Iron Barbs","moves":["powerwhip","leechseed","stealthrock","protect"],"nature":"Impish","evs":{"hp":248,"atk":8,"def":252,"spa":0,"spd":0,"spe":0},"ivs":{"hp":31,"atk":31,"def":31,"spa":31,"spd":31,"spe":31}},{"name":"Heatran","species":"Heatran","item":"leftovers","ability":"Flash Fire","moves":["lavaplume","earthpower","toxic","protect"],"nature":"Calm","evs":{"hp":224,"atk":0,"def":0,"spa":32,"spd":252,"spe":0},"ivs":{"hp":31,"atk":31,"def":31,"spa":31,"spd":31,"spe":31}},{"name":"Skarmory","species":"Skarmory","item":"rockyhelmet","ability":"Sturdy","moves":["bravebird","defog","roost","whirlwind"],"nature":"Impish","evs":{"hp":248,"atk":0,"def":236,"spa":0,"spd":0,"spe":24},"ivs":{"hp":31,"atk":31,"def":31,"spa":31,"spd":31,"spe":31}},{"name":"Lucario","species":"Lucario","item":"choicescarf","ability":"Steadfast","moves":["aurasphere","flashcannon","darkpulse","hiddenpowerice"],"nature":"Timid","evs":{"hp":0,"atk":0,"def":0,"spa":252,"spd":4,"spe":252},"ivs":{"hp":31,"atk":30,"def":30,"spa":31,"spd":31,"spe":31}}],"p2team":[{"name":"Tentacruel","species":"Tentacruel","item":"assaultvest","ability":"Liquid Ooze","moves":["scald","acidspray","gigadrain","hex"],"nature":"Timid","evs":{"hp":4,"atk":0,"def":0,"spa":252,"spd":0,"spe":252},"ivs":{"hp":31,"atk":31,"def":31,"spa":31,"spd":31,"spe":31}},{"name":"Venusaur","species":"Venusaur","item":"bigroot","ability":"Overgrow","moves":["gigadrain","leechseed","substitute","grassyterrain"],"nature":"Calm","evs":{"hp":248,"atk":0,"def":0,"spa":8,"spd":252,"spe":0},"ivs":{"hp":31,"atk":31,"def":31,"spa":31,"spd":31,"spe":31}},{"name":"Weezing","species":"Weezing","item":"sitrusberry","ability":"Levitate","moves":["toxicspikes","memento","willowisp","thief"],"nature":"Calm","evs":{"hp":248,"atk":0,"def":8,"spa":0,"spd":252,"spe":0},"ivs":{"hp":31,"atk":31,"def":31,"spa":31,"spd":31,"spe":31}},{"name":"Skuntank","species":"Skuntank","item":"","ability":"Stench","moves":["suckerpunch","snatch","thief","poisonjab"],"nature":"Adamant","evs":{"hp":248,"atk":252,"def":0,"spa":0,"spd":8,"spe":0},"ivs":{"hp":31,"atk":31,"def":31,"spa":31,"spd":31,"spe":31}},{"name":"Muk","species":"Muk","item":"blacksludge","ability":"Sticky Hold","moves":["curse","firepunch","icepunch","shadowsneak"],"nature":"Adamant","evs":{"hp":252,"atk":252,"def":0,"spa":0,"spd":4,"spe":0},"ivs":{"hp":31,"atk":31,"def":31,"spa":31,"spd":31,"spe":31}},{"name":"Gengar","species":"Gengar","item":"choicescarf","ability":"Levitate","moves":["destinybond","trick","hex","venoshock"],"nature":"Timid","evs":{"hp":0,"atk":0,"def":0,"spa":252,"spd":4,"spe":252},"ivs":{"hp":31,"atk":31,"def":31,"spa":31,"spd":31,"spe":31}}],"log":["|player|p1|Vin Prof Gortex|101","|player|p2|Guard Wanderer|235","|gametype|singles","|gen|6","|tier|Monotype","|rated","|rule|Baton Pass Clause: Limit one Baton Passer, can't pass Spe and other stats simultaneously","|rule|Swagger Clause: Swagger is banned","|rule|Same Type Clause: Pokémon in a team must share a type","|clearpoke","|poke|p1|Bisharp, F","|poke|p1|Doublade, F","|poke|p1|Ferrothorn, F","|poke|p1|Heatran, M","|poke|p1|Skarmory, F","|poke|p1|Lucario, F","|poke|p2|Tentacruel, M","|poke|p2|Venusaur, F","|poke|p2|Weezing, M","|poke|p2|Skuntank, F","|poke|p2|Muk, F","|poke|p2|Gengar, M","|rule|Sleep Clause Mod: Limit one foe put to sleep","|rule|Species Clause: Limit one of each Pokémon","|rule|OHKO Clause: OHKO moves are banned","|rule|Moody Clause: Moody is banned","|rule|Evasion Moves Clause: Evasion moves are banned","|rule|Endless Battle Clause: Forcing endless battles is banned","|rule|HP Percentage Mod: HP is shown in percentages","|teampreview","|","|start","|switch|p1a: Ferrothorn|Ferrothorn, F|351/351","|switch|p2a: Tentacruel|Tentacruel, M|302/302","|turn|1","|","|move|p2a: Tentacruel|Scald|p1a: Ferrothorn","|-resisted|p1a: Ferrothorn","|-damage|p1a: Ferrothorn|303/351","|move|p1a: Ferrothorn|Stealth Rock|p2a: Tentacruel","|-sidestart|p2: Guard Wanderer|move: Stealth Rock","|","|turn|2","|","|move|p2a: Tentacruel|Scald|p1a: Ferrothorn","|-resisted|p1a: Ferrothorn","|-damage|p1a: Ferrothorn|255/351","|move|p1a: Ferrothorn|Power Whip|p2a: Tentacruel","|-damage|p2a: Tentacruel|94/302","|","|turn|3","|","|switch|p2a: Venusaur|Venusaur, F|363/363","|-damage|p2a: Venusaur|318/363|[from] Stealth Rock","|move|p1a: Ferrothorn|Power Whip|p2a: Venusaur","|-resisted|p2a: Venusaur","|-damage|p2a: Venusaur|281/363","|","|turn|4","|","|switch|p1a: Heatran|Heatran, M|379/379","|move|p2a: Venusaur|Substitute|p2a: Venusaur","|-start|p2a: Venusaur|Substitute","|-damage|p2a: Venusaur|191/363","|","|turn|5","|","|move|p2a: Venusaur|Leech Seed|p1a: Heatran","|-start|p1a: Heatran|move: Leech Seed","|move|p1a: Heatran|Lava Plume|p2a: Venusaur","|-crit|p2a: Venusaur","|-supereffective|p2a: Venusaur","|-end|p2a: Venusaur|Substitute","|","|-damage|p1a: Heatran|332/379|[from] Leech Seed|[of] p2a: Venusaur","|-heal|p2a: Venusaur|252/363|[silent]","|turn|6","|","|switch|p2a: Tentacruel|Tentacruel, M|94/302","|-damage|p2a: Tentacruel|57/302|[from] Stealth Rock","|switch|p1a: Skarmory|Skarmory, F|333/333","|","|turn|7","|","|move|p2a: Tentacruel|Scald|p1a: Skarmory","|-damage|p1a: Skarmory|203/333","|move|p1a: Skarmory|Brave Bird|p2a: Tentacruel","|-damage|p2a: Tentacruel|0 fnt","|-damage|p1a: Skarmory|184/333|[from] recoil|[of] p2a: Tentacruel","|faint|p2a: Tentacruel","|","|","|switch|p2a: Muk|Muk, F|414/414","|-damage|p2a: Muk|363/414|[from] Stealth Rock","|turn|8","|","|move|p1a: Skarmory|Roost|p1a: Skarmory","|-heal|p1a: Skarmory|333/333","|move|p2a: Muk|Curse|p2a: Muk","|-unboost|p2a: Muk|spe|1","|-boost|p2a: Muk|atk|1","|-boost|p2a: Muk|def|1","|","|-heal|p2a: Muk|388/414|[from] item: Black Sludge","|turn|9","|","|move|p2a: Muk|Fire Punch|p1a: Skarmory","|-supereffective|p1a: Skarmory","|-damage|p1a: Skarmory|191/333","|-damage|p2a: Muk|319/414|[from] item: Rocky Helmet|[of] p1a: Skarmory","|move|p1a: Skarmory|Whirlwind|p2a: Muk","|drag|p2a: Skuntank|Skuntank, F|409/409","|-damage|p2a: Skuntank|358/409|[from] Stealth Rock","|","|turn|10","|","|switch|p1a: Heatran|Heatran, M|332/379","|move|p2a: Skuntank|Thief|p1a: Heatran","|-damage|p1a: Heatran|250/379","|-item|p2a: Skuntank|Leftovers|[from] move: Thief|[of] p1a: Heatran","|","|-heal|p2a: Skuntank|383/409|[from] item: Leftovers","|turn|11","|","|move|p2a: Skuntank|Sucker Punch|p1a: Heatran","|-damage|p1a: Heatran|138/379","|move|p1a: Heatran|Lava Plume|p2a: Skuntank","|-damage|p2a: Skuntank|199/409","|","|-heal|p2a: Skuntank|224/409|[from] item: Leftovers","|turn|12","|","|move|p1a: Heatran|Protect|p1a: Heatran","|-singleturn|p1a: Heatran|Protect","|move|p2a: Skuntank|Thief|p1a: Heatran","|-activate|p1a: Heatran|Protect","|","|-heal|p2a: Skuntank|249/409|[from] item: Leftovers","|turn|13","|","|move|p2a: Skuntank|Sucker Punch|p1a: Heatran","|-damage|p1a: Heatran|29/379","|move|p1a: Heatran|Earth Power|p2a: Skuntank","|-supereffective|p2a: Skuntank","|-damage|p2a: Skuntank|0 fnt","|faint|p2a: Skuntank","|","|","|switch|p2a: Muk|Muk, F|319/414","|-damage|p2a: Muk|268/414|[from] Stealth Rock","|turn|14","|","|switch|p1a: Ferrothorn|Ferrothorn, F|255/351","|move|p2a: Muk|Shadow Sneak|p1a: Ferrothorn","|-damage|p1a: Ferrothorn|226/351","|-damage|p2a: Muk|217/414|[from] ability: Iron Barbs|[of] p1a: Ferrothorn","|-damage|p2a: Muk|148/414|[from] item: Rocky Helmet|[of] p1a: Ferrothorn","|","|-heal|p2a: Muk|173/414|[from] item: Black Sludge","|turn|15","|","|switch|p1a: Heatran|Heatran, M|29/379","|move|p2a: Muk|Fire Punch|p1a: Heatran","|-start|p1a: Heatran|ability: Flash Fire","|","|-heal|p2a: Muk|198/414|[from] item: Black Sludge","|turn|16","|","|-end|p1a: Heatran|ability: Flash Fire|[silent]","|switch|p1a: Ferrothorn|Ferrothorn, F|226/351","|move|p2a: Muk|Shadow Sneak|p1a: Ferrothorn","|-damage|p1a: Ferrothorn|200/351","|-damage|p2a: Muk|147/414|[from] ability: Iron Barbs|[of] p1a: Ferrothorn","|-damage|p2a: Muk|78/414|[from] item: Rocky Helmet|[of] p1a: Ferrothorn","|","|-heal|p2a: Muk|103/414|[from] item: Black Sludge","|turn|17","|","|move|p2a: Muk|Curse|p2a: Muk","|-unboost|p2a: Muk|spe|1","|-boost|p2a: Muk|atk|1","|-boost|p2a: Muk|def|1","|move|p1a: Ferrothorn|Leech Seed|p2a: Muk","|-start|p2a: Muk|move: Leech Seed","|","|-heal|p2a: Muk|128/414|[from] item: Black Sludge","|-damage|p2a: Muk|77/414|[from] Leech Seed|[of] p1a: Ferrothorn","|-heal|p1a: Ferrothorn|251/351|[silent]","|turn|18","|","|move|p1a: Ferrothorn|Protect|p1a: Ferrothorn","|-singleturn|p1a: Ferrothorn|Protect","|move|p2a: Muk|Fire Punch|p1a: Ferrothorn","|-activate|p1a: Ferrothorn|Protect","|","|-heal|p2a: Muk|102/414|[from] item: Black Sludge","|-damage|p2a: Muk|51/414|[from] Leech Seed|[of] p1a: Ferrothorn","|-heal|p1a: Ferrothorn|302/351|[silent]","|turn|19","|","|move|p1a: Ferrothorn|Protect|p1a: Ferrothorn","|-fail|p1a: Ferrothorn","|move|p2a: Muk|Shadow Sneak|p1a: Ferrothorn","|-damage|p1a: Ferrothorn|262/351","|-damage|p2a: Muk|0 fnt|[from] ability: Iron Barbs|[of] p1a: Ferrothorn","|faint|p2a: Muk","|","|","|switch|p2a: Gengar|Gengar, M|261/261","|-damage|p2a: Gengar|229/261|[from] Stealth Rock","|turn|20","|","|move|p1a: Ferrothorn|Protect|p1a: Ferrothorn","|-singleturn|p1a: Ferrothorn|Protect","|move|p2a: Gengar|Trick|p1a: Ferrothorn","|-activate|p1a: Ferrothorn|Protect","|","|turn|21","|","|switch|p1a: Lucario|Lucario, F|281/281","|move|p2a: Gengar|Trick|p1a: Lucario","|-activate|p2a: Gengar|move: Trick|[of] p1a: Lucario","|-item|p1a: Lucario|Choice Scarf|[from] move: Trick","|-item|p2a: Gengar|Choice Scarf|[from] move: Trick","|","|turn|22","|","|switch|p2a: Weezing|Weezing, M|333/333","|-damage|p2a: Weezing|292/333|[from] Stealth Rock","|move|p1a: Lucario|Dark Pulse|p2a: Weezing","|-damage|p2a: Weezing|213/333","|","|turn|23","|","|switch|p1a: Heatran|Heatran, M|29/379","|move|p2a: Weezing|Will-O-Wisp|p1a: Heatran","|-start|p1a: Heatran|ability: Flash Fire","|","|turn|24","|","|move|p1a: Heatran|Lava Plume|p2a: Weezing","|-damage|p2a: Weezing|56/333","|-enditem|p2a: Weezing|Sitrus Berry|[eat]","|-heal|p2a: Weezing|139/333|[from] item: Sitrus Berry","|move|p2a: Weezing|Thief|p1a: Heatran","|-crit|p1a: Heatran","|-damage|p1a: Heatran|0 fnt","|faint|p1a: Heatran","|","|","|switch|p1a: Lucario|Lucario, F|281/281","|turn|25","|","|move|p1a: Lucario|Flash Cannon|p2a: Weezing","|-damage|p2a: Weezing|15/333","|-unboost|p2a: Weezing|spd|1","|move|p2a: Weezing|Will-O-Wisp|p1a: Lucario","|-status|p1a: Lucario|brn","|","|-damage|p1a: Lucario|246/281 brn|[from] brn","|turn|26","|","|move|p1a: Lucario|Flash Cannon|p2a: Weezing","|-damage|p2a: Weezing|0 fnt","|faint|p2a: Weezing","|","|-damage|p1a: Lucario|211/281 brn|[from] brn","|","|switch|p2a: Venusaur|Venusaur, F|252/363","|-damage|p2a: Venusaur|207/363|[from] Stealth Rock","|turn|27","|","|move|p1a: Lucario|Flash Cannon|p2a: Venusaur","|-damage|p2a: Venusaur|117/363","|move|p2a: Venusaur|Leech Seed|p1a: Lucario","|-start|p1a: Lucario|move: Leech Seed","|","|-damage|p1a: Lucario|176/281 brn|[from] Leech Seed|[of] p2a: Venusaur","|-heal|p2a: Venusaur|162/363|[silent]","|-damage|p1a: Lucario|141/281 brn|[from] brn","|turn|28","|","|move|p1a: Lucario|Flash Cannon|p2a: Venusaur","|-damage|p2a: Venusaur|68/363","|move|p2a: Venusaur|Giga Drain|p1a: Lucario","|-resisted|p1a: Lucario","|-damage|p1a: Lucario|51/281 brn","|-heal|p2a: Venusaur|126/363|[from] drain|[of] p1a: Lucario","|","|-damage|p1a: Lucario|16/281 brn|[from] Leech Seed|[of] p2a: Venusaur","|-heal|p2a: Venusaur|171/363|[silent]","|-damage|p1a: Lucario|0 fnt|[from] brn","|faint|p1a: Lucario","|","|switch|p1a: Doublade|Doublade, F|321/321","|turn|29","|","|move|p2a: Venusaur|Substitute|p2a: Venusaur","|-start|p2a: Venusaur|Substitute","|-damage|p2a: Venusaur|81/363","|move|p1a: Doublade|Swords Dance|p1a: Doublade","|-boost|p1a: Doublade|atk|2","|","|turn|30","|","|move|p2a: Venusaur|Leech Seed|p1a: Doublade","|-start|p1a: Doublade|move: Leech Seed","|move|p1a: Doublade|Aerial Ace|p2a: Venusaur","|-supereffective|p2a: Venusaur","|-end|p2a: Venusaur|Substitute","|","|-damage|p1a: Doublade|281/321|[from] Leech Seed|[of] p2a: Venusaur","|-heal|p2a: Venusaur|133/363|[silent]","|turn|31","|","|move|p1a: Doublade|Shadow Sneak|p2a: Venusaur","|-damage|p2a: Venusaur|0 fnt","|faint|p2a: Venusaur","|","|","|switch|p2a: Gengar|Gengar, M|229/261","|-damage|p2a: Gengar|197/261|[from] Stealth Rock","|turn|32","|","|move|p1a: Doublade|Shadow Sneak|p2a: Gengar","|-crit|p2a: Gengar","|-supereffective|p2a: Gengar","|-damage|p2a: Gengar|0 fnt","|faint|p2a: Gengar","|","|win|Vin Prof Gortex"],"p1rating":{"entryid":"6198402","serverid":"eos","formatid":"monotype","userid":"vinprofgortex","username":"Vin Prof Gortex","w":15,"l":"6","t":"0","gxe":64.9,"r":"1615.1384886009","rd":"83.366002172636","sigma":"0","rptime":"1439802000","rpr":1618.6351564954,"rprd":77.849024470385,"rpsigma":"0","acre":1192.2437001229,"lacre":1192.2437001229,"oldacre":"1171.1238810565"},"p2rating":{"entryid":"6731189","serverid":"eos","formatid":"monotype","userid":"guardwanderer","username":"Guard Wanderer","w":"122","l":150,"t":"0","gxe":45.1,"r":"1462.5656404044","rd":"26.257687430158","sigma":"0","rptime":"1439802000","rpr":1462.6916498601,"rprd":25.815950401154,"rpsigma":"0","acre":1095.6401754005,"lacre":1095.6401754005,"oldacre":"1116.7599944669"},"endType":"normal"}