{"seed":[53546,3933,55183,23159],"turns":22,"p1":"Guard Wanderer","p2":"KenruKage","p1team":[{"name":"Golbat","species":"Golbat","item":"eviolite","ability":"Inner Focus","moves":["bravebird","roost","superfang","curse"],"nature":"Careful","evs":{"hp":248,"atk":8,"def":0,"spa":0,"spd":252,"spe":0},"ivs":{"hp":31,"atk":31,"def":31,"spa":31,"spd":31,"spe":31}},{"name":"Ariados","species":"Ariados","item":"focussash","ability":"Insomnia","moves":["agility","batonpass","stickyweb","suckerpunch"],"nature":"Impish","evs":{"hp":0,"atk":0,"def":188,"spa":0,"spd":68,"spe":252},"ivs":{"hp":31,"atk":31,"def":31,"spa":31,"spd":31,"spe":31}},{"name":"Garbodor","species":"Garbodor","item":"blacksludge","ability":"Stench","moves":["drainpunch","bodyslam","rockblast","curse"],"nature":"Adamant","evs":{"hp":248,"atk":252,"def":0,"spa":0,"spd":8,"spe":0},"ivs":{"hp":31,"atk":31,"def":31,"spa":31,"spd":31,"spe":31}},{"name":"Tentacruel","species":"Tentacruel","item":"assaultvest","ability":"Liquid Ooze","moves":["scald","acidspray","gigadrain","hex"],"nature":"Timid","evs":{"hp":4,"atk":0,"def":0,"spa":252,"spd":0,"spe":252},"ivs":{"hp":31,"atk":31,"def":31,"spa":31,"spd":31,"spe":31}},{"name":"Skuntank","species":"Skuntank","item":"rowapberry","ability":"Aftermath","moves":["snatch","thief","suckerpunch","poisonjab"],"nature":"Adamant","evs":{"hp":248,"atk":252,"def":0,"spa":0,"spd":8,"spe":0},"ivs":{"hp":31,"atk":31,"def":31,"spa":31,"spd":31,"spe":31}},{"name":"Venusaur","species":"Venusaur","item":"bigroot","ability":"Overgrow","moves":["gigadrain","leechseed","substitute","grassyterrain"],"nature":"Calm","evs":{"hp":248,"atk":0,"def":0,"spa":8,"spd":252,"spe":0},"ivs":{"hp":31,"atk":31,"def":31,"spa":31,"spd":31,"spe":31}}],"p2team":[{"name":"Batto No Otoko","species":"gliscor","item":"toxicorb","ability":"Poison Heal","moves":["aerialace","earthquake","swordsdance","stoneedge"],"nature":"Adamant","evs":{"hp":184,"atk":252,"def":0,"spa":0,"spd":0,"spe":72},"gender":"M","shiny":true,"ivs":{"hp":31,"atk":31,"def":31,"spa":31,"spd":31,"spe":31}},{"name":"Sand Krok","species":"krookodile","item":"focussash","ability":"Moxie","moves":["earthquake","crunch","outrage","brickbreak"],"nature":"Adamant","evs":{"hp":248,"atk":252,"def":0,"spa":0,"spd":8,"spe":0},"gender":"M","shiny":true,"ivs":{"hp":31,"atk":31,"def":31,"spa":31,"spd":31,"spe":31}},{"name":"Chompy Chomp","species":"garchomp","item":"garchompite","ability":"Rough Skin","moves":["crunch","dracometeor","earthquake","surf"],"nature":"Naughty","evs":{"hp":248,"atk":252,"def":0,"spa":0,"spd":8,"spe":0},"shiny":true,"ivs":{"hp":31,"atk":31,"def":31,"spa":31,"spd":31,"spe":31}},{"name":"Walking Island","species":"torterra","item":"focussash","ability":"Shell Armor","moves":["earthquake","gigadrain","outrage","synthesis"],"nature":"Naughty","evs":{"hp":248,"atk":252,"def":0,"spa":0,"spd":8,"spe":0},"shiny":true,"ivs":{"hp":31,"atk":31,"def":31,"spa":31,"spd":31,"spe":31}},{"name":"Toad Not Frog","species":"seismitoad","item":"assaultvest","ability":"Water Absorb","moves":["scald","earthpower","grassknot","sludgebomb"],"nature":"Modest","evs":{"hp":248,"atk":0,"def":0,"spa":252,"spd":8,"spe":0},"shiny":true,"ivs":{"hp":31,"atk":31,"def":31,"spa":31,"spd":31,"spe":31}},{"name":"Gold Tank","species":"rhyperior","item":"assaultvest","ability":"Solid Rock","moves":["drillrun","earthquake","crunch","stoneedge"],"nature":"Adamant","evs":{"hp":248,"atk":252,"def":0,"spa":0,"spd":8,"spe":0},"shiny":true,"ivs":{"hp":31,"atk":31,"def":31,"spa":31,"spd":31,"spe":31}}],"log":["|player|p1|Guard Wanderer|235","|player|p2|KenruKage|262","|gametype|singles","|gen|6","|tier|Monotype","|rated","|rule|Baton Pass Clause: Limit one Baton Passer, can't pass Spe and other stats simultaneously","|rule|Swagger Clause: Swagger is banned","|rule|Same Type Clause: Pokémon in a team must share a type","|clearpoke","|poke|p1|Golbat, F","|poke|p1|Ariados, F","|poke|p1|Garbodor, M","|poke|p1|Tentacruel, F","|poke|p1|Skuntank, M","|poke|p1|Venusaur, F","|poke|p2|Gliscor, M, shiny","|poke|p2|Krookodile, M, shiny","|poke|p2|Garchomp, M, shiny","|poke|p2|Torterra, M, shiny","|poke|p2|Seismitoad, M, shiny","|poke|p2|Rhyperior, M, shiny","|rule|Sleep Clause Mod: Limit one foe put to sleep","|rule|Species Clause: Limit one of each Pokémon","|rule|OHKO Clause: OHKO moves are banned","|rule|Moody Clause: Moody is banned","|rule|Evasion Moves Clause: Evasion moves are banned","|rule|Endless Battle Clause: Forcing endless battles is banned","|rule|HP Percentage Mod: HP is shown in percentages","|teampreview","|","|start","|switch|p1a: Ariados|Ariados, F|281/281","|switch|p2a: Sand Krok|Krookodile, M, shiny|393/393","|turn|1","|","|move|p2a: Sand Krok|Earthquake|p1a: Ariados","|-damage|p1a: Ariados|109/281","|move|p1a: Ariados|Sticky Web|p2a: Sand Krok","|-sidestart|p2: KenruKage|move: Sticky Web","|","|turn|2","|","|switch|p1a: Golbat|Golbat, F|353/353","|move|p2a: Sand Krok|Earthquake|p1a: Golbat","|-immune|p1a: Golbat|[msg]","|","|turn|3","|","|move|p2a: Sand Krok|Crunch|p1a: Golbat","|-damage|p1a: Golbat|215/353","|move|p1a: Golbat|Curse|p1a: Golbat","|-unboost|p1a: Golbat|spe|1","|-boost|p1a: Golbat|atk|1","|-boost|p1a: Golbat|def|1","|","|turn|4","|","|move|p2a: Sand Krok|Crunch|p1a: Golbat","|-damage|p1a: Golbat|127/353","|-unboost|p1a: Golbat|def|1","|move|p1a: Golbat|Roost|p1a: Golbat","|-heal|p1a: Golbat|304/353","|","|turn|5","|","|move|p2a: Sand Krok|Outrage|p1a: Golbat","|-damage|p1a: Golbat|173/353","|move|p1a: Golbat|Brave Bird|p2a: Sand Krok","|-damage|p2a: Sand Krok|194/393","|-damage|p1a: Golbat|107/353|[from] recoil|[of] p2a: Sand Krok","|","|turn|6","|","|move|p2a: Sand Krok|Outrage|p1a: Golbat|[from]lockedmove","|-damage|p1a: Golbat|0 fnt","|-start|p2a: Sand Krok|confusion|[fatigue]","|faint|p1a: Golbat","|-boost|p2a: Sand Krok|atk|1|[from] ability: Moxie","|","|","|switch|p1a: Ariados|Ariados, F|109/281","|turn|7","|","|-activate|p2a: Sand Krok|confusion","|-damage|p2a: Sand Krok|106/393|[from] confusion","|move|p1a: Ariados|Agility|p1a: Ariados","|-boost|p1a: Ariados|spe|2","|","|turn|8","|","|move|p1a: Ariados|Baton Pass|p1a: Ariados","|","|switch|p1a: Venusaur|Venusaur, F|363/363","|-end|p2a: Sand Krok|confusion","|move|p2a: Sand Krok|Earthquake|p1a: Venusaur","|-damage|p1a: Venusaur|53/363","|","|turn|9","|","|move|p1a: Venusaur|Giga Drain|p2a: Sand Krok","|-supereffective|p2a: Sand Krok","|-damage|p2a: Sand Krok|0 fnt","|-heal|p1a: Venusaur|122/363|[from] drain|[of] p2a: Sand Krok","|faint|p2a: Sand Krok","|","|","|switch|p2a: Gold Tank|Rhyperior, M, shiny|433/433","|-activate|p2a: Gold Tank|move: Sticky Web","|-unboost|p2a: Gold Tank|spe|1","|turn|10","|","|move|p1a: Venusaur|Substitute|p1a: Venusaur","|-start|p1a: Venusaur|Substitute","|-damage|p1a: Venusaur|32/363","|move|p2a: Gold Tank|Earthquake|p1a: Venusaur","|-end|p1a: Venusaur|Substitute","|","|turn|11","|","|move|p1a: Venusaur|Giga Drain|p2a: Gold Tank","|-supereffective|p2a: Gold Tank","|-damage|p2a: Gold Tank|1/433","|-heal|p1a: Venusaur|313/363|[from] drain|[of] p2a: Gold Tank","|move|p2a: Gold Tank|Earthquake|p1a: Venusaur","|-damage|p1a: Venusaur|55/363","|","|turn|12","|","|move|p1a: Venusaur|Giga Drain|p2a: Gold Tank","|-supereffective|p2a: Gold Tank","|-damage|p2a: Gold Tank|0 fnt","|-heal|p1a: Venusaur|56/363|[from] drain|[of] p2a: Gold Tank","|faint|p2a: Gold Tank","|","|","|switch|p2a: Walking Island|Torterra, M, shiny|393/393","|-activate|p2a: Walking Island|move: Sticky Web","|-unboost|p2a: Walking Island|spe|1","|turn|13","|","|move|p1a: Venusaur|Giga Drain|p2a: Walking Island","|-damage|p2a: Walking Island|230/393","|-heal|p1a: Venusaur|163/363|[from] drain|[of] p2a: Walking Island","|move|p2a: Walking Island|Earthquake|p1a: Venusaur","|-damage|p1a: Venusaur|0 fnt","|faint|p1a: Venusaur","|","|","|switch|p1a: Ariados|Ariados, F|109/281","|turn|14","|","|move|p1a: Ariados|Sucker Punch|p2a: Walking Island","|-damage|p2a: Walking Island|170/393","|move|p2a: Walking Island|Earthquake|p1a: Ariados","|-crit|p1a: Ariados","|-damage|p1a: Ariados|0 fnt","|faint|p1a: Ariados","|","|","|switch|p1a: Tentacruel|Tentacruel, F|302/302","|turn|15","|","|move|p1a: Tentacruel|Scald|p2a: Walking Island","|-damage|p2a: Walking Island|32/393","|-status|p2a: Walking Island|brn","|move|p2a: Walking Island|Giga Drain|p1a: Tentacruel","|-damage|p1a: Tentacruel|259/302","|-damage|p2a: Walking Island|10/393 brn|[from] ability: Liquid Ooze|[of] p1a: Tentacruel","|","|-damage|p2a: Walking Island|0 fnt|[from] brn","|faint|p2a: Walking Island","|","|switch|p2a: Toad Not Frog|Seismitoad, M, shiny|413/413","|-activate|p2a: Toad Not Frog|move: Sticky Web","|-unboost|p2a: Toad Not Frog|spe|1","|turn|16","|","|move|p1a: Tentacruel|Giga Drain|p2a: Toad Not Frog","|-supereffective|p2a: Toad Not Frog","|-damage|p2a: Toad Not Frog|201/413","|-heal|p1a: Tentacruel|302/302|[from] drain|[of] p2a: Toad Not Frog","|move|p2a: Toad Not Frog|Grass Knot|p1a: Tentacruel","|-damage|p1a: Tentacruel|254/302","|","|turn|17","|","|move|p1a: Tentacruel|Giga Drain|p2a: Toad Not Frog","|-supereffective|p2a: Toad Not Frog","|-damage|p2a: Toad Not Frog|0 fnt","|-heal|p1a: Tentacruel|302/302|[from] drain|[of] p2a: Toad Not Frog","|faint|p2a: Toad Not Frog","|","|","|switch|p2a: Chompy Chomp|Garchomp, M, shiny|419/419","|-activate|p2a: Chompy Chomp|move: Sticky Web","|-unboost|p2a: Chompy Chomp|spe|1","|turn|18","|","|detailschange|p2a: Chompy Chomp|Garchomp-Mega, M, shiny","|-mega|p2a: Chompy Chomp|Garchomp|Garchompite","|move|p1a: Tentacruel|Scald|p2a: Chompy Chomp","|-damage|p2a: Chompy Chomp|299/419","|move|p2a: Chompy Chomp|Draco Meteor|p1a: Tentacruel","|-damage|p1a: Tentacruel|208/302","|-unboost|p2a: Chompy Chomp|spa|2","|","|turn|19","|","|move|p1a: Tentacruel|Scald|p2a: Chompy Chomp","|-damage|p2a: Chompy Chomp|187/419","|-status|p2a: Chompy Chomp|brn","|move|p2a: Chompy Chomp|Crunch|p1a: Tentacruel","|-damage|p1a: Tentacruel|111/302","|","|-damage|p2a: Chompy Chomp|135/419 brn|[from] brn","|turn|20","|","|move|p1a: Tentacruel|Hex|p2a: Chompy Chomp","|-damage|p2a: Chompy Chomp|0 fnt","|faint|p2a: Chompy Chomp","|","|","|switch|p2a: Batto No Otoko|Gliscor, M, shiny|337/337","|turn|21","|","|move|p1a: Tentacruel|Scald|p2a: Batto No Otoko","|-supereffective|p2a: Batto No Otoko","|-damage|p2a: Batto No Otoko|85/337","|-status|p2a: Batto No Otoko|brn","|move|p2a: Batto No Otoko|Earthquake|p1a: Tentacruel","|-supereffective|p1a: Tentacruel","|-damage|p1a: Tentacruel|0 fnt","|faint|p1a: Tentacruel","|","|-damage|p2a: Batto No Otoko|43/337 brn|[from] brn","|","|switch|p1a: Skuntank|Skuntank, M|409/409","|turn|22","|","|move|p1a: Skuntank|Sucker Punch|p2a: Batto No Otoko","|-damage|p2a: Batto No Otoko|0 fnt","|faint|p2a: Batto No Otoko","|","|win|Guard Wanderer"],"p1rating":{"entryid":"6731189","serverid":"eos","formatid":"monotype","userid":"guardwanderer","username":"Guard Wanderer","w":120,"l":"147","t":"0","gxe":45.2,"r":"1462.5656404044","rd":"26.257687430158","sigma":"0","rptime":"1439802000","rpr":1463.3682886172,"rprd":26.133481154584,"rpsigma":"0","acre":1138.4452004364,"lacre":1138.4452004364,"oldacre":"1115.0883396715"},"p2rating":{"entryid":"7676679","serverid":"eos","formatid":"monotype","userid":"kenrukage","username":"KenruKage","w":"4","l":3,"t":"0","gxe":51,"r":"1577.1457971065","rd":"101.64869774012","sigma":"0","rptime":"1439802000","rpr":1508.0469236633,"rprd":94.793596106966,"rpsigma":"0","acre":1069.9534122594,"lacre":1069.9534122594,"oldacre":"1092.2199706508"},"endType":"normal"}