{"seed":[8025,43371,59208,51588],"turns":23,"p1":"TIL4-Emil","p2":"ThunderDriver","p1team":[{"name":"Scizor","species":"Scizor","item":"scizorite","ability":"Technician","moves":["bulletpunch","swordsdance","roost","superpower"],"nature":"Jolly","evs":{"hp":0,"atk":252,"def":0,"spa":0,"spd":0,"spe":252},"gender":"M","ivs":{"hp":31,"atk":31,"def":31,"spa":31,"spd":31,"spe":31}},{"name":"Volcarona","species":"Volcarona","item":"focussash","ability":"Flame Body","moves":["fierydance","bugbuzz","hiddenpowerice","quiverdance"],"nature":"Timid","evs":{"hp":0,"atk":0,"def":4,"spa":252,"spd":0,"spe":252},"gender":"F","ivs":{"hp":31,"atk":30,"def":30,"spa":31,"spd":31,"spe":31}},{"name":"Galvantula","species":"Galvantula","item":"focussash","ability":"Compound Eyes","moves":["thunder","bugbuzz","stickyweb","thunderwave"],"nature":"Timid","evs":{"hp":4,"atk":0,"def":0,"spa":252,"spd":0,"spe":252},"gender":"M","shiny":true,"ivs":{"hp":31,"atk":31,"def":31,"spa":31,"spd":31,"spe":31}},{"name":"Genesect","species":"Genesect","item":"leftovers","ability":"Download","moves":["shiftgear","extremespeed","blazekick","shadowclaw"],"nature":"Hasty","evs":{"hp":152,"atk":252,"def":104,"spa":0,"spd":0,"spe":0},"shiny":true,"ivs":{"hp":31,"atk":31,"def":31,"spa":31,"spd":31,"spe":31}},{"name":"Scolipede","species":"Scolipede","item":"focussash","ability":"Speed Boost","moves":["swordsdance","rockslide","earthquake","poisonjab"],"nature":"Adamant","evs":{"hp":0,"atk":252,"def":0,"spa":0,"spd":4,"spe":252},"gender":"F","shiny":true,"ivs":{"hp":31,"atk":31,"def":31,"spa":31,"spd":31,"spe":31}},{"name":"Heracross","species":"Heracross","item":"choicescarf","ability":"Moxie","moves":["closecombat","earthquake","megahorn","stoneedge"],"nature":"Adamant","evs":{"hp":0,"atk":252,"def":0,"spa":0,"spd":0,"spe":252},"gender":"M","ivs":{"hp":31,"atk":31,"def":31,"spa":31,"spd":31,"spe":31}}],"p2team":[{"name":"Tyranitar","species":"Tyranitar","item":"tyranitarite","ability":"Sand Stream","moves":["dragondance","stoneedge","icepunch","firepunch"],"nature":"Adamant","evs":{"hp":0,"atk":252,"def":0,"spa":0,"spd":4,"spe":252},"ivs":{"hp":31,"atk":31,"def":31,"spa":31,"spd":31,"spe":31}},{"name":"Weavile","species":"Weavile","item":"lifeorb","ability":"Pressure","moves":["knockoff","brickbreak","iciclecrash","iceshard"],"nature":"Jolly","evs":{"hp":0,"atk":252,"def":0,"spa":0,"spd":4,"spe":252},"ivs":{"hp":31,"atk":31,"def":31,"spa":31,"spd":31,"spe":31}},{"name":"Mandibuzz","species":"Mandibuzz","item":"leftovers","ability":"Overcoat","moves":["toxic","defog","roost","bravebird"],"nature":"Impish","evs":{"hp":252,"atk":4,"def":252,"spa":0,"spd":0,"spe":0},"ivs":{"hp":31,"atk":31,"def":31,"spa":31,"spd":31,"spe":31}},{"name":"Sharpedo","species":"Sharpedo","item":"lifeorb","ability":"Speed Boost","moves":["protect","icefang","crunch","aquajet"],"nature":"Adamant","evs":{"hp":0,"atk":252,"def":0,"spa":0,"spd":4,"spe":252},"ivs":{"hp":31,"atk":31,"def":31,"spa":31,"spd":31,"spe":31}},{"name":"Krookodile","species":"Krookodile","item":"choicescarf","ability":"Moxie","moves":["pursuit","knockoff","earthquake","stoneedge"],"nature":"Jolly","evs":{"hp":0,"atk":252,"def":0,"spa":0,"spd":4,"spe":252},"ivs":{"hp":31,"atk":31,"def":31,"spa":31,"spd":31,"spe":31}},{"name":"Drapion","species":"Drapion","item":"blacksludge","ability":"Battle Armor","moves":["toxicspikes","crosspoison","aquatail","xscissor"],"nature":"Adamant","evs":{"hp":252,"atk":252,"def":0,"spa":0,"spd":4,"spe":0},"ivs":{"hp":31,"atk":31,"def":31,"spa":31,"spd":31,"spe":31}}],"log":["|player|p1|TIL4-Emil|til4emil.gif","|player|p2|ThunderDriver|thunderdriver.gif","|gametype|singles","|gen|6","|tier|Monotype","|rated","|rule|Baton Pass Clause: Limit one Baton Passer, can't pass Spe and other stats simultaneously","|rule|Swagger Clause: Swagger is banned","|rule|Same Type Clause: Pokémon in a team must share a type","|clearpoke","|poke|p1|Scizor, M","|poke|p1|Volcarona, F","|poke|p1|Galvantula, M, shiny","|poke|p1|Genesect-*, shiny","|poke|p1|Scolipede, F, shiny","|poke|p1|Heracross, M","|poke|p2|Tyranitar, M","|poke|p2|Weavile, F","|poke|p2|Mandibuzz, F","|poke|p2|Sharpedo, F","|poke|p2|Krookodile, F","|poke|p2|Drapion, M","|rule|Sleep Clause Mod: Limit one foe put to sleep","|rule|Species Clause: Limit one of each Pokémon","|rule|OHKO Clause: OHKO moves are banned","|rule|Moody Clause: Moody is banned","|rule|Evasion Moves Clause: Evasion moves are banned","|rule|Endless Battle Clause: Forcing endless battles is banned","|rule|HP Percentage Mod: HP is shown in percentages","|teampreview","|","|start","|switch|p1a: Galvantula|Galvantula, M, shiny|282/282","|switch|p2a: Sharpedo|Sharpedo, F|281/281","|turn|1","|","|move|p2a: Sharpedo|Protect|p2a: Sharpedo","|-singleturn|p2a: Sharpedo|Protect","|move|p1a: Galvantula|Sticky Web|p2a: Sharpedo","|-sidestart|p2: ThunderDriver|move: Sticky Web","|","|-boost|p2a: Sharpedo|spe|1|[from] ability: Speed Boost","|turn|2","|","|move|p2a: Sharpedo|Crunch|p1a: Galvantula","|-enditem|p1a: Galvantula|Focus Sash","|-damage|p1a: Galvantula|1/282","|-damage|p2a: Sharpedo|253/281|[from] item: Life Orb","|move|p1a: Galvantula|Thunder Wave|p2a: Sharpedo","|-status|p2a: Sharpedo|par","|","|-boost|p2a: Sharpedo|spe|1|[from] ability: Speed Boost","|turn|3","|","|move|p2a: Sharpedo|Aqua Jet|p1a: Galvantula","|-damage|p1a: Galvantula|0 fnt","|-damage|p2a: Sharpedo|225/281 par|[from] item: Life Orb","|faint|p1a: Galvantula","|","|-boost|p2a: Sharpedo|spe|1|[from] ability: Speed Boost","|","|switch|p1a: Scizor|Scizor, M|281/281","|turn|4","|","|detailschange|p1a: Scizor|Scizor-Mega, M","|-mega|p1a: Scizor|Scizor|Scizorite","|move|p2a: Sharpedo|Protect|p2a: Sharpedo","|-singleturn|p2a: Sharpedo|Protect","|move|p1a: Scizor|Swords Dance|p1a: Scizor","|-boost|p1a: Scizor|atk|2","|","|-boost|p2a: Sharpedo|spe|1|[from] ability: Speed Boost","|turn|5","|","|move|p1a: Scizor|Swords Dance|p1a: Scizor","|-boost|p1a: Scizor|atk|2","|move|p2a: Sharpedo|Crunch|p1a: Scizor","|-damage|p1a: Scizor|145/281","|-damage|p2a: Sharpedo|197/281 par|[from] item: Life Orb","|","|-boost|p2a: Sharpedo|spe|1|[from] ability: Speed Boost","|turn|6","|","|move|p2a: Sharpedo|Aqua Jet|p1a: Scizor","|-damage|p1a: Scizor|74/281","|-damage|p2a: Sharpedo|169/281 par|[from] item: Life Orb","|move|p1a: Scizor|Roost|p1a: Scizor","|-heal|p1a: Scizor|215/281","|","|-boost|p2a: Sharpedo|spe|1|[from] ability: Speed Boost","|turn|7","|","|cant|p2a: Sharpedo|par","|move|p1a: Scizor|Roost|p1a: Scizor","|-heal|p1a: Scizor|281/281","|","|turn|8","|","|move|p2a: Sharpedo|Crunch|p1a: Scizor","|-damage|p1a: Scizor|147/281","|-unboost|p1a: Scizor|def|1","|-damage|p2a: Sharpedo|141/281 par|[from] item: Life Orb","|move|p1a: Scizor|Swords Dance|p1a: Scizor","|-boost|p1a: Scizor|atk|2","|","|turn|9","|","|move|p2a: Sharpedo|Aqua Jet|p1a: Scizor","|-crit|p1a: Scizor","|-damage|p1a: Scizor|0 fnt","|-damage|p2a: Sharpedo|113/281 par|[from] item: Life Orb","|faint|p1a: Scizor","|","|","|switch|p1a: Heracross|Heracross, M|301/301","|turn|10","|","|move|p1a: Heracross|Close Combat|p2a: Sharpedo","|-supereffective|p2a: Sharpedo","|-damage|p2a: Sharpedo|0 fnt","|-unboost|p1a: Heracross|def|1","|-unboost|p1a: Heracross|spd|1","|faint|p2a: Sharpedo","|-boost|p1a: Heracross|atk|1|[from] ability: Moxie","|","|","|switch|p2a: Mandibuzz|Mandibuzz, F|424/424","|turn|11","|","|move|p1a: Heracross|Close Combat|p2a: Mandibuzz","|-damage|p2a: Mandibuzz|190/424","|-unboost|p1a: Heracross|def|1","|-unboost|p1a: Heracross|spd|1","|move|p2a: Mandibuzz|Defog|p1a: Heracross","|-unboost|p1a: Heracross|evasion|1","|-sideend|p2: ThunderDriver|Sticky Web|[from] move: Defog|[of] p2a: Mandibuzz","|","|-heal|p2a: Mandibuzz|216/424|[from] item: Leftovers","|turn|12","|","|switch|p2a: Drapion|Drapion, M|344/344","|move|p1a: Heracross|Close Combat|p2a: Drapion","|-damage|p2a: Drapion|26/344","|-unboost|p1a: Heracross|def|1","|-unboost|p1a: Heracross|spd|1","|","|-heal|p2a: Drapion|47/344|[from] item: Black Sludge","|turn|13","|","|move|p1a: Heracross|Close Combat|p2a: Drapion","|-damage|p2a: Drapion|0 fnt","|-unboost|p1a: Heracross|def|1","|-unboost|p1a: Heracross|spd|1","|faint|p2a: Drapion","|-boost|p1a: Heracross|atk|1|[from] ability: Moxie","|","|","|switch|p2a: Krookodile|Krookodile, F|331/331","|turn|14","|","|move|p2a: Krookodile|Knock Off|p1a: Heracross","|-resisted|p1a: Heracross","|-damage|p1a: Heracross|16/301","|-enditem|p1a: Heracross|Choice Scarf|[from] move: Knock Off|[of] p2a: Krookodile","|move|p1a: Heracross|Close Combat|p2a: Krookodile","|-supereffective|p2a: Krookodile","|-damage|p2a: Krookodile|0 fnt","|-unboost|p1a: Heracross|def|1","|-unboost|p1a: Heracross|spd|1","|faint|p2a: Krookodile","|-boost|p1a: Heracross|atk|1|[from] ability: Moxie","|","|","|switch|p2a: Weavile|Weavile, F|281/281","|-ability|p2a: Weavile|Pressure","|turn|15","|","|move|p2a: Weavile|Knock Off|p1a: Heracross","|-resisted|p1a: Heracross","|-damage|p1a: Heracross|0 fnt","|-damage|p2a: Weavile|253/281|[from] item: Life Orb","|faint|p1a: Heracross","|","|","|switch|p1a: Genesect|Genesect, shiny|321/321","|-boost|p1a: Genesect|atk|1|[from] ability: Download","|turn|16","|","|move|p2a: Weavile|Knock Off|p1a: Genesect","|-damage|p1a: Genesect|107/321","|-enditem|p1a: Genesect|Leftovers|[from] move: Knock Off|[of] p2a: Weavile","|-damage|p2a: Weavile|225/281|[from] item: Life Orb","|move|p1a: Genesect|Shift Gear|p1a: Genesect","|-boost|p1a: Genesect|spe|2","|-boost|p1a: Genesect|atk|1","|","|turn|17","|","|move|p1a: Genesect|Blaze Kick|p2a: Weavile","|-supereffective|p2a: Weavile","|-damage|p2a: Weavile|0 fnt","|faint|p2a: Weavile","|","|","|switch|p2a: Tyranitar|Tyranitar, M|341/341","|-weather|Sandstorm","|turn|18","|","|detailschange|p2a: Tyranitar|Tyranitar-Mega, M","|-mega|p2a: Tyranitar|Tyranitar|Tyranitarite","|move|p1a: Genesect|Blaze Kick|p2a: Tyranitar","|-resisted|p2a: Tyranitar","|-damage|p2a: Tyranitar|271/341","|move|p2a: Tyranitar|Fire Punch|p1a: Genesect","|-supereffective|p1a: Genesect","|-damage|p1a: Genesect|0 fnt","|faint|p1a: Genesect","|","|-weather|Sandstorm|[upkeep]","|","|switch|p1a: Volcarona|Volcarona, F|311/311","|turn|19","|","|move|p1a: Volcarona|Bug Buzz|p2a: Tyranitar","|-supereffective|p2a: Tyranitar","|-damage|p2a: Tyranitar|77/341","|move|p2a: Tyranitar|Stone Edge|p1a: Volcarona","|-crit|p1a: Volcarona","|-supereffective|p1a: Volcarona","|-enditem|p1a: Volcarona|Focus Sash","|-damage|p1a: Volcarona|1/311","|","|-weather|Sandstorm|[upkeep]","|-damage|p1a: Volcarona|0 fnt|[from] sandstorm","|faint|p1a: Volcarona","|","|switch|p1a: Scolipede|Scolipede, F, shiny|261/261","|turn|20","|","|move|p1a: Scolipede|Earthquake|p2a: Tyranitar","|-supereffective|p2a: Tyranitar","|-damage|p2a: Tyranitar|0 fnt","|faint|p2a: Tyranitar","|","|-weather|Sandstorm|[upkeep]","|-damage|p1a: Scolipede|245/261|[from] sandstorm","|-boost|p1a: Scolipede|spe|1|[from] ability: Speed Boost","|","|switch|p2a: Mandibuzz|Mandibuzz, F|216/424","|turn|21","|","|move|p1a: Scolipede|Rock Slide|p2a: Mandibuzz","|-supereffective|p2a: Mandibuzz","|-damage|p2a: Mandibuzz|96/424","|cant|p2a: Mandibuzz|flinch","|","|-weather|Sandstorm|[upkeep]","|-damage|p1a: Scolipede|229/261|[from] sandstorm","|-heal|p2a: Mandibuzz|122/424|[from] item: Leftovers","|-boost|p1a: Scolipede|spe|1|[from] ability: Speed Boost","|turn|22","|","|move|p1a: Scolipede|Rock Slide|p2a: Mandibuzz","|-supereffective|p2a: Mandibuzz","|-damage|p2a: Mandibuzz|4/424","|cant|p2a: Mandibuzz|flinch","|","|-weather|none","|-heal|p2a: Mandibuzz|30/424|[from] item: Leftovers","|-boost|p1a: Scolipede|spe|1|[from] ability: Speed Boost","|turn|23","|","|move|p1a: Scolipede|Rock Slide|p2a: Mandibuzz","|-supereffective|p2a: Mandibuzz","|-damage|p2a: Mandibuzz|0 fnt","|faint|p2a: Mandibuzz","|","|win|TIL4-Emil"],"p1rating":{"entryid":"6932576","serverid":"eos","formatid":"monotype","userid":"til4emil","username":"TIL4-Emil","w":33,"l":"24","t":"0","gxe":57.9,"r":"1553.0174856812","rd":"52.617458046989","sigma":"0","rptime":"1439802000","rpr":1560.2639126696,"rprd":52.047864162231,"rpsigma":"0","acre":1163.8852673461,"lacre":1163.8852673461,"oldacre":"1145.8943684681"},"p2rating":{"entryid":"5967765","serverid":"eos","formatid":"monotype","userid":"thunderdriver","username":"ThunderDriver","w":"25","l":24,"t":"0","gxe":50.1,"r":1509.7022689325,"rd":59.723175144186,"sigma":"0","rptime":1439802000,"rpr":1501.0599108568,"rprd":58.895140248944,"rpsigma":"0","acre":1033.665202668,"lacre":1033.665202668,"oldacre":"1045.8061220814"},"endType":"normal"}