{"seed":[20784,5327,25106,11423],"turns":35,"p1":"Apex✦ Warmachine","p2":"Cheeky Banter","p1team":[{"name":"Diancie","species":"Diancie","item":"diancite","ability":"Clear Body","moves":["diamondstorm","earthpower","moonblast","rockpolish"],"nature":"Timid","evs":{"hp":48,"atk":4,"def":0,"spa":252,"spd":0,"spe":204},"ivs":{"hp":31,"atk":31,"def":31,"spa":31,"spd":31,"spe":31}},{"name":"Slurpuff","species":"Slurpuff","item":"sitrusberry","ability":"Unburden","moves":["playrough","drainpunch","protect","bellydrum"],"nature":"Adamant","evs":{"hp":4,"atk":252,"def":0,"spa":0,"spd":72,"spe":180},"ivs":{"hp":31,"atk":31,"def":31,"spa":31,"spd":31,"spe":31}},{"name":"Azumarill","species":"Azumarill","item":"sitrusberry","ability":"Huge Power","moves":["aquajet","icepunch","playrough","bellydrum"],"nature":"Adamant","evs":{"hp":4,"atk":252,"def":0,"spa":0,"spd":0,"spe":252},"ivs":{"hp":31,"atk":31,"def":31,"spa":31,"spd":31,"spe":31}},{"name":"Togekiss","species":"Togekiss","item":"leftovers","ability":"Serene Grace","moves":["thunderwave","roost","airslash","dazzlinggleam"],"nature":"Calm","evs":{"hp":120,"atk":0,"def":0,"spa":252,"spd":0,"spe":136},"ivs":{"hp":31,"atk":31,"def":31,"spa":31,"spd":31,"spe":31}},{"name":"Sylveon","species":"Sylveon","item":"wiseglasses","ability":"Pixilate","moves":["hypervoice","shadowball","hiddenpowerfire","healbell"],"nature":"Modest","evs":{"hp":112,"atk":0,"def":0,"spa":252,"spd":0,"spe":144},"ivs":{"hp":31,"atk":30,"def":31,"spa":30,"spd":31,"spe":30}},{"name":"Klefki","species":"Klefki","item":"lightclay","ability":"Prankster","moves":["reflect","lightscreen","thunderwave","toxic"],"nature":"Sassy","evs":{"hp":0,"atk":0,"def":252,"spa":4,"spd":252,"spe":0},"ivs":{"hp":31,"atk":31,"def":31,"spa":31,"spd":31,"spe":31}}],"p2team":[{"name":"Full Force","species":"dragonite","item":"lumberry","ability":"Multiscale","moves":["extremespeed","firepunch","outrage","dragondance"],"nature":"Adamant","evs":{"hp":248,"atk":252,"def":0,"spa":0,"spd":8,"spe":0},"ivs":{"hp":31,"atk":31,"def":31,"spa":31,"spd":31,"spe":31}},{"name":"Skar'd For Life","species":"skarmory","item":"rockyhelmet","ability":"Sturdy","moves":["whirlwind","roost","stealthrock","ironhead"],"nature":"Impish","evs":{"hp":248,"atk":0,"def":252,"spa":0,"spd":8,"spe":0},"ivs":{"hp":31,"atk":31,"def":31,"spa":31,"spd":31,"spe":31}},{"name":"Red Rage","species":"gyarados","item":"gyaradosite","ability":"Intimidate","moves":["taunt","waterfall","crunch","dragondance"],"nature":"Adamant","evs":{"hp":0,"atk":252,"def":0,"spa":0,"spd":4,"spe":252},"gender":"M","shiny":true,"ivs":{"hp":31,"atk":31,"def":31,"spa":31,"spd":31,"spe":31}},{"name":"Total Grace","species":"togekiss","item":"leftovers","ability":"Serene Grace","moves":["thunderwave","airslash","roost","dazzlinggleam"],"nature":"Calm","evs":{"hp":252,"atk":0,"def":0,"spa":4,"spd":252,"spe":0},"ivs":{"hp":31,"atk":31,"def":31,"spa":31,"spd":31,"spe":31}},{"name":"Turn it around","species":"thundurus","item":"leftovers","ability":"Prankster","moves":["hiddenpowerice","voltswitch","taunt","thunderwave"],"nature":"Timid","evs":{"hp":0,"atk":0,"def":0,"spa":252,"spd":4,"spe":252},"ivs":{"hp":31,"atk":30,"def":30,"spa":31,"spd":31,"spe":31}},{"name":"Buzz Feed","species":"mandibuzz","item":"leftovers","ability":"Overcoat","moves":["foulplay","roost","defog","toxic"],"nature":"Serious","evs":{"hp":196,"atk":0,"def":56,"spa":0,"spd":200,"spe":56},"ivs":{"hp":31,"atk":31,"def":31,"spa":31,"spd":31,"spe":31}}],"log":["|player|p1|Apex✦ Warmachine|293","|player|p2|Cheeky Banter|266","|gametype|singles","|gen|6","|tier|Monotype","|rated","|rule|Baton Pass Clause: Limit one Baton Passer, can't pass Spe and other stats simultaneously","|rule|Swagger Clause: Swagger is banned","|rule|Same Type Clause: Pokémon in a team must share a type","|clearpoke","|poke|p1|Diancie","|poke|p1|Slurpuff, M","|poke|p1|Azumarill, F","|poke|p1|Togekiss, M","|poke|p1|Sylveon, F","|poke|p1|Klefki, F","|poke|p2|Dragonite, F","|poke|p2|Skarmory, F","|poke|p2|Gyarados, M, shiny","|poke|p2|Togekiss, M","|poke|p2|Thundurus, M","|poke|p2|Mandibuzz, F","|rule|Sleep Clause Mod: Limit one foe put to sleep","|rule|Species Clause: Limit one of each Pokémon","|rule|OHKO Clause: OHKO moves are banned","|rule|Moody Clause: Moody is banned","|rule|Evasion Moves Clause: Evasion moves are banned","|rule|Endless Battle Clause: Forcing endless battles is banned","|rule|HP Percentage Mod: HP is shown in percentages","|teampreview","|","|start","|switch|p1a: Klefki|Klefki, F|255/255","|switch|p2a: Turn it around|Thundurus, M|299/299","|turn|1","|","|move|p2a: Turn it around|Taunt|p1a: Klefki","|-start|p1a: Klefki|move: Taunt","|cant|p1a: Klefki|move: Taunt|Light Screen","|","|turn|2","|","|switch|p1a: Sylveon|Sylveon, F|359/359","|move|p2a: Turn it around|Thunder Wave|p1a: Sylveon","|-status|p1a: Sylveon|par","|","|turn|3","|","|move|p2a: Turn it around|Volt Switch|p1a: Sylveon","|-damage|p1a: Sylveon|256/359 par","|","|switch|p2a: Buzz Feed|Mandibuzz, F|410/410","|move|p1a: Sylveon|Hyper Voice|p2a: Buzz Feed","|-crit|p2a: Buzz Feed","|-supereffective|p2a: Buzz Feed","|-damage|p2a: Buzz Feed|0 fnt","|faint|p2a: Buzz Feed","|","|","|switch|p2a: Total Grace|Togekiss, M|374/374","|turn|4","|","|switch|p1a: Klefki|Klefki, F|255/255","|move|p2a: Total Grace|Air Slash|p1a: Klefki","|-resisted|p1a: Klefki","|-damage|p1a: Klefki|213/255","|","|turn|5","|","|move|p1a: Klefki|Light Screen|p1a: Klefki","|-sidestart|p1: Apex✦ Warmachine|move: Light Screen","|move|p2a: Total Grace|Thunder Wave|p1a: Klefki","|-status|p1a: Klefki|par","|","|turn|6","|","|switch|p2a: Turn it around|Thundurus, M|299/299","|move|p1a: Klefki|Reflect|p1a: Klefki","|-sidestart|p1: Apex✦ Warmachine|Reflect","|","|turn|7","|","|switch|p1a: Sylveon|Sylveon, F|256/359 par","|move|p2a: Turn it around|Volt Switch|p1a: Sylveon","|-damage|p1a: Sylveon|209/359 par","|","|switch|p2a: Skar'd For Life|Skarmory, F|333/333","|","|turn|8","|","|move|p2a: Skar'd For Life|Stealth Rock|p1a: Sylveon","|-sidestart|p1: Apex✦ Warmachine|move: Stealth Rock","|move|p1a: Sylveon|Hidden Power|p2a: Skar'd For Life","|-supereffective|p2a: Skar'd For Life","|-damage|p2a: Skar'd For Life|123/333","|","|turn|9","|","|move|p1a: Sylveon|Heal Bell|p1a: Sylveon","|-cureteam|p1a: Sylveon|[from] move: HealBell","|move|p2a: Skar'd For Life|Whirlwind|p1a: Sylveon","|drag|p1a: Slurpuff|Slurpuff, M|306/306","|-damage|p1a: Slurpuff|268/306|[from] Stealth Rock","|","|turn|10","|","|move|p1a: Slurpuff|Drain Punch|p2a: Skar'd For Life","|-damage|p2a: Skar'd For Life|81/333","|-heal|p1a: Slurpuff|289/306|[from] drain|[of] p2a: Skar'd For Life","|-damage|p1a: Slurpuff|238/306|[from] item: Rocky Helmet|[of] p2a: Skar'd For Life","|move|p2a: Skar'd For Life|Whirlwind|p1a: Slurpuff","|drag|p1a: Togekiss|Togekiss, M|341/341","|-damage|p1a: Togekiss|256/341|[from] Stealth Rock","|","|-heal|p1a: Togekiss|277/341|[from] item: Leftovers","|turn|11","|","|switch|p2a: Turn it around|Thundurus, M|299/299","|move|p1a: Togekiss|Thunder Wave|p2a: Turn it around","|-immune|p2a: Turn it around|[msg]","|","|-heal|p1a: Togekiss|298/341|[from] item: Leftovers","|turn|12","|","|switch|p1a: Klefki|Klefki, F|213/255","|-damage|p1a: Klefki|198/255|[from] Stealth Rock","|move|p2a: Turn it around|Thunder Wave|p1a: Klefki","|-status|p1a: Klefki|par","|","|-sideend|p1: Apex✦ Warmachine|move: Light Screen","|turn|13","|","|move|p2a: Turn it around|Taunt|p1a: Klefki","|-start|p1a: Klefki|move: Taunt","|cant|p1a: Klefki|move: Taunt|Light Screen","|","|-sideend|p1: Apex✦ Warmachine|Reflect","|turn|14","|","|switch|p1a: Sylveon|Sylveon, F|209/359","|-damage|p1a: Sylveon|165/359|[from] Stealth Rock","|move|p2a: Turn it around|Volt Switch|p1a: Sylveon","|-damage|p1a: Sylveon|63/359","|","|switch|p2a: Full Force|Dragonite, F|385/385","|","|turn|15","|","|move|p2a: Full Force|Extreme Speed|p1a: Sylveon","|-crit|p1a: Sylveon","|-damage|p1a: Sylveon|0 fnt","|faint|p1a: Sylveon","|","|","|switch|p1a: Klefki|Klefki, F|198/255 par","|-damage|p1a: Klefki|183/255 par|[from] Stealth Rock","|turn|16","|","|move|p1a: Klefki|Toxic|p2a: Full Force","|-status|p2a: Full Force|tox","|-enditem|p2a: Full Force|Lum Berry|[eat]","|-curestatus|p2a: Full Force|tox","|move|p2a: Full Force|Dragon Dance|p2a: Full Force","|-boost|p2a: Full Force|atk|1","|-boost|p2a: Full Force|spe|1","|","|turn|17","|","|move|p1a: Klefki|Thunder Wave|p2a: Full Force","|-status|p2a: Full Force|par","|move|p2a: Full Force|Fire Punch|p1a: Klefki","|-supereffective|p1a: Klefki","|-damage|p1a: Klefki|0 fnt","|faint|p1a: Klefki","|","|","|switch|p1a: Slurpuff|Slurpuff, M|238/306","|-damage|p1a: Slurpuff|200/306|[from] Stealth Rock","|turn|18","|","|move|p2a: Full Force|Extreme Speed|p1a: Slurpuff","|-damage|p1a: Slurpuff|7/306","|-enditem|p1a: Slurpuff|Sitrus Berry|[eat]","|-heal|p1a: Slurpuff|83/306|[from] item: Sitrus Berry","|move|p1a: Slurpuff|Belly Drum|p1a: Slurpuff","|-fail|p1a: Slurpuff","|","|turn|19","|","|cant|p2a: Full Force|par","|move|p1a: Slurpuff|Play Rough|p2a: Full Force|[miss]","|-miss|p1a: Slurpuff|p2a: Full Force","|","|turn|20","|","|cant|p2a: Full Force|par","|move|p1a: Slurpuff|Play Rough|p2a: Full Force","|-supereffective|p2a: Full Force","|-damage|p2a: Full Force|259/385 par","|","|turn|21","|","|move|p2a: Full Force|Extreme Speed|p1a: Slurpuff","|-damage|p1a: Slurpuff|0 fnt","|faint|p1a: Slurpuff","|","|","|switch|p1a: Diancie|Diancie|253/253","|-damage|p1a: Diancie|222/253|[from] Stealth Rock","|turn|22","|","|detailschange|p1a: Diancie|Diancie-Mega","|-mega|p1a: Diancie|Diancie|Diancite","|move|p2a: Full Force|Extreme Speed|p1a: Diancie","|-resisted|p1a: Diancie","|-damage|p1a: Diancie|150/253","|move|p1a: Diancie|Rock Polish|p1a: Diancie","|-boost|p1a: Diancie|spe|2","|","|turn|23","|","|move|p2a: Full Force|Extreme Speed|p1a: Diancie","|-resisted|p1a: Diancie","|-damage|p1a: Diancie|73/253","|move|p1a: Diancie|Moonblast|p2a: Full Force","|-supereffective|p2a: Full Force","|-damage|p2a: Full Force|0 fnt","|faint|p2a: Full Force","|","|","|switch|p2a: Red Rage|Gyarados, M, shiny|331/331","|-ability|p2a: Red Rage|Intimidate","|-unboost|p1a: Diancie|atk|1","|turn|24","|","|detailschange|p2a: Red Rage|Gyarados-Mega, M, shiny","|-mega|p2a: Red Rage|Gyarados|Gyaradosite","|-ability|p2a: Red Rage|Mold Breaker","|move|p1a: Diancie|Moonblast|p2a: Red Rage","|-supereffective|p2a: Red Rage","|-damage|p2a: Red Rage|1/331","|-unboost|p2a: Red Rage|spa|1","|move|p2a: Red Rage|Waterfall|p1a: Diancie","|-supereffective|p1a: Diancie","|-damage|p1a: Diancie|0 fnt","|faint|p1a: Diancie","|","|","|switch|p1a: Azumarill|Azumarill, F|342/342","|-damage|p1a: Azumarill|300/342|[from] Stealth Rock","|turn|25","|","|switch|p2a: Skar'd For Life|Skarmory, F|81/333","|move|p1a: Azumarill|Aqua Jet|p2a: Skar'd For Life","|-damage|p2a: Skar'd For Life|33/333","|-damage|p1a: Azumarill|243/342|[from] item: Rocky Helmet|[of] p2a: Skar'd For Life","|","|turn|26","|","|move|p1a: Azumarill|Aqua Jet|p2a: Skar'd For Life","|-damage|p2a: Skar'd For Life|0 fnt","|-damage|p1a: Azumarill|186/342|[from] item: Rocky Helmet|[of] p2a: Skar'd For Life","|faint|p2a: Skar'd For Life","|","|","|switch|p2a: Turn it around|Thundurus, M|299/299","|turn|27","|","|move|p1a: Azumarill|Aqua Jet|p2a: Turn it around","|-damage|p2a: Turn it around|175/299","|move|p2a: Turn it around|Volt Switch|p1a: Azumarill","|-supereffective|p1a: Azumarill","|-damage|p1a: Azumarill|0 fnt","|faint|p1a: Azumarill","|","|switch|p2a: Total Grace|Togekiss, M|374/374","|","|","|switch|p1a: Togekiss|Togekiss, M|298/341","|-damage|p1a: Togekiss|213/341|[from] Stealth Rock","|turn|28","|","|move|p1a: Togekiss|Thunder Wave|p2a: Total Grace","|-status|p2a: Total Grace|par","|move|p2a: Total Grace|Thunder Wave|p1a: Togekiss","|-status|p1a: Togekiss|par","|","|-heal|p1a: Togekiss|234/341 par|[from] item: Leftovers","|turn|29","|","|switch|p2a: Turn it around|Thundurus, M|175/299","|move|p1a: Togekiss|Roost|p1a: Togekiss","|-heal|p1a: Togekiss|341/341 par","|","|-heal|p2a: Turn it around|193/299|[from] item: Leftovers","|turn|30","|","|move|p2a: Turn it around|Hidden Power|p1a: Togekiss","|-supereffective|p1a: Togekiss","|-damage|p1a: Togekiss|231/341 par","|cant|p1a: Togekiss|par","|","|-heal|p2a: Turn it around|211/299|[from] item: Leftovers","|-heal|p1a: Togekiss|252/341 par|[from] item: Leftovers","|turn|31","|","|move|p2a: Turn it around|Hidden Power|p1a: Togekiss","|-supereffective|p1a: Togekiss","|-damage|p1a: Togekiss|146/341 par","|move|p1a: Togekiss|Roost|p1a: Togekiss","|-heal|p1a: Togekiss|317/341 par","|","|-heal|p2a: Turn it around|229/299|[from] item: Leftovers","|-heal|p1a: Togekiss|338/341 par|[from] item: Leftovers","|turn|32","|","|move|p2a: Turn it around|Hidden Power|p1a: Togekiss","|-crit|p1a: Togekiss","|-supereffective|p1a: Togekiss","|-damage|p1a: Togekiss|158/341 par","|move|p1a: Togekiss|Dazzling Gleam|p2a: Turn it around","|-damage|p2a: Turn it around|79/299","|","|-heal|p2a: Turn it around|97/299|[from] item: Leftovers","|-heal|p1a: Togekiss|179/341 par|[from] item: Leftovers","|turn|33","|","|move|p2a: Turn it around|Taunt|p1a: Togekiss","|-start|p1a: Togekiss|move: Taunt","|cant|p1a: Togekiss|move: Taunt|Roost","|","|-heal|p2a: Turn it around|115/299|[from] item: Leftovers","|-heal|p1a: Togekiss|200/341 par|[from] item: Leftovers","|turn|34","|","|move|p2a: Turn it around|Volt Switch|p1a: Togekiss","|-supereffective|p1a: Togekiss","|-damage|p1a: Togekiss|18/341 par","|","|switch|p2a: Red Rage|Gyarados-Mega, M, shiny|1/331","|-ability|p2a: Red Rage|Mold Breaker","|move|p1a: Togekiss|Dazzling Gleam|p2a: Red Rage","|-supereffective|p2a: Red Rage","|-damage|p2a: Red Rage|0 fnt","|faint|p2a: Red Rage","|","|-heal|p1a: Togekiss|39/341 par|[from] item: Leftovers","|","|switch|p2a: Turn it around|Thundurus, M|115/299","|turn|35","|","|win|Cheeky Banter"],"p1rating":{"entryid":"1756","serverid":"eos","formatid":"monotype","userid":"apexwarmachine","username":"Apex✦ Warmachine","w":"3","l":2,"t":"0","gxe":53.6,"r":"1500","rd":"130","sigma":"0","rptime":"1439802000","rpr":1528.1351692769,"rprd":102.83219891053,"rpsigma":"0","acre":1069.9476330261,"lacre":1069.9476330261,"oldacre":"1095.5449265177"},"p2rating":{"entryid":"4494","serverid":"eos","formatid":"monotype","userid":"cheekybanter","username":"Cheeky Banter","w":3,"l":"0","t":"0","gxe":62.3,"r":"1500","rd":"130","sigma":"0","rptime":"1439802000","rpr":1599.2675350834,"rprd":111.51861011339,"rpsigma":"0","acre":1107.3151552345,"lacre":1107.3151552345,"oldacre":"1077.4576116564"},"endType":"forfeit"}