{"seed":[42381,63336,50320,44939],"turns":26,"p1":"Guard Wanderer","p2":"Republic Zekro","p1team":[{"name":"Ariados","species":"Ariados","item":"focussash","ability":"Insomnia","moves":["agility","batonpass","stickyweb","suckerpunch"],"nature":"Impish","evs":{"hp":0,"atk":0,"def":188,"spa":0,"spd":68,"spe":252},"ivs":{"hp":31,"atk":31,"def":31,"spa":31,"spd":31,"spe":31}},{"name":"Tentacruel","species":"Tentacruel","item":"assaultvest","ability":"Liquid Ooze","moves":["scald","acidspray","gigadrain","hex"],"nature":"Timid","evs":{"hp":4,"atk":0,"def":0,"spa":252,"spd":0,"spe":252},"ivs":{"hp":31,"atk":31,"def":31,"spa":31,"spd":31,"spe":31}},{"name":"Skuntank","species":"Skuntank","item":"","ability":"Aftermath","moves":["snatch","thief","suckerpunch","poisonjab"],"nature":"Adamant","evs":{"hp":248,"atk":252,"def":0,"spa":0,"spd":8,"spe":0},"ivs":{"hp":31,"atk":31,"def":31,"spa":31,"spd":31,"spe":31}},{"name":"Venusaur","species":"Venusaur","item":"bigroot","ability":"Overgrow","moves":["gigadrain","leechseed","substitute","grassyterrain"],"nature":"Calm","evs":{"hp":248,"atk":0,"def":0,"spa":8,"spd":252,"spe":0},"ivs":{"hp":31,"atk":31,"def":31,"spa":31,"spd":31,"spe":31}},{"name":"Crobat","species":"Crobat","item":"whiteherb","ability":"Infiltrator","moves":["curse","bravebird","roost","snatch"],"nature":"Jolly","evs":{"hp":248,"atk":8,"def":0,"spa":0,"spd":0,"spe":252},"ivs":{"hp":31,"atk":31,"def":31,"spa":31,"spd":31,"spe":31}},{"name":"Nidoking","species":"Nidoking","item":"lifeorb","ability":"Sheer Force","moves":["icebeam","flamethrower","sludgewave","earthpower"],"nature":"Timid","evs":{"hp":0,"atk":0,"def":0,"spa":252,"spd":4,"spe":252},"ivs":{"hp":31,"atk":31,"def":31,"spa":31,"spd":31,"spe":31}}],"p2team":[{"name":"Shadow","species":"zoroark","item":"lifeorb","ability":"Illusion","moves":["darkpulse","flamethrower","nastyplot","extrasensory"],"nature":"Timid","evs":{"hp":4,"atk":0,"def":0,"spa":252,"spd":0,"spe":252},"shiny":true,"ivs":{"hp":31,"atk":31,"def":31,"spa":31,"spd":31,"spe":31}},{"name":"Beerus","species":"absol","item":"absolite","ability":"Pressure","moves":["knockoff","swordsdance","playrough","suckerpunch"],"nature":"Jolly","evs":{"hp":0,"atk":252,"def":0,"spa":0,"spd":4,"spe":252},"ivs":{"hp":31,"atk":31,"def":31,"spa":31,"spd":31,"spe":31}},{"name":"walpurgisnacht","species":"mandibuzz","item":"leftovers","ability":"Overcoat","moves":["roost","foulplay","toxic","knockoff"],"nature":"Impish","evs":{"hp":252,"atk":4,"def":252,"spa":0,"spd":0,"spe":0},"shiny":true,"ivs":{"hp":31,"atk":31,"def":31,"spa":31,"spd":31,"spe":31}},{"name":"Tsukiyomi","species":"umbreon","item":"leftovers","ability":"Synchronize","moves":["protect","wish","healbell","foulplay"],"nature":"Careful","evs":{"hp":252,"atk":0,"def":128,"spa":0,"spd":128,"spe":0},"shiny":true,"ivs":{"hp":31,"atk":31,"def":31,"spa":31,"spd":31,"spe":31}},{"name":"Ramalam","species":"malamar","item":"leftovers","ability":"Contrary","moves":["superpower","knockoff","psychocut","destinybond"],"nature":"Adamant","evs":{"hp":248,"atk":252,"def":0,"spa":0,"spd":8,"spe":0},"ivs":{"hp":31,"atk":31,"def":31,"spa":31,"spd":31,"spe":31}},{"name":"Shikyō","species":"bisharp","item":"","ability":"Defiant","moves":["ironhead","suckerpunch","poisonjab","swordsdance"],"nature":"Adamant","evs":{"hp":248,"atk":252,"def":8,"spa":0,"spd":0,"spe":0},"ivs":{"hp":31,"atk":31,"def":31,"spa":31,"spd":31,"spe":31}}],"log":["|player|p1|Guard Wanderer|235","|player|p2|Republic Zekro|132","|gametype|singles","|gen|6","|tier|Monotype","|rated","|rule|Baton Pass Clause: Limit one Baton Passer, can't pass Spe and other stats simultaneously","|rule|Swagger Clause: Swagger is banned","|rule|Same Type Clause: Pokémon in a team must share a type","|clearpoke","|poke|p1|Ariados, M","|poke|p1|Tentacruel, F","|poke|p1|Skuntank, M","|poke|p1|Venusaur, F","|poke|p1|Crobat, F","|poke|p1|Nidoking, M","|poke|p2|Zoroark, F, shiny","|poke|p2|Absol, M","|poke|p2|Mandibuzz, F, shiny","|poke|p2|Umbreon, M, shiny","|poke|p2|Malamar, M","|poke|p2|Bisharp, M","|rule|Sleep Clause Mod: Limit one foe put to sleep","|rule|Species Clause: Limit one of each Pokémon","|rule|OHKO Clause: OHKO moves are banned","|rule|Moody Clause: Moody is banned","|rule|Evasion Moves Clause: Evasion moves are banned","|rule|Endless Battle Clause: Forcing endless battles is banned","|rule|HP Percentage Mod: HP is shown in percentages","|teampreview","|","|start","|switch|p1a: Ariados|Ariados, M|281/281","|switch|p2a: Ramalam|Malamar, M|375/375","|turn|1","|","|switch|p2a: walpurgisnacht|Mandibuzz, F, shiny|424/424","|move|p1a: Ariados|Agility|p1a: Ariados","|-boost|p1a: Ariados|spe|2","|","|turn|2","|","|move|p1a: Ariados|Baton Pass|p1a: Ariados","|","|switch|p1a: Nidoking|Nidoking, M|303/303","|move|p2a: walpurgisnacht|Knock Off|p1a: Nidoking","|-damage|p1a: Nidoking|200/303","|-enditem|p1a: Nidoking|Life Orb|[from] move: Knock Off|[of] p2a: walpurgisnacht","|","|turn|3","|","|move|p1a: Nidoking|Ice Beam|p2a: walpurgisnacht","|-supereffective|p2a: walpurgisnacht","|-damage|p2a: walpurgisnacht|214/424","|move|p2a: walpurgisnacht|Foul Play|p1a: Nidoking","|-damage|p1a: Nidoking|67/303","|","|-heal|p2a: walpurgisnacht|240/424|[from] item: Leftovers","|turn|4","|","|move|p1a: Nidoking|Sludge Wave|p2a: walpurgisnacht","|-damage|p2a: walpurgisnacht|78/424","|move|p2a: walpurgisnacht|Foul Play|p1a: Nidoking","|-damage|p1a: Nidoking|0 fnt","|faint|p1a: Nidoking","|","|-heal|p2a: walpurgisnacht|104/424|[from] item: Leftovers","|","|switch|p1a: Skuntank|Skuntank, M|409/409","|turn|5","|","|switch|p2a: Ramalam|Malamar, M|375/375","|move|p1a: Skuntank|Thief|p2a: Ramalam","|-damage|p2a: Ramalam|266/375","|-item|p1a: Skuntank|Leftovers|[from] move: Thief|[of] p2a: Ramalam","|","|turn|6","|","|move|p1a: Skuntank|Poison Jab|p2a: Ramalam","|-damage|p2a: Ramalam|115/375","|-status|p2a: Ramalam|psn","|move|p2a: Ramalam|Superpower|p1a: Skuntank","|-damage|p1a: Skuntank|235/409","|-boost|p2a: Ramalam|atk|1","|-boost|p2a: Ramalam|def|1","|","|-heal|p1a: Skuntank|260/409|[from] item: Leftovers","|-damage|p2a: Ramalam|69/375 psn|[from] psn","|turn|7","|","|move|p1a: Skuntank|Sucker Punch|p2a: Ramalam","|-damage|p2a: Ramalam|0 fnt","|faint|p2a: Ramalam","|","|-heal|p1a: Skuntank|285/409|[from] item: Leftovers","|","|switch|p2a: Shikyō|Bisharp, M|262/262","|turn|8","|","|move|p1a: Skuntank|Snatch|p1a: Skuntank","|-singleturn|p1a: Skuntank|Snatch","|move|p2a: Shikyō|Nasty Plot|p2a: Shikyō","|-activate|p1a: Skuntank|Snatch|[of] p2a: Shikyō","|move|p1a: Skuntank|Nasty Plot|p1a: Skuntank|[from]Snatch","|-boost|p1a: Skuntank|spa|2","|","|-heal|p1a: Skuntank|310/409|[from] item: Leftovers","|turn|9","|","|move|p2a: Shikyō|Nasty Plot|p2a: Shikyō","|-boost|p2a: Shikyō|spa|2","|move|p1a: Skuntank|Poison Jab|p2a: Shikyō","|replace|p2a: Shadow|Zoroark, F, shiny|262/262","|-damage|p2a: Shadow|75/262","|","|-heal|p1a: Skuntank|335/409|[from] item: Leftovers","|turn|10","|","|move|p1a: Skuntank|Sucker Punch|p2a: Shadow","|-resisted|p2a: Shadow","|-damage|p2a: Shadow|0 fnt","|faint|p2a: Shadow","|","|-heal|p1a: Skuntank|360/409|[from] item: Leftovers","|","|switch|p2a: Shikyō|Bisharp, M|333/333","|turn|11","|","|move|p1a: Skuntank|Snatch|p1a: Skuntank","|-singleturn|p1a: Skuntank|Snatch","|move|p2a: Shikyō|Sucker Punch|p1a: Skuntank","|-fail|p2a: Shikyō","|","|-heal|p1a: Skuntank|385/409|[from] item: Leftovers","|turn|12","|","|move|p1a: Skuntank|Thief|p2a: Shikyō","|-crit|p2a: Shikyō","|-resisted|p2a: Shikyō","|-damage|p2a: Shikyō|261/333","|move|p2a: Shikyō|Iron Head|p1a: Skuntank","|-damage|p1a: Skuntank|168/409","|","|-heal|p1a: Skuntank|193/409|[from] item: Leftovers","|turn|13","|","|move|p1a: Skuntank|Sucker Punch|p2a: Shikyō","|-fail|p1a: Skuntank","|move|p2a: Shikyō|Swords Dance|p2a: Shikyō","|-boost|p2a: Shikyō|atk|2","|","|-heal|p1a: Skuntank|218/409|[from] item: Leftovers","|turn|14","|","|move|p1a: Skuntank|Sucker Punch|p2a: Shikyō","|-resisted|p2a: Shikyō","|-damage|p2a: Shikyō|201/333","|move|p2a: Shikyō|Iron Head|p1a: Skuntank","|-damage|p1a: Skuntank|0 fnt","|-damage|p2a: Shikyō|118/333|[from] ability: Aftermath|[of] p1a: Skuntank","|faint|p1a: Skuntank","|","|","|switch|p1a: Ariados|Ariados, M|281/281","|turn|15","|","|move|p1a: Ariados|Sticky Web|p2a: Shikyō","|-sidestart|p2: Republic Zekro|move: Sticky Web","|move|p2a: Shikyō|Iron Head|p1a: Ariados","|-enditem|p1a: Ariados|Focus Sash","|-damage|p1a: Ariados|1/281","|","|turn|16","|","|move|p1a: Ariados|Sucker Punch|p2a: Shikyō","|-resisted|p2a: Shikyō","|-damage|p2a: Shikyō|88/333","|move|p2a: Shikyō|Iron Head|p1a: Ariados","|-damage|p1a: Ariados|0 fnt","|faint|p1a: Ariados","|","|","|switch|p1a: Crobat|Crobat, F|373/373","|turn|17","|","|move|p2a: Shikyō|Sucker Punch|p1a: Crobat","|-fail|p2a: Shikyō","|move|p1a: Crobat|Curse|p1a: Crobat","|-unboost|p1a: Crobat|spe|1","|-boost|p1a: Crobat|atk|1","|-boost|p1a: Crobat|def|1","|-enditem|p1a: Crobat|White Herb","|-restoreboost|p1a: Crobat|[silent]","|","|turn|18","|","|move|p1a: Crobat|Brave Bird|p2a: Shikyō","|-resisted|p2a: Shikyō","|-damage|p2a: Shikyō|0 fnt","|-damage|p1a: Crobat|344/373|[from] recoil|[of] p2a: Shikyō","|faint|p2a: Shikyō","|","|","|switch|p2a: Tsukiyomi|Umbreon, M, shiny|394/394","|-activate|p2a: Tsukiyomi|move: Sticky Web","|-unboost|p2a: Tsukiyomi|spe|1","|turn|19","|","|move|p1a: Crobat|Snatch|p1a: Crobat","|-singleturn|p1a: Crobat|Snatch","|move|p2a: Tsukiyomi|Foul Play|p1a: Crobat","|-damage|p1a: Crobat|211/373","|","|turn|20","|","|move|p1a: Crobat|Brave Bird|p2a: Tsukiyomi","|-damage|p2a: Tsukiyomi|240/394","|-damage|p1a: Crobat|160/373|[from] recoil|[of] p2a: Tsukiyomi","|move|p2a: Tsukiyomi|Foul Play|p1a: Crobat","|-damage|p1a: Crobat|46/373","|","|-heal|p2a: Tsukiyomi|264/394|[from] item: Leftovers","|turn|21","|","|move|p1a: Crobat|Roost|p1a: Crobat","|-heal|p1a: Crobat|233/373","|move|p2a: Tsukiyomi|Wish|p2a: Tsukiyomi","|","|-heal|p2a: Tsukiyomi|288/394|[from] item: Leftovers","|turn|22","|","|move|p1a: Crobat|Roost|p1a: Crobat","|-heal|p1a: Crobat|373/373","|move|p2a: Tsukiyomi|Foul Play|p1a: Crobat","|-damage|p1a: Crobat|249/373","|","|-heal|p2a: Tsukiyomi|394/394|[from] move: Wish|[wisher] Tsukiyomi","|turn|23","|","|move|p1a: Crobat|Roost|p1a: Crobat","|-heal|p1a: Crobat|373/373","|move|p2a: Tsukiyomi|Foul Play|p1a: Crobat","|-damage|p1a: Crobat|249/373","|","|turn|24","|","|switch|p2a: Beerus|Absol, M|271/271","|-activate|p2a: Beerus|move: Sticky Web","|-unboost|p2a: Beerus|spe|1","|-ability|p2a: Beerus|Pressure","|move|p1a: Crobat|Snatch|p1a: Crobat","|-singleturn|p1a: Crobat|Snatch","|","|turn|25","|","|detailschange|p2a: Beerus|Absol-Mega, M","|-mega|p2a: Beerus|Absol|Absolite","|move|p1a: Crobat|Brave Bird|p2a: Beerus","|-damage|p2a: Beerus|0 fnt","|-damage|p1a: Crobat|160/373|[from] recoil|[of] p2a: Beerus","|faint|p2a: Beerus","|","|","|switch|p2a: walpurgisnacht|Mandibuzz, F, shiny|104/424","|turn|26","|","|win|Guard Wanderer"],"p1rating":{"entryid":"6731189","serverid":"eos","formatid":"monotype","userid":"guardwanderer","username":"Guard Wanderer","w":122,"l":"148","t":"0","gxe":45.4,"r":"1462.5656404044","rd":"26.257687430158","sigma":"0","rptime":"1439802000","rpr":1465.4258865982,"rprd":25.932948668675,"rpsigma":"0","acre":1152.0521809943,"lacre":1152.0521809943,"oldacre":"1126.1864813908"},"p2rating":{"entryid":"5901635","serverid":"eos","formatid":"monotype","userid":"republiczekro","username":"Republic Zekro","w":"11","l":12,"t":"0","gxe":48.9,"r":"1514.7590928029","rd":"86.372990442368","sigma":"0","rptime":"1439802000","rpr":1491.5727563329,"rprd":83.892026310931,"rpsigma":"0","acre":1112.356587973,"lacre":1112.356587973,"oldacre":"1138.2222875765"},"endType":"forfeit"}