{"seed":[39137,25627,38363,41188],"turns":20,"p1":"Rain ☆ S.Herbs","p2":"Topaz~Pikel","p1team":[{"name":"Hippowdon","species":"Hippowdon","item":"leftovers","ability":"Sand Stream","moves":["earthquake","stealthrock","slackoff","toxic"],"nature":"Careful","evs":{"hp":252,"atk":4,"def":252,"spa":0,"spd":0,"spe":0},"shiny":true,"ivs":{"hp":31,"atk":31,"def":31,"spa":31,"spd":31,"spe":31}},{"name":"Landorus","species":"Landorus","item":"assaultvest","ability":"Sheer Force","moves":["sludgewave","earthpower","stoneedge","grassknot"],"nature":"Naive","evs":{"hp":0,"atk":4,"def":0,"spa":252,"spd":0,"spe":252},"shiny":true,"ivs":{"hp":31,"atk":31,"def":31,"spa":31,"spd":31,"spe":31}},{"name":"Gliscor","species":"Gliscor","item":"toxicorb","ability":"Poison Heal","moves":["swordsdance","earthquake","knockoff","poisonjab"],"nature":"Careful","evs":{"hp":244,"atk":0,"def":8,"spa":0,"spd":200,"spe":56},"shiny":true,"ivs":{"hp":31,"atk":31,"def":31,"spa":31,"spd":31,"spe":31}},{"name":"Garchomp","species":"Garchomp","item":"garchompite","ability":"Rough Skin","moves":["dracometeor","earthquake","flamethrower","ironhead"],"nature":"Naive","evs":{"hp":0,"atk":4,"def":0,"spa":252,"spd":0,"spe":252},"shiny":true,"ivs":{"hp":31,"atk":31,"def":31,"spa":31,"spd":31,"spe":31}},{"name":"Excadrill","species":"Excadrill","item":"airballoon","ability":"Sand Rush","moves":["earthquake","ironhead","rockslide","swordsdance"],"nature":"Adamant","evs":{"hp":248,"atk":0,"def":0,"spa":8,"spd":8,"spe":0},"shiny":true,"ivs":{"hp":31,"atk":31,"def":31,"spa":31,"spd":31,"spe":31}},{"name":"Seismitoad","species":"Seismitoad","item":"leftovers","ability":"Water Absorb","moves":["grassknot","poisonjab","earthquake","scald"],"nature":"Lonely","evs":{"hp":252,"atk":252,"def":0,"spa":4,"spd":0,"spe":0},"ivs":{"hp":31,"atk":31,"def":31,"spa":31,"spd":31,"spe":31}}],"p2team":[{"name":"Amphabulous","species":"ampharos","item":"ampharosite","ability":"Static","moves":["thunderbolt","voltswitch","dragonpulse","focusblast"],"nature":"Modest","evs":{"hp":248,"atk":0,"def":0,"spa":252,"spd":8,"spe":0},"ivs":{"hp":31,"atk":31,"def":31,"spa":31,"spd":31,"spe":31}},{"name":"Magnetic","species":"magnezone","item":"choicespecs","ability":"Magnet Pull","moves":["thunderbolt","voltswitch","hiddenpowerfire","flashcannon"],"nature":"Modest","evs":{"hp":0,"atk":0,"def":0,"spa":252,"spd":0,"spe":252},"ivs":{"hp":31,"atk":30,"def":31,"spa":30,"spd":31,"spe":30}},{"name":"DaddyLongLegs","species":"galvantula","item":"focussash","ability":"Compound Eyes","moves":["stickyweb","thunder","bugbuzz","energyball"],"nature":"Timid","evs":{"hp":0,"atk":0,"def":0,"spa":252,"spd":4,"spe":252},"ivs":{"hp":31,"atk":31,"def":31,"spa":31,"spd":31,"spe":31}},{"name":"RAWR","species":"zapdos","item":"leftovers","ability":"Pressure","moves":["discharge","defog","heatwave","roost"],"nature":"Calm","evs":{"hp":248,"atk":0,"def":0,"spa":0,"spd":252,"spe":8},"ivs":{"hp":31,"atk":31,"def":31,"spa":31,"spd":31,"spe":31}},{"name":"Erectwire","species":"electivire","item":"lifeorb","ability":"Motor Drive","moves":["wildcharge","crosschop","icepunch","earthquake"],"nature":"Jolly","evs":{"hp":0,"atk":252,"def":0,"spa":0,"spd":4,"spe":252},"ivs":{"hp":31,"atk":31,"def":31,"spa":31,"spd":31,"spe":31}},{"name":"Zeus","species":"thundurus","item":"leftovers","ability":"Defiant","moves":["bulkup","wildcharge","superpower","knockoff"],"nature":"Jolly","evs":{"hp":0,"atk":252,"def":0,"spa":0,"spd":4,"spe":252},"ivs":{"hp":31,"atk":31,"def":31,"spa":31,"spd":31,"spe":31}}],"log":["|player|p1|Rain ☆ S.Herbs|154","|player|p2|Topaz~Pikel|pikeldeo.png","|gametype|singles","|gen|6","|tier|Monotype","|rated","|rule|Baton Pass Clause: Limit one Baton Passer, can't pass Spe and other stats simultaneously","|rule|Swagger Clause: Swagger is banned","|rule|Same Type Clause: Pokémon in a team must share a type","|clearpoke","|poke|p1|Hippowdon, M, shiny","|poke|p1|Landorus, M, shiny","|poke|p1|Gliscor, M, shiny","|poke|p1|Garchomp, M, shiny","|poke|p1|Excadrill, M, shiny","|poke|p1|Seismitoad, F","|poke|p2|Ampharos, F","|poke|p2|Magnezone","|poke|p2|Galvantula, M","|poke|p2|Zapdos","|poke|p2|Electivire, M","|poke|p2|Thundurus, M","|rule|Sleep Clause Mod: Limit one foe put to sleep","|rule|Species Clause: Limit one of each Pokémon","|rule|OHKO Clause: OHKO moves are banned","|rule|Moody Clause: Moody is banned","|rule|Evasion Moves Clause: Evasion moves are banned","|rule|Endless Battle Clause: Forcing endless battles is banned","|rule|HP Percentage Mod: HP is shown in percentages","|teampreview","|","|start","|switch|p1a: Hippowdon|Hippowdon, M, shiny|420/420","|switch|p2a: DaddyLongLegs|Galvantula, M|281/281","|-weather|Sandstorm","|turn|1","|","|move|p2a: DaddyLongLegs|Sticky Web|p1a: Hippowdon","|-sidestart|p1: Rain ☆ S.Herbs|move: Sticky Web","|move|p1a: Hippowdon|Toxic|p2a: DaddyLongLegs","|-status|p2a: DaddyLongLegs|tox","|","|-weather|Sandstorm|[upkeep]","|-damage|p2a: DaddyLongLegs|264/281 tox|[from] sandstorm","|-damage|p2a: DaddyLongLegs|247/281 tox|[from] psn","|turn|2","|","|move|p2a: DaddyLongLegs|Energy Ball|p1a: Hippowdon","|-supereffective|p1a: Hippowdon","|-damage|p1a: Hippowdon|228/420","|move|p1a: Hippowdon|Earthquake|p2a: DaddyLongLegs","|-damage|p2a: DaddyLongLegs|42/281 tox","|","|-weather|Sandstorm|[upkeep]","|-damage|p2a: DaddyLongLegs|25/281 tox|[from] sandstorm","|-heal|p1a: Hippowdon|254/420|[from] item: Leftovers","|-damage|p2a: DaddyLongLegs|0 fnt|[from] psn","|faint|p2a: DaddyLongLegs","|","|switch|p2a: Erectwire|Electivire, M|291/291","|turn|3","|","|move|p2a: Erectwire|Ice Punch|p1a: Hippowdon","|-supereffective|p1a: Hippowdon","|-damage|p1a: Hippowdon|90/420","|-damage|p2a: Erectwire|262/291|[from] item: Life Orb","|move|p1a: Hippowdon|Stealth Rock|p2a: Erectwire","|-sidestart|p2: Topaz~Pikel|move: Stealth Rock","|","|-weather|Sandstorm|[upkeep]","|-damage|p2a: Erectwire|244/291|[from] sandstorm","|-heal|p1a: Hippowdon|116/420|[from] item: Leftovers","|turn|4","|","|switch|p1a: Seismitoad|Seismitoad, F|414/414","|-activate|p1a: Seismitoad|move: Sticky Web","|-unboost|p1a: Seismitoad|spe|1","|move|p2a: Erectwire|Ice Punch|p1a: Seismitoad","|-damage|p1a: Seismitoad|258/414","|-damage|p2a: Erectwire|215/291|[from] item: Life Orb","|","|-weather|Sandstorm|[upkeep]","|-damage|p2a: Erectwire|197/291|[from] sandstorm","|-heal|p1a: Seismitoad|283/414|[from] item: Leftovers","|turn|5","|","|move|p2a: Erectwire|Cross Chop|p1a: Seismitoad","|-damage|p1a: Seismitoad|61/414","|-damage|p2a: Erectwire|168/291|[from] item: Life Orb","|move|p1a: Seismitoad|Earthquake|p2a: Erectwire","|-supereffective|p2a: Erectwire","|-damage|p2a: Erectwire|0 fnt","|faint|p2a: Erectwire","|","|-weather|none","|-heal|p1a: Seismitoad|86/414|[from] item: Leftovers","|","|switch|p2a: Zeus|Thundurus, M|299/299","|-damage|p2a: Zeus|225/299|[from] Stealth Rock","|turn|6","|","|switch|p1a: Hippowdon|Hippowdon, M, shiny|116/420","|-activate|p1a: Hippowdon|move: Sticky Web","|-unboost|p1a: Hippowdon|spe|1","|-weather|Sandstorm","|move|p2a: Zeus|Knock Off|p1a: Hippowdon","|-damage|p1a: Hippowdon|46/420","|-enditem|p1a: Hippowdon|Leftovers|[from] move: Knock Off|[of] p2a: Zeus","|","|-weather|Sandstorm|[upkeep]","|-damage|p2a: Zeus|207/299|[from] sandstorm","|-heal|p2a: Zeus|225/299|[from] item: Leftovers","|turn|7","|","|move|p2a: Zeus|Knock Off|p1a: Hippowdon","|-damage|p1a: Hippowdon|0 fnt","|faint|p1a: Hippowdon","|","|-weather|Sandstorm|[upkeep]","|-damage|p2a: Zeus|207/299|[from] sandstorm","|-heal|p2a: Zeus|225/299|[from] item: Leftovers","|","|switch|p1a: Excadrill|Excadrill, M, shiny|423/423","|-item|p1a: Excadrill|Air Balloon","|turn|8","|","|switch|p2a: Magnetic|Magnezone|281/281","|-damage|p2a: Magnetic|264/281|[from] Stealth Rock","|move|p1a: Excadrill|Rock Slide|p2a: Magnetic","|-miss|p1a: Excadrill|p2a: Magnetic","|","|-weather|Sandstorm|[upkeep]","|turn|9","|","|move|p1a: Excadrill|Earthquake|p2a: Magnetic","|-supereffective|p2a: Magnetic","|-damage|p2a: Magnetic|0 fnt","|faint|p2a: Magnetic","|","|-weather|Sandstorm|[upkeep]","|","|switch|p2a: Zeus|Thundurus, M|225/299","|-damage|p2a: Zeus|151/299|[from] Stealth Rock","|turn|10","|","|switch|p2a: Amphabulous|Ampharos, F|383/383","|-damage|p2a: Amphabulous|336/383|[from] Stealth Rock","|move|p1a: Excadrill|Rock Slide|p2a: Amphabulous","|-damage|p2a: Amphabulous|235/383","|","|-weather|none","|turn|11","|","|detailschange|p2a: Amphabulous|Ampharos-Mega, F","|-mega|p2a: Amphabulous|Ampharos|Ampharosite","|-ability|p2a: Amphabulous|Mold Breaker","|move|p1a: Excadrill|Swords Dance|p1a: Excadrill","|-boost|p1a: Excadrill|atk|2","|move|p2a: Amphabulous|Focus Blast|p1a: Excadrill|[miss]","|-miss|p2a: Amphabulous|p1a: Excadrill","|","|turn|12","|","|move|p1a: Excadrill|Earthquake|p2a: Amphabulous","|-supereffective|p2a: Amphabulous","|-damage|p2a: Amphabulous|0 fnt","|faint|p2a: Amphabulous","|","|","|switch|p2a: Zeus|Thundurus, M|151/299","|-damage|p2a: Zeus|77/299|[from] Stealth Rock","|turn|13","|","|move|p2a: Zeus|Superpower|p1a: Excadrill","|-supereffective|p1a: Excadrill","|-damage|p1a: Excadrill|51/423","|-enditem|p1a: Excadrill|Air Balloon","|-unboost|p2a: Zeus|atk|1","|-unboost|p2a: Zeus|def|1","|move|p1a: Excadrill|Rock Slide|p2a: Zeus","|-supereffective|p2a: Zeus","|-damage|p2a: Zeus|0 fnt","|faint|p2a: Zeus","|","|","|switch|p2a: RAWR|Zapdos|383/383","|-damage|p2a: RAWR|288/383|[from] Stealth Rock","|-ability|p2a: RAWR|Pressure","|turn|14","|","|move|p2a: RAWR|Heat Wave|p1a: Excadrill","|-supereffective|p1a: Excadrill","|-damage|p1a: Excadrill|0 fnt","|faint|p1a: Excadrill","|","|-heal|p2a: RAWR|311/383|[from] item: Leftovers","|","|switch|p1a: Gliscor|Gliscor, M, shiny|352/352","|turn|15","|","|move|p1a: Gliscor|Knock Off|p2a: RAWR","|-damage|p2a: RAWR|234/383","|-enditem|p2a: RAWR|Leftovers|[from] move: Knock Off|[of] p1a: Gliscor","|move|p2a: RAWR|Heat Wave|p1a: Gliscor","|-damage|p1a: Gliscor|262/352","|","|-status|p1a: Gliscor|tox|[from] item: Toxic Orb","|turn|16","|","|move|p1a: Gliscor|Swords Dance|p1a: Gliscor","|-boost|p1a: Gliscor|atk|2","|move|p2a: RAWR|Roost|p2a: RAWR","|-heal|p2a: RAWR|383/383","|","|-heal|p1a: Gliscor|306/352 tox|[from] ability: Poison Heal","|turn|17","|","|move|p1a: Gliscor|Poison Jab|p2a: RAWR","|-damage|p2a: RAWR|243/383","|move|p2a: RAWR|Heat Wave|p1a: Gliscor","|-damage|p1a: Gliscor|225/352 tox","|","|-heal|p1a: Gliscor|269/352 tox|[from] ability: Poison Heal","|turn|18","|","|move|p1a: Gliscor|Swords Dance|p1a: Gliscor","|-boost|p1a: Gliscor|atk|2","|move|p2a: RAWR|Heat Wave|p1a: Gliscor","|-damage|p1a: Gliscor|188/352 tox","|","|-heal|p1a: Gliscor|232/352 tox|[from] ability: Poison Heal","|turn|19","|","|move|p1a: Gliscor|Swords Dance|p1a: Gliscor","|-boost|p1a: Gliscor|atk|2","|move|p2a: RAWR|Heat Wave|p1a: Gliscor","|-damage|p1a: Gliscor|151/352 tox","|","|-heal|p1a: Gliscor|195/352 tox|[from] ability: Poison Heal","|turn|20","|","|move|p1a: Gliscor|Poison Jab|p2a: RAWR","|-damage|p2a: RAWR|0 fnt","|faint|p2a: RAWR","|","|win|Rain ☆ S.Herbs"],"p1rating":{"entryid":"7610897","serverid":"eos","formatid":"monotype","userid":"rainsherbs","username":"Rain ☆ S.Herbs","w":12,"l":"9","t":"0","gxe":54.9,"r":1520.406334894,"rd":70.591126644651,"sigma":"0","rptime":1439802000,"rpr":1537.4553801927,"rprd":69.322625672663,"rpsigma":"0","acre":1137.463851909,"lacre":1137.463851909,"oldacre":"1113.6192147568"},"p2rating":{"entryid":"7419563","serverid":"eos","formatid":"monotype","userid":"topazpikel","username":"Topaz~Pikel","w":"20","l":14,"t":"0","gxe":59.4,"r":"1614.3592719644","rd":"65.272586849069","sigma":"0","rptime":"1439802000","rpr":1572.4517470444,"rprd":58.930391081175,"rpsigma":"0","acre":1074.0569092864,"lacre":1074.0569092864,"oldacre":"1097.5512022801"},"endType":"normal"}