{"seed":[49512,23121,58782,60428],"turns":38,"p1":"Alliance-Succubus","p2":"Emg_DemZii","p1team":[{"name":"Tyranitar","species":"Tyranitar","item":"tyranitarite","ability":"Sand Stream","moves":["crunch","rockslide","icepunch","dragondance"],"nature":"Jolly","evs":{"hp":0,"atk":252,"def":4,"spa":0,"spd":0,"spe":252},"ivs":{"hp":31,"atk":31,"def":31,"spa":31,"spd":31,"spe":31}},{"name":"Hoopa-Unbound","species":"Hoopa-Unbound","item":"choicescarf","ability":"Magician","moves":["psyshock","darkpulse","energyball","destinybond"],"nature":"Timid","evs":{"hp":0,"atk":0,"def":0,"spa":252,"spd":4,"spe":252},"ivs":{"hp":31,"atk":31,"def":31,"spa":31,"spd":31,"spe":31}},{"name":"Cacturne","species":"Cacturne","item":"focussash","ability":"Sand Veil","moves":["swordsdance","suckerpunch","spikyshield","fellstinger"],"nature":"Adamant","evs":{"hp":0,"atk":252,"def":4,"spa":0,"spd":0,"spe":252},"ivs":{"hp":31,"atk":31,"def":31,"spa":31,"spd":31,"spe":31}},{"name":"Mandibuzz","species":"Mandibuzz","item":"rockyhelmet","ability":"Overcoat","moves":["foulplay","defog","roost","toxic"],"nature":"Bold","evs":{"hp":248,"atk":0,"def":252,"spa":0,"spd":8,"spe":0},"ivs":{"hp":31,"atk":31,"def":31,"spa":31,"spd":31,"spe":31}},{"name":"Umbreon","species":"Umbreon","item":"leftovers","ability":"Synchronize","moves":["toxic","curse","protect","payback"],"nature":"Careful","evs":{"hp":252,"atk":4,"def":0,"spa":0,"spd":252,"spe":0},"ivs":{"hp":31,"atk":31,"def":31,"spa":31,"spd":31,"spe":31}},{"name":"Krookodile","species":"Krookodile","item":"lifeorb","ability":"Intimidate","moves":["stealthrock","knockoff","earthquake","pursuit"],"nature":"Jolly","evs":{"hp":0,"atk":252,"def":4,"spa":0,"spd":0,"spe":252},"gender":"M","ivs":{"hp":31,"atk":31,"def":31,"spa":31,"spd":31,"spe":31}}],"p2team":[{"name":"RAINDROP","species":"politoed","item":"choicespecs","ability":"Drizzle","moves":["hydropump","icebeam","focusblast","hiddenpowergrass"],"nature":"Modest","evs":{"hp":248,"atk":0,"def":0,"spa":252,"spd":8,"spe":0},"ivs":{"hp":31,"atk":30,"def":31,"spa":30,"spd":31,"spe":31},"shiny":true},{"name":"Quagsire","species":"Quagsire","item":"leftovers","ability":"Unaware","moves":["earthquake","recover","toxic","scald"],"nature":"Impish","evs":{"hp":252,"atk":4,"def":252,"spa":0,"spd":0,"spe":0},"ivs":{"hp":31,"atk":31,"def":31,"spa":31,"spd":31,"spe":31}},{"name":"Fatty","species":"slowking","item":"leftovers","ability":"Regenerator","moves":["psychic","calmmind","thunderwave","signalbeam"],"nature":"Modest","evs":{"hp":252,"atk":0,"def":0,"spa":252,"spd":4,"spe":0},"shiny":true,"ivs":{"hp":31,"atk":31,"def":31,"spa":31,"spd":31,"spe":31}},{"name":"RageCandyBar","species":"gyarados","item":"gyaradosite","ability":"Intimidate","moves":["dragondance","bounce","waterfall","icefang"],"nature":"Adamant","evs":{"hp":0,"atk":252,"def":0,"spa":0,"spd":4,"spe":252},"shiny":true,"ivs":{"hp":31,"atk":31,"def":31,"spa":31,"spd":31,"spe":31}},{"name":"Golden Death","species":"azumarill","item":"choiceband","ability":"Sap Sipper","moves":["aquajet","playrough","bulldoze","icepunch"],"nature":"Adamant","evs":{"hp":248,"atk":252,"def":0,"spa":0,"spd":8,"spe":0},"shiny":true,"ivs":{"hp":31,"atk":31,"def":31,"spa":31,"spd":31,"spe":31}},{"name":"U know wat it is","species":"tentacruel","item":"blacksludge","ability":"Liquid Ooze","moves":["rapidspin","acidspray","sludgebomb","surf"],"nature":"Calm","evs":{"hp":248,"atk":0,"def":0,"spa":8,"spd":252,"spe":0},"shiny":true,"ivs":{"hp":31,"atk":31,"def":31,"spa":31,"spd":31,"spe":31}}],"log":["|player|p1|Alliance-Succubus|96","|player|p2|Emg_DemZii|274","|gametype|singles","|gen|6","|tier|Monotype","|rated","|rule|Baton Pass Clause: Limit one Baton Passer, can't pass Spe and other stats simultaneously","|rule|Swagger Clause: Swagger is banned","|rule|Same Type Clause: Pokémon in a team must share a type","|clearpoke","|poke|p1|Tyranitar, M","|poke|p1|Hoopa-Unbound","|poke|p1|Cacturne, M","|poke|p1|Mandibuzz, F","|poke|p1|Umbreon, M","|poke|p1|Krookodile, M","|poke|p2|Politoed, M, shiny","|poke|p2|Quagsire, M","|poke|p2|Slowking, M, shiny","|poke|p2|Gyarados, F, shiny","|poke|p2|Azumarill, F, shiny","|poke|p2|Tentacruel, M, shiny","|rule|Sleep Clause Mod: Limit one foe put to sleep","|rule|Species Clause: Limit one of each Pokémon","|rule|OHKO Clause: OHKO moves are banned","|rule|Moody Clause: Moody is banned","|rule|Evasion Moves Clause: Evasion moves are banned","|rule|Endless Battle Clause: Forcing endless battles is banned","|rule|HP Percentage Mod: HP is shown in percentages","|teampreview","|","|start","|switch|p1a: Hoopa-Unbound|Hoopa-Unbound|301/301","|switch|p2a: RAINDROP|Politoed, M, shiny|383/383","|-weather|RainDance","|turn|1","|","|move|p1a: Hoopa-Unbound|Destiny Bond|p1a: Hoopa-Unbound","|-singlemove|p1a: Hoopa-Unbound|Destiny Bond","|move|p2a: RAINDROP|Hydro Pump|p1a: Hoopa-Unbound","|-damage|p1a: Hoopa-Unbound|18/301","|","|-weather|RainDance|[upkeep]","|turn|2","|","|switch|p2a: Quagsire|Quagsire, M|394/394","|move|p1a: Hoopa-Unbound|Destiny Bond|p1a: Hoopa-Unbound","|-singlemove|p1a: Hoopa-Unbound|Destiny Bond","|","|-weather|RainDance|[upkeep]","|turn|3","|","|switch|p1a: Mandibuzz|Mandibuzz, F|423/423","|move|p2a: Quagsire|Toxic|p1a: Mandibuzz","|-status|p1a: Mandibuzz|tox","|","|-weather|RainDance|[upkeep]","|-damage|p1a: Mandibuzz|397/423 tox|[from] psn","|turn|4","|","|move|p1a: Mandibuzz|Toxic|p2a: Quagsire","|-status|p2a: Quagsire|tox","|move|p2a: Quagsire|Scald|p1a: Mandibuzz","|-damage|p1a: Mandibuzz|301/423 tox","|","|-weather|RainDance|[upkeep]","|-damage|p1a: Mandibuzz|249/423 tox|[from] psn","|-damage|p2a: Quagsire|370/394 tox|[from] psn","|turn|5","|","|move|p1a: Mandibuzz|Roost|p1a: Mandibuzz","|-heal|p1a: Mandibuzz|423/423 tox","|move|p2a: Quagsire|Scald|p1a: Mandibuzz","|-damage|p1a: Mandibuzz|338/423 tox","|","|-weather|none","|-heal|p2a: Quagsire|394/394 tox|[from] item: Leftovers","|-damage|p1a: Mandibuzz|260/423 tox|[from] psn","|-damage|p2a: Quagsire|346/394 tox|[from] psn","|turn|6","|","|move|p1a: Mandibuzz|Foul Play|p2a: Quagsire","|-damage|p2a: Quagsire|273/394 tox","|move|p2a: Quagsire|Earthquake|p1a: Mandibuzz","|-immune|p1a: Mandibuzz|[msg]","|","|-heal|p2a: Quagsire|297/394 tox|[from] item: Leftovers","|-damage|p1a: Mandibuzz|156/423 tox|[from] psn","|-damage|p2a: Quagsire|225/394 tox|[from] psn","|turn|7","|","|move|p1a: Mandibuzz|Roost|p1a: Mandibuzz","|-heal|p1a: Mandibuzz|368/423 tox","|move|p2a: Quagsire|Recover|p2a: Quagsire","|-heal|p2a: Quagsire|394/394 tox","|","|-damage|p1a: Mandibuzz|238/423 tox|[from] psn","|-damage|p2a: Quagsire|298/394 tox|[from] psn","|turn|8","|","|switch|p2a: U know wat it is|Tentacruel, M, shiny|363/363","|move|p1a: Mandibuzz|Foul Play|p2a: U know wat it is","|-damage|p2a: U know wat it is|249/363","|","|-heal|p2a: U know wat it is|271/363|[from] item: Black Sludge","|-damage|p1a: Mandibuzz|82/423 tox|[from] psn","|turn|9","|","|move|p2a: U know wat it is|Surf|p1a: Mandibuzz","|-damage|p1a: Mandibuzz|0 fnt","|faint|p1a: Mandibuzz","|","|-heal|p2a: U know wat it is|293/363|[from] item: Black Sludge","|","|switch|p1a: Hoopa-Unbound|Hoopa-Unbound|18/301","|turn|10","|","|move|p1a: Hoopa-Unbound|Psyshock|p2a: U know wat it is","|-supereffective|p2a: U know wat it is","|-damage|p2a: U know wat it is|0 fnt","|faint|p2a: U know wat it is","|","|","|switch|p2a: Golden Death|Azumarill, F, shiny|403/403","|turn|11","|","|switch|p1a: Umbreon|Umbreon, M|394/394","|move|p2a: Golden Death|Aqua Jet|p1a: Umbreon","|-damage|p1a: Umbreon|328/394","|","|-heal|p1a: Umbreon|352/394|[from] item: Leftovers","|turn|12","|","|switch|p2a: Fatty|Slowking, M, shiny|394/394","|move|p1a: Umbreon|Toxic|p2a: Fatty","|-status|p2a: Fatty|tox","|","|-heal|p1a: Umbreon|376/394|[from] item: Leftovers","|-damage|p2a: Fatty|370/394 tox|[from] psn","|turn|13","|","|move|p1a: Umbreon|Protect|p1a: Umbreon","|-singleturn|p1a: Umbreon|Protect","|move|p2a: Fatty|Calm Mind|p2a: Fatty","|-boost|p2a: Fatty|spa|1","|-boost|p2a: Fatty|spd|1","|","|-heal|p1a: Umbreon|394/394|[from] item: Leftovers","|-heal|p2a: Fatty|394/394 tox|[from] item: Leftovers","|-damage|p2a: Fatty|346/394 tox|[from] psn","|turn|14","|","|move|p1a: Umbreon|Curse|p1a: Umbreon","|-unboost|p1a: Umbreon|spe|1","|-boost|p1a: Umbreon|atk|1","|-boost|p1a: Umbreon|def|1","|move|p2a: Fatty|Signal Beam|p1a: Umbreon","|-supereffective|p1a: Umbreon","|-damage|p1a: Umbreon|240/394","|","|-heal|p1a: Umbreon|264/394|[from] item: Leftovers","|-heal|p2a: Fatty|370/394 tox|[from] item: Leftovers","|-damage|p2a: Fatty|298/394 tox|[from] psn","|turn|15","|","|move|p1a: Umbreon|Protect|p1a: Umbreon","|-singleturn|p1a: Umbreon|Protect","|move|p2a: Fatty|Calm Mind|p2a: Fatty","|-boost|p2a: Fatty|spa|1","|-boost|p2a: Fatty|spd|1","|","|-heal|p1a: Umbreon|288/394|[from] item: Leftovers","|-heal|p2a: Fatty|322/394 tox|[from] item: Leftovers","|-damage|p2a: Fatty|226/394 tox|[from] psn","|turn|16","|","|move|p1a: Umbreon|Payback|p2a: Fatty","|-supereffective|p2a: Fatty","|-damage|p2a: Fatty|88/394 tox","|move|p2a: Fatty|Signal Beam|p1a: Umbreon","|-supereffective|p1a: Umbreon","|-damage|p1a: Umbreon|76/394","|","|-heal|p1a: Umbreon|100/394|[from] item: Leftovers","|-heal|p2a: Fatty|112/394 tox|[from] item: Leftovers","|-damage|p2a: Fatty|0 fnt|[from] psn","|faint|p2a: Fatty","|","|switch|p2a: Quagsire|Quagsire, M|298/394 tox","|turn|17","|","|move|p1a: Umbreon|Protect|p1a: Umbreon","|-singleturn|p1a: Umbreon|Protect","|move|p2a: Quagsire|Scald|p1a: Umbreon","|-activate|p1a: Umbreon|Protect","|","|-heal|p1a: Umbreon|124/394|[from] item: Leftovers","|-heal|p2a: Quagsire|322/394 tox|[from] item: Leftovers","|-damage|p2a: Quagsire|298/394 tox|[from] psn","|turn|18","|","|move|p1a: Umbreon|Payback|p2a: Quagsire","|-damage|p2a: Quagsire|262/394 tox","|move|p2a: Quagsire|Scald|p1a: Umbreon","|-damage|p1a: Umbreon|84/394","|","|-heal|p1a: Umbreon|108/394|[from] item: Leftovers","|-heal|p2a: Quagsire|286/394 tox|[from] item: Leftovers","|-damage|p2a: Quagsire|238/394 tox|[from] psn","|turn|19","|","|move|p1a: Umbreon|Protect|p1a: Umbreon","|-singleturn|p1a: Umbreon|Protect","|move|p2a: Quagsire|Toxic|p1a: Umbreon","|-activate|p1a: Umbreon|Protect","|","|-heal|p1a: Umbreon|132/394|[from] item: Leftovers","|-heal|p2a: Quagsire|262/394 tox|[from] item: Leftovers","|-damage|p2a: Quagsire|190/394 tox|[from] psn","|turn|20","|","|move|p1a: Umbreon|Payback|p2a: Quagsire","|-damage|p2a: Quagsire|156/394 tox","|move|p2a: Quagsire|Recover|p2a: Quagsire","|-heal|p2a: Quagsire|353/394 tox","|","|-heal|p1a: Umbreon|156/394|[from] item: Leftovers","|-heal|p2a: Quagsire|377/394 tox|[from] item: Leftovers","|-damage|p2a: Quagsire|281/394 tox|[from] psn","|turn|21","|","|switch|p2a: RAINDROP|Politoed, M, shiny|383/383","|-weather|RainDance","|move|p1a: Umbreon|Protect|p1a: Umbreon","|-fail|p1a: Umbreon","|","|-weather|RainDance|[upkeep]","|-heal|p1a: Umbreon|180/394|[from] item: Leftovers","|turn|22","|","|move|p2a: RAINDROP|Hydro Pump|p1a: Umbreon|[miss]","|-miss|p2a: RAINDROP|p1a: Umbreon","|move|p1a: Umbreon|Payback|p2a: RAINDROP","|-damage|p2a: RAINDROP|230/383","|","|-weather|RainDance|[upkeep]","|-heal|p1a: Umbreon|204/394|[from] item: Leftovers","|turn|23","|","|move|p2a: RAINDROP|Hydro Pump|p1a: Umbreon","|-damage|p1a: Umbreon|0 fnt","|faint|p1a: Umbreon","|","|-weather|RainDance|[upkeep]","|","|switch|p1a: Hoopa-Unbound|Hoopa-Unbound|18/301","|turn|24","|","|switch|p2a: Quagsire|Quagsire, M|281/394 tox","|move|p1a: Hoopa-Unbound|Energy Ball|p2a: Quagsire","|-supereffective|p2a: Quagsire","|-damage|p2a: Quagsire|0 fnt","|faint|p2a: Quagsire","|","|-weather|RainDance|[upkeep]","|","|switch|p2a: Golden Death|Azumarill, F, shiny|403/403","|turn|25","|","|switch|p1a: Tyranitar|Tyranitar, M|341/341","|-weather|Sandstorm","|move|p2a: Golden Death|Aqua Jet|p1a: Tyranitar","|-supereffective|p1a: Tyranitar","|-damage|p1a: Tyranitar|227/341","|","|-weather|Sandstorm|[upkeep]","|-damage|p2a: Golden Death|378/403|[from] sandstorm","|turn|26","|","|switch|p2a: RAINDROP|Politoed, M, shiny|230/383","|-weather|RainDance","|detailschange|p1a: Tyranitar|Tyranitar-Mega, M","|-mega|p1a: Tyranitar|Tyranitar|Tyranitarite","|-weather|Sandstorm","|move|p1a: Tyranitar|Rock Slide|p2a: RAINDROP","|-damage|p2a: RAINDROP|34/383","|","|-weather|Sandstorm|[upkeep]","|-damage|p2a: RAINDROP|11/383|[from] sandstorm","|turn|27","|","|move|p1a: Tyranitar|Crunch|p2a: RAINDROP","|-damage|p2a: RAINDROP|0 fnt","|faint|p2a: RAINDROP","|","|-weather|Sandstorm|[upkeep]","|","|switch|p2a: RageCandyBar|Gyarados, F, shiny|331/331","|-ability|p2a: RageCandyBar|Intimidate","|-unboost|p1a: Tyranitar|atk|1","|turn|28","|","|detailschange|p2a: RageCandyBar|Gyarados-Mega, F, shiny","|-mega|p2a: RageCandyBar|Gyarados|Gyaradosite","|-ability|p2a: RageCandyBar|Mold Breaker","|move|p1a: Tyranitar|Crunch|p2a: RageCandyBar","|-resisted|p2a: RageCandyBar","|-damage|p2a: RageCandyBar|277/331","|-unboost|p2a: RageCandyBar|def|1","|move|p2a: RageCandyBar|Dragon Dance|p2a: RageCandyBar","|-boost|p2a: RageCandyBar|atk|1","|-boost|p2a: RageCandyBar|spe|1","|","|-weather|Sandstorm|[upkeep]","|-damage|p2a: RageCandyBar|257/331|[from] sandstorm","|turn|29","|","|move|p2a: RageCandyBar|Waterfall|p1a: Tyranitar","|-supereffective|p1a: Tyranitar","|-damage|p1a: Tyranitar|0 fnt","|faint|p1a: Tyranitar","|","|-weather|Sandstorm|[upkeep]","|-damage|p2a: RageCandyBar|237/331|[from] sandstorm","|","|switch|p1a: Cacturne|Cacturne, M|281/281","|turn|30","|","|move|p2a: RageCandyBar|Ice Fang|p1a: Cacturne","|-supereffective|p1a: Cacturne","|-enditem|p1a: Cacturne|Focus Sash","|-damage|p1a: Cacturne|1/281","|move|p1a: Cacturne|Swords Dance|p1a: Cacturne","|-boost|p1a: Cacturne|atk|2","|","|-weather|none","|turn|31","|","|move|p1a: Cacturne|Spiky Shield|p1a: Cacturne","|-singleturn|p1a: Cacturne|move: Protect","|move|p2a: RageCandyBar|Ice Fang|p1a: Cacturne","|-activate|p1a: Cacturne|Protect","|-damage|p2a: RageCandyBar|196/331|[from] Spiky Shield|[of] p1a: Cacturne","|","|turn|32","|","|move|p1a: Cacturne|Sucker Punch|p2a: RageCandyBar","|-fail|p1a: Cacturne","|move|p2a: RageCandyBar|Dragon Dance|p2a: RageCandyBar","|-boost|p2a: RageCandyBar|atk|1","|-boost|p2a: RageCandyBar|spe|1","|","|turn|33","|","|move|p1a: Cacturne|Spiky Shield|p1a: Cacturne","|-singleturn|p1a: Cacturne|move: Protect","|move|p2a: RageCandyBar|Dragon Dance|p2a: RageCandyBar","|-boost|p2a: RageCandyBar|atk|1","|-boost|p2a: RageCandyBar|spe|1","|","|turn|34","|","|move|p1a: Cacturne|Sucker Punch|p2a: RageCandyBar","|-resisted|p2a: RageCandyBar","|-damage|p2a: RageCandyBar|0 fnt","|faint|p2a: RageCandyBar","|","|","|switch|p2a: Golden Death|Azumarill, F, shiny|378/403","|turn|35","|","|move|p1a: Cacturne|Spiky Shield|p1a: Cacturne","|-singleturn|p1a: Cacturne|move: Protect","|move|p2a: Golden Death|Ice Punch|p1a: Cacturne","|-activate|p1a: Cacturne|Protect","|-damage|p2a: Golden Death|328/403|[from] Spiky Shield|[of] p1a: Cacturne","|","|turn|36","|","|move|p1a: Cacturne|Sucker Punch|p2a: Golden Death","|-resisted|p2a: Golden Death","|-damage|p2a: Golden Death|157/403","|move|p2a: Golden Death|Ice Punch|p1a: Cacturne","|-supereffective|p1a: Cacturne","|-damage|p1a: Cacturne|0 fnt","|faint|p1a: Cacturne","|","|","|switch|p1a: Krookodile|Krookodile, M|331/331","|-ability|p1a: Krookodile|Intimidate","|-unboost|p2a: Golden Death|atk|1","|turn|37","|","|move|p1a: Krookodile|Knock Off|p2a: Golden Death","|-resisted|p2a: Golden Death","|-damage|p2a: Golden Death|26/403","|-enditem|p2a: Golden Death|Choice Band|[from] move: Knock Off|[of] p1a: Krookodile","|-damage|p1a: Krookodile|298/331|[from] item: Life Orb","|move|p2a: Golden Death|Ice Punch|p1a: Krookodile","|-supereffective|p1a: Krookodile","|-damage|p1a: Krookodile|214/331","|","|turn|38","|","|move|p2a: Golden Death|Aqua Jet|p1a: Krookodile","|-crit|p1a: Krookodile","|-supereffective|p1a: Krookodile","|-damage|p1a: Krookodile|64/331","|move|p1a: Krookodile|Pursuit|p2a: Golden Death","|-resisted|p2a: Golden Death","|-damage|p2a: Golden Death|0 fnt","|-damage|p1a: Krookodile|31/331|[from] item: Life Orb","|faint|p2a: Golden Death","|","|win|Alliance-Succubus"],"p1rating":{"entryid":"7605632","serverid":"eos","formatid":"monotype","userid":"alliancesuccubus","username":"Alliance-Succubus","w":4,"l":"6","t":"0","gxe":43.1,"r":"1423.8128042884","rd":"102.74422725719","sigma":"0","rptime":"1439802000","rpr":1445.9411775722,"rprd":87.911675141253,"rpsigma":"0","acre":1108.2808810518,"lacre":1108.2808810518,"oldacre":"1084.1378134401"},"p2rating":{"entryid":"7361210","serverid":"eos","formatid":"monotype","userid":"emgdemzii","username":"Emg_DemZii","w":"10","l":33,"t":"0","gxe":25.3,"r":"1293.3173289322","rd":"56.096624699694","sigma":"0","rptime":"1439802000","rpr":1293.8226134157,"rprd":54.404438529462,"rpsigma":"0","acre":1028.3883240451,"lacre":1028.3883240451,"oldacre":"1042.8777497134"},"endType":"normal"}