{"seed":[43605,15187,44785,12507],"turns":36,"p1":"Vin Prof Gortex","p2":"Red 3yes","p1team":[{"name":"Bisharp","species":"Bisharp","item":"leftovers","ability":"Defiant","moves":["swordsdance","knockoff","suckerpunch","lowkick"],"nature":"Jolly","evs":{"hp":0,"atk":252,"def":0,"spa":0,"spd":4,"spe":252},"ivs":{"hp":31,"atk":31,"def":31,"spa":31,"spd":31,"spe":31}},{"name":"Doublade","species":"Doublade","item":"eviolite","ability":"No Guard","moves":["shadowsneak","swordsdance","ironhead","aerialace"],"nature":"Adamant","evs":{"hp":248,"atk":252,"def":0,"spa":0,"spd":8,"spe":0},"ivs":{"hp":31,"atk":31,"def":31,"spa":31,"spd":31,"spe":31}},{"name":"Ferrothorn","species":"Ferrothorn","item":"rockyhelmet","ability":"Iron Barbs","moves":["powerwhip","leechseed","stealthrock","protect"],"nature":"Impish","evs":{"hp":248,"atk":8,"def":252,"spa":0,"spd":0,"spe":0},"ivs":{"hp":31,"atk":31,"def":31,"spa":31,"spd":31,"spe":31}},{"name":"Heatran","species":"Heatran","item":"leftovers","ability":"Flash Fire","moves":["lavaplume","earthpower","toxic","protect"],"nature":"Calm","evs":{"hp":224,"atk":0,"def":0,"spa":32,"spd":252,"spe":0},"ivs":{"hp":31,"atk":31,"def":31,"spa":31,"spd":31,"spe":31}},{"name":"Skarmory","species":"Skarmory","item":"rockyhelmet","ability":"Sturdy","moves":["bravebird","defog","roost","whirlwind"],"nature":"Impish","evs":{"hp":248,"atk":0,"def":236,"spa":0,"spd":0,"spe":24},"ivs":{"hp":31,"atk":31,"def":31,"spa":31,"spd":31,"spe":31}},{"name":"Lucario","species":"Lucario","item":"choicescarf","ability":"Steadfast","moves":["aurasphere","flashcannon","darkpulse","hiddenpowerice"],"nature":"Timid","evs":{"hp":0,"atk":0,"def":0,"spa":252,"spd":4,"spe":252},"ivs":{"hp":31,"atk":30,"def":30,"spa":31,"spd":31,"spe":31}}],"p2team":[{"name":"Charizard","species":"Charizard","item":"charizarditey","ability":"Blaze","moves":["flamethrower","airslash","solarbeam","focusblast"],"nature":"Timid","evs":{"hp":0,"atk":0,"def":0,"spa":252,"spd":4,"spe":252},"ivs":{"hp":31,"atk":31,"def":31,"spa":31,"spd":31,"spe":31}},{"name":"Victini","species":"Victini","item":"choicescarf","ability":"Victory Star","moves":["glaciate","blueflare","energyball","thunderbolt"],"nature":"Timid","evs":{"hp":0,"atk":0,"def":0,"spa":252,"spd":4,"spe":252},"ivs":{"hp":31,"atk":31,"def":31,"spa":31,"spd":31,"spe":31}},{"name":"Torkoal","species":"Torkoal","item":"leftovers","ability":"White Smoke","moves":["lavaplume","rapidspin","stealthrock","rest"],"nature":"Bold","evs":{"hp":252,"atk":0,"def":252,"spa":4,"spd":0,"spe":0},"ivs":{"hp":31,"atk":31,"def":31,"spa":31,"spd":31,"spe":31}},{"name":"Rotom-Heat","species":"Rotom-Heat","item":"leftovers","ability":"Levitate","moves":["voltswitch","overheat","painsplit","willowisp"],"nature":"Calm","evs":{"hp":252,"atk":0,"def":0,"spa":4,"spd":252,"spe":0},"ivs":{"hp":31,"atk":31,"def":31,"spa":31,"spd":31,"spe":31}},{"name":"Entei","species":"Entei","item":"lifeorb","ability":"Pressure","moves":["ironhead","sacredfire","stoneedge","extremespeed"],"nature":"Adamant","evs":{"hp":0,"atk":252,"def":0,"spa":0,"spd":4,"spe":252},"shiny":true,"ivs":{"hp":31,"atk":31,"def":31,"spa":31,"spd":31,"spe":31}},{"name":"Emboar","species":"Emboar","item":"choicescarf","ability":"Reckless","moves":["flareblitz","headsmash","wildcharge","superpower"],"nature":"Jolly","evs":{"hp":0,"atk":252,"def":0,"spa":0,"spd":4,"spe":252},"ivs":{"hp":31,"atk":31,"def":31,"spa":31,"spd":31,"spe":31}}],"log":["|player|p1|Vin Prof Gortex|101","|player|p2|Red 3yes|293","|gametype|singles","|gen|6","|tier|Monotype","|rated","|rule|Baton Pass Clause: Limit one Baton Passer, can't pass Spe and other stats simultaneously","|rule|Swagger Clause: Swagger is banned","|rule|Same Type Clause: Pokémon in a team must share a type","|clearpoke","|poke|p1|Bisharp, M","|poke|p1|Doublade, F","|poke|p1|Ferrothorn, F","|poke|p1|Heatran, F","|poke|p1|Skarmory, F","|poke|p1|Lucario, F","|poke|p2|Charizard, F","|poke|p2|Victini","|poke|p2|Torkoal, M","|poke|p2|Rotom-Heat","|poke|p2|Entei, shiny","|poke|p2|Emboar, M","|rule|Sleep Clause Mod: Limit one foe put to sleep","|rule|Species Clause: Limit one of each Pokémon","|rule|OHKO Clause: OHKO moves are banned","|rule|Moody Clause: Moody is banned","|rule|Evasion Moves Clause: Evasion moves are banned","|rule|Endless Battle Clause: Forcing endless battles is banned","|rule|HP Percentage Mod: HP is shown in percentages","|teampreview","|","|start","|switch|p1a: Ferrothorn|Ferrothorn, F|351/351","|switch|p2a: Charizard|Charizard, F|297/297","|turn|1","|","|switch|p1a: Heatran|Heatran, F|379/379","|detailschange|p2a: Charizard|Charizard-Mega-Y, F","|-mega|p2a: Charizard|Charizard|Charizardite Y","|-weather|SunnyDay","|move|p2a: Charizard|Focus Blast|p1a: Heatran","|-supereffective|p1a: Heatran","|-damage|p1a: Heatran|159/379","|","|-weather|SunnyDay|[upkeep]","|-heal|p1a: Heatran|182/379|[from] item: Leftovers","|turn|2","|","|switch|p2a: Emboar|Emboar, M|361/361","|move|p1a: Heatran|Toxic|p2a: Emboar","|-status|p2a: Emboar|tox","|","|-weather|SunnyDay|[upkeep]","|-heal|p1a: Heatran|205/379|[from] item: Leftovers","|-damage|p2a: Emboar|339/361 tox|[from] psn","|turn|3","|","|move|p1a: Heatran|Protect|p1a: Heatran","|-singleturn|p1a: Heatran|Protect","|move|p2a: Emboar|Superpower|p1a: Heatran","|-activate|p1a: Heatran|Protect","|","|-weather|SunnyDay|[upkeep]","|-heal|p1a: Heatran|228/379|[from] item: Leftovers","|-damage|p2a: Emboar|295/361 tox|[from] psn","|turn|4","|","|switch|p2a: Torkoal|Torkoal, M|344/344","|switch|p1a: Doublade|Doublade, F|321/321","|","|-weather|SunnyDay|[upkeep]","|turn|5","|","|switch|p1a: Skarmory|Skarmory, F|333/333","|move|p2a: Torkoal|Stealth Rock|p1a: Skarmory","|-sidestart|p1: Vin Prof Gortex|move: Stealth Rock","|","|-weather|none","|turn|6","|","|move|p1a: Skarmory|Defog|p2a: Torkoal","|-fail|p2a: Torkoal|unboost|[from] ability: White Smoke|[of] p2a: Torkoal","|-sideend|p1: Vin Prof Gortex|Stealth Rock|[from] move: Defog|[of] p1a: Skarmory","|move|p2a: Torkoal|Lava Plume|p1a: Skarmory","|-supereffective|p1a: Skarmory","|-damage|p1a: Skarmory|121/333","|-status|p1a: Skarmory|brn","|","|-damage|p1a: Skarmory|80/333 brn|[from] brn","|turn|7","|","|switch|p1a: Ferrothorn|Ferrothorn, F|351/351","|move|p2a: Torkoal|Stealth Rock|p1a: Ferrothorn","|-sidestart|p1: Vin Prof Gortex|move: Stealth Rock","|","|turn|8","|","|move|p2a: Torkoal|Lava Plume|p1a: Ferrothorn","|-crit|p1a: Ferrothorn","|-supereffective|p1a: Ferrothorn","|-damage|p1a: Ferrothorn|0 fnt","|faint|p1a: Ferrothorn","|","|","|switch|p1a: Heatran|Heatran, F|228/379","|-damage|p1a: Heatran|181/379|[from] Stealth Rock","|turn|9","|","|switch|p2a: Rotom-Heat|Rotom-Heat|304/304","|move|p1a: Heatran|Earth Power|p2a: Rotom-Heat","|-immune|p2a: Rotom-Heat|[msg]","|","|-heal|p1a: Heatran|204/379|[from] item: Leftovers","|turn|10","|","|move|p2a: Rotom-Heat|Volt Switch|p1a: Heatran","|-damage|p1a: Heatran|141/379","|","|switch|p2a: Emboar|Emboar, M|295/361 tox","|move|p1a: Heatran|Toxic|p2a: Emboar","|-fail|p2a: Emboar|tox","|","|-heal|p1a: Heatran|164/379|[from] item: Leftovers","|-damage|p2a: Emboar|273/361 tox|[from] psn","|turn|11","|","|move|p1a: Heatran|Protect|p1a: Heatran","|-singleturn|p1a: Heatran|Protect","|move|p2a: Emboar|Superpower|p1a: Heatran","|-activate|p1a: Heatran|Protect","|","|-heal|p1a: Heatran|187/379|[from] item: Leftovers","|-damage|p2a: Emboar|229/361 tox|[from] psn","|turn|12","|","|switch|p2a: Charizard|Charizard-Mega-Y, F|297/297","|-weather|SunnyDay","|move|p1a: Heatran|Earth Power|p2a: Charizard","|-immune|p2a: Charizard|[msg]","|","|-weather|SunnyDay|[upkeep]","|-heal|p1a: Heatran|210/379|[from] item: Leftovers","|turn|13","|","|move|p1a: Heatran|Protect|p1a: Heatran","|-singleturn|p1a: Heatran|Protect","|move|p2a: Charizard|Focus Blast|p1a: Heatran","|-activate|p1a: Heatran|Protect","|","|-weather|SunnyDay|[upkeep]","|-heal|p1a: Heatran|233/379|[from] item: Leftovers","|turn|14","|","|move|p2a: Charizard|Focus Blast|p1a: Heatran|[miss]","|-miss|p2a: Charizard|p1a: Heatran","|move|p1a: Heatran|Lava Plume|p2a: Charizard","|-resisted|p2a: Charizard","|-damage|p2a: Charizard|219/297","|","|-weather|SunnyDay|[upkeep]","|-heal|p1a: Heatran|256/379|[from] item: Leftovers","|turn|15","|","|move|p1a: Heatran|Protect|p1a: Heatran","|-singleturn|p1a: Heatran|Protect","|move|p2a: Charizard|Focus Blast|p1a: Heatran","|-activate|p1a: Heatran|Protect","|","|-weather|SunnyDay|[upkeep]","|-heal|p1a: Heatran|279/379|[from] item: Leftovers","|turn|16","|","|move|p2a: Charizard|Focus Blast|p1a: Heatran","|-supereffective|p1a: Heatran","|-damage|p1a: Heatran|67/379","|move|p1a: Heatran|Toxic|p2a: Charizard","|-status|p2a: Charizard|tox","|","|-weather|none","|-heal|p1a: Heatran|90/379|[from] item: Leftovers","|-damage|p2a: Charizard|201/297 tox|[from] psn","|turn|17","|","|move|p1a: Heatran|Protect|p1a: Heatran","|-singleturn|p1a: Heatran|Protect","|move|p2a: Charizard|Air Slash|p1a: Heatran","|-activate|p1a: Heatran|Protect","|","|-heal|p1a: Heatran|113/379|[from] item: Leftovers","|-damage|p2a: Charizard|165/297 tox|[from] psn","|turn|18","|","|switch|p1a: Doublade|Doublade, F|321/321","|-damage|p1a: Doublade|301/321|[from] Stealth Rock","|move|p2a: Charizard|Focus Blast|p1a: Doublade","|-immune|p1a: Doublade|[msg]","|","|-damage|p2a: Charizard|111/297 tox|[from] psn","|turn|19","|","|switch|p2a: Torkoal|Torkoal, M|344/344","|move|p1a: Doublade|Aerial Ace|p2a: Torkoal","|-damage|p2a: Torkoal|300/344","|","|-heal|p2a: Torkoal|321/344|[from] item: Leftovers","|turn|20","|","|switch|p1a: Heatran|Heatran, F|113/379","|-damage|p1a: Heatran|66/379|[from] Stealth Rock","|move|p2a: Torkoal|Lava Plume|p1a: Heatran","|-start|p1a: Heatran|ability: Flash Fire","|","|-heal|p1a: Heatran|89/379|[from] item: Leftovers","|-heal|p2a: Torkoal|342/344|[from] item: Leftovers","|turn|21","|","|switch|p2a: Emboar|Emboar, M|229/361 tox","|move|p1a: Heatran|Toxic|p2a: Emboar","|-fail|p2a: Emboar|tox","|","|-heal|p1a: Heatran|112/379|[from] item: Leftovers","|-damage|p2a: Emboar|207/361 tox|[from] psn","|turn|22","|","|-end|p1a: Heatran|ability: Flash Fire|[silent]","|switch|p1a: Doublade|Doublade, F|301/321","|-damage|p1a: Doublade|281/321|[from] Stealth Rock","|move|p2a: Emboar|Superpower|p1a: Doublade","|-immune|p1a: Doublade|[msg]","|","|-damage|p2a: Emboar|163/361 tox|[from] psn","|turn|23","|","|switch|p2a: Entei|Entei, shiny|371/371","|-ability|p2a: Entei|Pressure","|switch|p1a: Heatran|Heatran, F|112/379","|-damage|p1a: Heatran|65/379|[from] Stealth Rock","|","|-heal|p1a: Heatran|88/379|[from] item: Leftovers","|turn|24","|","|move|p1a: Heatran|Protect|p1a: Heatran","|-singleturn|p1a: Heatran|Protect","|move|p2a: Entei|Iron Head|p1a: Heatran","|-activate|p1a: Heatran|Protect","|","|-heal|p1a: Heatran|111/379|[from] item: Leftovers","|turn|25","|","|move|p2a: Entei|Iron Head|p1a: Heatran","|-resisted|p1a: Heatran","|-damage|p1a: Heatran|82/379","|-damage|p2a: Entei|334/371|[from] item: Life Orb","|move|p1a: Heatran|Toxic|p2a: Entei","|-status|p2a: Entei|tox","|","|-heal|p1a: Heatran|105/379|[from] item: Leftovers","|-damage|p2a: Entei|311/371 tox|[from] psn","|turn|26","|","|switch|p2a: Emboar|Emboar, M|163/361 tox","|move|p1a: Heatran|Protect|p1a: Heatran","|-fail|p1a: Heatran","|","|-heal|p1a: Heatran|128/379|[from] item: Leftovers","|-damage|p2a: Emboar|141/361 tox|[from] psn","|turn|27","|","|move|p1a: Heatran|Protect|p1a: Heatran","|-singleturn|p1a: Heatran|Protect","|move|p2a: Emboar|Flare Blitz|p1a: Heatran","|-activate|p1a: Heatran|Protect","|","|-heal|p1a: Heatran|151/379|[from] item: Leftovers","|-damage|p2a: Emboar|97/361 tox|[from] psn","|turn|28","|","|switch|p2a: Rotom-Heat|Rotom-Heat|304/304","|move|p1a: Heatran|Toxic|p2a: Rotom-Heat","|-status|p2a: Rotom-Heat|tox","|","|-heal|p1a: Heatran|174/379|[from] item: Leftovers","|-damage|p2a: Rotom-Heat|285/304 tox|[from] psn","|turn|29","|","|move|p1a: Heatran|Protect|p1a: Heatran","|-singleturn|p1a: Heatran|Protect","|move|p2a: Rotom-Heat|Volt Switch|p1a: Heatran","|-activate|p1a: Heatran|Protect","|","|-heal|p2a: Rotom-Heat|304/304 tox|[from] item: Leftovers","|-heal|p1a: Heatran|197/379|[from] item: Leftovers","|-damage|p2a: Rotom-Heat|266/304 tox|[from] psn","|turn|30","|","|move|p2a: Rotom-Heat|Volt Switch|p1a: Heatran","|-crit|p1a: Heatran","|-damage|p1a: Heatran|113/379","|","|switch|p2a: Victini|Victini|341/341","|move|p1a: Heatran|Lava Plume|p2a: Victini","|-resisted|p2a: Victini","|-damage|p2a: Victini|284/341","|","|-heal|p1a: Heatran|136/379|[from] item: Leftovers","|turn|31","|","|move|p1a: Heatran|Protect|p1a: Heatran","|-singleturn|p1a: Heatran|Protect","|move|p2a: Victini|Thunderbolt|p1a: Heatran","|-activate|p1a: Heatran|Protect","|","|-heal|p1a: Heatran|159/379|[from] item: Leftovers","|turn|32","|","|move|p2a: Victini|Thunderbolt|p1a: Heatran","|-damage|p1a: Heatran|98/379","|move|p1a: Heatran|Toxic|p2a: Victini","|-status|p2a: Victini|tox","|","|-heal|p1a: Heatran|121/379|[from] item: Leftovers","|-damage|p2a: Victini|263/341 tox|[from] psn","|turn|33","|","|move|p2a: Victini|Thunderbolt|p1a: Heatran","|-damage|p1a: Heatran|58/379","|move|p1a: Heatran|Earth Power|p2a: Victini","|-crit|p2a: Victini","|-supereffective|p2a: Victini","|-damage|p2a: Victini|0 fnt","|faint|p2a: Victini","|","|-heal|p1a: Heatran|81/379|[from] item: Leftovers","|","|switch|p2a: Charizard|Charizard-Mega-Y, F|111/297 tox","|-weather|SunnyDay","|turn|34","|","|move|p1a: Heatran|Protect|p1a: Heatran","|-singleturn|p1a: Heatran|Protect","|move|p2a: Charizard|Air Slash|p1a: Heatran","|-activate|p1a: Heatran|Protect","|","|-weather|SunnyDay|[upkeep]","|-heal|p1a: Heatran|104/379|[from] item: Leftovers","|-damage|p2a: Charizard|93/297 tox|[from] psn","|turn|35","|","|switch|p1a: Skarmory|Skarmory, F|80/333 brn","|-damage|p1a: Skarmory|39/333 brn|[from] Stealth Rock","|move|p2a: Charizard|Focus Blast|p1a: Skarmory","|-damage|p1a: Skarmory|0 fnt","|faint|p1a: Skarmory","|","|-weather|SunnyDay|[upkeep]","|-damage|p2a: Charizard|57/297 tox|[from] psn","|","|switch|p1a: Doublade|Doublade, F|281/321","|-damage|p1a: Doublade|261/321|[from] Stealth Rock","|turn|36","|player|p2","|","|win|Vin Prof Gortex"],"p1rating":{"entryid":"6198402","serverid":"eos","formatid":"monotype","userid":"vinprofgortex","username":"Vin Prof Gortex","w":16,"l":"6","t":"0","gxe":66.2,"r":"1615.1384886009","rd":"83.366002172636","sigma":"0","rptime":"1439802000","rpr":1629.4109392973,"rprd":76.36971656554,"rpsigma":"0","acre":1204.6685569658,"lacre":1204.6685569658,"oldacre":"1192.2437001229"},"p2rating":{"entryid":7699829,"formatid":"monotype","userid":"red3yes","username":"Red 3yes","r":1500,"rd":130,"sigma":0,"rpr":1470.9787203906,"rprd":122.93274463824,"rpsigma":0,"rptime":1439802000,"w":0,"l":1,"t":0,"gxe":46.4,"acre":1000,"lacre":1000,"oldacre":1000},"endType":"forfeit"}