{"seed":[53446,5737,55039,13790],"turns":20,"p1":"Blaze JRBY","p2":"DMOC2008","p1team":[{"name":"Deoxys-Attack","species":"Deoxys-Attack","item":"focussash","ability":"Pressure","moves":["psychoboost","superpower","knockoff","extremespeed"],"nature":"Naive","evs":{"hp":0,"atk":4,"def":0,"spa":252,"spd":0,"spe":252},"ivs":{"hp":31,"atk":31,"def":31,"spa":31,"spd":31,"spe":31}},{"name":"Giratina-Origin","species":"Giratina-Origin","item":"griseousorb","ability":"Levitate","moves":["defog","shadowsneak","dragontail","shadowforce"],"nature":"Adamant","evs":{"hp":0,"atk":248,"def":248,"spa":0,"spd":0,"spe":12},"ivs":{"hp":31,"atk":31,"def":31,"spa":31,"spd":31,"spe":31}},{"name":"Rayquaza","species":"Rayquaza","item":"focussash","ability":"Air Lock","moves":["dracometeor","earthquake","dragonascent","extremespeed"],"nature":"Naive","evs":{"hp":0,"atk":252,"def":0,"spa":40,"spd":0,"spe":216},"ivs":{"hp":31,"atk":31,"def":31,"spa":31,"spd":31,"spe":31}},{"name":"Mewtwo","species":"Mewtwo","item":"mewtwonitey","ability":"Pressure","moves":["psystrike","aurasphere","icebeam","fireblast"],"nature":"Timid","evs":{"hp":4,"atk":0,"def":0,"spa":252,"spd":0,"spe":252},"ivs":{"hp":31,"atk":31,"def":31,"spa":31,"spd":31,"spe":31}},{"name":"Arceus-Steel","species":"Arceus-Steel","item":"ironplate","ability":"Multitype","moves":["calmmind","judgment","recover","willowisp"],"nature":"Timid","evs":{"hp":252,"atk":0,"def":4,"spa":0,"spd":0,"spe":252},"ivs":{"hp":31,"atk":31,"def":31,"spa":31,"spd":31,"spe":31}},{"name":"Shuckle","species":"Shuckle","item":"mentalherb","ability":"Sturdy","moves":["infestation","toxic","encore","stickyweb"],"nature":"Bold","evs":{"hp":252,"atk":0,"def":128,"spa":0,"spd":128,"spe":0},"ivs":{"hp":31,"atk":31,"def":31,"spa":31,"spd":31,"spe":31}}],"p2team":[{"name":"Bloody Death","species":"yveltal","item":"dreadplate","ability":"Dark Aura","moves":["darkpulse","oblivionwing","uturn","roost"],"nature":"Hasty","evs":{"hp":0,"atk":4,"def":0,"spa":252,"spd":0,"spe":252},"ivs":{"hp":31,"atk":31,"def":31,"spa":31,"spd":31,"spe":31}},{"name":"Rainbow Clouds","species":"xerneas","item":"powerherb","ability":"Fairy Aura","moves":["geomancy","aromatherapy","moonblast","psyshock"],"nature":"Modest","evs":{"hp":176,"atk":0,"def":0,"spa":252,"spd":0,"spe":80},"ivs":{"hp":31,"atk":31,"def":31,"spa":31,"spd":31,"spe":31}},{"name":"Iguana","species":"mewtwo","item":"mewtwonitex","ability":"Pressure","moves":["bulkup","drainpunch","psychocut","substitute"],"nature":"Adamant","evs":{"hp":252,"atk":252,"def":0,"spa":0,"spd":4,"spe":0},"shiny":true,"ivs":{"hp":31,"atk":31,"def":31,"spa":31,"spd":31,"spe":31}},{"name":"Purple Rape","species":"darkrai","item":"lifeorb","ability":"Bad Dreams","moves":["darkvoid","darkpulse","nastyplot","sludgebomb"],"nature":"Timid","evs":{"hp":0,"atk":0,"def":0,"spa":252,"spd":4,"spe":252},"shiny":true,"ivs":{"hp":31,"atk":31,"def":31,"spa":31,"spd":31,"spe":31}},{"name":"Rich Boo-Boo Keys","species":"klefki","item":"leftovers","ability":"Prankster","moves":["attract","thunderwave","toxic","foulplay"],"nature":"Impish","evs":{"hp":252,"atk":0,"def":252,"spa":0,"spd":4,"spe":0},"gender":"M","shiny":true,"ivs":{"hp":31,"atk":31,"def":31,"spa":31,"spd":31,"spe":31}},{"name":"Red Transformer","species":"genesect","item":"choicescarf","ability":"Download","moves":["uturn","icebeam","explosion","ironhead"],"nature":"Hasty","evs":{"hp":0,"atk":252,"def":0,"spa":4,"spd":0,"spe":252},"shiny":true,"ivs":{"hp":31,"atk":31,"def":31,"spa":31,"spd":31,"spe":31}}],"log":["|player|p1|Blaze JRBY|290","|player|p2|DMOC2008|dmoc2008.gif","|gametype|singles","|gen|6","|tier|Ubers","|rated","|rule|Swagger Clause: Swagger is banned","|clearpoke","|poke|p1|Deoxys-Attack","|poke|p1|Giratina-Origin","|poke|p1|Rayquaza","|poke|p1|Mewtwo","|poke|p1|Arceus-*","|poke|p1|Shuckle, M","|poke|p2|Yveltal","|poke|p2|Xerneas","|poke|p2|Mewtwo, shiny","|poke|p2|Darkrai, shiny","|poke|p2|Klefki, M, shiny","|poke|p2|Genesect-*, shiny","|rule|Mega Rayquaza Clause: You cannot mega evolve Rayquaza","|rule|Sleep Clause Mod: Limit one foe put to sleep","|rule|Species Clause: Limit one of each Pokémon","|rule|OHKO Clause: OHKO moves are banned","|rule|Moody Clause: Moody is banned","|rule|Evasion Moves Clause: Evasion moves are banned","|rule|Endless Battle Clause: Forcing endless battles is banned","|rule|HP Percentage Mod: HP is shown in percentages","|teampreview","|","|start","|switch|p1a: Deoxys-Attack|Deoxys-Attack|241/241","|switch|p2a: Rich Boo-Boo Keys|Klefki, M, shiny|318/318","|-ability|p1a: Deoxys-Attack|Pressure","|turn|1","|","|switch|p1a: Shuckle|Shuckle, M|244/244","|move|p2a: Rich Boo-Boo Keys|Thunder Wave|p1a: Shuckle","|-status|p1a: Shuckle|par","|","|turn|2","|","|switch|p2a: Red Transformer|Genesect, shiny|283/283","|-boost|p2a: Red Transformer|spa|1|[from] ability: Download","|move|p1a: Shuckle|Sticky Web|p2a: Red Transformer","|-sidestart|p2: DMOC2008|move: Sticky Web","|","|turn|3","|","|move|p2a: Red Transformer|Iron Head|p1a: Shuckle","|-supereffective|p1a: Shuckle","|-damage|p1a: Shuckle|136/244 par","|cant|p1a: Shuckle|flinch","|","|turn|4","|","|switch|p1a: Mewtwo|Mewtwo|354/354","|-ability|p1a: Mewtwo|Pressure","|move|p2a: Red Transformer|Iron Head|p1a: Mewtwo","|-damage|p1a: Mewtwo|206/354","|","|turn|5","|","|switch|p2a: Rich Boo-Boo Keys|Klefki, M, shiny|318/318","|-activate|p2a: Rich Boo-Boo Keys|move: Sticky Web","|-unboost|p2a: Rich Boo-Boo Keys|spe|1","|detailschange|p1a: Mewtwo|Mewtwo-Mega-Y","|-mega|p1a: Mewtwo|Mewtwo|Mewtwonite Y","|move|p1a: Mewtwo|Fire Blast|p2a: Rich Boo-Boo Keys","|-supereffective|p2a: Rich Boo-Boo Keys","|-damage|p2a: Rich Boo-Boo Keys|0 fnt","|faint|p2a: Rich Boo-Boo Keys","|","|","|switch|p2a: Purple Rape|Darkrai, shiny|281/281","|-activate|p2a: Purple Rape|move: Sticky Web","|-unboost|p2a: Purple Rape|spe|1","|turn|6","|","|switch|p2a: Bloody Death|Yveltal|393/393","|-ability|p2a: Bloody Death|Dark Aura","|move|p1a: Mewtwo|Aura Sphere|p2a: Bloody Death","|-damage|p2a: Bloody Death|266/393","|","|turn|7","|","|move|p1a: Mewtwo|Ice Beam|p2a: Bloody Death","|-supereffective|p2a: Bloody Death","|-damage|p2a: Bloody Death|0 fnt","|faint|p2a: Bloody Death","|","|","|switch|p2a: Iguana|Mewtwo, shiny|416/416","|-activate|p2a: Iguana|move: Sticky Web","|-unboost|p2a: Iguana|spe|1","|-ability|p2a: Iguana|Pressure","|turn|8","|","|switch|p1a: Shuckle|Shuckle, M|136/244 par","|move|p2a: Iguana|Substitute|p2a: Iguana","|-start|p2a: Iguana|Substitute","|-damage|p2a: Iguana|312/416","|","|turn|9","|","|detailschange|p2a: Iguana|Mewtwo-Mega-X, shiny","|-mega|p2a: Iguana|Mewtwo|Mewtwonite X","|move|p2a: Iguana|Bulk Up|p2a: Iguana","|-boost|p2a: Iguana|atk|1","|-boost|p2a: Iguana|def|1","|move|p1a: Shuckle|Encore|p2a: Iguana","|-start|p2a: Iguana|Encore","|","|turn|10","|","|switch|p1a: Giratina-Origin|Giratina-Origin|441/441","|move|p2a: Iguana|Bulk Up|p2a: Iguana","|-boost|p2a: Iguana|atk|1","|-boost|p2a: Iguana|def|1","|","|turn|11","|","|move|p1a: Giratina-Origin|Shadow Sneak|p2a: Iguana","|-supereffective|p2a: Iguana","|-activate|p2a: Iguana|Substitute|[damage]","|move|p2a: Iguana|Bulk Up|p2a: Iguana","|-boost|p2a: Iguana|atk|1","|-boost|p2a: Iguana|def|1","|","|turn|12","|","|move|p1a: Giratina-Origin|Shadow Sneak|p2a: Iguana","|-supereffective|p2a: Iguana","|-end|p2a: Iguana|Substitute","|move|p2a: Iguana|Bulk Up|p2a: Iguana","|-boost|p2a: Iguana|atk|1","|-boost|p2a: Iguana|def|1","|","|-end|p2a: Iguana|Encore","|turn|13","|","|move|p2a: Iguana|Psycho Cut|p1a: Giratina-Origin","|-damage|p1a: Giratina-Origin|0 fnt","|faint|p1a: Giratina-Origin","|","|","|switch|p1a: Rayquaza|Rayquaza|351/351","|-ability|p1a: Rayquaza|Air Lock","|turn|14","|","|move|p1a: Rayquaza|Dragon Ascent|p2a: Iguana","|-supereffective|p2a: Iguana","|-damage|p2a: Iguana|150/416","|-unboost|p1a: Rayquaza|def|1","|-unboost|p1a: Rayquaza|spd|1","|move|p2a: Iguana|Psycho Cut|p1a: Rayquaza","|-enditem|p1a: Rayquaza|Focus Sash","|-damage|p1a: Rayquaza|1/351","|","|turn|15","|","|move|p1a: Rayquaza|Draco Meteor|p2a: Iguana","|-crit|p2a: Iguana","|-damage|p2a: Iguana|0 fnt","|-unboost|p1a: Rayquaza|spa|2","|faint|p2a: Iguana","|","|","|switch|p2a: Rainbow Clouds|Xerneas|437/437","|-activate|p2a: Rainbow Clouds|move: Sticky Web","|-unboost|p2a: Rainbow Clouds|spe|1","|-ability|p2a: Rainbow Clouds|Fairy Aura","|turn|16","|","|move|p1a: Rayquaza|Dragon Ascent|p2a: Rainbow Clouds","|-damage|p2a: Rainbow Clouds|199/437","|-unboost|p1a: Rayquaza|def|1","|-unboost|p1a: Rayquaza|spd|1","|move|p2a: Rainbow Clouds|Geomancy|p2a: Rainbow Clouds|[still]","|-prepare|p2a: Rainbow Clouds|Geomancy|p2a: Rainbow Clouds","|-enditem|p2a: Rainbow Clouds|Power Herb","|-anim|p2a: Rainbow Clouds|Geomancy|p2a: Rainbow Clouds","|-boost|p2a: Rainbow Clouds|spa|2","|-boost|p2a: Rainbow Clouds|spd|2","|-boost|p2a: Rainbow Clouds|spe|2","|","|turn|17","|","|move|p1a: Rayquaza|Extreme Speed|p2a: Rainbow Clouds","|-damage|p2a: Rainbow Clouds|81/437","|move|p2a: Rainbow Clouds|Moonblast|p1a: Rayquaza","|-supereffective|p1a: Rayquaza","|-damage|p1a: Rayquaza|0 fnt","|faint|p1a: Rayquaza","|","|","|switch|p1a: Deoxys-Attack|Deoxys-Attack|241/241","|-ability|p1a: Deoxys-Attack|Pressure","|turn|18","|","|move|p1a: Deoxys-Attack|Psycho Boost|p2a: Rainbow Clouds","|-damage|p2a: Rainbow Clouds|0 fnt","|-unboost|p1a: Deoxys-Attack|spa|2","|faint|p2a: Rainbow Clouds","|","|","|switch|p2a: Purple Rape|Darkrai, shiny|281/281","|-activate|p2a: Purple Rape|move: Sticky Web","|-unboost|p2a: Purple Rape|spe|1","|turn|19","|","|move|p1a: Deoxys-Attack|Superpower|p2a: Purple Rape","|-supereffective|p2a: Purple Rape","|-damage|p2a: Purple Rape|0 fnt","|-unboost|p1a: Deoxys-Attack|atk|1","|-unboost|p1a: Deoxys-Attack|def|1","|faint|p2a: Purple Rape","|","|","|switch|p2a: Red Transformer|Genesect, shiny|283/283","|-activate|p2a: Red Transformer|move: Sticky Web","|-unboost|p2a: Red Transformer|spe|1","|-boost|p2a: Red Transformer|atk|1|[from] ability: Download","|turn|20","|","|move|p1a: Deoxys-Attack|Knock Off|p2a: Red Transformer","|-damage|p2a: Red Transformer|185/283","|-enditem|p2a: Red Transformer|Choice Scarf|[from] move: Knock Off|[of] p1a: Deoxys-Attack","|move|p2a: Red Transformer|Explosion|p1a: Deoxys-Attack","|-enditem|p1a: Deoxys-Attack|Focus Sash","|-damage|p1a: Deoxys-Attack|1/241","|faint|p2a: Red Transformer","|","|win|Blaze JRBY"],"p1rating":{"entryid":"6474805","serverid":"eos","formatid":"ubers","userid":"blazejrby","username":"Blaze JRBY","w":2,"l":"0","t":"0","gxe":59.4,"r":"1540.1606143388","rd":"129.3984481517","sigma":"0","rptime":"1438592400","rpr":1575.7927172774,"rprd":122.42370047274,"rpsigma":"0","acre":1070.1028089042,"lacre":1070.1028089042,"oldacre":"1040"},"p2rating":{"entryid":7375977,"formatid":"ubers","userid":"dmoc2008","username":"DMOC2008","r":1500,"rd":130,"sigma":0,"rpr":1464.0547147669,"rprd":122.92411186528,"rpsigma":0,"rptime":1438592400,"w":0,"l":1,"t":0,"gxe":45.5,"acre":1000,"lacre":1000,"oldacre":1000},"endType":"normal"}