{"seed":[26384,36247,41971,43917],"turns":19,"p1":"GTXMinun","p2":"The mega poliwrath","p1team":[{"name":"Cryptic","species":"scizor","item":"focussash","ability":"Technician","moves":["bugbite","bulletpunch","pursuit","swordsdance"],"nature":"Jolly","evs":{"hp":4,"atk":252,"def":0,"spa":0,"spd":0,"spe":252},"ivs":{"hp":31,"atk":31,"def":31,"spa":31,"spd":31,"spe":31}},{"name":"SlimShady","species":"jirachi","item":"leftovers","ability":"Serene Grace","moves":["heartstamp","ironhead","playrough","thunderwave"],"nature":"Jolly","evs":{"hp":0,"atk":252,"def":4,"spa":0,"spd":0,"spe":252},"shiny":true,"ivs":{"hp":31,"atk":31,"def":31,"spa":31,"spd":31,"spe":31}},{"name":"ZZ-Top","species":"bisharp","item":"lumberry","ability":"Defiant","moves":["ironhead","suckerpunch","psychocut","poweruppunch"],"nature":"Jolly","evs":{"hp":0,"atk":156,"def":0,"spa":0,"spd":100,"spe":252},"shiny":true,"ivs":{"hp":31,"atk":31,"def":31,"spa":31,"spd":31,"spe":31}},{"name":"DiamondSide","species":"aggron","item":"aggronite","ability":"Sturdy","moves":["ironhead","stoneedge","earthquake","autotomize"],"nature":"Adamant","evs":{"hp":0,"atk":252,"def":4,"spa":0,"spd":252,"spe":0},"shiny":true,"ivs":{"hp":31,"atk":31,"def":31,"spa":31,"spd":31,"spe":31}},{"name":"Hummer","species":"heatran","item":"leftovers","ability":"Flash Fire","moves":["flamethrower","flashcannon","darkpulse","stealthrock"],"nature":"Calm","evs":{"hp":100,"atk":0,"def":0,"spa":156,"spd":252,"spe":0},"ivs":{"hp":31,"atk":31,"def":31,"spa":31,"spd":31,"spe":31}},{"name":"Magnezone","species":"Magnezone","item":"choicescarf","ability":"Sturdy","moves":["thunderbolt","flashcannon","signalbeam","substitute"],"nature":"Timid","evs":{"hp":0,"atk":0,"def":0,"spa":252,"spd":4,"spe":252},"ivs":{"hp":31,"atk":31,"def":31,"spa":31,"spd":31,"spe":31}}],"p2team":[{"name":"Manectric","species":"Manectric","item":"manectite","ability":"Lightning Rod","moves":["thunderbolt","flamethrower","voltswitch","hiddenpowerice"],"nature":"Timid","evs":{"hp":0,"atk":0,"def":0,"spa":252,"spd":4,"spe":252},"ivs":{"hp":31,"atk":30,"def":30,"spa":31,"spd":31,"spe":31},"shiny":true,"happiness":0},{"name":"Spood","species":"galvantula","item":"focussash","ability":"Compound Eyes","moves":["thunderbolt","bugbuzz","energyball","stickyweb"],"nature":"Timid","evs":{"hp":0,"atk":0,"def":0,"spa":252,"spd":4,"spe":252},"shiny":true,"ivs":{"hp":31,"atk":31,"def":31,"spa":31,"spd":31,"spe":31}},{"name":"Heliolisk","species":"Heliolisk","item":"lifeorb","ability":"Dry Skin","moves":["thunderbolt","surf","darkpulse","voltswitch"],"nature":"Timid","evs":{"hp":0,"atk":0,"def":0,"spa":252,"spd":4,"spe":252},"shiny":true,"ivs":{"hp":31,"atk":31,"def":31,"spa":31,"spd":31,"spe":31}},{"name":"Raikou","species":"Raikou","item":"assaultvest","ability":"Pressure","moves":["thunderbolt","extrasensory","shadowball","voltswitch"],"nature":"Timid","evs":{"hp":0,"atk":0,"def":0,"spa":252,"spd":4,"spe":252},"shiny":true,"ivs":{"hp":31,"atk":31,"def":31,"spa":31,"spd":31,"spe":31}},{"name":"Thundurus-Therian","species":"Thundurus-Therian","item":"choicespecs","ability":"Volt Absorb","moves":["sludgewave","voltswitch","psychic","darkpulse"],"nature":"Timid","evs":{"hp":0,"atk":0,"def":0,"spa":252,"spd":4,"spe":252},"ivs":{"hp":31,"atk":31,"def":31,"spa":31,"spd":31,"spe":31}},{"name":"Rotom-Wash","species":"Rotom-Wash","item":"leftovers","ability":"Levitate","moves":["hydropump","thunderbolt","shadowball","willowisp"],"nature":"Modest","evs":{"hp":252,"atk":0,"def":0,"spa":252,"spd":4,"spe":0},"ivs":{"hp":31,"atk":31,"def":31,"spa":31,"spd":31,"spe":31}}],"log":["|player|p1|GTXMinun|1","|player|p2|The mega poliwrath|10","|gametype|singles","|gen|6","|tier|Monotype","|rated","|rule|Baton Pass Clause: Limit one Baton Passer, can't pass Spe and other stats simultaneously","|rule|Swagger Clause: Swagger is banned","|rule|Same Type Clause: Pokémon in a team must share a type","|clearpoke","|poke|p1|Scizor, M","|poke|p1|Jirachi, shiny","|poke|p1|Bisharp, F, shiny","|poke|p1|Aggron, F, shiny","|poke|p1|Heatran, M","|poke|p1|Magnezone","|poke|p2|Manectric, F, shiny","|poke|p2|Galvantula, F, shiny","|poke|p2|Heliolisk, M, shiny","|poke|p2|Raikou, shiny","|poke|p2|Thundurus-Therian, M","|poke|p2|Rotom-Wash","|rule|Sleep Clause Mod: Limit one foe put to sleep","|rule|Species Clause: Limit one of each Pokémon","|rule|OHKO Clause: OHKO moves are banned","|rule|Moody Clause: Moody is banned","|rule|Evasion Moves Clause: Evasion moves are banned","|rule|Endless Battle Clause: Forcing endless battles is banned","|rule|HP Percentage Mod: HP is shown in percentages","|teampreview","|","|start","|switch|p1a: Hummer|Heatran, M|348/348","|switch|p2a: Spood|Galvantula, F, shiny|281/281","|turn|1","|","|move|p2a: Spood|Sticky Web|p1a: Hummer","|-sidestart|p1: GTXMinun|move: Sticky Web","|move|p1a: Hummer|Flamethrower|p2a: Spood","|-supereffective|p2a: Spood","|-enditem|p2a: Spood|Focus Sash","|-damage|p2a: Spood|1/281","|","|turn|2","|","|move|p2a: Spood|Thunderbolt|p1a: Hummer","|-damage|p1a: Hummer|261/348","|move|p1a: Hummer|Stealth Rock|p2a: Spood","|-sidestart|p2: The mega poliwrath|move: Stealth Rock","|","|-heal|p1a: Hummer|282/348|[from] item: Leftovers","|turn|3","|","|move|p2a: Spood|Thunderbolt|p1a: Hummer","|-damage|p1a: Hummer|197/348","|move|p1a: Hummer|Flash Cannon|p2a: Spood","|-resisted|p2a: Spood","|-damage|p2a: Spood|0 fnt","|faint|p2a: Spood","|","|-heal|p1a: Hummer|218/348|[from] item: Leftovers","|","|switch|p2a: Rotom-Wash|Rotom-Wash|304/304","|-damage|p2a: Rotom-Wash|266/304|[from] Stealth Rock","|turn|4","|","|switch|p1a: ZZ-Top|Bisharp, F, shiny|271/271","|-activate|p1a: ZZ-Top|move: Sticky Web","|-unboost|p1a: ZZ-Top|spe|1","|-boost|p1a: ZZ-Top|atk|2|[from] ability: Defiant","|move|p2a: Rotom-Wash|Hydro Pump|p1a: ZZ-Top","|-damage|p1a: ZZ-Top|42/271","|","|-heal|p2a: Rotom-Wash|285/304|[from] item: Leftovers","|turn|5","|","|move|p1a: ZZ-Top|Sucker Punch|p2a: Rotom-Wash","|-damage|p2a: Rotom-Wash|27/304","|move|p2a: Rotom-Wash|Thunderbolt|p1a: ZZ-Top","|-damage|p1a: ZZ-Top|0 fnt","|faint|p1a: ZZ-Top","|","|-heal|p2a: Rotom-Wash|46/304|[from] item: Leftovers","|","|switch|p1a: Magnezone|Magnezone|281/281","|-activate|p1a: Magnezone|move: Sticky Web","|-unboost|p1a: Magnezone|spe|1","|turn|6","|","|move|p1a: Magnezone|Signal Beam|p2a: Rotom-Wash","|-damage|p2a: Rotom-Wash|0 fnt","|faint|p2a: Rotom-Wash","|","|","|switch|p2a: Raikou|Raikou, shiny|321/321","|-damage|p2a: Raikou|281/321|[from] Stealth Rock","|-ability|p2a: Raikou|Pressure","|turn|7","|","|move|p2a: Raikou|Thunderbolt|p1a: Magnezone","|-crit|p1a: Magnezone","|-resisted|p1a: Magnezone","|-damage|p1a: Magnezone|168/281","|move|p1a: Magnezone|Signal Beam|p2a: Raikou","|-damage|p2a: Raikou|222/321","|","|turn|8","|","|move|p2a: Raikou|Shadow Ball|p1a: Magnezone","|-damage|p1a: Magnezone|75/281","|-unboost|p1a: Magnezone|spd|1","|move|p1a: Magnezone|Signal Beam|p2a: Raikou","|-damage|p2a: Raikou|158/321","|","|turn|9","|","|move|p2a: Raikou|Shadow Ball|p1a: Magnezone","|-damage|p1a: Magnezone|0 fnt","|faint|p1a: Magnezone","|","|","|switch|p1a: Hummer|Heatran, M|218/348","|-activate|p1a: Hummer|move: Sticky Web","|-unboost|p1a: Hummer|spe|1","|turn|10","|","|move|p2a: Raikou|Thunderbolt|p1a: Hummer","|-damage|p1a: Hummer|115/348","|move|p1a: Hummer|Flamethrower|p2a: Raikou","|-damage|p2a: Raikou|58/321","|","|-heal|p1a: Hummer|136/348|[from] item: Leftovers","|turn|11","|","|move|p2a: Raikou|Shadow Ball|p1a: Hummer","|-damage|p1a: Hummer|74/348","|move|p1a: Hummer|Flamethrower|p2a: Raikou","|-crit|p2a: Raikou","|-damage|p2a: Raikou|0 fnt","|faint|p2a: Raikou","|","|-heal|p1a: Hummer|95/348|[from] item: Leftovers","|","|switch|p2a: Thundurus-Therian|Thundurus-Therian, M|299/299","|-damage|p2a: Thundurus-Therian|225/299|[from] Stealth Rock","|turn|12","|","|move|p2a: Thundurus-Therian|Sludge Wave|p1a: Hummer","|-immune|p1a: Hummer|[msg]","|move|p1a: Hummer|Flamethrower|p2a: Thundurus-Therian","|-crit|p2a: Thundurus-Therian","|-damage|p2a: Thundurus-Therian|0 fnt","|faint|p2a: Thundurus-Therian","|","|-heal|p1a: Hummer|116/348|[from] item: Leftovers","|","|switch|p2a: Heliolisk|Heliolisk, M, shiny|265/265","|-damage|p2a: Heliolisk|232/265|[from] Stealth Rock","|turn|13","|","|move|p2a: Heliolisk|Surf|p1a: Hummer","|-supereffective|p1a: Hummer","|-damage|p1a: Hummer|0 fnt","|-damage|p2a: Heliolisk|206/265|[from] item: Life Orb","|faint|p1a: Hummer","|","|","|switch|p1a: SlimShady|Jirachi, shiny|341/341","|-activate|p1a: SlimShady|move: Sticky Web","|-unboost|p1a: SlimShady|spe|1","|turn|14","|","|move|p2a: Heliolisk|Dark Pulse|p1a: SlimShady","|-supereffective|p1a: SlimShady","|-damage|p1a: SlimShady|133/341","|-damage|p2a: Heliolisk|180/265|[from] item: Life Orb","|move|p1a: SlimShady|Iron Head|p2a: Heliolisk","|-resisted|p2a: Heliolisk","|-damage|p2a: Heliolisk|88/265","|","|-heal|p1a: SlimShady|154/341|[from] item: Leftovers","|turn|15","|","|move|p2a: Heliolisk|Dark Pulse|p1a: SlimShady","|-supereffective|p1a: SlimShady","|-damage|p1a: SlimShady|0 fnt","|-damage|p2a: Heliolisk|62/265|[from] item: Life Orb","|faint|p1a: SlimShady","|","|","|switch|p1a: Cryptic|Scizor, M|282/282","|-activate|p1a: Cryptic|move: Sticky Web","|-unboost|p1a: Cryptic|spe|1","|turn|16","|","|move|p2a: Heliolisk|Thunderbolt|p1a: Cryptic","|-damage|p1a: Cryptic|78/282","|-damage|p2a: Heliolisk|36/265|[from] item: Life Orb","|move|p1a: Cryptic|Swords Dance|p1a: Cryptic","|-boost|p1a: Cryptic|atk|2","|","|turn|17","|","|move|p1a: Cryptic|Bullet Punch|p2a: Heliolisk","|-resisted|p2a: Heliolisk","|-damage|p2a: Heliolisk|0 fnt","|faint|p2a: Heliolisk","|","|","|switch|p2a: Manectric|Manectric, F, shiny|281/281","|-damage|p2a: Manectric|246/281|[from] Stealth Rock","|turn|18","|","|detailschange|p2a: Manectric|Manectric-Mega, F, shiny","|-mega|p2a: Manectric|Manectric|Manectite","|-ability|p2a: Manectric|Intimidate","|-unboost|p1a: Cryptic|atk|1","|move|p1a: Cryptic|Bullet Punch|p2a: Manectric","|-resisted|p2a: Manectric","|-damage|p2a: Manectric|153/281","|move|p2a: Manectric|Thunderbolt|p1a: Cryptic","|-damage|p1a: Cryptic|0 fnt","|faint|p1a: Cryptic","|","|","|switch|p1a: DiamondSide|Aggron, F, shiny|281/281","|-activate|p1a: DiamondSide|move: Sticky Web","|-unboost|p1a: DiamondSide|spe|1","|turn|19","|","|detailschange|p1a: DiamondSide|Aggron-Mega, F, shiny","|-mega|p1a: DiamondSide|Aggron|Aggronite","|move|p2a: Manectric|Flamethrower|p1a: DiamondSide","|-supereffective|p1a: DiamondSide","|-damage|p1a: DiamondSide|130/281","|move|p1a: DiamondSide|Earthquake|p2a: Manectric","|-supereffective|p2a: Manectric","|-damage|p2a: Manectric|0 fnt","|faint|p2a: Manectric","|","|win|GTXMinun"],"p1rating":{"entryid":7250078,"formatid":"monotype","userid":"gtxminun","username":"GTXMinun","r":1500,"rd":130,"sigma":0,"rpr":1538.1504518827,"rprd":122.28762817497,"rpsigma":0,"rptime":1438160400,"w":1,"l":0,"t":0,"gxe":54.8,"acre":1049.0825004985,"lacre":1049.0825004985,"oldacre":1000},"p2rating":{"entryid":"7210585","serverid":"eos","formatid":"monotype","userid":"themegapoliwrath","username":"The mega poliwrath","w":"7","l":15,"t":"0","gxe":36.5,"r":"1469.8323748853","rd":"82.442759223733","sigma":"0","rptime":"1438160400","rpr":1394.320143124,"rprd":67.430954606674,"rpsigma":"0","acre":1053.2403719075,"lacre":1053.2403719075,"oldacre":"1080.2889268839"},"endType":"normal"}