{"seed":[50095,54658,10961,27577],"turns":21,"p1":"Cryѕtal Cash","p2":"SWL Neßki","p1team":[{"name":"Azumarill","species":"Azumarill","item":"sitrusberry","ability":"Huge Power","moves":["bellydrum","aquajet","playrough","knockoff"],"nature":"Adamant","evs":{"hp":252,"atk":252,"def":0,"spa":0,"spd":4,"spe":0},"ivs":{"hp":31,"atk":31,"def":31,"spa":31,"spd":31,"spe":31}},{"name":"Sylveon","species":"Sylveon","item":"choicespecs","ability":"Pixilate","moves":["hypervoice","shadowball","hiddenpowerfire","psyshock"],"nature":"Modest","evs":{"hp":240,"atk":0,"def":0,"spa":252,"spd":0,"spe":16},"ivs":{"hp":31,"atk":30,"def":31,"spa":30,"spd":31,"spe":30}},{"name":"Klefki","species":"Klefki","item":"lightclay","ability":"Prankster","moves":["reflect","lightscreen","thunderwave","foulplay"],"nature":"Bold","evs":{"hp":248,"atk":0,"def":252,"spa":0,"spd":8,"spe":0},"ivs":{"hp":31,"atk":31,"def":31,"spa":31,"spd":31,"spe":31}},{"name":"Toge Kiss Deez Nut","species":"togekiss","item":"leftovers","ability":"Serene Grace","moves":["thunderwave","airslash","nastyplot","roost"],"nature":"Modest","evs":{"hp":0,"atk":0,"def":4,"spa":252,"spd":0,"spe":252},"ivs":{"hp":31,"atk":31,"def":31,"spa":31,"spd":31,"spe":31}},{"name":"TROLL","species":"whimsicott","item":"leftovers","ability":"Prankster","moves":["cottonguard","substitute","stunspore","leechseed"],"nature":"Bold","evs":{"hp":252,"atk":0,"def":126,"spa":0,"spd":126,"spe":4},"happiness":0,"ivs":{"hp":31,"atk":31,"def":31,"spa":31,"spd":31,"spe":31}},{"name":"Granbull","species":"Granbull","item":"leftovers","ability":"Intimidate","moves":["playrough","healbell","earthquake","thunderwave"],"nature":"Adamant","evs":{"hp":252,"atk":252,"def":4,"spa":0,"spd":0,"spe":0},"ivs":{"hp":31,"atk":31,"def":31,"spa":31,"spd":31,"spe":31}}],"p2team":[{"name":"Dragonite","species":"Dragonite","item":"choiceband","ability":"Multiscale","moves":["extremespeed","outrage","superpower","earthquake"],"nature":"Adamant","evs":{"hp":4,"atk":252,"def":0,"spa":0,"spd":0,"spe":252},"ivs":{"hp":31,"atk":31,"def":31,"spa":31,"spd":31,"spe":31}},{"name":"Mandibuzz","species":"Mandibuzz","item":"rockyhelmet","ability":"Overcoat","moves":["taunt","foulplay","defog","roost"],"nature":"Bold","evs":{"hp":248,"atk":0,"def":252,"spa":0,"spd":0,"spe":8},"ivs":{"hp":31,"atk":31,"def":31,"spa":31,"spd":31,"spe":31}},{"name":"Thundurus-Therian","species":"Thundurus-Therian","item":"assaultvest","ability":"Volt Absorb","moves":["voltswitch","discharge","knockoff","hiddenpowerice"],"nature":"Timid","evs":{"hp":0,"atk":0,"def":0,"spa":252,"spd":4,"spe":252},"ivs":{"hp":31,"atk":2,"def":30,"spa":31,"spd":31,"spe":31}},{"name":"All Falls Down","species":"charizard","item":"charizarditey","ability":"Blaze","moves":["flamethrower","solarbeam","earthquake","overheat"],"nature":"Modest","evs":{"hp":4,"atk":0,"def":0,"spa":252,"spd":0,"spe":252},"ivs":{"hp":31,"atk":31,"def":31,"spa":31,"spd":31,"spe":31}},{"name":"Landorus-Therian","species":"Landorus-Therian","item":"choicescarf","ability":"Intimidate","moves":["uturn","rockslide","earthquake","outrage"],"nature":"Adamant","evs":{"hp":0,"atk":252,"def":0,"spa":0,"spd":0,"spe":252},"ivs":{"hp":31,"atk":31,"def":31,"spa":31,"spd":31,"spe":31}},{"name":"Archeops","species":"Archeops","item":"focussash","ability":"Defeatist","moves":["taunt","stealthrock","defog","endeavor"],"nature":"Naive","evs":{"hp":0,"atk":252,"def":0,"spa":0,"spd":0,"spe":252},"ivs":{"hp":0,"atk":31,"def":0,"spa":0,"spd":0,"spe":31}}],"log":["|player|p1|Cryѕtal Cash|158","|player|p2|SWL Neßki|swlneki.png","|gametype|singles","|gen|6","|tier|Monotype","|rated","|rule|Baton Pass Clause: Limit one Baton Passer, can't pass Spe and other stats simultaneously","|rule|Swagger Clause: Swagger is banned","|rule|Same Type Clause: Pokémon in a team must share a type","|clearpoke","|poke|p1|Azumarill, M","|poke|p1|Sylveon, M","|poke|p1|Klefki, F","|poke|p1|Togekiss, F","|poke|p1|Whimsicott, F","|poke|p1|Granbull, F","|poke|p2|Dragonite, M","|poke|p2|Mandibuzz, F","|poke|p2|Thundurus-Therian, M","|poke|p2|Charizard, F","|poke|p2|Landorus-Therian, M","|poke|p2|Archeops, F","|rule|Sleep Clause Mod: Limit one foe put to sleep","|rule|Species Clause: Limit one of each Pokémon","|rule|OHKO Clause: OHKO moves are banned","|rule|Moody Clause: Moody is banned","|rule|Evasion Moves Clause: Evasion moves are banned","|rule|Endless Battle Clause: Forcing endless battles is banned","|rule|HP Percentage Mod: HP is shown in percentages","|teampreview","|","|start","|switch|p1a: Granbull|Granbull, F|384/384","|switch|p2a: Thundurus-Therian|Thundurus-Therian, M|299/299","|-ability|p1a: Granbull|Intimidate","|-unboost|p2a: Thundurus-Therian|atk|1","|turn|1","|","|move|p2a: Thundurus-Therian|Volt Switch|p1a: Granbull","|-damage|p1a: Granbull|165/384","|","|switch|p2a: Mandibuzz|Mandibuzz, F|423/423","|move|p1a: Granbull|Thunder Wave|p2a: Mandibuzz","|-status|p2a: Mandibuzz|par","|","|-heal|p1a: Granbull|189/384|[from] item: Leftovers","|turn|2","|","|move|p1a: Granbull|Play Rough|p2a: Mandibuzz|[miss]","|-miss|p1a: Granbull|p2a: Mandibuzz","|move|p2a: Mandibuzz|Taunt|p1a: Granbull","|-start|p1a: Granbull|move: Taunt","|","|-heal|p1a: Granbull|213/384|[from] item: Leftovers","|turn|3","|","|move|p1a: Granbull|Play Rough|p2a: Mandibuzz","|-supereffective|p2a: Mandibuzz","|-damage|p2a: Mandibuzz|193/423 par","|-damage|p1a: Granbull|149/384|[from] item: Rocky Helmet|[of] p2a: Mandibuzz","|move|p2a: Mandibuzz|Foul Play|p1a: Granbull","|-resisted|p1a: Granbull","|-damage|p1a: Granbull|35/384","|","|-heal|p1a: Granbull|59/384|[from] item: Leftovers","|turn|4","|","|move|p1a: Granbull|Play Rough|p2a: Mandibuzz","|-crit|p2a: Mandibuzz","|-supereffective|p2a: Mandibuzz","|-damage|p2a: Mandibuzz|0 fnt","|-damage|p1a: Granbull|0 fnt|[from] item: Rocky Helmet|[of] p2a: Mandibuzz","|faint|p1a: Granbull","|faint|p2a: Mandibuzz","|","|","|switch|p2a: Thundurus-Therian|Thundurus-Therian, M|299/299","|switch|p1a: Azumarill|Azumarill, M|404/404","|turn|5","|","|switch|p1a: TROLL|Whimsicott, F|324/324","|move|p2a: Thundurus-Therian|Discharge|p1a: TROLL","|-resisted|p1a: TROLL","|-damage|p1a: TROLL|238/324","|","|-heal|p1a: TROLL|258/324|[from] item: Leftovers","|turn|6","|","|move|p1a: TROLL|Cotton Guard|p1a: TROLL","|-boost|p1a: TROLL|def|3","|move|p2a: Thundurus-Therian|Hidden Power|p1a: TROLL","|-supereffective|p1a: TROLL","|-damage|p1a: TROLL|76/324","|","|-heal|p1a: TROLL|96/324|[from] item: Leftovers","|turn|7","|","|move|p1a: TROLL|Leech Seed|p2a: Thundurus-Therian","|-start|p2a: Thundurus-Therian|move: Leech Seed","|move|p2a: Thundurus-Therian|Hidden Power|p1a: TROLL","|-supereffective|p1a: TROLL","|-damage|p1a: TROLL|0 fnt","|faint|p1a: TROLL","|","|","|switch|p1a: Sylveon|Sylveon, M|391/391","|turn|8","|","|move|p2a: Thundurus-Therian|Volt Switch|p1a: Sylveon","|-damage|p1a: Sylveon|291/391","|","|switch|p2a: Archeops|Archeops, F|260/260","|move|p1a: Sylveon|Hyper Voice|p2a: Archeops","|-enditem|p2a: Archeops|Focus Sash","|-damage|p2a: Archeops|1/260","|","|turn|9","|","|move|p2a: Archeops|Endeavor|p1a: Sylveon","|-damage|p1a: Sylveon|1/391","|move|p1a: Sylveon|Hyper Voice|p2a: Archeops","|-damage|p2a: Archeops|0 fnt","|faint|p2a: Archeops","|","|","|switch|p2a: Landorus-Therian|Landorus-Therian, M|319/319","|-ability|p2a: Landorus-Therian|Intimidate","|-unboost|p1a: Sylveon|atk|1","|turn|10","|","|move|p2a: Landorus-Therian|U-turn|p1a: Sylveon","|-resisted|p1a: Sylveon","|-damage|p1a: Sylveon|0 fnt","|faint|p1a: Sylveon","|","|switch|p2a: Thundurus-Therian|Thundurus-Therian, M|299/299","|","|","|switch|p1a: Klefki|Klefki, F|317/317","|turn|11","|","|move|p1a: Klefki|Light Screen|p1a: Klefki","|-sidestart|p1: Cryѕtal Cash|move: Light Screen","|move|p2a: Thundurus-Therian|Knock Off|p1a: Klefki","|-resisted|p1a: Klefki","|-damage|p1a: Klefki|294/317","|-enditem|p1a: Klefki|Light Clay|[from] move: Knock Off|[of] p2a: Thundurus-Therian","|","|turn|12","|","|move|p1a: Klefki|Reflect|p1a: Klefki","|-sidestart|p1: Cryѕtal Cash|Reflect","|move|p2a: Thundurus-Therian|Discharge|p1a: Klefki","|-damage|p1a: Klefki|213/317","|","|turn|13","|","|move|p2a: Thundurus-Therian|Discharge|p1a: Klefki","|-damage|p1a: Klefki|133/317","|move|p1a: Klefki|Foul Play|p2a: Thundurus-Therian","|-damage|p2a: Thundurus-Therian|212/299","|","|turn|14","|","|move|p2a: Thundurus-Therian|Volt Switch|p1a: Klefki","|-damage|p1a: Klefki|52/317","|","|switch|p2a: All Falls Down|Charizard, F|298/298","|move|p1a: Klefki|Foul Play|p2a: All Falls Down","|-crit|p2a: All Falls Down","|-damage|p2a: All Falls Down|191/298","|","|turn|15","|","|switch|p2a: Thundurus-Therian|Thundurus-Therian, M|212/299","|move|p1a: Klefki|Thunder Wave|p2a: Thundurus-Therian","|-heal|p2a: Thundurus-Therian|286/299|[from] ability: Volt Absorb|[of] p1a: Klefki","|","|turn|16","|","|move|p2a: Thundurus-Therian|Discharge|p1a: Klefki","|-damage|p1a: Klefki|0 fnt","|faint|p1a: Klefki","|","|-sideend|p1: Cryѕtal Cash|Reflect","|","|switch|p1a: Toge Kiss Deez Nut|Togekiss, F|311/311","|turn|17","|","|move|p2a: Thundurus-Therian|Discharge|p1a: Toge Kiss Deez Nut","|-supereffective|p1a: Toge Kiss Deez Nut","|-damage|p1a: Toge Kiss Deez Nut|176/311","|-status|p1a: Toge Kiss Deez Nut|par","|move|p1a: Toge Kiss Deez Nut|Air Slash|p2a: Thundurus-Therian","|-resisted|p2a: Thundurus-Therian","|-damage|p2a: Thundurus-Therian|235/299","|","|-heal|p1a: Toge Kiss Deez Nut|195/311 par|[from] item: Leftovers","|turn|18","|","|move|p2a: Thundurus-Therian|Discharge|p1a: Toge Kiss Deez Nut","|-supereffective|p1a: Toge Kiss Deez Nut","|-damage|p1a: Toge Kiss Deez Nut|45/311 par","|move|p1a: Toge Kiss Deez Nut|Nasty Plot|p1a: Toge Kiss Deez Nut","|-boost|p1a: Toge Kiss Deez Nut|spa|2","|","|-heal|p1a: Toge Kiss Deez Nut|64/311 par|[from] item: Leftovers","|-sideend|p1: Cryѕtal Cash|move: Light Screen","|turn|19","|","|move|p2a: Thundurus-Therian|Discharge|p1a: Toge Kiss Deez Nut","|-supereffective|p1a: Toge Kiss Deez Nut","|-damage|p1a: Toge Kiss Deez Nut|0 fnt","|faint|p1a: Toge Kiss Deez Nut","|","|","|switch|p1a: Azumarill|Azumarill, M|404/404","|turn|20","|","|move|p2a: Thundurus-Therian|Discharge|p1a: Azumarill","|-supereffective|p1a: Azumarill","|-damage|p1a: Azumarill|24/404","|-status|p1a: Azumarill|par","|-enditem|p1a: Azumarill|Sitrus Berry|[eat]","|-heal|p1a: Azumarill|125/404 par|[from] item: Sitrus Berry","|move|p1a: Azumarill|Play Rough|p2a: Thundurus-Therian","|-damage|p2a: Thundurus-Therian|0 fnt","|faint|p2a: Thundurus-Therian","|","|","|switch|p2a: Dragonite|Dragonite, M|324/324","|turn|21","|","|move|p2a: Dragonite|Extreme Speed|p1a: Azumarill","|-damage|p1a: Azumarill|0 fnt","|faint|p1a: Azumarill","|","|win|SWL Neßki"],"p1rating":{"entryid":"7232943","serverid":"eos","formatid":"monotype","userid":"crytalcash","username":"Cryѕtal Cash","w":"3","l":7,"t":"0","gxe":41,"r":"1510.2881071863","rd":"116.25859939504","sigma":"0","rptime":"1438160400","rpr":1429.2339549995,"rprd":86.609804201378,"rpsigma":"0","acre":1056.626081747,"lacre":1056.626081747,"oldacre":"1064.8610047866"},"p2rating":{"entryid":"6746789","serverid":"eos","formatid":"monotype","userid":"swlneki","username":"SWL Neßki","w":17,"l":"9","t":"0","gxe":64.7,"r":"1607.0516041592","rd":"67.469976251587","sigma":"0","rptime":"1438160400","rpr":1615.9277753273,"rprd":66.447065054945,"rpsigma":"0","acre":1306.8241127908,"lacre":1306.8241127908,"oldacre":"1296.3891437984"},"endType":"normal"}