{"seed":[37699,34359,17638,2706],"turns":19,"p1":"Emg dooms","p2":"Adviser♕Boo","p1team":[{"name":"Tyranitar","species":"Tyranitar","item":"tyranitarite","ability":"Sand Stream","moves":["stealthrock","thunderwave","stoneedge","ironhead"],"nature":"Careful","evs":{"hp":252,"atk":4,"def":0,"spa":0,"spd":252,"spe":0},"gender":"M","ivs":{"hp":31,"atk":31,"def":31,"spa":31,"spd":31,"spe":31}},{"name":"Mandibuzz","species":"Mandibuzz","item":"leftovers","ability":"Overcoat","moves":["roost","bravebird","foulplay","defog"],"nature":"Impish","evs":{"hp":240,"atk":0,"def":252,"spa":0,"spd":0,"spe":16},"shiny":true,"ivs":{"hp":31,"atk":31,"def":31,"spa":31,"spd":31,"spe":31}},{"name":"Sableye","species":"Sableye","item":"leftovers","ability":"Prankster","moves":["willowisp","calmmind","recover","taunt"],"nature":"Calm","evs":{"hp":224,"atk":0,"def":0,"spa":0,"spd":252,"spe":32},"gender":"M","ivs":{"hp":31,"atk":0,"def":31,"spa":31,"spd":31,"spe":31}},{"name":"Zoroark","species":"Zoroark","item":"lifeorb","ability":"Illusion","moves":["nightdaze","focusblast","flamethrower","nastyplot"],"nature":"Timid","evs":{"hp":0,"atk":0,"def":0,"spa":252,"spd":4,"spe":252},"gender":"M","ivs":{"hp":31,"atk":0,"def":31,"spa":31,"spd":31,"spe":31},"shiny":true},{"name":"Umbreon","species":"Umbreon","item":"leftovers","ability":"Synchronize","moves":["wish","protect","foulplay","healbell"],"nature":"Calm","evs":{"hp":252,"atk":0,"def":4,"spa":0,"spd":252,"spe":0},"gender":"M","ivs":{"hp":31,"atk":0,"def":31,"spa":31,"spd":31,"spe":31}},{"name":"Weavile","species":"Weavile","item":"lifeorb","ability":"Pressure","moves":["iciclecrash","iceshard","knockoff","lowkick"],"nature":"Jolly","evs":{"hp":0,"atk":252,"def":0,"spa":0,"spd":4,"spe":252},"gender":"M","ivs":{"hp":31,"atk":31,"def":31,"spa":31,"spd":31,"spe":31}}],"p2team":[{"name":"Link to the Past","species":"doublade","item":"eviolite","ability":"No Guard","moves":["swordsdance","gyroball","sacredsword","shadowsneak"],"nature":"Brave","evs":{"hp":248,"atk":252,"def":0,"spa":0,"spd":8,"spe":0},"ivs":{"hp":31,"atk":31,"def":31,"spa":31,"spd":31,"spe":0}},{"name":"Magne Ace","species":"magnezone","item":"choicescarf","ability":"Sturdy","moves":["voltswitch","thunderbolt","hiddenpowerice","flashcannon"],"nature":"Timid","evs":{"hp":0,"atk":0,"def":0,"spa":252,"spd":4,"spe":252},"ivs":{"hp":31,"atk":30,"def":30,"spa":31,"spd":31,"spe":31}},{"name":"Star Powa","species":"jirachi","item":"choicescarf","ability":"Serene Grace","moves":["ironhead","trick","icepunch","firepunch"],"nature":"Jolly","evs":{"hp":0,"atk":252,"def":0,"spa":0,"spd":4,"spe":252},"ivs":{"hp":31,"atk":31,"def":31,"spa":31,"spd":31,"spe":31}},{"name":"Excadrill","species":"Excadrill","item":"choiceband","ability":"Mold Breaker","moves":["earthquake","ironhead","rapidspin","rockslide"],"nature":"Adamant","evs":{"hp":252,"atk":252,"def":0,"spa":0,"spd":0,"spe":4},"ivs":{"hp":31,"atk":31,"def":31,"spa":31,"spd":31,"spe":31}},{"name":"Ultron","species":"heatran","item":"airballoon","ability":"Flash Fire","moves":["flashcannon","flamethrower","earthpower","ancientpower"],"nature":"Modest","evs":{"hp":248,"atk":0,"def":0,"spa":252,"spd":8,"spe":0},"ivs":{"hp":31,"atk":31,"def":31,"spa":31,"spd":31,"spe":31}},{"name":"Hokey Pokey","species":"ferrothorn","item":"leftovers","ability":"Iron Barbs","moves":["leechseed","powerwhip","gyroball","thunderwave"],"nature":"Relaxed","evs":{"hp":252,"atk":4,"def":252,"spa":0,"spd":0,"spe":0},"ivs":{"hp":31,"atk":31,"def":31,"spa":31,"spd":31,"spe":0}}],"log":["|player|p1|Emg dooms|154","|player|p2|Adviser♕Boo|290","|gametype|singles","|gen|6","|tier|Monotype","|rated","|rule|Baton Pass Clause: Limit one Baton Passer, can't pass Spe and other stats simultaneously","|rule|Swagger Clause: Swagger is banned","|rule|Same Type Clause: Pokémon in a team must share a type","|clearpoke","|poke|p1|Tyranitar, M","|poke|p1|Mandibuzz, F, shiny","|poke|p1|Sableye, M","|poke|p1|Zoroark, M, shiny","|poke|p1|Umbreon, M","|poke|p1|Weavile, M","|poke|p2|Doublade, F","|poke|p2|Magnezone","|poke|p2|Jirachi","|poke|p2|Excadrill, M","|poke|p2|Heatran, M","|poke|p2|Ferrothorn, M","|rule|Sleep Clause Mod: Limit one foe put to sleep","|rule|Species Clause: Limit one of each Pokémon","|rule|OHKO Clause: OHKO moves are banned","|rule|Moody Clause: Moody is banned","|rule|Evasion Moves Clause: Evasion moves are banned","|rule|Endless Battle Clause: Forcing endless battles is banned","|rule|HP Percentage Mod: HP is shown in percentages","|teampreview","|","|start","|switch|p1a: Weavile|Weavile, M|261/261","|switch|p2a: Magne Ace|Magnezone|281/281","|turn|1","|","|move|p2a: Magne Ace|Flash Cannon|p1a: Weavile","|replace|p1a: Zoroark|Zoroark, M, shiny|261/261","|-damage|p1a: Zoroark|65/261","|move|p1a: Zoroark|Flamethrower|p2a: Magne Ace","|-supereffective|p2a: Magne Ace","|-damage|p2a: Magne Ace|13/281","|-status|p2a: Magne Ace|brn","|-damage|p1a: Zoroark|39/261|[from] item: Life Orb","|","|-damage|p2a: Magne Ace|0 fnt|[from] brn","|faint|p2a: Magne Ace","|","|switch|p2a: Star Powa|Jirachi|341/341","|turn|2","|","|move|p2a: Star Powa|Iron Head|p1a: Zoroark","|-damage|p1a: Zoroark|0 fnt","|faint|p1a: Zoroark","|","|","|switch|p1a: Umbreon|Umbreon, M|394/394","|turn|3","|","|switch|p2a: Hokey Pokey|Ferrothorn, M|352/352","|move|p1a: Umbreon|Foul Play|p2a: Hokey Pokey","|-damage|p2a: Hokey Pokey|282/352","|-damage|p1a: Umbreon|345/394|[from] ability: Iron Barbs|[of] p2a: Hokey Pokey","|","|-heal|p1a: Umbreon|369/394|[from] item: Leftovers","|-heal|p2a: Hokey Pokey|304/352|[from] item: Leftovers","|turn|4","|","|switch|p1a: Sableye|Sableye, M|297/297","|move|p2a: Hokey Pokey|Leech Seed|p1a: Sableye","|-start|p1a: Sableye|move: Leech Seed","|","|-heal|p2a: Hokey Pokey|326/352|[from] item: Leftovers","|-damage|p1a: Sableye|260/297|[from] Leech Seed|[of] p2a: Hokey Pokey","|-heal|p2a: Hokey Pokey|352/352|[silent]","|turn|5","|","|move|p1a: Sableye|Taunt|p2a: Hokey Pokey","|-start|p2a: Hokey Pokey|move: Taunt","|move|p2a: Hokey Pokey|Power Whip|p1a: Sableye","|-damage|p1a: Sableye|98/297","|","|-heal|p1a: Sableye|116/297|[from] item: Leftovers","|-damage|p1a: Sableye|79/297|[from] Leech Seed|[of] p2a: Hokey Pokey","|turn|6","|","|move|p1a: Sableye|Will-O-Wisp|p2a: Hokey Pokey","|-status|p2a: Hokey Pokey|brn","|move|p2a: Hokey Pokey|Power Whip|p1a: Sableye","|-damage|p1a: Sableye|0 fnt","|faint|p1a: Sableye","|","|-damage|p2a: Hokey Pokey|308/352 brn|[from] brn","|","|switch|p1a: Weavile|Weavile, M|281/281","|-ability|p1a: Weavile|Pressure","|turn|7","|","|move|p1a: Weavile|Low Kick|p2a: Hokey Pokey","|-supereffective|p2a: Hokey Pokey","|-damage|p2a: Hokey Pokey|126/352 brn","|-damage|p1a: Weavile|246/281|[from] ability: Iron Barbs|[of] p2a: Hokey Pokey","|-damage|p1a: Weavile|218/281|[from] item: Life Orb","|move|p2a: Hokey Pokey|Gyro Ball|p1a: Weavile","|-supereffective|p1a: Weavile","|-damage|p1a: Weavile|0 fnt","|faint|p1a: Weavile","|","|-heal|p2a: Hokey Pokey|148/352 brn|[from] item: Leftovers","|-damage|p2a: Hokey Pokey|104/352 brn|[from] brn","|-end|p2a: Hokey Pokey|move: Taunt","|","|switch|p1a: Tyranitar|Tyranitar, M|404/404","|-weather|Sandstorm","|turn|8","|","|detailschange|p1a: Tyranitar|Tyranitar-Mega, M","|-mega|p1a: Tyranitar|Tyranitar|Tyranitarite","|move|p1a: Tyranitar|Stone Edge|p2a: Hokey Pokey","|-resisted|p2a: Hokey Pokey","|-damage|p2a: Hokey Pokey|49/352 brn","|move|p2a: Hokey Pokey|Thunder Wave|p1a: Tyranitar","|-status|p1a: Tyranitar|par","|","|-weather|Sandstorm|[upkeep]","|-heal|p2a: Hokey Pokey|71/352 brn|[from] item: Leftovers","|-damage|p2a: Hokey Pokey|27/352 brn|[from] brn","|turn|9","|","|move|p1a: Tyranitar|Stealth Rock|p2a: Hokey Pokey","|-sidestart|p2: Adviser♕Boo|move: Stealth Rock","|move|p2a: Hokey Pokey|Leech Seed|p1a: Tyranitar","|-start|p1a: Tyranitar|move: Leech Seed","|","|-weather|Sandstorm|[upkeep]","|-heal|p2a: Hokey Pokey|49/352 brn|[from] item: Leftovers","|-damage|p1a: Tyranitar|354/404 par|[from] Leech Seed|[of] p2a: Hokey Pokey","|-heal|p2a: Hokey Pokey|99/352 brn|[silent]","|-damage|p2a: Hokey Pokey|55/352 brn|[from] brn","|turn|10","|","|switch|p1a: Umbreon|Umbreon, M|369/394","|move|p2a: Hokey Pokey|Power Whip|p1a: Umbreon","|-damage|p1a: Umbreon|305/394","|","|-weather|Sandstorm|[upkeep]","|-damage|p1a: Umbreon|281/394|[from] sandstorm","|-heal|p1a: Umbreon|305/394|[from] item: Leftovers","|-heal|p2a: Hokey Pokey|77/352 brn|[from] item: Leftovers","|-damage|p2a: Hokey Pokey|33/352 brn|[from] brn","|turn|11","|","|move|p1a: Umbreon|Heal Bell|p1a: Umbreon","|-cureteam|p1a: Umbreon|[from] move: HealBell","|move|p2a: Hokey Pokey|Leech Seed|p1a: Umbreon","|-start|p1a: Umbreon|move: Leech Seed","|","|-weather|Sandstorm|[upkeep]","|-damage|p1a: Umbreon|281/394|[from] sandstorm","|-heal|p1a: Umbreon|305/394|[from] item: Leftovers","|-heal|p2a: Hokey Pokey|55/352 brn|[from] item: Leftovers","|-damage|p1a: Umbreon|256/394|[from] Leech Seed|[of] p2a: Hokey Pokey","|-heal|p2a: Hokey Pokey|104/352 brn|[silent]","|-damage|p2a: Hokey Pokey|60/352 brn|[from] brn","|turn|12","|","|move|p1a: Umbreon|Foul Play|p2a: Hokey Pokey","|-damage|p2a: Hokey Pokey|0 fnt","|-damage|p1a: Umbreon|207/394|[from] ability: Iron Barbs|[of] p2a: Hokey Pokey","|faint|p2a: Hokey Pokey","|","|-weather|none","|-heal|p1a: Umbreon|231/394|[from] item: Leftovers","|","|switch|p2a: Excadrill|Excadrill, M|424/424","|-damage|p2a: Excadrill|411/424|[from] Stealth Rock","|-ability|p2a: Excadrill|Mold Breaker","|turn|13","|","|switch|p1a: Mandibuzz|Mandibuzz, F, shiny|421/421","|move|p2a: Excadrill|Earthquake|p1a: Mandibuzz","|-immune|p1a: Mandibuzz|[msg]","|","|turn|14","|","|switch|p2a: Ultron|Heatran, M|385/385","|-damage|p2a: Ultron|337/385|[from] Stealth Rock","|-item|p2a: Ultron|Air Balloon","|move|p1a: Mandibuzz|Foul Play|p2a: Ultron","|-damage|p2a: Ultron|243/385","|-enditem|p2a: Ultron|Air Balloon","|","|turn|15","|","|move|p1a: Mandibuzz|Foul Play|p2a: Ultron","|-crit|p2a: Ultron","|-damage|p2a: Ultron|116/385","|move|p2a: Ultron|Ancient Power|p1a: Mandibuzz","|-supereffective|p1a: Mandibuzz","|-damage|p1a: Mandibuzz|271/421","|","|-heal|p1a: Mandibuzz|297/421|[from] item: Leftovers","|turn|16","|","|move|p1a: Mandibuzz|Foul Play|p2a: Ultron","|-damage|p2a: Ultron|20/385","|move|p2a: Ultron|Ancient Power|p1a: Mandibuzz","|-supereffective|p1a: Mandibuzz","|-damage|p1a: Mandibuzz|143/421","|-boost|p2a: Ultron|atk|1","|-boost|p2a: Ultron|def|1","|-boost|p2a: Ultron|spa|1","|-boost|p2a: Ultron|spd|1","|-boost|p2a: Ultron|spe|1","|","|-heal|p1a: Mandibuzz|169/421|[from] item: Leftovers","|turn|17","|","|move|p2a: Ultron|Ancient Power|p1a: Mandibuzz","|-supereffective|p1a: Mandibuzz","|-damage|p1a: Mandibuzz|0 fnt","|faint|p1a: Mandibuzz","|","|","|switch|p1a: Tyranitar|Tyranitar-Mega, M|354/404","|-weather|Sandstorm","|turn|18","|","|move|p2a: Ultron|Flash Cannon|p1a: Tyranitar","|-supereffective|p1a: Tyranitar","|-damage|p1a: Tyranitar|148/404","|-unboost|p1a: Tyranitar|spd|1","|move|p1a: Tyranitar|Iron Head|p2a: Ultron","|-resisted|p2a: Ultron","|-damage|p2a: Ultron|5/385","|","|-weather|Sandstorm|[upkeep]","|turn|19","|","|win|Adviser♕Boo"],"p1rating":{"entryid":"7246156","serverid":"eos","formatid":"monotype","userid":"emgdooms","username":"Emg dooms","w":"0","l":3,"t":"0","gxe":38.7,"r":"1500","rd":"130","sigma":"0","rptime":"1438160400","rpr":1408.9410269613,"rprd":111.01974090404,"rpsigma":"0","acre":1000,"lacre":1000,"oldacre":"1000"},"p2rating":{"entryid":"7083956","serverid":"eos","formatid":"monotype","userid":"adviserboo","username":"Adviser♕Boo","w":65,"l":"37","t":"0","gxe":62.2,"r":"1594.8155345523","rd":"37.531523203031","sigma":"0","rptime":"1438160400","rpr":1594.1002131288,"rprd":37.150348884214,"rpsigma":"0","acre":1226.0665277108,"lacre":1226.0665277108,"oldacre":"1214.8148818259"},"endType":"forfeit"}