{"seed":[14862,650,19578,53487],"turns":42,"p1":"Guard Darkrai","p2":"Wаrden Arguѕ","p1team":[{"name":"Toxicmurk","species":"toxicroak","item":"airballoon","ability":"Dry Skin","moves":["swordsdance","gunkshot","drainpunch","suckerpunch"],"nature":"Adamant","evs":{"hp":248,"atk":252,"def":0,"spa":0,"spd":8,"spe":0},"ivs":{"hp":31,"atk":31,"def":31,"spa":31,"spd":31,"spe":31}},{"name":"Not Darkrai ;-;","species":"drapion","item":"blacksludge","ability":"Battle Armor","moves":["knockoff","poisonjab","rockslide","earthquake"],"nature":"Adamant","evs":{"hp":252,"atk":252,"def":0,"spa":0,"spd":4,"spe":0},"ivs":{"hp":31,"atk":31,"def":31,"spa":31,"spd":31,"spe":31}},{"name":"How am I a Dragon?","species":"dragalge","item":"choicespecs","ability":"Adaptability","moves":["dracometeor","sludgewave","scald","hiddenpowerfire"],"nature":"Modest","evs":{"hp":248,"atk":0,"def":0,"spa":252,"spd":8,"spe":0},"ivs":{"hp":31,"atk":30,"def":31,"spa":30,"spd":31,"spe":30}},{"name":"Mac","species":"muk","item":"assaultvest","ability":"Poison Touch","moves":["gunkshot","poweruppunch","shadowsneak","icepunch"],"nature":"Adamant","evs":{"hp":248,"atk":252,"def":0,"spa":0,"spd":8,"spe":0},"ivs":{"hp":31,"atk":31,"def":31,"spa":31,"spd":31,"spe":31}},{"name":"Hi","species":"gengar","item":"lifeorb","ability":"Levitate","moves":["hex","sludgewave","focusblast","psychic"],"nature":"Timid","evs":{"hp":0,"atk":0,"def":0,"spa":252,"spd":4,"spe":252},"ivs":{"hp":31,"atk":31,"def":31,"spa":31,"spd":31,"spe":31}},{"name":"O god Im Sick","species":"weezing","item":"blacksludge","ability":"Levitate","moves":["painsplit","willowisp","toxicspikes","thunderbolt"],"nature":"Calm","evs":{"hp":252,"atk":0,"def":0,"spa":4,"spd":252,"spe":0},"ivs":{"hp":31,"atk":31,"def":31,"spa":31,"spd":31,"spe":31}}],"p2team":[{"name":"Sableye","species":"Sableye","item":"leftovers","ability":"Prankster","moves":["knockoff","willowisp","recover","taunt"],"nature":"Bold","evs":{"hp":228,"atk":0,"def":252,"spa":0,"spd":0,"spe":28},"gender":"M","ivs":{"hp":31,"atk":0,"def":31,"spa":31,"spd":31,"spe":31}},{"name":"Aegislash","species":"Aegislash","item":"weaknesspolicy","ability":"Stance Change","moves":["kingsshield","sacredsword","shadowball","shadowsneak"],"nature":"Lonely","evs":{"hp":0,"atk":252,"def":0,"spa":240,"spd":0,"spe":16},"gender":"M","shiny":true,"ivs":{"hp":31,"atk":31,"def":31,"spa":31,"spd":31,"spe":31}},{"name":"Jellicent","species":"Jellicent","item":"leftovers","ability":"Cursed Body","moves":["toxic","scald","recover","acidarmor"],"nature":"Calm","evs":{"hp":252,"atk":0,"def":0,"spa":0,"spd":252,"spe":4},"gender":"M","ivs":{"hp":31,"atk":0,"def":31,"spa":31,"spd":31,"spe":31},"shiny":true},{"name":"Golurk","species":"Golurk","item":"focussash","ability":"No Guard","moves":["stealthrock","stoneedge","dynamicpunch","curse"],"nature":"Adamant","evs":{"hp":0,"atk":252,"def":0,"spa":0,"spd":4,"spe":252},"shiny":true,"ivs":{"hp":31,"atk":31,"def":31,"spa":31,"spd":31,"spe":31}},{"name":"Chandelure","species":"Chandelure","item":"choicescarf","ability":"Infiltrator","moves":["flamethrower","shadowball","energyball","trick"],"nature":"Modest","evs":{"hp":0,"atk":0,"def":0,"spa":252,"spd":4,"spe":252},"gender":"F","ivs":{"hp":31,"atk":0,"def":31,"spa":31,"spd":31,"spe":31}},{"name":"Gengar","species":"Gengar","item":"focussash","ability":"Levitate","moves":["destinybond","sludgebomb","shadowball","energyball"],"nature":"Timid","evs":{"hp":0,"atk":0,"def":0,"spa":252,"spd":4,"spe":252},"gender":"F","ivs":{"hp":31,"atk":0,"def":31,"spa":31,"spd":31,"spe":31},"shiny":true}],"log":["|player|p1|Guard Darkrai|guarddarkrai.png","|player|p2|Wаrden Arguѕ|argus2spooky.png","|gametype|singles","|gen|6","|tier|Monotype","|rated","|rule|Baton Pass Clause: Limit one Baton Passer, can't pass Spe and other stats simultaneously","|rule|Swagger Clause: Swagger is banned","|rule|Same Type Clause: Pokémon in a team must share a type","|clearpoke","|poke|p1|Toxicroak, F","|poke|p1|Drapion, M","|poke|p1|Dragalge, M","|poke|p1|Muk, F","|poke|p1|Gengar, F","|poke|p1|Weezing, M","|poke|p2|Sableye, M","|poke|p2|Aegislash, M, shiny","|poke|p2|Jellicent, M, shiny","|poke|p2|Golurk, shiny","|poke|p2|Chandelure, F","|poke|p2|Gengar, F, shiny","|rule|Sleep Clause Mod: Limit one foe put to sleep","|rule|Species Clause: Limit one of each Pokémon","|rule|OHKO Clause: OHKO moves are banned","|rule|Moody Clause: Moody is banned","|rule|Evasion Moves Clause: Evasion moves are banned","|rule|Endless Battle Clause: Forcing endless battles is banned","|rule|HP Percentage Mod: HP is shown in percentages","|teampreview","|","|start","|switch|p1a: Hi|Gengar, F|261/261","|switch|p2a: Sableye|Sableye, M|298/298","|turn|1","|","|switch|p1a: How am I a Dragon?|Dragalge, M|333/333","|move|p2a: Sableye|Knock Off|p1a: How am I a Dragon?","|-damage|p1a: How am I a Dragon?|261/333","|-enditem|p1a: How am I a Dragon?|Choice Specs|[from] move: Knock Off|[of] p2a: Sableye","|","|turn|2","|","|switch|p2a: Jellicent|Jellicent, M, shiny|404/404","|move|p1a: How am I a Dragon?|Draco Meteor|p2a: Jellicent","|-damage|p2a: Jellicent|224/404","|-start|p1a: How am I a Dragon?|Disable|Draco Meteor","|-unboost|p1a: How am I a Dragon?|spa|2","|","|-heal|p2a: Jellicent|249/404|[from] item: Leftovers","|turn|3","|","|switch|p1a: Mac|Muk, F|413/413","|move|p2a: Jellicent|Scald|p1a: Mac","|-damage|p1a: Mac|358/413","|","|-heal|p2a: Jellicent|274/404|[from] item: Leftovers","|turn|4","|","|move|p1a: Mac|Shadow Sneak|p2a: Jellicent","|-supereffective|p2a: Jellicent","|-damage|p2a: Jellicent|148/404","|-status|p2a: Jellicent|psn","|move|p2a: Jellicent|Scald|p1a: Mac","|-damage|p1a: Mac|304/413","|-status|p1a: Mac|brn","|","|-heal|p2a: Jellicent|173/404 psn|[from] item: Leftovers","|-damage|p2a: Jellicent|123/404 psn|[from] psn","|-damage|p1a: Mac|253/413 brn|[from] brn","|turn|5","|","|switch|p1a: Not Darkrai ;-;|Drapion, M|344/344","|move|p2a: Jellicent|Recover|p2a: Jellicent","|-heal|p2a: Jellicent|325/404 psn","|","|-heal|p2a: Jellicent|350/404 psn|[from] item: Leftovers","|-damage|p2a: Jellicent|300/404 psn|[from] psn","|turn|6","|","|move|p1a: Not Darkrai ;-;|Knock Off|p2a: Jellicent","|-supereffective|p2a: Jellicent","|-damage|p2a: Jellicent|0 fnt","|-enditem|p2a: Jellicent|Leftovers|[from] move: Knock Off|[of] p1a: Not Darkrai ;-;","|faint|p2a: Jellicent","|","|","|switch|p2a: Sableye|Sableye, M|298/298","|turn|7","|","|switch|p1a: How am I a Dragon?|Dragalge, M|261/333","|move|p2a: Sableye|Knock Off|p1a: How am I a Dragon?","|-damage|p1a: How am I a Dragon?|213/333","|","|turn|8","|","|switch|p2a: Golurk|Golurk, shiny|319/319","|move|p1a: How am I a Dragon?|Draco Meteor|p2a: Golurk","|-enditem|p2a: Golurk|Focus Sash","|-damage|p2a: Golurk|1/319","|-unboost|p1a: How am I a Dragon?|spa|2","|","|turn|9","|","|switch|p1a: Toxicmurk|Toxicroak, F|369/369","|-item|p1a: Toxicmurk|Air Balloon","|move|p2a: Golurk|Stealth Rock|p1a: Toxicmurk","|-sidestart|p1: Guard Darkrai|move: Stealth Rock","|","|turn|10","|","|move|p1a: Toxicmurk|Sucker Punch|p2a: Golurk","|-fail|p1a: Toxicmurk","|move|p2a: Golurk|Curse|p1a: Toxicmurk","|-start|p1a: Toxicmurk|Curse|[of] p2a: Golurk","|-damage|p2a: Golurk|0 fnt","|faint|p2a: Golurk","|","|-damage|p1a: Toxicmurk|277/369|[from] Curse","|","|switch|p2a: Sableye|Sableye, M|298/298","|turn|11","|","|switch|p1a: Mac|Muk, F|253/413 brn","|-damage|p1a: Mac|202/413 brn|[from] Stealth Rock","|move|p2a: Sableye|Will-O-Wisp|p1a: Mac","|-fail|p1a: Mac|brn","|","|-damage|p1a: Mac|151/413 brn|[from] brn","|turn|12","|","|switch|p2a: Aegislash|Aegislash, M, shiny|261/261","|move|p1a: Mac|Gunk Shot|p2a: Aegislash","|-immune|p2a: Aegislash|[msg]","|","|-damage|p1a: Mac|100/413 brn|[from] brn","|turn|13","|","|-formechange|p2a: Aegislash|Aegislash-Blade","|move|p2a: Aegislash|Shadow Sneak|p1a: Mac","|-damage|p1a: Mac|0 fnt","|faint|p1a: Mac","|","|","|switch|p1a: Not Darkrai ;-;|Drapion, M|344/344","|-damage|p1a: Not Darkrai ;-;|301/344|[from] Stealth Rock","|turn|14","|","|-formechange|p2a: Aegislash|Aegislash","|move|p2a: Aegislash|King's Shield|p2a: Aegislash","|-singleturn|p2a: Aegislash|Protect","|move|p1a: Not Darkrai ;-;|Earthquake|p2a: Aegislash","|-activate|p2a: Aegislash|Protect","|","|-heal|p1a: Not Darkrai ;-;|322/344|[from] item: Black Sludge","|turn|15","|","|move|p1a: Not Darkrai ;-;|Knock Off|p2a: Aegislash","|-supereffective|p2a: Aegislash","|-damage|p2a: Aegislash|27/261","|-enditem|p2a: Aegislash|Weakness Policy","|-boost|p2a: Aegislash|atk|2|[from] item: Weakness Policy","|-boost|p2a: Aegislash|spa|2|[from] item: Weakness Policy","|-formechange|p2a: Aegislash|Aegislash-Blade","|move|p2a: Aegislash|Sacred Sword|p1a: Not Darkrai ;-;","|-damage|p1a: Not Darkrai ;-;|68/344","|","|-heal|p1a: Not Darkrai ;-;|89/344|[from] item: Black Sludge","|turn|16","|","|move|p2a: Aegislash|Shadow Sneak|p1a: Not Darkrai ;-;","|-resisted|p1a: Not Darkrai ;-;","|-damage|p1a: Not Darkrai ;-;|5/344","|move|p1a: Not Darkrai ;-;|Earthquake|p2a: Aegislash","|-supereffective|p2a: Aegislash","|-damage|p2a: Aegislash|0 fnt","|faint|p2a: Aegislash","|","|-heal|p1a: Not Darkrai ;-;|26/344|[from] item: Black Sludge","|","|switch|p2a: Gengar|Gengar, F, shiny|261/261","|turn|17","|","|move|p2a: Gengar|Shadow Ball|p1a: Not Darkrai ;-;","|-resisted|p1a: Not Darkrai ;-;","|-damage|p1a: Not Darkrai ;-;|0 fnt","|faint|p1a: Not Darkrai ;-;","|","|","|switch|p1a: Toxicmurk|Toxicroak, F|277/369","|-damage|p1a: Toxicmurk|254/369|[from] Stealth Rock","|-item|p1a: Toxicmurk|Air Balloon","|turn|18","|","|switch|p2a: Sableye|Sableye, M|298/298","|move|p1a: Toxicmurk|Sucker Punch|p2a: Sableye","|-fail|p1a: Toxicmurk","|","|turn|19","|","|switch|p1a: How am I a Dragon?|Dragalge, M|213/333","|-damage|p1a: How am I a Dragon?|172/333|[from] Stealth Rock","|move|p2a: Sableye|Will-O-Wisp|p1a: How am I a Dragon?","|-status|p1a: How am I a Dragon?|brn","|","|-damage|p1a: How am I a Dragon?|131/333 brn|[from] brn","|turn|20","|","|switch|p2a: Chandelure|Chandelure, F|261/261","|move|p1a: How am I a Dragon?|Draco Meteor|p2a: Chandelure","|-damage|p2a: Chandelure|0 fnt","|-unboost|p1a: How am I a Dragon?|spa|2","|faint|p2a: Chandelure","|","|-damage|p1a: How am I a Dragon?|90/333 brn|[from] brn","|","|switch|p2a: Gengar|Gengar, F, shiny|261/261","|turn|21","|","|switch|p1a: O god Im Sick|Weezing, M|334/334","|-damage|p1a: O god Im Sick|293/334|[from] Stealth Rock","|move|p2a: Gengar|Shadow Ball|p1a: O god Im Sick","|-damage|p1a: O god Im Sick|160/334","|","|-heal|p1a: O god Im Sick|180/334|[from] item: Black Sludge","|turn|22","|","|switch|p2a: Sableye|Sableye, M|298/298","|move|p1a: O god Im Sick|Pain Split|p2a: Sableye","|-sethp|p2a: Sableye|239/298|p1a: O god Im Sick|239/334|[from] move: Pain Split","|","|-heal|p1a: O god Im Sick|259/334|[from] item: Black Sludge","|-heal|p2a: Sableye|257/298|[from] item: Leftovers","|turn|23","|","|move|p2a: Sableye|Will-O-Wisp|p1a: O god Im Sick","|-status|p1a: O god Im Sick|brn","|move|p1a: O god Im Sick|Thunderbolt|p2a: Sableye","|-damage|p2a: Sableye|168/298","|","|-heal|p1a: O god Im Sick|279/334 brn|[from] item: Black Sludge","|-heal|p2a: Sableye|186/298|[from] item: Leftovers","|-damage|p1a: O god Im Sick|238/334 brn|[from] brn","|turn|24","|","|move|p2a: Sableye|Taunt|p1a: O god Im Sick","|-start|p1a: O god Im Sick|move: Taunt","|move|p1a: O god Im Sick|Thunderbolt|p2a: Sableye","|-damage|p2a: Sableye|105/298","|","|-heal|p1a: O god Im Sick|258/334 brn|[from] item: Black Sludge","|-heal|p2a: Sableye|123/298|[from] item: Leftovers","|-damage|p1a: O god Im Sick|217/334 brn|[from] brn","|turn|25","|","|move|p1a: O god Im Sick|Thunderbolt|p2a: Sableye","|-damage|p2a: Sableye|35/298","|move|p2a: Sableye|Knock Off|p1a: O god Im Sick","|-damage|p1a: O god Im Sick|157/334 brn","|-enditem|p1a: O god Im Sick|Black Sludge|[from] move: Knock Off|[of] p2a: Sableye","|","|-heal|p2a: Sableye|53/298|[from] item: Leftovers","|-damage|p1a: O god Im Sick|116/334 brn|[from] brn","|turn|26","|","|move|p2a: Sableye|Recover|p2a: Sableye","|-heal|p2a: Sableye|202/298","|move|p1a: O god Im Sick|Thunderbolt|p2a: Sableye","|-damage|p2a: Sableye|115/298","|","|-heal|p2a: Sableye|133/298|[from] item: Leftovers","|-damage|p1a: O god Im Sick|75/334 brn|[from] brn","|-end|p1a: O god Im Sick|move: Taunt","|turn|27","|","|move|p2a: Sableye|Recover|p2a: Sableye","|-heal|p2a: Sableye|282/298","|move|p1a: O god Im Sick|Thunderbolt|p2a: Sableye","|-damage|p2a: Sableye|197/298","|","|-heal|p2a: Sableye|215/298|[from] item: Leftovers","|-damage|p1a: O god Im Sick|34/334 brn|[from] brn","|turn|28","|","|move|p2a: Sableye|Recover|p2a: Sableye","|-heal|p2a: Sableye|298/298","|move|p1a: O god Im Sick|Pain Split|p2a: Sableye","|-sethp|p2a: Sableye|166/298|p1a: O god Im Sick|166/334 brn|[from] move: Pain Split","|","|-heal|p2a: Sableye|184/298|[from] item: Leftovers","|-damage|p1a: O god Im Sick|125/334 brn|[from] brn","|turn|29","|","|move|p2a: Sableye|Taunt|p1a: O god Im Sick","|-start|p1a: O god Im Sick|move: Taunt","|move|p1a: O god Im Sick|Thunderbolt|p2a: Sableye","|-damage|p2a: Sableye|98/298","|","|-heal|p2a: Sableye|116/298|[from] item: Leftovers","|-damage|p1a: O god Im Sick|84/334 brn|[from] brn","|turn|30","|","|move|p2a: Sableye|Recover|p2a: Sableye","|-heal|p2a: Sableye|265/298","|move|p1a: O god Im Sick|Thunderbolt|p2a: Sableye","|-damage|p2a: Sableye|174/298","|","|-heal|p2a: Sableye|192/298|[from] item: Leftovers","|-damage|p1a: O god Im Sick|43/334 brn|[from] brn","|turn|31","|","|switch|p1a: How am I a Dragon?|Dragalge, M|90/333 brn","|-damage|p1a: How am I a Dragon?|49/333 brn|[from] Stealth Rock","|move|p2a: Sableye|Recover|p2a: Sableye","|-heal|p2a: Sableye|298/298","|","|-damage|p1a: How am I a Dragon?|8/333 brn|[from] brn","|turn|32","|","|move|p2a: Sableye|Knock Off|p1a: How am I a Dragon?","|-damage|p1a: How am I a Dragon?|0 fnt","|faint|p1a: How am I a Dragon?","|","|","|switch|p1a: O god Im Sick|Weezing, M|43/334 brn","|-damage|p1a: O god Im Sick|2/334 brn|[from] Stealth Rock","|turn|33","|","|move|p1a: O god Im Sick|Pain Split|p2a: Sableye","|-sethp|p2a: Sableye|150/298|p1a: O god Im Sick|150/334 brn|[from] move: Pain Split","|move|p2a: Sableye|Knock Off|p1a: O god Im Sick","|-damage|p1a: O god Im Sick|114/334 brn","|","|-heal|p2a: Sableye|168/298|[from] item: Leftovers","|-damage|p1a: O god Im Sick|73/334 brn|[from] brn","|turn|34","|","|move|p2a: Sableye|Taunt|p1a: O god Im Sick","|-start|p1a: O god Im Sick|move: Taunt","|cant|p1a: O god Im Sick|move: Taunt|Pain Split","|","|-heal|p2a: Sableye|186/298|[from] item: Leftovers","|-damage|p1a: O god Im Sick|32/334 brn|[from] brn","|turn|35","|","|move|p2a: Sableye|Recover|p2a: Sableye","|-heal|p2a: Sableye|298/298","|move|p1a: O god Im Sick|Thunderbolt|p2a: Sableye","|-damage|p2a: Sableye|206/298","|","|-heal|p2a: Sableye|224/298|[from] item: Leftovers","|-damage|p1a: O god Im Sick|0 fnt|[from] brn","|faint|p1a: O god Im Sick","|","|switch|p1a: Toxicmurk|Toxicroak, F|254/369","|-damage|p1a: Toxicmurk|231/369|[from] Stealth Rock","|-item|p1a: Toxicmurk|Air Balloon","|turn|36","|","|move|p2a: Sableye|Will-O-Wisp|p1a: Toxicmurk|[miss]","|-miss|p2a: Sableye|p1a: Toxicmurk","|move|p1a: Toxicmurk|Swords Dance|p1a: Toxicmurk","|-boost|p1a: Toxicmurk|atk|2","|","|-heal|p2a: Sableye|242/298|[from] item: Leftovers","|turn|37","|","|move|p2a: Sableye|Will-O-Wisp|p1a: Toxicmurk","|-status|p1a: Toxicmurk|brn","|move|p1a: Toxicmurk|Gunk Shot|p2a: Sableye","|-resisted|p2a: Sableye","|-damage|p2a: Sableye|155/298","|","|-heal|p2a: Sableye|173/298|[from] item: Leftovers","|-damage|p1a: Toxicmurk|185/369 brn|[from] brn","|turn|38","|","|move|p2a: Sableye|Taunt|p1a: Toxicmurk","|-start|p1a: Toxicmurk|move: Taunt","|cant|p1a: Toxicmurk|move: Taunt|Swords Dance","|","|-heal|p2a: Sableye|191/298|[from] item: Leftovers","|-damage|p1a: Toxicmurk|139/369 brn|[from] brn","|turn|39","|","|move|p1a: Toxicmurk|Gunk Shot|p2a: Sableye","|-resisted|p2a: Sableye","|-damage|p2a: Sableye|105/298","|-status|p2a: Sableye|psn","|move|p2a: Sableye|Knock Off|p1a: Toxicmurk","|-resisted|p1a: Toxicmurk","|-damage|p1a: Toxicmurk|92/369 brn","|-enditem|p1a: Toxicmurk|Air Balloon","|","|-heal|p2a: Sableye|123/298 psn|[from] item: Leftovers","|-damage|p1a: Toxicmurk|46/369 brn|[from] brn","|-damage|p2a: Sableye|86/298 psn|[from] psn","|turn|40","|","|move|p2a: Sableye|Recover|p2a: Sableye","|-heal|p2a: Sableye|235/298 psn","|move|p1a: Toxicmurk|Gunk Shot|p2a: Sableye","|-resisted|p2a: Sableye","|-damage|p2a: Sableye|153/298 psn","|","|-heal|p2a: Sableye|171/298 psn|[from] item: Leftovers","|-damage|p1a: Toxicmurk|0 fnt|[from] brn","|-damage|p2a: Sableye|134/298 psn|[from] psn","|faint|p1a: Toxicmurk","|","|switch|p1a: Hi|Gengar, F|261/261","|-damage|p1a: Hi|229/261|[from] Stealth Rock","|turn|41","|","|move|p2a: Sableye|Will-O-Wisp|p1a: Hi","|-status|p1a: Hi|brn","|move|p1a: Hi|Hex|p2a: Sableye","|-damage|p2a: Sableye|0 fnt","|-damage|p1a: Hi|203/261 brn|[from] item: Life Orb","|faint|p2a: Sableye","|","|-damage|p1a: Hi|171/261 brn|[from] brn","|","|switch|p2a: Gengar|Gengar, F, shiny|261/261","|turn|42","|","|move|p1a: Hi|Psychic|p2a: Gengar","|-supereffective|p2a: Gengar","|-enditem|p2a: Gengar|Focus Sash","|-damage|p2a: Gengar|1/261","|-damage|p1a: Hi|145/261 brn|[from] item: Life Orb","|move|p2a: Gengar|Shadow Ball|p1a: Hi","|-supereffective|p1a: Hi","|-damage|p1a: Hi|0 fnt","|faint|p1a: Hi","|","|win|Wаrden Arguѕ"],"p1rating":{"entryid":"6034648","serverid":"eos","formatid":"monotype","userid":"guarddarkrai","username":"Guard Darkrai","w":"47","l":52,"t":"0","gxe":48,"r":"1505.3573432245","rd":"40.605443945392","sigma":"0","rptime":"1438160400","rpr":1484.6654989468,"rprd":38.132630700812,"rpsigma":"0","acre":1052.3995335686,"lacre":1052.3995335686,"oldacre":"1068.1642684188"},"p2rating":{"entryid":"7252450","serverid":"eos","formatid":"monotype","userid":"wrdenargu","username":"Wаrden Arguѕ","w":5,"l":"0","t":"0","gxe":66.2,"r":"1500","rd":"130","sigma":"0","rptime":"1438160400","rpr":1631.505053721,"rprd":102.03393224829,"rpsigma":"0","acre":1165.5466953626,"lacre":1165.5466953626,"oldacre":"1146.0596554878"},"endType":"normal"}