{"seed":[53555,34610,21062,48184],"turns":24,"p1":"Alliance-SeaHutch","p2":"xNailz","p1team":[{"name":"Garchomp","species":"Garchomp","item":"rockyhelmet","ability":"Rough Skin","moves":["dragontail","earthquake","stealthrock","fireblast"],"nature":"Lax","evs":{"hp":252,"atk":0,"def":236,"spa":0,"spd":0,"spe":20},"ivs":{"hp":31,"atk":31,"def":31,"spa":31,"spd":31,"spe":31}},{"name":"Goodra","species":"Goodra","item":"assaultvest","ability":"Gooey","moves":["dragonpulse","fireblast","earthquake","sludgebomb"],"nature":"Quiet","evs":{"hp":248,"atk":8,"def":0,"spa":252,"spd":0,"spe":0},"ivs":{"hp":31,"atk":31,"def":31,"spa":31,"spd":31,"spe":31}},{"name":"Dragonite","species":"Dragonite","item":"lumberry","ability":"Multiscale","moves":["dragondance","outrage","extremespeed","earthquake"],"nature":"Adamant","evs":{"hp":0,"atk":252,"def":0,"spa":0,"spd":4,"spe":252},"ivs":{"hp":31,"atk":31,"def":31,"spa":31,"spd":31,"spe":31}},{"name":"Latios","species":"Latios","item":"lifeorb","ability":"Levitate","moves":["dragonpulse","psyshock","defog","surf"],"nature":"Timid","evs":{"hp":0,"atk":0,"def":0,"spa":252,"spd":4,"spe":252},"ivs":{"hp":31,"atk":0,"def":31,"spa":31,"spd":31,"spe":31}},{"name":"Altaria","species":"Altaria","item":"altarianite","ability":"Natural Cure","moves":["healbell","hypervoice","roost","fireblast"],"nature":"Calm","evs":{"hp":248,"atk":0,"def":0,"spa":8,"spd":252,"spe":0},"ivs":{"hp":31,"atk":0,"def":31,"spa":31,"spd":31,"spe":31},"happiness":0},{"name":"Kyurem-Black","species":"Kyurem-Black","item":"choicescarf","ability":"Teravolt","moves":["outrage","fusionbolt","icebeam","ironhead"],"nature":"Hasty","evs":{"hp":0,"atk":252,"def":0,"spa":4,"spd":0,"spe":252},"ivs":{"hp":31,"atk":31,"def":31,"spa":31,"spd":31,"spe":31}}],"p2team":[{"name":"Charizard","species":"Charizard","item":"charizarditey","ability":"Blaze","moves":["solarbeam","flamethrower","dragonpulse","defog"],"nature":"Timid","evs":{"hp":0,"atk":0,"def":0,"spa":252,"spd":4,"spe":252},"ivs":{"hp":31,"atk":0,"def":31,"spa":31,"spd":31,"spe":31}},{"name":"Infernape","species":"Infernape","item":"focussash","ability":"Iron Fist","moves":["closecombat","overheat","machpunch","stealthrock"],"nature":"Naive","evs":{"hp":0,"atk":252,"def":4,"spa":0,"spd":0,"spe":252},"ivs":{"hp":31,"atk":30,"def":30,"spa":31,"spd":31,"spe":31}},{"name":"Victini","species":"Victini","item":"choicescarf","ability":"Victory Star","moves":["vcreate","boltstrike","uturn","zenheadbutt"],"nature":"Naive","evs":{"hp":0,"atk":252,"def":0,"spa":4,"spd":0,"spe":252},"ivs":{"hp":31,"atk":31,"def":31,"spa":31,"spd":31,"spe":31}},{"name":"Arcanine","species":"Arcanine","item":"leftovers","ability":"Intimidate","moves":["willowisp","extremespeed","morningsun","ironhead"],"nature":"Impish","evs":{"hp":240,"atk":0,"def":252,"spa":0,"spd":0,"spe":16},"ivs":{"hp":31,"atk":30,"def":30,"spa":31,"spd":31,"spe":31}},{"name":"Rotom-Heat","species":"Rotom-Heat","item":"leftovers","ability":"Levitate","moves":["thunderwave","overheat","hiddenpowerice","voltswitch"],"nature":"Modest","evs":{"hp":248,"atk":0,"def":0,"spa":8,"spd":252,"spe":0},"ivs":{"hp":31,"atk":30,"def":30,"spa":31,"spd":31,"spe":31}},{"name":"Chandelure","species":"Chandelure","item":"lifeorb","ability":"Infiltrator","moves":["flamethrower","energyball","trickroom","shadowball"],"nature":"Quiet","evs":{"hp":248,"atk":0,"def":8,"spa":252,"spd":0,"spe":0},"ivs":{"hp":31,"atk":30,"def":30,"spa":31,"spd":31,"spe":31}}],"log":["|player|p1|Alliance-SeaHutch|288","|player|p2|xNailz|160","|gametype|singles","|gen|6","|tier|Monotype","|rated","|rule|Baton Pass Clause: Limit one Baton Passer, can't pass Spe and other stats simultaneously","|rule|Swagger Clause: Swagger is banned","|rule|Same Type Clause: Pokémon in a team must share a type","|clearpoke","|poke|p1|Garchomp, F","|poke|p1|Goodra, M","|poke|p1|Dragonite, F","|poke|p1|Latios, M","|poke|p1|Altaria, F","|poke|p1|Kyurem-Black","|poke|p2|Charizard, M","|poke|p2|Infernape, M","|poke|p2|Victini","|poke|p2|Arcanine, F","|poke|p2|Rotom-Heat","|poke|p2|Chandelure, F","|rule|Sleep Clause Mod: Limit one foe put to sleep","|rule|Species Clause: Limit one of each Pokémon","|rule|OHKO Clause: OHKO moves are banned","|rule|Moody Clause: Moody is banned","|rule|Evasion Moves Clause: Evasion moves are banned","|rule|Endless Battle Clause: Forcing endless battles is banned","|rule|HP Percentage Mod: HP is shown in percentages","|teampreview","|","|start","|switch|p1a: Garchomp|Garchomp, F|420/420","|switch|p2a: Rotom-Heat|Rotom-Heat|303/303","|turn|1","|","|move|p1a: Garchomp|Stealth Rock|p2a: Rotom-Heat","|-sidestart|p2: xNailz|move: Stealth Rock","|move|p2a: Rotom-Heat|Hidden Power|p1a: Garchomp","|-supereffective|p1a: Garchomp","|-damage|p1a: Garchomp|144/420","|","|turn|2","|","|switch|p1a: Goodra|Goodra, M|383/383","|move|p2a: Rotom-Heat|Hidden Power|p1a: Goodra","|-supereffective|p1a: Goodra","|-damage|p1a: Goodra|327/383","|","|turn|3","|","|move|p2a: Rotom-Heat|Volt Switch|p1a: Goodra","|-resisted|p1a: Goodra","|-damage|p1a: Goodra|305/383","|","|switch|p2a: Infernape|Infernape, M|293/293","|-damage|p2a: Infernape|257/293|[from] Stealth Rock","|move|p1a: Goodra|Dragon Pulse|p2a: Infernape","|-damage|p2a: Infernape|26/293","|","|turn|4","|","|move|p2a: Infernape|Close Combat|p1a: Goodra","|-damage|p1a: Goodra|56/383","|-unboost|p2a: Infernape|spe|1","|-unboost|p2a: Infernape|def|1","|-unboost|p2a: Infernape|spd|1","|move|p1a: Goodra|Earthquake|p2a: Infernape","|-supereffective|p2a: Infernape","|-damage|p2a: Infernape|0 fnt","|faint|p2a: Infernape","|","|","|switch|p2a: Charizard|Charizard, M|297/297","|-damage|p2a: Charizard|149/297|[from] Stealth Rock","|turn|5","|","|detailschange|p2a: Charizard|Charizard-Mega-Y, M","|-mega|p2a: Charizard|Charizard|Charizardite Y","|-weather|SunnyDay","|move|p2a: Charizard|Defog|p1a: Goodra","|-unboost|p1a: Goodra|evasion|1","|-sideend|p2: xNailz|Stealth Rock|[from] move: Defog|[of] p2a: Charizard","|move|p1a: Goodra|Dragon Pulse|p2a: Charizard","|-damage|p2a: Charizard|20/297","|","|-weather|SunnyDay|[upkeep]","|turn|6","|","|move|p2a: Charizard|Dragon Pulse|p1a: Goodra","|-supereffective|p1a: Goodra","|-damage|p1a: Goodra|0 fnt","|faint|p1a: Goodra","|","|-weather|SunnyDay|[upkeep]","|","|switch|p1a: Altaria|Altaria, F|353/353","|turn|7","|","|switch|p2a: Arcanine|Arcanine, F|381/381","|-ability|p2a: Arcanine|Intimidate","|-unboost|p1a: Altaria|atk|1","|detailschange|p1a: Altaria|Altaria-Mega, F","|-mega|p1a: Altaria|Altaria|Altarianite","|move|p1a: Altaria|Hyper Voice|p2a: Arcanine","|-resisted|p2a: Arcanine","|-damage|p2a: Arcanine|298/381","|","|-weather|SunnyDay|[upkeep]","|-heal|p2a: Arcanine|321/381|[from] item: Leftovers","|turn|8","|","|switch|p1a: Garchomp|Garchomp, F|144/420","|move|p2a: Arcanine|Will-O-Wisp|p1a: Garchomp|[miss]","|-miss|p2a: Arcanine|p1a: Garchomp","|","|-weather|SunnyDay|[upkeep]","|-heal|p2a: Arcanine|344/381|[from] item: Leftovers","|turn|9","|","|move|p1a: Garchomp|Stealth Rock|p2a: Arcanine","|-sidestart|p2: xNailz|move: Stealth Rock","|move|p2a: Arcanine|Will-O-Wisp|p1a: Garchomp","|-status|p1a: Garchomp|brn","|","|-weather|none","|-heal|p2a: Arcanine|367/381|[from] item: Leftovers","|-damage|p1a: Garchomp|92/420 brn|[from] brn","|turn|10","|","|switch|p2a: Charizard|Charizard-Mega-Y, M|20/297","|-damage|p2a: Charizard|0 fnt|[from] Stealth Rock","|faint|p2a: Charizard","|move|p1a: Garchomp|Dragon Tail|p2: Charizard|[notarget]","|-notarget","|","|-damage|p1a: Garchomp|40/420 brn|[from] brn","|","|switch|p2a: Rotom-Heat|Rotom-Heat|303/303","|-damage|p2a: Rotom-Heat|228/303|[from] Stealth Rock","|turn|11","|","|move|p2a: Rotom-Heat|Hidden Power|p1a: Garchomp","|-supereffective|p1a: Garchomp","|-damage|p1a: Garchomp|0 fnt","|faint|p1a: Garchomp","|","|-heal|p2a: Rotom-Heat|246/303|[from] item: Leftovers","|","|switch|p1a: Altaria|Altaria-Mega, F|353/353","|turn|12","|","|move|p2a: Rotom-Heat|Thunder Wave|p1a: Altaria","|-status|p1a: Altaria|par","|move|p1a: Altaria|Hyper Voice|p2a: Rotom-Heat","|-resisted|p2a: Rotom-Heat","|-damage|p2a: Rotom-Heat|191/303","|","|-heal|p2a: Rotom-Heat|209/303|[from] item: Leftovers","|turn|13","|","|move|p2a: Rotom-Heat|Volt Switch|p1a: Altaria","|-resisted|p1a: Altaria","|-damage|p1a: Altaria|317/353 par","|","|switch|p2a: Arcanine|Arcanine, F|367/381","|-damage|p2a: Arcanine|272/381|[from] Stealth Rock","|-ability|p2a: Arcanine|Intimidate","|-unboost|p1a: Altaria|atk|1","|move|p1a: Altaria|Hyper Voice|p2a: Arcanine","|-resisted|p2a: Arcanine","|-damage|p2a: Arcanine|179/381","|","|-heal|p2a: Arcanine|202/381|[from] item: Leftovers","|turn|14","|","|switch|p1a: Latios|Latios, M|301/301","|move|p2a: Arcanine|Morning Sun|p2a: Arcanine","|-heal|p2a: Arcanine|381/381","|","|turn|15","|","|switch|p2a: Rotom-Heat|Rotom-Heat|209/303","|-damage|p2a: Rotom-Heat|134/303|[from] Stealth Rock","|move|p1a: Latios|Surf|p2a: Rotom-Heat","|-supereffective|p2a: Rotom-Heat","|-damage|p2a: Rotom-Heat|0 fnt","|-damage|p1a: Latios|271/301|[from] item: Life Orb","|faint|p2a: Rotom-Heat","|","|","|switch|p2a: Victini|Victini|341/341","|-damage|p2a: Victini|256/341|[from] Stealth Rock","|turn|16","|","|move|p2a: Victini|U-turn|p1a: Latios","|-supereffective|p1a: Latios","|-damage|p1a: Latios|95/301","|","|switch|p2a: Chandelure|Chandelure, F|323/323","|-damage|p2a: Chandelure|243/323|[from] Stealth Rock","|move|p1a: Latios|Surf|p2a: Chandelure","|-supereffective|p2a: Chandelure","|-damage|p2a: Chandelure|0 fnt","|-damage|p1a: Latios|65/301|[from] item: Life Orb","|faint|p2a: Chandelure","|","|","|switch|p2a: Victini|Victini|256/341","|-damage|p2a: Victini|171/341|[from] Stealth Rock","|turn|17","|","|move|p2a: Victini|Zen Headbutt|p1a: Latios","|-resisted|p1a: Latios","|-damage|p1a: Latios|0 fnt","|faint|p1a: Latios","|","|","|switch|p1a: Dragonite|Dragonite, F|323/323","|turn|18","|","|switch|p2a: Arcanine|Arcanine, F|381/381","|-damage|p2a: Arcanine|286/381|[from] Stealth Rock","|-ability|p2a: Arcanine|Intimidate","|-unboost|p1a: Dragonite|atk|1","|move|p1a: Dragonite|Earthquake|p2a: Arcanine","|-supereffective|p2a: Arcanine","|-damage|p2a: Arcanine|142/381","|","|-heal|p2a: Arcanine|165/381|[from] item: Leftovers","|turn|19","|","|switch|p1a: Altaria|Altaria-Mega, F|317/353 par","|move|p2a: Arcanine|Morning Sun|p2a: Arcanine","|-heal|p2a: Arcanine|355/381","|","|-heal|p2a: Arcanine|378/381|[from] item: Leftovers","|turn|20","|","|switch|p1a: Kyurem-Black|Kyurem-Black|391/391","|-ability|p1a: Kyurem-Black|Teravolt","|move|p2a: Arcanine|Iron Head|p1a: Kyurem-Black","|-supereffective|p1a: Kyurem-Black","|-damage|p1a: Kyurem-Black|239/391","|","|-heal|p2a: Arcanine|381/381|[from] item: Leftovers","|turn|21","|","|move|p1a: Kyurem-Black|Outrage|p2a: Arcanine","|-damage|p2a: Arcanine|173/381","|move|p2a: Arcanine|Iron Head|p1a: Kyurem-Black","|-supereffective|p1a: Kyurem-Black","|-damage|p1a: Kyurem-Black|85/391","|","|-heal|p2a: Arcanine|196/381|[from] item: Leftovers","|turn|22","|","|move|p2a: Arcanine|Extreme Speed|p1a: Kyurem-Black","|-damage|p1a: Kyurem-Black|4/391","|move|p1a: Kyurem-Black|Outrage|p2a: Arcanine","|-damage|p2a: Arcanine|0 fnt","|-start|p1a: Kyurem-Black|confusion|[fatigue]","|faint|p2a: Arcanine","|","|","|switch|p2a: Victini|Victini|171/341","|-damage|p2a: Victini|86/341|[from] Stealth Rock","|turn|23","|","|move|p2a: Victini|Zen Headbutt|p1a: Kyurem-Black","|-damage|p1a: Kyurem-Black|0 fnt","|faint|p1a: Kyurem-Black","|","|","|switch|p1a: Dragonite|Dragonite, F|323/323","|turn|24","|","|move|p2a: Victini|Zen Headbutt|p1a: Dragonite","|-damage|p1a: Dragonite|260/323","|move|p1a: Dragonite|Earthquake|p2a: Victini","|-supereffective|p2a: Victini","|-damage|p2a: Victini|0 fnt","|faint|p2a: Victini","|","|win|Alliance-SeaHutch"],"p1rating":{"entryid":"6933655","serverid":"eos","formatid":"monotype","userid":"allianceseahutch","username":"Alliance-SeaHutch","w":24,"l":"2","t":"0","gxe":79.8,"r":"1750.2712036861","rd":"74.906460480253","sigma":"0","rptime":"1438074000","rpr":1763.6490975833,"rprd":68.543101285052,"rpsigma":"0","acre":1387.5289266458,"lacre":1387.5289266458,"oldacre":"1372.0863499622"},"p2rating":{"entryid":"6782407","serverid":"eos","formatid":"monotype","userid":"xnailz","username":"xNailz","w":"18","l":4,"t":"0","gxe":73.4,"r":"1702.2998887404","rd":"75.126016450248","sigma":"0","rptime":"1438074000","rpr":1694.8281305989,"rprd":72.613393589935,"rpsigma":"0","acre":1272.1979171155,"lacre":1272.1979171155,"oldacre":"1291.50113797"},"endType":"normal"}