{"seed":[17654,31522,10524,31217],"turns":24,"p1":"SeviperM","p2":"Alliance - Asurax","p1team":[{"name":"Swampert","species":"Swampert","item":"swampertite","ability":"Torrent","moves":["raindance","earthquake","waterfall","poweruppunch"],"nature":"Adamant","evs":{"hp":0,"atk":252,"def":0,"spa":0,"spd":4,"spe":252},"ivs":{"hp":31,"atk":31,"def":31,"spa":31,"spd":31,"spe":31}},{"name":"Politoed","species":"Politoed","item":"leftovers","ability":"Drizzle","moves":["scald","toxic","perishsong","icebeam"],"nature":"Bold","evs":{"hp":252,"atk":0,"def":252,"spa":4,"spd":0,"spe":0},"ivs":{"hp":31,"atk":31,"def":31,"spa":31,"spd":31,"spe":31}},{"name":"Manaphy","species":"Manaphy","item":"wacanberry","ability":"Hydration","moves":["tailglow","surf","icebeam","energyball"],"nature":"Modest","evs":{"hp":96,"atk":0,"def":0,"spa":252,"spd":0,"spe":160},"ivs":{"hp":31,"atk":31,"def":31,"spa":31,"spd":31,"spe":31}},{"name":"Ludicolo","species":"Ludicolo","item":"lifeorb","ability":"Swift Swim","moves":["icebeam","raindance","surf","gigadrain"],"nature":"Modest","evs":{"hp":0,"atk":0,"def":0,"spa":252,"spd":4,"spe":252},"ivs":{"hp":31,"atk":31,"def":31,"spa":31,"spd":31,"spe":31}},{"name":"Azumarill","species":"Azumarill","item":"assaultvest","ability":"Huge Power","moves":["knockoff","aquajet","playrough","icepunch"],"nature":"Adamant","evs":{"hp":240,"atk":252,"def":0,"spa":0,"spd":16,"spe":0},"ivs":{"hp":31,"atk":31,"def":31,"spa":31,"spd":31,"spe":31}},{"name":"Gyarados","species":"Gyarados","item":"lumberry","ability":"Moxie","moves":["dragondance","waterfall","bounce","earthquake"],"nature":"Adamant","evs":{"hp":0,"atk":252,"def":4,"spa":0,"spd":0,"spe":252},"ivs":{"hp":31,"atk":31,"def":31,"spa":31,"spd":31,"spe":31}}],"p2team":[{"name":"Smeargle","species":"Smeargle","item":"focussash","ability":"Own Tempo","moves":["kingsshield","spore","stickyweb","stealthrock"],"nature":"Timid","evs":{"hp":248,"atk":0,"def":0,"spa":0,"spd":8,"spe":252},"ivs":{"hp":31,"atk":31,"def":31,"spa":31,"spd":31,"spe":31}},{"name":"Diggersby","species":"Diggersby","item":"choiceband","ability":"Huge Power","moves":["earthquake","frustration","quickattack","knockoff"],"nature":"Adamant","evs":{"hp":0,"atk":252,"def":4,"spa":0,"spd":0,"spe":252},"happiness":0,"ivs":{"hp":31,"atk":31,"def":31,"spa":31,"spd":31,"spe":31}},{"name":"Staraptor","species":"Staraptor","item":"choicescarf","ability":"Reckless","moves":["bravebird","doubleedge","uturn","closecombat"],"nature":"Jolly","evs":{"hp":0,"atk":252,"def":0,"spa":0,"spd":4,"spe":252},"ivs":{"hp":31,"atk":31,"def":31,"spa":31,"spd":31,"spe":31}},{"name":"Pidgeot","species":"Pidgeot","item":"pidgeotite","ability":"Keen Eye","moves":["hurricane","heatwave","substitute","roost"],"nature":"Timid","evs":{"hp":0,"atk":0,"def":0,"spa":252,"spd":4,"spe":252},"ivs":{"hp":31,"atk":31,"def":31,"spa":31,"spd":31,"spe":31}},{"name":"Chansey","species":"Chansey","item":"eviolite","ability":"Natural Cure","moves":["wish","protect","seismictoss","thunderwave"],"nature":"Bold","evs":{"hp":248,"atk":0,"def":252,"spa":0,"spd":8,"spe":0},"ivs":{"hp":31,"atk":31,"def":31,"spa":31,"spd":31,"spe":31}},{"name":"Meloetta","species":"Meloetta","item":"assaultvest","ability":"Serene Grace","moves":["chargebeam","psyshock","focusblast","shadowball"],"nature":"Modest","evs":{"hp":248,"atk":0,"def":0,"spa":252,"spd":8,"spe":0},"ivs":{"hp":31,"atk":31,"def":31,"spa":31,"spd":31,"spe":31}}],"log":["|player|p1|SeviperM|70","|player|p2|Alliance - Asurax|allianceasurax.png","|gametype|singles","|gen|6","|tier|Monotype","|rated","|rule|Baton Pass Clause: Limit one Baton Passer, can't pass Spe and other stats simultaneously","|rule|Swagger Clause: Swagger is banned","|rule|Same Type Clause: Pokémon in a team must share a type","|clearpoke","|poke|p1|Swampert, M","|poke|p1|Politoed, F","|poke|p1|Manaphy","|poke|p1|Ludicolo, M","|poke|p1|Azumarill, F","|poke|p1|Gyarados, F","|poke|p2|Smeargle, M","|poke|p2|Diggersby, F","|poke|p2|Staraptor, M","|poke|p2|Pidgeot, F","|poke|p2|Chansey, F","|poke|p2|Meloetta","|rule|Sleep Clause Mod: Limit one foe put to sleep","|rule|Species Clause: Limit one of each Pokémon","|rule|OHKO Clause: OHKO moves are banned","|rule|Moody Clause: Moody is banned","|rule|Evasion Moves Clause: Evasion moves are banned","|rule|Endless Battle Clause: Forcing endless battles is banned","|rule|HP Percentage Mod: HP is shown in percentages","|teampreview","|","|start","|switch|p1a: Ludicolo|Ludicolo, M|301/301","|switch|p2a: Smeargle|Smeargle, M|313/313","|turn|1","|","|move|p2a: Smeargle|Sticky Web|p1a: Ludicolo","|-sidestart|p1: SeviperM|move: Sticky Web","|move|p1a: Ludicolo|Rain Dance|p1a: Ludicolo","|-weather|RainDance","|","|-weather|RainDance|[upkeep]","|turn|2","|","|move|p1a: Ludicolo|Surf|p2a: Smeargle","|-enditem|p2a: Smeargle|Focus Sash","|-damage|p2a: Smeargle|1/313","|-damage|p1a: Ludicolo|271/301|[from] item: Life Orb","|move|p2a: Smeargle|Stealth Rock|p1a: Ludicolo","|-sidestart|p1: SeviperM|move: Stealth Rock","|","|-weather|RainDance|[upkeep]","|turn|3","|","|move|p2a: Smeargle|King's Shield|p2a: Smeargle","|-singleturn|p2a: Smeargle|Protect","|move|p1a: Ludicolo|Giga Drain|p2a: Smeargle","|-activate|p2a: Smeargle|Protect","|","|-weather|RainDance|[upkeep]","|turn|4","|","|move|p2a: Smeargle|King's Shield|p2a: Smeargle","|-fail|p2a: Smeargle","|move|p1a: Ludicolo|Giga Drain|p2a: Smeargle","|-damage|p2a: Smeargle|0 fnt","|-heal|p1a: Ludicolo|272/301|[from] drain|[of] p2a: Smeargle","|-damage|p1a: Ludicolo|242/301|[from] item: Life Orb","|faint|p2a: Smeargle","|","|-weather|RainDance|[upkeep]","|","|switch|p2a: Chansey|Chansey, F|703/703","|turn|5","|","|switch|p1a: Swampert|Swampert, M|341/341","|-damage|p1a: Swampert|320/341|[from] Stealth Rock","|-activate|p1a: Swampert|move: Sticky Web","|-unboost|p1a: Swampert|spe|1","|move|p2a: Chansey|Thunder Wave|p1a: Swampert","|-immune|p1a: Swampert|[msg]","|","|-weather|none","|turn|6","|","|detailschange|p1a: Swampert|Swampert-Mega, M","|-mega|p1a: Swampert|Swampert|Swampertite","|move|p1a: Swampert|Rain Dance|p1a: Swampert","|-weather|RainDance","|move|p2a: Chansey|Seismic Toss|p1a: Swampert","|-damage|p1a: Swampert|220/341","|","|-weather|RainDance|[upkeep]","|turn|7","|","|move|p2a: Chansey|Protect|p2a: Chansey","|-singleturn|p2a: Chansey|Protect","|move|p1a: Swampert|Power-Up Punch|p2a: Chansey","|-activate|p2a: Chansey|Protect","|","|-weather|RainDance|[upkeep]","|turn|8","|","|move|p1a: Swampert|Power-Up Punch|p2a: Chansey","|-supereffective|p2a: Chansey","|-damage|p2a: Chansey|535/703","|-boost|p1a: Swampert|atk|1","|move|p2a: Chansey|Wish|p2a: Chansey","|","|-weather|RainDance|[upkeep]","|turn|9","|","|move|p1a: Swampert|Waterfall|p2a: Chansey","|-damage|p2a: Chansey|15/703","|move|p2a: Chansey|Seismic Toss|p1a: Swampert","|-damage|p1a: Swampert|120/341","|","|-weather|RainDance|[upkeep]","|-heal|p2a: Chansey|366/703|[from] move: Wish|[wisher] Chansey","|turn|10","|","|move|p2a: Chansey|Protect|p2a: Chansey","|-singleturn|p2a: Chansey|Protect","|move|p1a: Swampert|Waterfall|p2a: Chansey","|-activate|p2a: Chansey|Protect","|","|-weather|none","|turn|11","|","|move|p1a: Swampert|Earthquake|p2a: Chansey","|-damage|p2a: Chansey|0 fnt","|faint|p2a: Chansey","|","|","|switch|p2a: Pidgeot|Pidgeot, F|307/307","|turn|12","|","|switch|p1a: Politoed|Politoed, F|384/384","|-damage|p1a: Politoed|336/384|[from] Stealth Rock","|-activate|p1a: Politoed|move: Sticky Web","|-unboost|p1a: Politoed|spe|1","|-weather|RainDance","|detailschange|p2a: Pidgeot|Pidgeot-Mega, F","|-mega|p2a: Pidgeot|Pidgeot|Pidgeotite","|move|p2a: Pidgeot|Hurricane|p1a: Politoed","|-damage|p1a: Politoed|138/384","|-start|p1a: Politoed|confusion","|","|-weather|RainDance|[upkeep]","|-heal|p1a: Politoed|162/384|[from] item: Leftovers","|turn|13","|","|switch|p1a: Azumarill|Azumarill, F|401/401","|-activate|p1a: Azumarill|move: Sticky Web","|-unboost|p1a: Azumarill|spe|1","|-damage|p1a: Azumarill|351/401|[from] Stealth Rock","|move|p2a: Pidgeot|Substitute|p2a: Pidgeot","|-start|p2a: Pidgeot|Substitute","|-damage|p2a: Pidgeot|231/307","|","|-weather|RainDance|[upkeep]","|turn|14","|","|move|p1a: Azumarill|Aqua Jet|p2a: Pidgeot","|-end|p2a: Pidgeot|Substitute","|move|p2a: Pidgeot|Hurricane|p1a: Azumarill","|-damage|p1a: Azumarill|183/401","|","|-weather|RainDance|[upkeep]","|turn|15","|","|switch|p2a: Meloetta|Meloetta|403/403","|move|p1a: Azumarill|Knock Off|p2a: Meloetta","|-supereffective|p2a: Meloetta","|-damage|p2a: Meloetta|27/403","|-enditem|p2a: Meloetta|Assault Vest|[from] move: Knock Off|[of] p1a: Azumarill","|","|-weather|RainDance|[upkeep]","|turn|16","|","|move|p2a: Meloetta|Charge Beam|p1a: Azumarill","|-supereffective|p1a: Azumarill","|-damage|p1a: Azumarill|77/401","|-boost|p2a: Meloetta|spa|1","|move|p1a: Azumarill|Knock Off|p2a: Meloetta","|-supereffective|p2a: Meloetta","|-damage|p2a: Meloetta|0 fnt","|faint|p2a: Meloetta","|","|-weather|none","|","|switch|p2a: Pidgeot|Pidgeot-Mega, F|231/307","|turn|17","|","|move|p1a: Azumarill|Aqua Jet|p2a: Pidgeot","|-damage|p2a: Pidgeot|132/307","|move|p2a: Pidgeot|Hurricane|p1a: Azumarill","|-damage|p1a: Azumarill|0 fnt","|faint|p1a: Azumarill","|","|","|switch|p1a: Politoed|Politoed, F|162/384","|-damage|p1a: Politoed|114/384|[from] Stealth Rock","|-activate|p1a: Politoed|move: Sticky Web","|-unboost|p1a: Politoed|spe|1","|-weather|RainDance","|turn|18","|","|move|p2a: Pidgeot|Hurricane|p1a: Politoed","|-damage|p1a: Politoed|0 fnt","|faint|p1a: Politoed","|","|-weather|RainDance|[upkeep]","|","|switch|p1a: Swampert|Swampert-Mega, M|120/341","|-activate|p1a: Swampert|move: Sticky Web","|-unboost|p1a: Swampert|spe|1","|-damage|p1a: Swampert|99/341|[from] Stealth Rock","|turn|19","|","|move|p2a: Pidgeot|Hurricane|p1a: Swampert","|-damage|p1a: Swampert|0 fnt","|faint|p1a: Swampert","|","|-weather|RainDance|[upkeep]","|","|switch|p1a: Gyarados|Gyarados, F|331/331","|-damage|p1a: Gyarados|249/331|[from] Stealth Rock","|turn|20","|","|move|p2a: Pidgeot|Hurricane|p1a: Gyarados","|-damage|p1a: Gyarados|35/331","|move|p1a: Gyarados|Dragon Dance|p1a: Gyarados","|-boost|p1a: Gyarados|atk|1","|-boost|p1a: Gyarados|spe|1","|","|-weather|RainDance|[upkeep]","|turn|21","|","|move|p1a: Gyarados|Waterfall|p2a: Pidgeot","|-damage|p2a: Pidgeot|0 fnt","|faint|p2a: Pidgeot","|-boost|p1a: Gyarados|atk|1|[from] ability: Moxie","|","|-weather|RainDance|[upkeep]","|","|switch|p2a: Staraptor|Staraptor, M|311/311","|turn|22","|","|move|p2a: Staraptor|Brave Bird|p1a: Gyarados","|-damage|p1a: Gyarados|0 fnt","|-damage|p2a: Staraptor|299/311|[from] recoil|[of] p1a: Gyarados","|faint|p1a: Gyarados","|","|-weather|none","|","|switch|p1a: Manaphy|Manaphy|365/365","|-activate|p1a: Manaphy|move: Sticky Web","|-unboost|p1a: Manaphy|spe|1","|-damage|p1a: Manaphy|320/365|[from] Stealth Rock","|turn|23","|","|move|p2a: Staraptor|Brave Bird|p1a: Manaphy","|-crit|p1a: Manaphy","|-damage|p1a: Manaphy|0 fnt","|-damage|p2a: Staraptor|193/311|[from] recoil|[of] p1a: Manaphy","|faint|p1a: Manaphy","|","|","|switch|p1a: Ludicolo|Ludicolo, M|242/301","|-damage|p1a: Ludicolo|205/301|[from] Stealth Rock","|-activate|p1a: Ludicolo|move: Sticky Web","|-unboost|p1a: Ludicolo|spe|1","|turn|24","|","|move|p2a: Staraptor|Brave Bird|p1a: Ludicolo","|-supereffective|p1a: Ludicolo","|-damage|p1a: Ludicolo|0 fnt","|-damage|p2a: Staraptor|125/311|[from] recoil|[of] p1a: Ludicolo","|faint|p1a: Ludicolo","|","|win|Alliance - Asurax"],"p1rating":{"entryid":"6047332","serverid":"eos","formatid":"monotype","userid":"seviperm","username":"SeviperM","w":"63","l":23,"t":"0","gxe":72,"r":1685.0570810164,"rd":47.209439882612,"sigma":"0","rptime":1438160400,"rpr":1678.9020813237,"rprd":46.786762232854,"rpsigma":"0","acre":1292.2412430636,"lacre":1292.2412430636,"oldacre":"1304.5214529096"},"p2rating":{"entryid":"6516367","serverid":"eos","formatid":"monotype","userid":"allianceasurax","username":"Alliance - Asurax","w":72,"l":"27","t":"0","gxe":73.7,"r":"1690.2414321764","rd":41.67607173076,"sigma":"0","rptime":1438160400,"rpr":1695.3362670408,"rprd":41.386877116359,"rpsigma":"0","acre":1457.2843653286,"lacre":1457.2843653286,"oldacre":1444.955112939},"endType":"normal"}