{"seed":[62948,40788,61283,21999],"turns":30,"p1":"SWL Aесh Bее","p2":"Alliance - Glacia","p1team":[{"name":"Fables","species":"venusaur","item":"venusaurite","ability":"Chlorophyll","moves":["synthesis","gigadrain","sludgebomb","hiddenpowerfire"],"nature":"Bold","evs":{"hp":252,"atk":0,"def":252,"spa":0,"spd":4,"spe":0},"ivs":{"hp":31,"atk":30,"def":31,"spa":30,"spd":31,"spe":30}},{"name":"Brave","species":"scolipede","item":"focussash","ability":"Speed Boost","moves":["swordsdance","earthquake","megahorn","rockslide"],"nature":"Jolly","evs":{"hp":0,"atk":252,"def":0,"spa":0,"spd":4,"spe":252},"ivs":{"hp":31,"atk":31,"def":31,"spa":31,"spd":31,"spe":31}},{"name":"Courage","species":"nidoking","item":"lifeorb","ability":"Sheer Force","moves":["earthpower","thunderbolt","icebeam","stealthrock"],"nature":"Timid","evs":{"hp":0,"atk":0,"def":0,"spa":252,"spd":4,"spe":252},"ivs":{"hp":31,"atk":31,"def":31,"spa":31,"spd":31,"spe":31}},{"name":"Forgotten","species":"gengar","item":"focussash","ability":"Levitate","moves":["shadowball","willowisp","icywind","sludgewave"],"nature":"Timid","evs":{"hp":0,"atk":0,"def":0,"spa":252,"spd":4,"spe":252},"ivs":{"hp":31,"atk":31,"def":31,"spa":31,"spd":31,"spe":31}},{"name":"Honor","species":"tentacruel","item":"blacksludge","ability":"Clear Body","moves":["acidspray","scald","icebeam","toxicspikes"],"nature":"Calm","evs":{"hp":252,"atk":0,"def":0,"spa":4,"spd":252,"spe":0},"ivs":{"hp":31,"atk":31,"def":31,"spa":31,"spd":31,"spe":31}},{"name":"Fear","species":"skuntank","item":"airballoon","ability":"Aftermath","moves":["foulplay","poisonjab","suckerpunch","defog"],"nature":"Adamant","evs":{"hp":248,"atk":252,"def":0,"spa":0,"spd":8,"spe":0},"ivs":{"hp":31,"atk":31,"def":31,"spa":31,"spd":31,"spe":31}}],"p2team":[{"name":"Usain","species":"weavile","item":"choiceband","ability":"Pressure","moves":["knockoff","iciclecrash","lowkick","iceshard"],"nature":"Jolly","evs":{"hp":0,"atk":252,"def":0,"spa":0,"spd":4,"spe":252},"ivs":{"hp":31,"atk":31,"def":31,"spa":31,"spd":31,"spe":31}},{"name":"Liopleurodon","species":"lapras","item":"choicespecs","ability":"Water Absorb","moves":["surf","freezedry","ancientpower","hiddenpowerfire"],"nature":"Modest","evs":{"hp":248,"atk":0,"def":0,"spa":252,"spd":8,"spe":0},"ivs":{"hp":31,"atk":30,"def":31,"spa":30,"spd":31,"spe":30}},{"name":"Bahamut","species":"kyuremblack","item":"choicescarf","ability":"Teravolt","moves":["outrage","fusionbolt","earthpower","icebeam"],"nature":"Naive","evs":{"hp":0,"atk":252,"def":0,"spa":4,"spd":0,"spe":252},"ivs":{"hp":31,"atk":31,"def":31,"spa":31,"spd":31,"spe":31}},{"name":"Jotunn","species":"regice","item":"chestoberry","ability":"Clear Body","moves":["thunderwave","seismictoss","counter","rest"],"nature":"Calm","evs":{"hp":248,"atk":0,"def":8,"spa":0,"spd":252,"spe":0},"ivs":{"hp":31,"atk":31,"def":31,"spa":31,"spd":31,"spe":31}},{"name":"T-Titanic-Kun...","species":"avalugg","item":"leftovers","ability":"Sturdy","moves":["rapidspin","avalanche","toxic","recover"],"nature":"Impish","evs":{"hp":252,"atk":4,"def":252,"spa":0,"spd":0,"spe":0},"ivs":{"hp":31,"atk":31,"def":31,"spa":31,"spd":31,"spe":31}},{"name":"Mamoswine","species":"Mamoswine","item":"focussash","ability":"Oblivious","moves":["endeavor","earthquake","knockoff","iceshard"],"nature":"Brave","evs":{"hp":248,"atk":252,"def":0,"spa":0,"spd":8,"spe":0},"ivs":{"hp":31,"atk":31,"def":31,"spa":31,"spd":31,"spe":31}}],"log":["|player|p1|SWL Aесh Bее|swlahb.gif","|player|p2|Alliance - Glacia|79","|gametype|singles","|gen|6","|tier|Monotype","|rated","|rule|Baton Pass Clause: Limit one Baton Passer, can't pass Spe and other stats simultaneously","|rule|Swagger Clause: Swagger is banned","|rule|Same Type Clause: Pokémon in a team must share a type","|clearpoke","|poke|p1|Venusaur, M","|poke|p1|Scolipede, M","|poke|p1|Nidoking, M","|poke|p1|Gengar, F","|poke|p1|Tentacruel, M","|poke|p1|Skuntank, M","|poke|p2|Weavile, M","|poke|p2|Lapras, M","|poke|p2|Kyurem-Black","|poke|p2|Regice","|poke|p2|Avalugg, F","|poke|p2|Mamoswine, M","|rule|Sleep Clause Mod: Limit one foe put to sleep","|rule|Species Clause: Limit one of each Pokémon","|rule|OHKO Clause: OHKO moves are banned","|rule|Moody Clause: Moody is banned","|rule|Evasion Moves Clause: Evasion moves are banned","|rule|Endless Battle Clause: Forcing endless battles is banned","|rule|HP Percentage Mod: HP is shown in percentages","|teampreview","|","|start","|switch|p1a: Courage|Nidoking, M|303/303","|switch|p2a: Liopleurodon|Lapras, M|463/463","|turn|1","|","|move|p1a: Courage|Stealth Rock|p2a: Liopleurodon","|-sidestart|p2: Alliance - Glacia|move: Stealth Rock","|move|p2a: Liopleurodon|Freeze-Dry|p1a: Courage","|-supereffective|p1a: Courage","|-damage|p1a: Courage|0 fnt","|faint|p1a: Courage","|","|","|switch|p1a: Fables|Venusaur, M|364/364","|turn|2","|","|detailschange|p1a: Fables|Venusaur-Mega, M","|-mega|p1a: Fables|Venusaur|Venusaurite","|move|p1a: Fables|Giga Drain|p2a: Liopleurodon","|-supereffective|p2a: Liopleurodon","|-damage|p2a: Liopleurodon|251/463","|move|p2a: Liopleurodon|Freeze-Dry|p1a: Fables","|-supereffective|p1a: Fables","|-damage|p1a: Fables|230/364","|","|turn|3","|","|switch|p2a: Jotunn|Regice|363/363","|-damage|p2a: Jotunn|273/363|[from] Stealth Rock","|move|p1a: Fables|Giga Drain|p2a: Jotunn","|-crit|p2a: Jotunn","|-damage|p2a: Jotunn|201/363","|-heal|p1a: Fables|266/364|[from] drain|[of] p2a: Jotunn","|","|turn|4","|","|move|p1a: Fables|Sludge Bomb|p2a: Jotunn","|-damage|p2a: Jotunn|146/363","|move|p2a: Jotunn|Thunder Wave|p1a: Fables","|-status|p1a: Fables|par","|","|turn|5","|","|switch|p1a: Honor|Tentacruel, M|364/364","|move|p2a: Jotunn|Seismic Toss|p1a: Honor","|-damage|p1a: Honor|264/364","|","|-heal|p1a: Honor|286/364|[from] item: Black Sludge","|turn|6","|","|move|p1a: Honor|Acid Spray|p2a: Jotunn","|-damage|p2a: Jotunn|128/363","|move|p2a: Jotunn|Thunder Wave|p1a: Honor","|-status|p1a: Honor|par","|","|-heal|p1a: Honor|308/364 par|[from] item: Black Sludge","|turn|7","|","|move|p2a: Jotunn|Seismic Toss|p1a: Honor","|-damage|p1a: Honor|208/364 par","|move|p1a: Honor|Toxic Spikes|p2a: Jotunn","|-sidestart|p2: Alliance - Glacia|move: Toxic Spikes","|","|-heal|p1a: Honor|230/364 par|[from] item: Black Sludge","|turn|8","|","|move|p2a: Jotunn|Seismic Toss|p1a: Honor","|-damage|p1a: Honor|130/364 par","|move|p1a: Honor|Scald|p2a: Jotunn","|-damage|p2a: Jotunn|94/363","|","|-heal|p1a: Honor|152/364 par|[from] item: Black Sludge","|turn|9","|","|move|p2a: Jotunn|Rest|p2a: Jotunn","|-status|p2a: Jotunn|slp","|-heal|p2a: Jotunn|363/363 slp|[silent]","|-status|p2a: Jotunn|slp|[from] move: Rest","|-enditem|p2a: Jotunn|Chesto Berry|[eat]","|-curestatus|p2a: Jotunn|slp","|move|p1a: Honor|Scald|p2a: Jotunn","|-damage|p2a: Jotunn|329/363","|-status|p2a: Jotunn|brn","|","|-heal|p1a: Honor|174/364 par|[from] item: Black Sludge","|-damage|p2a: Jotunn|284/363 brn|[from] brn","|turn|10","|","|move|p2a: Jotunn|Seismic Toss|p1a: Honor","|-damage|p1a: Honor|74/364 par","|move|p1a: Honor|Scald|p2a: Jotunn","|-damage|p2a: Jotunn|247/363 brn","|","|-heal|p1a: Honor|96/364 par|[from] item: Black Sludge","|-damage|p2a: Jotunn|202/363 brn|[from] brn","|turn|11","|","|move|p2a: Jotunn|Seismic Toss|p1a: Honor","|-damage|p1a: Honor|0 fnt","|faint|p1a: Honor","|","|-damage|p2a: Jotunn|157/363 brn|[from] brn","|","|switch|p1a: Brave|Scolipede, M|261/261","|turn|12","|","|move|p1a: Brave|Rock Slide|p2a: Jotunn","|-miss|p1a: Brave|p2a: Jotunn","|move|p2a: Jotunn|Thunder Wave|p1a: Brave","|-status|p1a: Brave|par","|","|-damage|p2a: Jotunn|112/363 brn|[from] brn","|-boost|p1a: Brave|spe|1|[from] ability: Speed Boost","|turn|13","|","|move|p2a: Jotunn|Rest|p2a: Jotunn","|-status|p2a: Jotunn|slp","|-heal|p2a: Jotunn|363/363 slp|[silent]","|-status|p2a: Jotunn|slp|[from] move: Rest","|cant|p1a: Brave|par","|","|-boost|p1a: Brave|spe|1|[from] ability: Speed Boost","|turn|14","|","|switch|p2a: T-Titanic-Kun...|Avalugg, F|394/394","|-status|p2a: T-Titanic-Kun...|psn","|-damage|p2a: T-Titanic-Kun...|296/394 psn|[from] Stealth Rock","|move|p1a: Brave|Swords Dance|p1a: Brave","|-boost|p1a: Brave|atk|2","|","|-heal|p2a: T-Titanic-Kun...|320/394 psn|[from] item: Leftovers","|-damage|p2a: T-Titanic-Kun...|271/394 psn|[from] psn","|-boost|p1a: Brave|spe|1|[from] ability: Speed Boost","|turn|15","|","|switch|p1a: Forgotten|Gengar, F|261/261","|move|p2a: T-Titanic-Kun...|Rapid Spin|p1a: Forgotten","|-immune|p1a: Forgotten|[msg]","|","|-heal|p2a: T-Titanic-Kun...|295/394 psn|[from] item: Leftovers","|-damage|p2a: T-Titanic-Kun...|246/394 psn|[from] psn","|turn|16","|","|switch|p2a: Jotunn|Regice|363/363 slp","|-damage|p2a: Jotunn|273/363 slp|[from] Stealth Rock","|move|p1a: Forgotten|Sludge Wave|p2a: Jotunn","|-damage|p2a: Jotunn|201/363 slp","|","|turn|17","|","|move|p1a: Forgotten|Sludge Wave|p2a: Jotunn","|-damage|p2a: Jotunn|132/363 slp","|cant|p2a: Jotunn|slp","|","|turn|18","|","|move|p1a: Forgotten|Sludge Wave|p2a: Jotunn","|-damage|p2a: Jotunn|57/363 slp","|cant|p2a: Jotunn|slp","|","|turn|19","|","|move|p1a: Forgotten|Sludge Wave|p2a: Jotunn","|-damage|p2a: Jotunn|0 fnt","|faint|p2a: Jotunn","|","|","|switch|p2a: Mamoswine|Mamoswine, M|423/423","|-damage|p2a: Mamoswine|371/423|[from] Stealth Rock","|-status|p2a: Mamoswine|psn","|turn|20","|","|switch|p1a: Fables|Venusaur-Mega, M|266/364 par","|move|p2a: Mamoswine|Ice Shard|p1a: Fables","|-crit|p1a: Fables","|-supereffective|p1a: Fables","|-damage|p1a: Fables|182/364 par","|","|-damage|p2a: Mamoswine|319/423 psn|[from] psn","|turn|21","|","|move|p2a: Mamoswine|Earthquake|p1a: Fables","|-damage|p1a: Fables|55/364 par","|move|p1a: Fables|Giga Drain|p2a: Mamoswine","|-supereffective|p2a: Mamoswine","|-damage|p2a: Mamoswine|19/423 psn","|-heal|p1a: Fables|205/364 par|[from] drain|[of] p2a: Mamoswine","|","|-damage|p2a: Mamoswine|0 fnt|[from] psn","|faint|p2a: Mamoswine","|","|switch|p2a: Bahamut|Kyurem-Black|391/391","|-damage|p2a: Bahamut|294/391|[from] Stealth Rock","|-status|p2a: Bahamut|psn","|-ability|p2a: Bahamut|Teravolt","|turn|22","|","|move|p2a: Bahamut|Outrage|p1a: Fables","|-damage|p1a: Fables|31/364 par","|move|p1a: Fables|Sludge Bomb|p2a: Bahamut","|-damage|p2a: Bahamut|132/391 psn","|","|-damage|p2a: Bahamut|84/391 psn|[from] psn","|turn|23","|","|move|p2a: Bahamut|Outrage|p1a: Fables","|-damage|p1a: Fables|0 fnt","|-start|p2a: Bahamut|confusion|[fatigue]","|faint|p1a: Fables","|","|-damage|p2a: Bahamut|36/391 psn|[from] psn","|","|switch|p1a: Fear|Skuntank, M|409/409","|-item|p1a: Fear|Air Balloon","|turn|24","|","|move|p1a: Fear|Sucker Punch|p2a: Bahamut","|-damage|p2a: Bahamut|0 fnt","|faint|p2a: Bahamut","|","|","|switch|p2a: T-Titanic-Kun...|Avalugg, F|246/394 psn","|-damage|p2a: T-Titanic-Kun...|148/394 psn|[from] Stealth Rock","|turn|25","|","|switch|p1a: Forgotten|Gengar, F|261/261","|move|p2a: T-Titanic-Kun...|Avalanche|p1a: Forgotten","|-damage|p1a: Forgotten|137/261","|","|-heal|p2a: T-Titanic-Kun...|172/394 psn|[from] item: Leftovers","|-damage|p2a: T-Titanic-Kun...|123/394 psn|[from] psn","|turn|26","|","|move|p1a: Forgotten|Sludge Wave|p2a: T-Titanic-Kun...","|-damage|p2a: T-Titanic-Kun...|0 fnt","|faint|p2a: T-Titanic-Kun...","|","|","|switch|p2a: Usain|Weavile, M|281/281","|-status|p2a: Usain|psn","|-damage|p2a: Usain|211/281 psn|[from] Stealth Rock","|-ability|p2a: Usain|Pressure","|turn|27","|","|switch|p1a: Brave|Scolipede, M|261/261 par","|move|p2a: Usain|Ice Shard|p1a: Brave","|-damage|p1a: Brave|155/261 par","|","|-damage|p2a: Usain|176/281 psn|[from] psn","|turn|28","|","|switch|p2a: Liopleurodon|Lapras, M|251/463","|-status|p2a: Liopleurodon|psn","|-damage|p2a: Liopleurodon|136/463 psn|[from] Stealth Rock","|move|p1a: Brave|Rock Slide|p2a: Liopleurodon","|-supereffective|p2a: Liopleurodon","|-damage|p2a: Liopleurodon|0 fnt","|faint|p2a: Liopleurodon","|","|-boost|p1a: Brave|spe|1|[from] ability: Speed Boost","|","|switch|p2a: Usain|Weavile, M|176/281 psn","|-damage|p2a: Usain|106/281 psn|[from] Stealth Rock","|-ability|p2a: Usain|Pressure","|turn|29","|","|move|p2a: Usain|Icicle Crash|p1a: Brave","|-crit|p1a: Brave","|-damage|p1a: Brave|0 fnt","|faint|p1a: Brave","|","|-damage|p2a: Usain|71/281 psn|[from] psn","|","|switch|p1a: Fear|Skuntank, M|409/409","|-item|p1a: Fear|Air Balloon","|turn|30","|","|move|p2a: Usain|Icicle Crash|p1a: Fear","|-damage|p1a: Fear|103/409","|-enditem|p1a: Fear|Air Balloon","|move|p1a: Fear|Poison Jab|p2a: Usain","|-damage|p2a: Usain|0 fnt","|faint|p2a: Usain","|","|win|SWL Aесh Bее"],"p1rating":{"entryid":"7100015","serverid":"eos","formatid":"monotype","userid":"swlahb","username":"SWL Aесh Bее","w":13,"l":"4","t":"0","gxe":66.9,"r":"1643.5366285666","rd":"77.971804693539","sigma":"0","rptime":"1438160400","rpr":1635.2915451407,"rprd":74.95504478885,"rpsigma":"0","acre":1223.237928532,"lacre":1223.237928532,"oldacre":"1203.4779756099"},"p2rating":{"entryid":"6141190","serverid":"eos","formatid":"monotype","userid":"allianceglacia","username":"Alliance - Glacia","w":"10","l":10,"t":"0","gxe":50.8,"r":"1561.9352382538","rd":"82.37040540344","sigma":"0","rptime":"1438160400","rpr":1506.0786501089,"rprd":74.09704373505,"rpsigma":"0","acre":1109.7993997305,"lacre":1109.7993997305,"oldacre":"1129.5593526526"},"endType":"normal"}