{"seed":[16911,24904,59059,10738],"turns":33,"p1":"Deucez","p2":"Defender of Sinnoh","p1team":[{"name":"Hydreigon","species":"Hydreigon","item":"choicescarf","ability":"Levitate","moves":["flashcannon","darkpulse","fireblast","dragonpulse"],"nature":"Timid","evs":{"hp":4,"atk":0,"def":0,"spa":252,"spd":0,"spe":252},"gender":"M","shiny":true,"ivs":{"hp":31,"atk":31,"def":31,"spa":31,"spd":31,"spe":31}},{"name":"Garchomp","species":"Garchomp","item":"focussash","ability":"Rough Skin","moves":["stealthrock","dragontail","earthquake","outrage"],"nature":"Jolly","evs":{"hp":0,"atk":252,"def":0,"spa":0,"spd":4,"spe":252},"gender":"M","shiny":true,"ivs":{"hp":31,"atk":31,"def":31,"spa":31,"spd":31,"spe":31}},{"name":"Dragonite","species":"Dragonite","item":"lumberry","ability":"Multiscale","moves":["dragondance","dragonclaw","extremespeed","earthquake"],"nature":"Adamant","evs":{"hp":0,"atk":252,"def":4,"spa":0,"spd":0,"spe":252},"ivs":{"hp":31,"atk":31,"def":31,"spa":31,"spd":31,"spe":31}},{"name":"Altaria","species":"Altaria","item":"altarianite","ability":"Natural Cure","moves":["frustration","dragondance","roost","healbell"],"nature":"Careful","evs":{"hp":0,"atk":4,"def":0,"spa":0,"spd":252,"spe":0},"gender":"M","shiny":true,"happiness":0,"ivs":{"hp":31,"atk":31,"def":31,"spa":31,"spd":31,"spe":31}},{"name":"Kyurem-Black","species":"Kyurem-Black","item":"leftovers","ability":"Teravolt","moves":["outrage","fusionbolt","substitute","ironhead"],"nature":"Adamant","evs":{"hp":0,"atk":252,"def":0,"spa":0,"spd":4,"spe":252},"shiny":true,"ivs":{"hp":31,"atk":31,"def":31,"spa":31,"spd":31,"spe":31}},{"name":"Latias","species":"Latias","item":"lightclay","ability":"Levitate","moves":["defog","reflect","lightscreen","healingwish"],"nature":"Timid","evs":{"hp":248,"atk":0,"def":0,"spa":0,"spd":8,"spe":252},"ivs":{"hp":31,"atk":31,"def":31,"spa":31,"spd":31,"spe":31}}],"p2team":[{"name":"Torterra","species":"Torterra","item":"assaultvest","ability":"Overgrow","moves":["earthquake","stoneedge","seedbomb","crunch"],"nature":"Adamant","evs":{"hp":248,"atk":252,"def":0,"spa":0,"spd":8,"spe":0},"ivs":{"hp":31,"atk":31,"def":31,"spa":31,"spd":31,"spe":31}},{"name":"Garchomp","species":"Garchomp","item":"rockyhelmet","ability":"Rough Skin","moves":["earthquake","dragonclaw","swordsdance","stoneedge"],"nature":"Jolly","evs":{"hp":0,"atk":252,"def":0,"spa":0,"spd":4,"spe":252},"ivs":{"hp":31,"atk":31,"def":31,"spa":31,"spd":31,"spe":31}},{"name":"Camerupt","species":"Camerupt","item":"cameruptite","ability":"Magma Armor","moves":["earthpower","flamethrower","willowisp","ancientpower"],"nature":"Modest","evs":{"hp":248,"atk":0,"def":0,"spa":252,"spd":8,"spe":0},"shiny":true,"ivs":{"hp":31,"atk":31,"def":31,"spa":31,"spd":31,"spe":31}},{"name":"Excadrill","species":"Excadrill","item":"airballoon","ability":"Mold Breaker","moves":["earthquake","ironhead","rockslide","rapidspin"],"nature":"Jolly","evs":{"hp":0,"atk":252,"def":0,"spa":0,"spd":8,"spe":248},"ivs":{"hp":31,"atk":31,"def":31,"spa":31,"spd":31,"spe":31}},{"name":"Gastrodon","species":"Gastrodon","item":"leftovers","ability":"Storm Drain","moves":["earthpower","scald","recover","toxic"],"nature":"Bold","evs":{"hp":248,"atk":0,"def":252,"spa":8,"spd":0,"spe":0},"ivs":{"hp":31,"atk":31,"def":31,"spa":31,"spd":31,"spe":31}},{"name":"Mamoswine","species":"Mamoswine","item":"focussash","ability":"Thick Fat","moves":["iceshard","iciclecrash","earthquake","freezedry"],"nature":"Naughty","evs":{"hp":248,"atk":252,"def":0,"spa":8,"spd":0,"spe":0},"ivs":{"hp":31,"atk":31,"def":31,"spa":31,"spd":31,"spe":31}}],"log":["|player|p1|Deucez|acedeuce92.png","|player|p2|Defender of Sinnoh|25","|gametype|singles","|gen|6","|tier|Monotype","|rated","|rule|Baton Pass Clause: Limit one Baton Passer, can't pass Spe and other stats simultaneously","|rule|Swagger Clause: Swagger is banned","|rule|Same Type Clause: Pokémon in a team must share a type","|clearpoke","|poke|p1|Hydreigon, M, shiny","|poke|p1|Garchomp, M, shiny","|poke|p1|Dragonite, M","|poke|p1|Altaria, M, shiny","|poke|p1|Kyurem-Black, shiny","|poke|p1|Latias, F","|poke|p2|Torterra, F","|poke|p2|Garchomp, M","|poke|p2|Camerupt, M, shiny","|poke|p2|Excadrill, F","|poke|p2|Gastrodon, M","|poke|p2|Mamoswine, F","|rule|Sleep Clause Mod: Limit one foe put to sleep","|rule|Species Clause: Limit one of each Pokémon","|rule|OHKO Clause: OHKO moves are banned","|rule|Moody Clause: Moody is banned","|rule|Evasion Moves Clause: Evasion moves are banned","|rule|Endless Battle Clause: Forcing endless battles is banned","|rule|HP Percentage Mod: HP is shown in percentages","|teampreview","|","|start","|switch|p1a: Garchomp|Garchomp, M, shiny|357/357","|switch|p2a: Gastrodon|Gastrodon, M|425/425","|turn|1","|","|move|p1a: Garchomp|Stealth Rock|p2a: Gastrodon","|-sidestart|p2: Defender of Sinnoh|move: Stealth Rock","|move|p2a: Gastrodon|Scald|p1a: Garchomp","|-damage|p1a: Garchomp|260/357","|-status|p1a: Garchomp|brn","|","|-damage|p1a: Garchomp|216/357 brn|[from] brn","|turn|2","|","|move|p2a: Gastrodon|Scald|p1a: Garchomp","|-damage|p1a: Garchomp|107/357 brn","|move|p1a: Garchomp|Dragon Tail|p2a: Gastrodon","|-damage|p2a: Gastrodon|377/425","|drag|p2a: Torterra|Torterra, F|393/393","|-damage|p2a: Torterra|369/393|[from] Stealth Rock","|","|-damage|p1a: Garchomp|63/357 brn|[from] brn","|turn|3","|","|move|p2a: Torterra|Seed Bomb|p1a: Garchomp","|-damage|p1a: Garchomp|0 fnt","|faint|p1a: Garchomp","|","|","|switch|p1a: Latias|Latias, F|363/363","|turn|4","|","|switch|p1a: Hydreigon|Hydreigon, M, shiny|326/326","|move|p2a: Torterra|Crunch|p1a: Hydreigon","|-resisted|p1a: Hydreigon","|-damage|p1a: Hydreigon|273/326","|","|turn|5","|","|move|p1a: Hydreigon|Fire Blast|p2a: Torterra","|-supereffective|p2a: Torterra","|-damage|p2a: Torterra|177/393","|move|p2a: Torterra|Stone Edge|p1a: Hydreigon","|-damage|p1a: Hydreigon|139/326","|","|turn|6","|","|move|p1a: Hydreigon|Fire Blast|p2a: Torterra","|-supereffective|p2a: Torterra","|-damage|p2a: Torterra|0 fnt","|faint|p2a: Torterra","|","|","|switch|p2a: Excadrill|Excadrill, F|361/361","|-damage|p2a: Excadrill|350/361|[from] Stealth Rock","|-ability|p2a: Excadrill|Mold Breaker","|-item|p2a: Excadrill|Air Balloon","|turn|7","|","|move|p1a: Hydreigon|Fire Blast|p2a: Excadrill","|-supereffective|p2a: Excadrill","|-damage|p2a: Excadrill|0 fnt","|-enditem|p2a: Excadrill|Air Balloon","|faint|p2a: Excadrill","|","|","|switch|p2a: Gastrodon|Gastrodon, M|377/425","|-damage|p2a: Gastrodon|351/425|[from] Stealth Rock","|turn|8","|","|move|p1a: Hydreigon|Fire Blast|p2a: Gastrodon","|-resisted|p2a: Gastrodon","|-damage|p2a: Gastrodon|278/425","|move|p2a: Gastrodon|Scald|p1a: Hydreigon","|-resisted|p1a: Hydreigon","|-damage|p1a: Hydreigon|92/326","|","|-heal|p2a: Gastrodon|304/425|[from] item: Leftovers","|turn|9","|","|move|p1a: Hydreigon|Fire Blast|p2a: Gastrodon","|-resisted|p2a: Gastrodon","|-damage|p2a: Gastrodon|227/425","|move|p2a: Gastrodon|Toxic|p1a: Hydreigon","|-status|p1a: Hydreigon|tox","|","|-heal|p2a: Gastrodon|253/425|[from] item: Leftovers","|-damage|p1a: Hydreigon|72/326 tox|[from] psn","|turn|10","|","|move|p1a: Hydreigon|Fire Blast|p2a: Gastrodon","|-resisted|p2a: Gastrodon","|-damage|p2a: Gastrodon|177/425","|move|p2a: Gastrodon|Recover|p2a: Gastrodon","|-heal|p2a: Gastrodon|390/425","|","|-heal|p2a: Gastrodon|416/425|[from] item: Leftovers","|-damage|p1a: Hydreigon|32/326 tox|[from] psn","|turn|11","|","|move|p1a: Hydreigon|Fire Blast|p2a: Gastrodon|[miss]","|-miss|p1a: Hydreigon|p2a: Gastrodon","|move|p2a: Gastrodon|Scald|p1a: Hydreigon","|-resisted|p1a: Hydreigon","|-damage|p1a: Hydreigon|0 fnt","|faint|p1a: Hydreigon","|","|-heal|p2a: Gastrodon|425/425|[from] item: Leftovers","|","|switch|p1a: Latias|Latias, F|363/363","|turn|12","|","|move|p1a: Latias|Light Screen|p1a: Latias","|-sidestart|p1: Deucez|move: Light Screen","|move|p2a: Gastrodon|Toxic|p1a: Latias","|-status|p1a: Latias|tox","|","|-damage|p1a: Latias|341/363 tox|[from] psn","|turn|13","|","|move|p1a: Latias|Reflect|p1a: Latias","|-sidestart|p1: Deucez|Reflect","|move|p2a: Gastrodon|Scald|p1a: Latias","|-resisted|p1a: Latias","|-damage|p1a: Latias|322/363 tox","|","|-damage|p1a: Latias|278/363 tox|[from] psn","|turn|14","|","|move|p1a: Latias|Healing Wish|p1a: Latias","|faint|p1a: Latias","|move|p2a: Gastrodon|Scald|p1: Latias|[notarget]","|-notarget","|","|","|switch|p1a: Kyurem-Black|Kyurem-Black, shiny|391/391","|-heal|p1a: Kyurem-Black|391/391|[from] move: Healing Wish","|-ability|p1a: Kyurem-Black|Teravolt","|turn|15","|","|move|p1a: Kyurem-Black|Substitute|p1a: Kyurem-Black","|-start|p1a: Kyurem-Black|Substitute","|-damage|p1a: Kyurem-Black|294/391","|move|p2a: Gastrodon|Scald|p1a: Kyurem-Black","|-resisted|p1a: Kyurem-Black","|-activate|p1a: Kyurem-Black|Substitute|[damage]","|","|-heal|p1a: Kyurem-Black|318/391|[from] item: Leftovers","|turn|16","|","|move|p1a: Kyurem-Black|Outrage|p2a: Gastrodon","|-damage|p2a: Gastrodon|143/425","|move|p2a: Gastrodon|Scald|p1a: Kyurem-Black","|-resisted|p1a: Kyurem-Black","|-activate|p1a: Kyurem-Black|Substitute|[damage]","|","|-heal|p1a: Kyurem-Black|342/391|[from] item: Leftovers","|-heal|p2a: Gastrodon|169/425|[from] item: Leftovers","|turn|17","|","|move|p1a: Kyurem-Black|Outrage|p2a: Gastrodon","|-damage|p2a: Gastrodon|0 fnt","|-start|p1a: Kyurem-Black|confusion|[fatigue]","|faint|p2a: Gastrodon","|","|-heal|p1a: Kyurem-Black|366/391|[from] item: Leftovers","|","|switch|p2a: Camerupt|Camerupt, M, shiny|343/343","|-damage|p2a: Camerupt|301/343|[from] Stealth Rock","|turn|18","|","|detailschange|p2a: Camerupt|Camerupt-Mega, M, shiny","|-mega|p2a: Camerupt|Camerupt|Cameruptite","|-activate|p1a: Kyurem-Black|confusion","|move|p1a: Kyurem-Black|Outrage|p2a: Camerupt","|-damage|p2a: Camerupt|28/343","|move|p2a: Camerupt|Ancient Power|p1a: Kyurem-Black","|-supereffective|p1a: Kyurem-Black","|-end|p1a: Kyurem-Black|Substitute","|","|-heal|p1a: Kyurem-Black|390/391|[from] item: Leftovers","|turn|19","|","|-activate|p1a: Kyurem-Black|confusion","|-damage|p1a: Kyurem-Black|327/391|[from] confusion","|move|p2a: Camerupt|Ancient Power|p1a: Kyurem-Black","|-supereffective|p1a: Kyurem-Black","|-damage|p1a: Kyurem-Black|210/391","|","|-heal|p1a: Kyurem-Black|234/391|[from] item: Leftovers","|-sideend|p1: Deucez|move: Light Screen","|turn|20","|","|-activate|p1a: Kyurem-Black|confusion","|move|p1a: Kyurem-Black|Outrage|p2a: Camerupt","|-damage|p2a: Camerupt|0 fnt","|faint|p2a: Camerupt","|","|-heal|p1a: Kyurem-Black|258/391|[from] item: Leftovers","|-sideend|p1: Deucez|Reflect","|","|switch|p2a: Garchomp|Garchomp, M|357/357","|-damage|p2a: Garchomp|335/357|[from] Stealth Rock","|turn|21","|","|move|p2a: Garchomp|Dragon Claw|p1a: Kyurem-Black","|-supereffective|p1a: Kyurem-Black","|-damage|p1a: Kyurem-Black|0 fnt","|faint|p1a: Kyurem-Black","|","|","|switch|p1a: Altaria|Altaria, M, shiny|291/291","|turn|22","|","|detailschange|p1a: Altaria|Altaria-Mega, M, shiny","|-mega|p1a: Altaria|Altaria|Altarianite","|move|p2a: Garchomp|Stone Edge|p1a: Altaria|[miss]","|-miss|p2a: Garchomp|p1a: Altaria","|move|p1a: Altaria|Dragon Dance|p1a: Altaria","|-boost|p1a: Altaria|atk|1","|-boost|p1a: Altaria|spe|1","|","|turn|23","|","|move|p2a: Garchomp|Stone Edge|p1a: Altaria","|-damage|p1a: Altaria|183/291","|move|p1a: Altaria|Dragon Dance|p1a: Altaria","|-boost|p1a: Altaria|atk|1","|-boost|p1a: Altaria|spe|1","|","|turn|24","|","|move|p1a: Altaria|Dragon Dance|p1a: Altaria","|-boost|p1a: Altaria|atk|1","|-boost|p1a: Altaria|spe|1","|move|p2a: Garchomp|Stone Edge|p1a: Altaria","|-damage|p1a: Altaria|72/291","|","|turn|25","|","|move|p1a: Altaria|Roost|p1a: Altaria","|-heal|p1a: Altaria|218/291","|move|p2a: Garchomp|Stone Edge|p1a: Altaria","|-damage|p1a: Altaria|115/291","|","|turn|26","|","|move|p1a: Altaria|Roost|p1a: Altaria","|-heal|p1a: Altaria|261/291","|move|p2a: Garchomp|Stone Edge|p1a: Altaria","|-damage|p1a: Altaria|154/291","|","|turn|27","|","|move|p1a: Altaria|Dragon Dance|p1a: Altaria","|-boost|p1a: Altaria|atk|1","|-boost|p1a: Altaria|spe|1","|move|p2a: Garchomp|Stone Edge|p1a: Altaria","|-damage|p1a: Altaria|41/291","|","|turn|28","|","|move|p1a: Altaria|Roost|p1a: Altaria","|-heal|p1a: Altaria|187/291","|move|p2a: Garchomp|Stone Edge|p1a: Altaria","|-crit|p1a: Altaria","|-damage|p1a: Altaria|24/291","|","|turn|29","|","|move|p1a: Altaria|Roost|p1a: Altaria","|-heal|p1a: Altaria|170/291","|move|p2a: Garchomp|Earthquake|p1a: Altaria","|-damage|p1a: Altaria|17/291","|","|turn|30","|","|move|p1a: Altaria|Roost|p1a: Altaria","|-heal|p1a: Altaria|163/291","|move|p2a: Garchomp|Earthquake|p1a: Altaria","|-crit|p1a: Altaria","|-damage|p1a: Altaria|0 fnt","|faint|p1a: Altaria","|","|","|switch|p1a: Dragonite|Dragonite, M|323/323","|turn|31","|","|move|p2a: Garchomp|Dragon Claw|p1a: Dragonite","|-supereffective|p1a: Dragonite","|-damage|p1a: Dragonite|175/323","|move|p1a: Dragonite|Dragon Dance|p1a: Dragonite","|-boost|p1a: Dragonite|atk|1","|-boost|p1a: Dragonite|spe|1","|","|turn|32","|","|move|p1a: Dragonite|Dragon Claw|p2a: Garchomp","|-supereffective|p2a: Garchomp","|-damage|p2a: Garchomp|0 fnt","|-damage|p1a: Dragonite|135/323|[from] ability: Rough Skin|[of] p2a: Garchomp","|-damage|p1a: Dragonite|82/323|[from] item: Rocky Helmet|[of] p2a: Garchomp","|faint|p2a: Garchomp","|","|","|switch|p2a: Mamoswine|Mamoswine, F|423/423","|-damage|p2a: Mamoswine|371/423|[from] Stealth Rock","|turn|33","|","|move|p1a: Dragonite|Extreme Speed|p2a: Mamoswine","|-damage|p2a: Mamoswine|181/423","|move|p2a: Mamoswine|Ice Shard|p1a: Dragonite","|-supereffective|p1a: Dragonite","|-damage|p1a: Dragonite|0 fnt","|faint|p1a: Dragonite","|","|win|Defender of Sinnoh"],"p1rating":{"entryid":"7192012","serverid":"eos","formatid":"monotype","userid":"deucez","username":"Deucez","w":"7","l":8,"t":"0","gxe":47.5,"r":"1485.2410492934","rd":"107.35986327311","sigma":"0","rptime":"1438160400","rpr":1480.3431807998,"rprd":77.120059142848,"rpsigma":"0","acre":1095.8136037255,"lacre":1095.8136037255,"oldacre":"1120.5534294342"},"p2rating":{"entryid":"6083148","serverid":"eos","formatid":"monotype","userid":"defenderofsinnoh","username":"Defender Of Sinnoh","w":36,"l":"49","t":"0","gxe":42.4,"r":"1404.4304529194","rd":"48.019117152128","sigma":"0","rptime":"1438160400","rpr":1442.3209370223,"rprd":41.959857139706,"rpsigma":"0","acre":1148.909137975,"lacre":1148.909137975,"oldacre":"1124.1693122663"},"endType":"normal"}