{"seed":[14936,51839,867,62969],"turns":26,"p1":"Defender of Sinnoh","p2":"Wаrden Arguѕ","p1team":[{"name":"Torterra","species":"Torterra","item":"assaultvest","ability":"Overgrow","moves":["earthquake","stoneedge","seedbomb","crunch"],"nature":"Adamant","evs":{"hp":248,"atk":252,"def":0,"spa":0,"spd":8,"spe":0},"ivs":{"hp":31,"atk":31,"def":31,"spa":31,"spd":31,"spe":31}},{"name":"Garchomp","species":"Garchomp","item":"rockyhelmet","ability":"Rough Skin","moves":["earthquake","dragonclaw","swordsdance","stoneedge"],"nature":"Jolly","evs":{"hp":0,"atk":252,"def":0,"spa":0,"spd":4,"spe":252},"ivs":{"hp":31,"atk":31,"def":31,"spa":31,"spd":31,"spe":31}},{"name":"Krookodile","species":"Krookodile","item":"choicescarf","ability":"Moxie","moves":["crunch","earthquake","firefang","stoneedge"],"nature":"Jolly","evs":{"hp":0,"atk":252,"def":0,"spa":0,"spd":4,"spe":252},"ivs":{"hp":31,"atk":31,"def":31,"spa":31,"spd":31,"spe":31}},{"name":"Excadrill","species":"Excadrill","item":"airballoon","ability":"Mold Breaker","moves":["earthquake","ironhead","rockslide","rapidspin"],"nature":"Jolly","evs":{"hp":0,"atk":252,"def":0,"spa":0,"spd":8,"spe":248},"ivs":{"hp":31,"atk":31,"def":31,"spa":31,"spd":31,"spe":31}},{"name":"Gastrodon","species":"Gastrodon","item":"leftovers","ability":"Storm Drain","moves":["earthpower","scald","recover","toxic"],"nature":"Bold","evs":{"hp":248,"atk":0,"def":252,"spa":8,"spd":0,"spe":0},"ivs":{"hp":31,"atk":31,"def":31,"spa":31,"spd":31,"spe":31}},{"name":"Landorus","species":"Landorus","item":"lifeorb","ability":"Sand Force","moves":["sludgebomb","focusblast","earthpower","calmmind"],"nature":"","evs":{"hp":0,"atk":0,"def":0,"spa":0,"spd":0,"spe":0},"ivs":{"hp":31,"atk":31,"def":31,"spa":31,"spd":31,"spe":31}}],"p2team":[{"name":"Sableye","species":"Sableye","item":"leftovers","ability":"Prankster","moves":["knockoff","willowisp","recover","taunt"],"nature":"Bold","evs":{"hp":228,"atk":0,"def":252,"spa":0,"spd":0,"spe":28},"gender":"M","ivs":{"hp":31,"atk":0,"def":31,"spa":31,"spd":31,"spe":31}},{"name":"Aegislash","species":"Aegislash","item":"weaknesspolicy","ability":"Stance Change","moves":["kingsshield","sacredsword","shadowball","shadowsneak"],"nature":"Lonely","evs":{"hp":0,"atk":252,"def":0,"spa":240,"spd":0,"spe":16},"gender":"M","shiny":true,"ivs":{"hp":31,"atk":31,"def":31,"spa":31,"spd":31,"spe":31}},{"name":"Jellicent","species":"Jellicent","item":"leftovers","ability":"Cursed Body","moves":["toxic","scald","recover","acidarmor"],"nature":"Calm","evs":{"hp":252,"atk":0,"def":0,"spa":0,"spd":252,"spe":4},"gender":"M","ivs":{"hp":31,"atk":0,"def":31,"spa":31,"spd":31,"spe":31},"shiny":true},{"name":"Golurk","species":"Golurk","item":"focussash","ability":"No Guard","moves":["stealthrock","stoneedge","dynamicpunch","curse"],"nature":"Adamant","evs":{"hp":0,"atk":252,"def":0,"spa":0,"spd":4,"spe":252},"shiny":true,"ivs":{"hp":31,"atk":31,"def":31,"spa":31,"spd":31,"spe":31}},{"name":"Chandelure","species":"Chandelure","item":"choicescarf","ability":"Infiltrator","moves":["flamethrower","shadowball","energyball","trick"],"nature":"Modest","evs":{"hp":0,"atk":0,"def":0,"spa":252,"spd":4,"spe":252},"gender":"F","ivs":{"hp":31,"atk":0,"def":31,"spa":31,"spd":31,"spe":31}},{"name":"Gengar","species":"Gengar","item":"focussash","ability":"Levitate","moves":["destinybond","sludgebomb","shadowball","energyball"],"nature":"Timid","evs":{"hp":0,"atk":0,"def":0,"spa":252,"spd":4,"spe":252},"gender":"F","ivs":{"hp":31,"atk":0,"def":31,"spa":31,"spd":31,"spe":31},"shiny":true}],"log":["|player|p1|Defender of Sinnoh|25","|player|p2|Wаrden Arguѕ|argus2spooky.png","|gametype|singles","|gen|6","|tier|Monotype","|rated","|rule|Baton Pass Clause: Limit one Baton Passer, can't pass Spe and other stats simultaneously","|rule|Swagger Clause: Swagger is banned","|rule|Same Type Clause: Pokémon in a team must share a type","|clearpoke","|poke|p1|Torterra, M","|poke|p1|Garchomp, M","|poke|p1|Krookodile, M","|poke|p1|Excadrill, M","|poke|p1|Gastrodon, F","|poke|p1|Landorus, M","|poke|p2|Sableye, M","|poke|p2|Aegislash, M, shiny","|poke|p2|Jellicent, M, shiny","|poke|p2|Golurk, shiny","|poke|p2|Chandelure, F","|poke|p2|Gengar, F, shiny","|rule|Sleep Clause Mod: Limit one foe put to sleep","|rule|Species Clause: Limit one of each Pokémon","|rule|OHKO Clause: OHKO moves are banned","|rule|Moody Clause: Moody is banned","|rule|Evasion Moves Clause: Evasion moves are banned","|rule|Endless Battle Clause: Forcing endless battles is banned","|rule|HP Percentage Mod: HP is shown in percentages","|teampreview","|","|start","|switch|p1a: Landorus|Landorus, M|319/319","|switch|p2a: Golurk|Golurk, shiny|319/319","|turn|1","|","|switch|p1a: Krookodile|Krookodile, M|331/331","|move|p2a: Golurk|Dynamic Punch|p1a: Krookodile","|-supereffective|p1a: Krookodile","|-damage|p1a: Krookodile|45/331","|-start|p1a: Krookodile|confusion","|","|turn|2","|","|-activate|p1a: Krookodile|confusion","|move|p1a: Krookodile|Crunch|p2a: Golurk","|-supereffective|p2a: Golurk","|-enditem|p2a: Golurk|Focus Sash","|-damage|p2a: Golurk|1/319","|move|p2a: Golurk|Stealth Rock|p1a: Krookodile","|-sidestart|p1: Defender of Sinnoh|move: Stealth Rock","|","|turn|3","|","|-activate|p1a: Krookodile|confusion","|move|p1a: Krookodile|Crunch|p2a: Golurk","|-supereffective|p2a: Golurk","|-damage|p2a: Golurk|0 fnt","|faint|p2a: Golurk","|-boost|p1a: Krookodile|atk|1|[from] ability: Moxie","|","|","|switch|p2a: Aegislash|Aegislash, M, shiny|261/261","|turn|4","|","|-formechange|p2a: Aegislash|Aegislash-Blade","|move|p2a: Aegislash|Shadow Sneak|p1a: Krookodile","|-resisted|p1a: Krookodile","|-damage|p1a: Krookodile|0 fnt","|faint|p1a: Krookodile","|","|","|switch|p1a: Landorus|Landorus, M|319/319","|-damage|p1a: Landorus|280/319|[from] Stealth Rock","|turn|5","|","|-formechange|p2a: Aegislash|Aegislash","|move|p2a: Aegislash|King's Shield|p2a: Aegislash","|-singleturn|p2a: Aegislash|Protect","|move|p1a: Landorus|Earth Power|p2a: Aegislash","|-activate|p2a: Aegislash|Protect","|","|turn|6","|","|move|p1a: Landorus|Calm Mind|p1a: Landorus","|-boost|p1a: Landorus|spa|1","|-boost|p1a: Landorus|spd|1","|-formechange|p2a: Aegislash|Aegislash-Blade","|move|p2a: Aegislash|Shadow Ball|p1a: Landorus","|-damage|p1a: Landorus|154/319","|","|turn|7","|","|move|p2a: Aegislash|Shadow Sneak|p1a: Landorus","|-damage|p1a: Landorus|57/319","|move|p1a: Landorus|Earth Power|p2a: Aegislash","|-supereffective|p2a: Aegislash","|-damage|p2a: Aegislash|0 fnt","|-damage|p1a: Landorus|26/319|[from] item: Life Orb","|faint|p2a: Aegislash","|","|","|switch|p2a: Gengar|Gengar, F, shiny|261/261","|turn|8","|","|move|p2a: Gengar|Shadow Ball|p1a: Landorus","|-damage|p1a: Landorus|0 fnt","|faint|p1a: Landorus","|","|","|switch|p1a: Gastrodon|Gastrodon, F|425/425","|-damage|p1a: Gastrodon|399/425|[from] Stealth Rock","|turn|9","|","|move|p2a: Gengar|Energy Ball|p1a: Gastrodon","|-supereffective|p1a: Gastrodon","|-damage|p1a: Gastrodon|0 fnt","|faint|p1a: Gastrodon","|","|","|switch|p1a: Torterra|Torterra, M|393/393","|-damage|p1a: Torterra|369/393|[from] Stealth Rock","|turn|10","|","|move|p2a: Gengar|Sludge Bomb|p1a: Torterra","|-damage|p1a: Torterra|248/393","|move|p1a: Torterra|Crunch|p2a: Gengar","|-supereffective|p2a: Gengar","|-enditem|p2a: Gengar|Focus Sash","|-damage|p2a: Gengar|1/261","|","|turn|11","|","|move|p2a: Gengar|Destiny Bond|p2a: Gengar","|-singlemove|p2a: Gengar|Destiny Bond","|move|p1a: Torterra|Crunch|p2a: Gengar","|-supereffective|p2a: Gengar","|-damage|p2a: Gengar|0 fnt","|faint|p2a: Gengar","|-activate|p2a: Gengar|Destiny Bond","|faint|p1a: Torterra","|","|","|switch|p1a: Excadrill|Excadrill, M|361/361","|switch|p2a: Sableye|Sableye, M|298/298","|-damage|p1a: Excadrill|350/361|[from] Stealth Rock","|-ability|p1a: Excadrill|Mold Breaker","|-item|p1a: Excadrill|Air Balloon","|turn|12","|","|move|p2a: Sableye|Will-O-Wisp|p1a: Excadrill","|-status|p1a: Excadrill|brn","|move|p1a: Excadrill|Iron Head|p2a: Sableye","|-damage|p2a: Sableye|238/298","|","|-heal|p2a: Sableye|256/298|[from] item: Leftovers","|-damage|p1a: Excadrill|305/361 brn|[from] brn","|turn|13","|","|move|p2a: Sableye|Taunt|p1a: Excadrill","|-start|p1a: Excadrill|move: Taunt","|move|p1a: Excadrill|Earthquake|p2a: Sableye","|-damage|p2a: Sableye|174/298","|","|-heal|p2a: Sableye|192/298|[from] item: Leftovers","|-damage|p1a: Excadrill|260/361 brn|[from] brn","|turn|14","|","|switch|p1a: Garchomp|Garchomp, M|357/357","|-damage|p1a: Garchomp|335/357|[from] Stealth Rock","|move|p2a: Sableye|Knock Off|p1a: Garchomp","|-damage|p1a: Garchomp|265/357","|-damage|p2a: Sableye|155/298|[from] ability: Rough Skin|[of] p1a: Garchomp","|-damage|p2a: Sableye|106/298|[from] item: Rocky Helmet|[of] p1a: Garchomp","|-enditem|p1a: Garchomp|Rocky Helmet|[from] move: Knock Off|[of] p2a: Sableye","|","|-heal|p2a: Sableye|124/298|[from] item: Leftovers","|turn|15","|","|move|p2a: Sableye|Will-O-Wisp|p1a: Garchomp|[miss]","|-miss|p2a: Sableye|p1a: Garchomp","|move|p1a: Garchomp|Stone Edge|p2a: Sableye","|-damage|p2a: Sableye|23/298","|","|-heal|p2a: Sableye|41/298|[from] item: Leftovers","|turn|16","|","|move|p2a: Sableye|Recover|p2a: Sableye","|-heal|p2a: Sableye|190/298","|move|p1a: Garchomp|Dragon Claw|p2a: Sableye","|-damage|p2a: Sableye|75/298","|","|-heal|p2a: Sableye|93/298|[from] item: Leftovers","|turn|17","|","|move|p2a: Sableye|Will-O-Wisp|p1a: Garchomp","|-status|p1a: Garchomp|brn","|move|p1a: Garchomp|Swords Dance|p1a: Garchomp","|-boost|p1a: Garchomp|atk|2","|","|-heal|p2a: Sableye|111/298|[from] item: Leftovers","|-damage|p1a: Garchomp|221/357 brn|[from] brn","|turn|18","|","|move|p2a: Sableye|Recover|p2a: Sableye","|-heal|p2a: Sableye|260/298","|move|p1a: Garchomp|Dragon Claw|p2a: Sableye","|-damage|p2a: Sableye|130/298","|","|-heal|p2a: Sableye|148/298|[from] item: Leftovers","|-damage|p1a: Garchomp|177/357 brn|[from] brn","|turn|19","|","|move|p2a: Sableye|Taunt|p1a: Garchomp","|-start|p1a: Garchomp|move: Taunt","|cant|p1a: Garchomp|move: Taunt|Swords Dance","|","|-heal|p2a: Sableye|166/298|[from] item: Leftovers","|-damage|p1a: Garchomp|133/357 brn|[from] brn","|turn|20","|","|move|p2a: Sableye|Recover|p2a: Sableye","|-heal|p2a: Sableye|298/298","|move|p1a: Garchomp|Dragon Claw|p2a: Sableye","|-damage|p2a: Sableye|169/298","|","|-heal|p2a: Sableye|187/298|[from] item: Leftovers","|-damage|p1a: Garchomp|89/357 brn|[from] brn","|turn|21","|","|move|p2a: Sableye|Recover|p2a: Sableye","|-heal|p2a: Sableye|298/298","|move|p1a: Garchomp|Stone Edge|p2a: Sableye","|-crit|p2a: Sableye","|-damage|p2a: Sableye|134/298","|","|-heal|p2a: Sableye|152/298|[from] item: Leftovers","|-damage|p1a: Garchomp|45/357 brn|[from] brn","|-end|p1a: Garchomp|move: Taunt","|turn|22","|","|move|p2a: Sableye|Recover|p2a: Sableye","|-heal|p2a: Sableye|298/298","|move|p1a: Garchomp|Dragon Claw|p2a: Sableye","|-damage|p2a: Sableye|178/298","|","|-heal|p2a: Sableye|196/298|[from] item: Leftovers","|-damage|p1a: Garchomp|1/357 brn|[from] brn","|turn|23","|","|move|p2a: Sableye|Recover|p2a: Sableye","|-heal|p2a: Sableye|298/298","|move|p1a: Garchomp|Earthquake|p2a: Sableye","|-damage|p2a: Sableye|149/298","|","|-heal|p2a: Sableye|167/298|[from] item: Leftovers","|-damage|p1a: Garchomp|0 fnt|[from] brn","|faint|p1a: Garchomp","|","|switch|p1a: Excadrill|Excadrill, M|260/361 brn","|-damage|p1a: Excadrill|249/361 brn|[from] Stealth Rock","|-ability|p1a: Excadrill|Mold Breaker","|-item|p1a: Excadrill|Air Balloon","|turn|24","|","|move|p1a: Excadrill|Earthquake|p2a: Sableye","|-crit|p2a: Sableye","|-damage|p2a: Sableye|48/298","|move|p2a: Sableye|Knock Off|p1a: Excadrill","|-damage|p1a: Excadrill|143/361 brn","|-enditem|p1a: Excadrill|Air Balloon","|","|-heal|p2a: Sableye|66/298|[from] item: Leftovers","|-damage|p1a: Excadrill|98/361 brn|[from] brn","|turn|25","|","|move|p2a: Sableye|Recover|p2a: Sableye","|-heal|p2a: Sableye|215/298","|move|p1a: Excadrill|Earthquake|p2a: Sableye","|-damage|p2a: Sableye|131/298","|","|-heal|p2a: Sableye|149/298|[from] item: Leftovers","|-damage|p1a: Excadrill|53/361 brn|[from] brn","|turn|26","|","|win|Wаrden Arguѕ"],"p1rating":{"entryid":"6083148","serverid":"eos","formatid":"monotype","userid":"defenderofsinnoh","username":"Defender Of Sinnoh","w":"33","l":47,"t":"0","gxe":41.4,"r":"1404.4304529194","rd":"48.019117152128","sigma":"0","rptime":"1438160400","rpr":1434.4048236364,"rprd":43.302530406469,"rpsigma":"0","acre":1142.1948729567,"lacre":1142.1948729567,"oldacre":"1164.8408903616"},"p2rating":{"entryid":"7252450","serverid":"eos","formatid":"monotype","userid":"wrdenargu","username":"Wаrden Arguѕ","w":7,"l":"0","t":"0","gxe":69.9,"r":"1500","rd":"130","sigma":"0","rptime":"1438160400","rpr":1663.9578162722,"rprd":94.817516091277,"rpsigma":"0","acre":1220.2983995625,"lacre":1220.2983995625,"oldacre":"1197.6523821576"},"endType":"forfeit"}