{"seed":[15653,34359,11491,7279],"turns":30,"p1":"Shining Yin","p2":"DJ Biggie","p1team":[{"name":"Mamoswine","species":"Mamoswine","item":"lifeorb","ability":"Thick Fat","moves":["earthquake","iceshard","freezedry","iciclecrash"],"nature":"Naive","evs":{"hp":0,"atk":244,"def":0,"spa":12,"spd":0,"spe":252},"ivs":{"hp":31,"atk":31,"def":31,"spa":31,"spd":31,"spe":31}},{"name":"Kyurem-Black","species":"Kyurem-Black","item":"choicescarf","ability":"Teravolt","moves":["outrage","fusionbolt","ironhead","earthpower"],"nature":"Naughty","evs":{"hp":0,"atk":216,"def":0,"spa":4,"spd":0,"spe":252},"ivs":{"hp":31,"atk":31,"def":31,"spa":31,"spd":31,"spe":31}},{"name":"Avalugg","species":"Avalugg","item":"rockyhelmet","ability":"Sturdy","moves":["rapidspin","recover","avalanche","mirrorcoat"],"nature":"Impish","evs":{"hp":248,"atk":8,"def":252,"spa":0,"spd":0,"spe":0},"ivs":{"hp":31,"atk":31,"def":31,"spa":31,"spd":31,"spe":31}},{"name":"Cloyster","species":"Cloyster","item":"lumberry","ability":"Skill Link","moves":["shellsmash","iciclespear","rockblast","iceshard"],"nature":"Adamant","evs":{"hp":0,"atk":252,"def":0,"spa":0,"spd":4,"spe":252},"ivs":{"hp":31,"atk":31,"def":31,"spa":31,"spd":31,"spe":31}},{"name":"Abomasnow","species":"Abomasnow","item":"abomasite","ability":"Snow Warning","moves":["blizzard","gigadrain","iceshard","earthquake"],"nature":"Quiet","evs":{"hp":144,"atk":88,"def":176,"spa":0,"spd":100,"spe":0},"ivs":{"hp":31,"atk":31,"def":31,"spa":31,"spd":31,"spe":31}},{"name":"Jynx","species":"Jynx","item":"focussash","ability":"Dry Skin","moves":["trickroom","icebeam","lovelykiss","psychic"],"nature":"Timid","evs":{"hp":0,"atk":0,"def":0,"spa":252,"spd":4,"spe":252},"ivs":{"hp":31,"atk":31,"def":31,"spa":31,"spd":31,"spe":0}}],"p2team":[{"name":"Faildra","species":"kingdra","item":"scopelens","ability":"Sniper","moves":["focusenergy","dracometeor","hydropump","agility"],"nature":"Modest","evs":{"hp":0,"atk":0,"def":4,"spa":252,"spd":0,"spe":252},"ivs":{"hp":31,"atk":31,"def":31,"spa":31,"spd":31,"spe":31}},{"name":"Hen + Tie","species":"tentacruel","item":"blacksludge","ability":"Liquid Ooze","moves":["scald","rapidspin","acidspray","knockoff"],"nature":"Timid","evs":{"hp":248,"atk":0,"def":216,"spa":0,"spd":28,"spe":16},"ivs":{"hp":31,"atk":31,"def":31,"spa":31,"spd":31,"spe":31}},{"name":"Kenny (The Bae)","species":"azumarill","item":"assaultvest","ability":"Sap Sipper","moves":["playrough","waterfall","aquajet","knockoff"],"nature":"Adamant","evs":{"hp":240,"atk":252,"def":0,"spa":0,"spd":16,"spe":0},"gender":"F","ivs":{"hp":31,"atk":31,"def":31,"spa":31,"spd":31,"spe":31}},{"name":"Slippy","species":"politoed","item":"choicespecs","ability":"Drizzle","moves":["scald","hydropump","hiddenpowergrass","mudbomb"],"nature":"Modest","evs":{"hp":248,"atk":0,"def":0,"spa":252,"spd":8,"spe":0},"ivs":{"hp":31,"atk":30,"def":31,"spa":30,"spd":31,"spe":31}},{"name":"Samba de Amigo","species":"ludicolo","item":"lifeorb","ability":"Swift Swim","moves":["hydropump","gigadrain","icebeam","focusblast"],"nature":"Modest","evs":{"hp":0,"atk":0,"def":0,"spa":252,"spd":4,"spe":252},"ivs":{"hp":31,"atk":31,"def":31,"spa":31,"spd":31,"spe":31}},{"name":"JUST DO IT!","species":"swampert","item":"swampertite","ability":"Damp","moves":["waterfall","earthquake","icepunch","poweruppunch"],"nature":"Adamant","evs":{"hp":0,"atk":252,"def":4,"spa":0,"spd":0,"spe":252},"ivs":{"hp":31,"atk":31,"def":31,"spa":31,"spd":31,"spe":31}}],"log":["|player|p1|Shining Yin|167","|player|p2|DJ Biggie|109","|gametype|singles","|gen|6","|tier|Monotype","|rated","|rule|Baton Pass Clause: Limit one Baton Passer, can't pass Spe and other stats simultaneously","|rule|Swagger Clause: Swagger is banned","|rule|Same Type Clause: Pokémon in a team must share a type","|clearpoke","|poke|p1|Mamoswine, F","|poke|p1|Kyurem-Black","|poke|p1|Avalugg, F","|poke|p1|Cloyster, M","|poke|p1|Abomasnow, F","|poke|p1|Jynx, F","|poke|p2|Kingdra, M","|poke|p2|Tentacruel, F","|poke|p2|Azumarill, F","|poke|p2|Politoed, M","|poke|p2|Ludicolo, F","|poke|p2|Swampert, F","|rule|Sleep Clause Mod: Limit one foe put to sleep","|rule|Species Clause: Limit one of each Pokémon","|rule|OHKO Clause: OHKO moves are banned","|rule|Moody Clause: Moody is banned","|rule|Evasion Moves Clause: Evasion moves are banned","|rule|Endless Battle Clause: Forcing endless battles is banned","|rule|HP Percentage Mod: HP is shown in percentages","|teampreview","|","|start","|switch|p1a: Jynx|Jynx, F|271/271","|switch|p2a: Slippy|Politoed, M|383/383","|-weather|RainDance","|turn|1","|","|move|p1a: Jynx|Lovely Kiss|p2a: Slippy","|-status|p2a: Slippy|slp","|cant|p2a: Slippy|slp","|","|-weather|RainDance|[upkeep]","|turn|2","|","|switch|p1a: Abomasnow|Abomasnow, F|357/357","|-weather|Hail","|-curestatus|p2a: Slippy|slp","|move|p2a: Slippy|Scald|p1a: Abomasnow","|-resisted|p1a: Abomasnow","|-damage|p1a: Abomasnow|270/357","|","|-weather|Hail|[upkeep]","|-damage|p2a: Slippy|360/383|[from] hail","|turn|3","|","|switch|p2a: Kenny (The Bae)|Azumarill, F|401/401","|detailschange|p1a: Abomasnow|Abomasnow-Mega, F","|-mega|p1a: Abomasnow|Abomasnow|Abomasite","|move|p1a: Abomasnow|Earthquake|p2a: Kenny (The Bae)","|-damage|p2a: Kenny (The Bae)|277/401","|","|-weather|Hail|[upkeep]","|-damage|p2a: Kenny (The Bae)|252/401|[from] hail","|turn|4","|","|move|p2a: Kenny (The Bae)|Play Rough|p1a: Abomasnow","|-damage|p1a: Abomasnow|188/357","|move|p1a: Abomasnow|Giga Drain|p2a: Kenny (The Bae)","|-boost|p2a: Kenny (The Bae)|atk|1|[from] ability: Sap Sipper","|","|-weather|Hail|[upkeep]","|-damage|p2a: Kenny (The Bae)|227/401|[from] hail","|turn|5","|","|switch|p1a: Avalugg|Avalugg, F|393/393","|move|p2a: Kenny (The Bae)|Play Rough|p1a: Avalugg","|-damage|p1a: Avalugg|321/393","|-damage|p2a: Kenny (The Bae)|161/401|[from] item: Rocky Helmet|[of] p1a: Avalugg","|","|-weather|Hail|[upkeep]","|-damage|p2a: Kenny (The Bae)|136/401|[from] hail","|turn|6","|","|move|p2a: Kenny (The Bae)|Knock Off|p1a: Avalugg","|-damage|p1a: Avalugg|271/393","|-damage|p2a: Kenny (The Bae)|70/401|[from] item: Rocky Helmet|[of] p1a: Avalugg","|-enditem|p1a: Avalugg|Rocky Helmet|[from] move: Knock Off|[of] p2a: Kenny (The Bae)","|move|p1a: Avalugg|Recover|p1a: Avalugg","|-heal|p1a: Avalugg|393/393","|","|-weather|none","|turn|7","|","|switch|p2a: Slippy|Politoed, M|360/383","|-weather|RainDance","|move|p1a: Avalugg|Avalanche|p2a: Slippy","|-resisted|p2a: Slippy","|-damage|p2a: Slippy|306/383","|","|-weather|RainDance|[upkeep]","|turn|8","|","|switch|p1a: Jynx|Jynx, F|271/271","|move|p2a: Slippy|Scald|p1a: Jynx","|-immune|p1a: Jynx|[msg]","|","|-weather|RainDance|[upkeep]","|turn|9","|","|switch|p2a: Kenny (The Bae)|Azumarill, F|70/401","|move|p1a: Jynx|Lovely Kiss|p2a: Kenny (The Bae)","|-status|p2a: Kenny (The Bae)|slp","|","|-weather|RainDance|[upkeep]","|turn|10","|","|move|p1a: Jynx|Psychic|p2a: Kenny (The Bae)","|-damage|p2a: Kenny (The Bae)|0 fnt","|faint|p2a: Kenny (The Bae)","|","|-weather|RainDance|[upkeep]","|","|switch|p2a: Hen + Tie|Tentacruel, F|363/363","|turn|11","|","|move|p1a: Jynx|Psychic|p2a: Hen + Tie","|-supereffective|p2a: Hen + Tie","|-damage|p2a: Hen + Tie|103/363","|move|p2a: Hen + Tie|Knock Off|p1a: Jynx","|-supereffective|p1a: Jynx","|-damage|p1a: Jynx|29/271","|-enditem|p1a: Jynx|Focus Sash|[from] move: Knock Off|[of] p2a: Hen + Tie","|","|-weather|none","|-heal|p2a: Hen + Tie|125/363|[from] item: Black Sludge","|turn|12","|","|move|p1a: Jynx|Psychic|p2a: Hen + Tie","|-supereffective|p2a: Hen + Tie","|-damage|p2a: Hen + Tie|0 fnt","|faint|p2a: Hen + Tie","|","|","|switch|p2a: Faildra|Kingdra, M|291/291","|turn|13","|","|switch|p1a: Kyurem-Black|Kyurem-Black|391/391","|-ability|p1a: Kyurem-Black|Teravolt","|move|p2a: Faildra|Draco Meteor|p1a: Kyurem-Black","|-supereffective|p1a: Kyurem-Black","|-damage|p1a: Kyurem-Black|0 fnt","|-unboost|p2a: Faildra|spa|2","|faint|p1a: Kyurem-Black","|","|","|switch|p1a: Cloyster|Cloyster, M|241/241","|turn|14","|","|move|p2a: Faildra|Draco Meteor|p1a: Cloyster","|-crit|p1a: Cloyster","|-damage|p1a: Cloyster|0 fnt","|-unboost|p2a: Faildra|spa|2","|faint|p1a: Cloyster","|","|","|switch|p1a: Mamoswine|Mamoswine, F|361/361","|turn|15","|","|move|p1a: Mamoswine|Freeze-Dry|p2a: Faildra","|-supereffective|p2a: Faildra","|-damage|p2a: Faildra|0 fnt","|-damage|p1a: Mamoswine|325/361|[from] item: Life Orb","|faint|p2a: Faildra","|","|","|switch|p2a: Slippy|Politoed, M|306/383","|-weather|RainDance","|turn|16","|","|switch|p1a: Jynx|Jynx, F|29/271","|move|p2a: Slippy|Scald|p1a: Jynx","|-heal|p1a: Jynx|96/271|[from] ability: Dry Skin|[of] p2a: Slippy","|","|-weather|RainDance|[upkeep]","|-heal|p1a: Jynx|129/271|[from] ability: Dry Skin","|turn|17","|","|switch|p2a: Samba de Amigo|Ludicolo, F|301/301","|move|p1a: Jynx|Lovely Kiss|p2a: Samba de Amigo","|-status|p2a: Samba de Amigo|slp","|","|-weather|RainDance|[upkeep]","|-heal|p1a: Jynx|162/271|[from] ability: Dry Skin","|turn|18","|","|cant|p2a: Samba de Amigo|slp","|move|p1a: Jynx|Trick Room|p1a: Jynx","|-fieldstart|move: Trick Room|[of] p1a: Jynx","|","|-weather|RainDance|[upkeep]","|-heal|p1a: Jynx|195/271|[from] ability: Dry Skin","|turn|19","|","|move|p1a: Jynx|Psychic|p2a: Samba de Amigo","|-damage|p2a: Samba de Amigo|147/301 slp","|-unboost|p2a: Samba de Amigo|spd|1","|-curestatus|p2a: Samba de Amigo|slp","|move|p2a: Samba de Amigo|Focus Blast|p1a: Jynx","|-damage|p1a: Jynx|43/271","|-unboost|p1a: Jynx|spd|1","|-damage|p2a: Samba de Amigo|117/301|[from] item: Life Orb","|","|-weather|RainDance|[upkeep]","|-heal|p1a: Jynx|76/271|[from] ability: Dry Skin","|turn|20","|","|switch|p2a: Slippy|Politoed, M|306/383","|move|p1a: Jynx|Psychic|p2a: Slippy","|-damage|p2a: Slippy|162/383","|","|-weather|none","|turn|21","|","|move|p2a: Slippy|Mud Bomb|p1a: Jynx","|-damage|p1a: Jynx|0 fnt","|faint|p1a: Jynx","|","|","|switch|p1a: Abomasnow|Abomasnow-Mega, F|188/357","|-weather|Hail","|turn|22","|","|switch|p2a: Samba de Amigo|Ludicolo, F|117/301","|move|p1a: Abomasnow|Giga Drain|p2a: Samba de Amigo","|-damage|p2a: Samba de Amigo|0 fnt","|-heal|p1a: Abomasnow|247/357|[from] drain|[of] p2a: Samba de Amigo","|faint|p2a: Samba de Amigo","|","|-weather|Hail|[upkeep]","|-fieldend|move: Trick Room","|","|switch|p2a: Slippy|Politoed, M|162/383","|-weather|RainDance","|turn|23","|","|move|p2a: Slippy|Scald|p1a: Abomasnow","|-resisted|p1a: Abomasnow","|-damage|p1a: Abomasnow|127/357","|move|p1a: Abomasnow|Giga Drain|p2a: Slippy","|-supereffective|p2a: Slippy","|-damage|p2a: Slippy|0 fnt","|-heal|p1a: Abomasnow|208/357|[from] drain|[of] p2a: Slippy","|faint|p2a: Slippy","|","|-weather|RainDance|[upkeep]","|","|switch|p2a: JUST DO IT!|Swampert, F|341/341","|turn|24","|","|switch|p1a: Avalugg|Avalugg, F|393/393","|detailschange|p2a: JUST DO IT!|Swampert-Mega, F","|-mega|p2a: JUST DO IT!|Swampert|Swampertite","|move|p2a: JUST DO IT!|Waterfall|p1a: Avalugg","|-damage|p1a: Avalugg|276/393","|","|-weather|RainDance|[upkeep]","|turn|25","|","|move|p2a: JUST DO IT!|Power-Up Punch|p1a: Avalugg","|-supereffective|p1a: Avalugg","|-damage|p1a: Avalugg|222/393","|-boost|p2a: JUST DO IT!|atk|1","|move|p1a: Avalugg|Recover|p1a: Avalugg","|-heal|p1a: Avalugg|393/393","|","|-weather|RainDance|[upkeep]","|turn|26","|","|move|p2a: JUST DO IT!|Power-Up Punch|p1a: Avalugg","|-supereffective|p1a: Avalugg","|-damage|p1a: Avalugg|305/393","|-boost|p2a: JUST DO IT!|atk|1","|move|p1a: Avalugg|Avalanche|p2a: JUST DO IT!","|-damage|p2a: JUST DO IT!|196/341","|","|-weather|RainDance|[upkeep]","|turn|27","|","|move|p2a: JUST DO IT!|Waterfall|p1a: Avalugg","|-damage|p1a: Avalugg|50/393","|move|p1a: Avalugg|Recover|p1a: Avalugg","|-heal|p1a: Avalugg|247/393","|","|-weather|none","|turn|28","|","|move|p2a: JUST DO IT!|Waterfall|p1a: Avalugg","|-damage|p1a: Avalugg|79/393","|move|p1a: Avalugg|Avalanche|p2a: JUST DO IT!","|-damage|p2a: JUST DO IT!|39/341","|","|turn|29","|","|switch|p1a: Abomasnow|Abomasnow-Mega, F|208/357","|-weather|Hail","|move|p2a: JUST DO IT!|Waterfall|p1a: Abomasnow","|-resisted|p1a: Abomasnow","|-damage|p1a: Abomasnow|73/357","|","|-weather|Hail|[upkeep]","|-damage|p2a: JUST DO IT!|18/341|[from] hail","|turn|30","|","|move|p1a: Abomasnow|Ice Shard|p2a: JUST DO IT!","|-damage|p2a: JUST DO IT!|0 fnt","|faint|p2a: JUST DO IT!","|","|win|Shining Yin"],"p1rating":{"entryid":"7208708","serverid":"eos","formatid":"monotype","userid":"shiningyin","username":"Shining Yin","w":15,"l":"7","t":"0","gxe":62.3,"r":"1576.7996044991","rd":"69.392155450717","sigma":"0","rptime":"1438160400","rpr":1596.5659064351,"rprd":67.048724831773,"rpsigma":"0","acre":1248.1392568617,"lacre":1248.1392568617,"oldacre":"1229.0945439527"},"p2rating":{"entryid":"7236327","serverid":"eos","formatid":"monotype","userid":"djbiggie","username":"DJ Biggie","w":"5","l":3,"t":"0","gxe":54.3,"r":"1495.4386995849","rd":"116.20594566497","sigma":"0","rptime":"1438160400","rpr":1533.7744725796,"rprd":92.014299578768,"rpsigma":"0","acre":1125.6656686679,"lacre":1125.6656686679,"oldacre":"1144.7103815769"},"endType":"normal"}