{"seed":[35885,49059,63704,26438],"turns":23,"p1":"GTXShinigami","p2":"DJ Biggie","p1team":[{"name":"Come Out To Play","species":"banette","item":"banettite","ability":"Frisk","moves":["shadowball","knockoff","destinybond","thunderwave"],"nature":"Lax","evs":{"hp":248,"atk":8,"def":252,"spa":0,"spd":0,"spe":0},"shiny":true,"ivs":{"hp":31,"atk":31,"def":31,"spa":31,"spd":31,"spe":31}},{"name":"Evil Clefairy","species":"gengar","item":"lifeorb","ability":"Levitate","moves":["shadowball","sludgewave","thunderbolt","dazzlinggleam"],"nature":"Timid","evs":{"hp":0,"atk":0,"def":0,"spa":252,"spd":4,"spe":252},"ivs":{"hp":31,"atk":31,"def":31,"spa":31,"spd":31,"spe":31}},{"name":"Excalibur","species":"aegislash","item":"weaknesspolicy","ability":"Stance Change","moves":["kingsshield","swordsdance","shadowsneak","sacredsword"],"nature":"Adamant","evs":{"hp":248,"atk":252,"def":0,"spa":0,"spd":8,"spe":0},"shiny":true,"ivs":{"hp":31,"atk":31,"def":31,"spa":31,"spd":31,"spe":31}},{"name":"Willow","species":"trevenant","item":"sitrusberry","ability":"Harvest","moves":["hornleech","leechseed","willowisp","confuseray"],"nature":"Careful","evs":{"hp":248,"atk":8,"def":0,"spa":0,"spd":252,"spe":0},"shiny":true,"ivs":{"hp":31,"atk":31,"def":31,"spa":31,"spd":31,"spe":31}},{"name":"Yeah You Jelly","species":"jellicent","item":"leftovers","ability":"Cursed Body","moves":["scald","shadowball","toxic","recover"],"nature":"Bold","evs":{"hp":252,"atk":0,"def":252,"spa":4,"spd":0,"spe":0},"ivs":{"hp":31,"atk":31,"def":31,"spa":31,"spd":31,"spe":31}},{"name":"Chandelure Bing v2","species":"chandelure","item":"leftovers","ability":"Flash Fire","moves":["shadowball","flamethrower","psychic","energyball"],"nature":"Modest","evs":{"hp":252,"atk":0,"def":0,"spa":252,"spd":4,"spe":0},"ivs":{"hp":31,"atk":31,"def":31,"spa":31,"spd":31,"spe":31}}],"p2team":[{"name":"Faildra","species":"kingdra","item":"scopelens","ability":"Sniper","moves":["focusenergy","dracometeor","hydropump","agility"],"nature":"Modest","evs":{"hp":0,"atk":0,"def":4,"spa":252,"spd":0,"spe":252},"ivs":{"hp":31,"atk":31,"def":31,"spa":31,"spd":31,"spe":31}},{"name":"Hen + Tie","species":"tentacruel","item":"blacksludge","ability":"Liquid Ooze","moves":["scald","rapidspin","acidspray","knockoff"],"nature":"Timid","evs":{"hp":248,"atk":0,"def":216,"spa":0,"spd":28,"spe":16},"ivs":{"hp":31,"atk":31,"def":31,"spa":31,"spd":31,"spe":31}},{"name":"Kenny (The Bae)","species":"azumarill","item":"assaultvest","ability":"Sap Sipper","moves":["playrough","waterfall","aquajet","knockoff"],"nature":"Adamant","evs":{"hp":240,"atk":252,"def":0,"spa":0,"spd":16,"spe":0},"gender":"F","ivs":{"hp":31,"atk":31,"def":31,"spa":31,"spd":31,"spe":31}},{"name":"Slippy","species":"politoed","item":"choicespecs","ability":"Drizzle","moves":["scald","hydropump","hiddenpowergrass","mudbomb"],"nature":"Modest","evs":{"hp":248,"atk":0,"def":0,"spa":252,"spd":8,"spe":0},"ivs":{"hp":31,"atk":30,"def":31,"spa":30,"spd":31,"spe":31}},{"name":"Samba de Amigo","species":"ludicolo","item":"lifeorb","ability":"Swift Swim","moves":["hydropump","gigadrain","icebeam","focusblast"],"nature":"Modest","evs":{"hp":0,"atk":0,"def":0,"spa":252,"spd":4,"spe":252},"ivs":{"hp":31,"atk":31,"def":31,"spa":31,"spd":31,"spe":31}},{"name":"JUST DO IT!","species":"swampert","item":"swampertite","ability":"Damp","moves":["waterfall","earthquake","icepunch","poweruppunch"],"nature":"Adamant","evs":{"hp":0,"atk":252,"def":4,"spa":0,"spd":0,"spe":252},"ivs":{"hp":31,"atk":31,"def":31,"spa":31,"spd":31,"spe":31}}],"log":["|player|p1|GTXShinigami|1","|player|p2|DJ Biggie|109","|gametype|singles","|gen|6","|tier|Monotype","|rated","|rule|Baton Pass Clause: Limit one Baton Passer, can't pass Spe and other stats simultaneously","|rule|Swagger Clause: Swagger is banned","|rule|Same Type Clause: Pokémon in a team must share a type","|clearpoke","|poke|p1|Banette, F, shiny","|poke|p1|Gengar, F","|poke|p1|Aegislash, M, shiny","|poke|p1|Trevenant, M, shiny","|poke|p1|Jellicent, M","|poke|p1|Chandelure, F","|poke|p2|Kingdra, M","|poke|p2|Tentacruel, M","|poke|p2|Azumarill, F","|poke|p2|Politoed, F","|poke|p2|Ludicolo, M","|poke|p2|Swampert, M","|rule|Sleep Clause Mod: Limit one foe put to sleep","|rule|Species Clause: Limit one of each Pokémon","|rule|OHKO Clause: OHKO moves are banned","|rule|Moody Clause: Moody is banned","|rule|Evasion Moves Clause: Evasion moves are banned","|rule|Endless Battle Clause: Forcing endless battles is banned","|rule|HP Percentage Mod: HP is shown in percentages","|teampreview","|","|start","|switch|p1a: Come Out To Play|Banette, F, shiny|331/331","|switch|p2a: Slippy|Politoed, F|383/383","|-weather|RainDance","|-item|p2a: Slippy|Choice Specs|[from] ability: Frisk|[of] p1a: Come Out To Play|[identify]","|turn|1","|","|detailschange|p1a: Come Out To Play|Banette-Mega, F, shiny","|-mega|p1a: Come Out To Play|Banette|Banettite","|move|p2a: Slippy|Scald|p1a: Come Out To Play","|-damage|p1a: Come Out To Play|0 fnt","|faint|p1a: Come Out To Play","|","|-weather|RainDance|[upkeep]","|","|switch|p1a: Willow|Trevenant, M, shiny|373/373","|turn|2","|","|switch|p2a: Kenny (The Bae)|Azumarill, F|401/401","|move|p1a: Willow|Confuse Ray|p2a: Kenny (The Bae)","|-start|p2a: Kenny (The Bae)|confusion","|","|-weather|RainDance|[upkeep]","|turn|3","|","|move|p1a: Willow|Leech Seed|p2a: Kenny (The Bae)","|-boost|p2a: Kenny (The Bae)|atk|1|[from] ability: Sap Sipper","|-activate|p2a: Kenny (The Bae)|confusion","|move|p2a: Kenny (The Bae)|Knock Off|p1a: Willow","|-supereffective|p1a: Willow","|-damage|p1a: Willow|113/373","|-enditem|p1a: Willow|Sitrus Berry|[from] move: Knock Off|[of] p2a: Kenny (The Bae)","|","|-weather|RainDance|[upkeep]","|turn|4","|","|switch|p1a: Yeah You Jelly|Jellicent, M|404/404","|-activate|p2a: Kenny (The Bae)|confusion","|-damage|p2a: Kenny (The Bae)|348/401|[from] confusion","|","|-weather|RainDance|[upkeep]","|turn|5","|","|move|p1a: Yeah You Jelly|Toxic|p2a: Kenny (The Bae)","|-status|p2a: Kenny (The Bae)|tox","|-activate|p2a: Kenny (The Bae)|confusion","|move|p2a: Kenny (The Bae)|Knock Off|p1a: Yeah You Jelly","|-supereffective|p1a: Yeah You Jelly","|-damage|p1a: Yeah You Jelly|224/404","|-enditem|p1a: Yeah You Jelly|Leftovers|[from] move: Knock Off|[of] p2a: Kenny (The Bae)","|","|-weather|none","|-damage|p2a: Kenny (The Bae)|323/401 tox|[from] psn","|turn|6","|","|switch|p2a: Slippy|Politoed, F|383/383","|-weather|RainDance","|move|p1a: Yeah You Jelly|Recover|p1a: Yeah You Jelly","|-heal|p1a: Yeah You Jelly|404/404","|","|-weather|RainDance|[upkeep]","|turn|7","|","|move|p2a: Slippy|Hidden Power|p1a: Yeah You Jelly","|-supereffective|p1a: Yeah You Jelly","|-damage|p1a: Yeah You Jelly|242/404","|move|p1a: Yeah You Jelly|Toxic|p2a: Slippy","|-status|p2a: Slippy|tox","|","|-weather|RainDance|[upkeep]","|-damage|p2a: Slippy|360/383 tox|[from] psn","|turn|8","|","|move|p2a: Slippy|Hidden Power|p1a: Yeah You Jelly","|-supereffective|p1a: Yeah You Jelly","|-damage|p1a: Yeah You Jelly|74/404","|move|p1a: Yeah You Jelly|Shadow Ball|p2a: Slippy","|-damage|p2a: Slippy|284/383 tox","|-unboost|p2a: Slippy|spd|1","|","|-weather|RainDance|[upkeep]","|-damage|p2a: Slippy|238/383 tox|[from] psn","|turn|9","|","|move|p2a: Slippy|Hidden Power|p1a: Yeah You Jelly","|-supereffective|p1a: Yeah You Jelly","|-damage|p1a: Yeah You Jelly|0 fnt","|faint|p1a: Yeah You Jelly","|","|-weather|RainDance|[upkeep]","|-damage|p2a: Slippy|169/383 tox|[from] psn","|","|switch|p1a: Excalibur|Aegislash, M, shiny|323/323","|turn|10","|","|switch|p2a: Hen + Tie|Tentacruel, M|363/363","|move|p1a: Excalibur|Swords Dance|p1a: Excalibur","|-boost|p1a: Excalibur|atk|2","|","|-weather|none","|turn|11","|","|move|p2a: Hen + Tie|Scald|p1a: Excalibur","|-damage|p1a: Excalibur|269/323","|-formechange|p1a: Excalibur|Aegislash-Blade","|move|p1a: Excalibur|Sacred Sword|p2a: Hen + Tie","|-resisted|p2a: Hen + Tie","|-damage|p2a: Hen + Tie|232/363","|","|-heal|p2a: Hen + Tie|254/363|[from] item: Black Sludge","|turn|12","|","|-formechange|p1a: Excalibur|Aegislash","|move|p1a: Excalibur|King's Shield|p1a: Excalibur","|-singleturn|p1a: Excalibur|Protect","|move|p2a: Hen + Tie|Knock Off|p1a: Excalibur","|-activate|p1a: Excalibur|Protect","|-unboost|p2a: Hen + Tie|atk|2","|","|-heal|p2a: Hen + Tie|276/363|[from] item: Black Sludge","|turn|13","|","|move|p2a: Hen + Tie|Knock Off|p1a: Excalibur","|-supereffective|p1a: Excalibur","|-damage|p1a: Excalibur|229/323","|-enditem|p1a: Excalibur|Weakness Policy","|-boost|p1a: Excalibur|atk|2|[from] item: Weakness Policy","|-boost|p1a: Excalibur|spa|2|[from] item: Weakness Policy","|move|p1a: Excalibur|Swords Dance|p1a: Excalibur","|-boost|p1a: Excalibur|atk|2","|","|-heal|p2a: Hen + Tie|298/363|[from] item: Black Sludge","|turn|14","|","|move|p2a: Hen + Tie|Scald|p1a: Excalibur","|-damage|p1a: Excalibur|175/323","|-formechange|p1a: Excalibur|Aegislash-Blade","|move|p1a: Excalibur|Sacred Sword|p2a: Hen + Tie","|-resisted|p2a: Hen + Tie","|-damage|p2a: Hen + Tie|21/363","|","|-heal|p2a: Hen + Tie|43/363|[from] item: Black Sludge","|turn|15","|","|move|p1a: Excalibur|Shadow Sneak|p2a: Hen + Tie","|-damage|p2a: Hen + Tie|0 fnt","|faint|p2a: Hen + Tie","|","|","|switch|p2a: Slippy|Politoed, F|169/383 tox","|-weather|RainDance","|turn|16","|","|switch|p2a: Faildra|Kingdra, M|291/291","|move|p1a: Excalibur|Shadow Sneak|p2a: Faildra","|-damage|p2a: Faildra|0 fnt","|faint|p2a: Faildra","|","|-weather|RainDance|[upkeep]","|","|switch|p2a: JUST DO IT!|Swampert, M|341/341","|turn|17","|","|detailschange|p2a: JUST DO IT!|Swampert-Mega, M","|-mega|p2a: JUST DO IT!|Swampert|Swampertite","|-formechange|p1a: Excalibur|Aegislash","|move|p1a: Excalibur|King's Shield|p1a: Excalibur","|-singleturn|p1a: Excalibur|Protect","|move|p2a: JUST DO IT!|Earthquake|p1a: Excalibur","|-activate|p1a: Excalibur|Protect","|","|-weather|RainDance|[upkeep]","|turn|18","|","|move|p2a: JUST DO IT!|Earthquake|p1a: Excalibur","|-supereffective|p1a: Excalibur","|-damage|p1a: Excalibur|0 fnt","|faint|p1a: Excalibur","|","|-weather|RainDance|[upkeep]","|","|switch|p1a: Evil Clefairy|Gengar, F|261/261","|turn|19","|","|move|p2a: JUST DO IT!|Waterfall|p1a: Evil Clefairy","|-damage|p1a: Evil Clefairy|0 fnt","|faint|p1a: Evil Clefairy","|","|-weather|RainDance|[upkeep]","|","|switch|p1a: Willow|Trevenant, M, shiny|113/373","|turn|20","|","|move|p2a: JUST DO IT!|Ice Punch|p1a: Willow","|-supereffective|p1a: Willow","|-damage|p1a: Willow|0 fnt","|faint|p1a: Willow","|","|-weather|none","|","|switch|p1a: Chandelure Bing v2|Chandelure, F|324/324","|turn|21","|","|switch|p2a: Kenny (The Bae)|Azumarill, F|323/401 tox","|move|p1a: Chandelure Bing v2|Energy Ball|p2a: Kenny (The Bae)","|-boost|p2a: Kenny (The Bae)|atk|1|[from] ability: Sap Sipper","|","|-damage|p2a: Kenny (The Bae)|298/401 tox|[from] psn","|turn|22","|","|move|p1a: Chandelure Bing v2|Shadow Ball|p2a: Kenny (The Bae)","|-damage|p2a: Kenny (The Bae)|174/401 tox","|move|p2a: Kenny (The Bae)|Waterfall|p1a: Chandelure Bing v2","|-supereffective|p1a: Chandelure Bing v2","|-damage|p1a: Chandelure Bing v2|48/324","|","|-heal|p1a: Chandelure Bing v2|68/324|[from] item: Leftovers","|-damage|p2a: Kenny (The Bae)|124/401 tox|[from] psn","|turn|23","|","|move|p2a: Kenny (The Bae)|Aqua Jet|p1a: Chandelure Bing v2","|-supereffective|p1a: Chandelure Bing v2","|-damage|p1a: Chandelure Bing v2|0 fnt","|faint|p1a: Chandelure Bing v2","|","|win|DJ Biggie"],"p1rating":{"entryid":"7117851","serverid":"eos","formatid":"monotype","userid":"gtxshinigami","username":"GTX▽Shinigami","w":"1","l":13,"t":"0","gxe":23.3,"r":1277.598009507,"rd":83.363656164758,"sigma":"0","rptime":1438160400,"rpr":1269.2244556186,"rprd":81.929434712033,"rpsigma":"0","acre":1000,"lacre":1000,"oldacre":"1004.260740684"},"p2rating":{"entryid":"7236327","serverid":"eos","formatid":"monotype","userid":"djbiggie","username":"DJ Biggie","w":2,"l":"1","t":"0","gxe":51.7,"r":1495.4386995849,"rd":116.20594566497,"sigma":"0","rptime":1438160400,"rpr":1513.6740709111,"rprd":111.79932073763,"rpsigma":"0","acre":1083.4963465259,"lacre":1083.4963465259,"oldacre":"1056.7244802676"},"endType":"normal"}