{"seed":[6895,47352,58746,64716],"turns":31,"p1":"Mewth","p2":"Hershey Bot","p1team":[{"name":"Starships","species":"starmie","item":"widelens","ability":"Natural Cure","moves":["psychic","hydropump","thunder","blizzard"],"nature":"Timid","evs":{"hp":0,"atk":0,"def":0,"spa":252,"spd":4,"spe":252},"ivs":{"hp":31,"atk":31,"def":31,"spa":31,"spd":31,"spe":31}},{"name":"Larry","species":"crawdaunt","item":"focussash","ability":"Adaptability","moves":["dragondance","aquajet","crabhammer","knockoff"],"nature":"Adamant","evs":{"hp":0,"atk":252,"def":0,"spa":0,"spd":4,"spe":252},"gender":"M","ivs":{"hp":31,"atk":31,"def":31,"spa":31,"spd":31,"spe":31}},{"name":"Bunny bae","species":"azumarill","item":"sitrusberry","ability":"Huge Power","moves":["bellydrum","aquajet","playrough","knockoff"],"nature":"Adamant","evs":{"hp":252,"atk":252,"def":0,"spa":0,"spd":4,"spe":0},"gender":"F","ivs":{"hp":31,"atk":31,"def":31,"spa":31,"spd":31,"spe":31}},{"name":"My Little Pony","species":"keldeo","item":"leftovers","ability":"Justified","moves":["calmmind","secretsword","hydropump","icywind"],"nature":"Timid","evs":{"hp":0,"atk":0,"def":0,"spa":252,"spd":4,"spe":252},"ivs":{"hp":31,"atk":31,"def":31,"spa":31,"spd":31,"spe":31}},{"name":"Shark Bait","species":"sharpedo","item":"sharpedonite","ability":"Speed Boost","moves":["crunch","icefang","waterfall","protect"],"nature":"Adamant","evs":{"hp":0,"atk":252,"def":0,"spa":0,"spd":4,"spe":252},"gender":"M","ivs":{"hp":31,"atk":31,"def":31,"spa":31,"spd":31,"spe":31}},{"name":"Shell'A'Mate","species":"cloyster","item":"focussash","ability":"Skill Link","moves":["shellsmash","iceshard","iciclespear","rockblast"],"nature":"Adamant","evs":{"hp":0,"atk":252,"def":0,"spa":0,"spd":4,"spe":252},"gender":"M","shiny":true,"ivs":{"hp":31,"atk":31,"def":31,"spa":31,"spd":31,"spe":31}}],"p2team":[{"name":"Alomomola","species":"Alomomola","item":"rockyhelmet","ability":"Regenerator","moves":["wish","protect","toxic","mirrorcoat"],"nature":"Bold","evs":{"hp":252,"atk":0,"def":252,"spa":0,"spd":4,"spe":0},"ivs":{"hp":31,"atk":0,"def":31,"spa":31,"spd":31,"spe":31}},{"name":"Azumarill","species":"Azumarill","item":"leftovers","ability":"Sap Sipper","moves":["toxic","scald","perishsong","knockoff"],"nature":"Impish","evs":{"hp":252,"atk":0,"def":252,"spa":0,"spd":4,"spe":0},"ivs":{"hp":31,"atk":31,"def":31,"spa":31,"spd":31,"spe":31}},{"name":"Lanturn","species":"Lanturn","item":"leftovers","ability":"Volt Absorb","moves":["voltswitch","toxic","healbell","scald"],"nature":"Calm","evs":{"hp":252,"atk":0,"def":4,"spa":0,"spd":252,"spe":0},"ivs":{"hp":31,"atk":0,"def":31,"spa":31,"spd":31,"spe":31}},{"name":"Keldeo","species":"Keldeo","item":"choicespecs","ability":"Justified","moves":["scald","hydropump","secretsword","icywind"],"nature":"Timid","evs":{"hp":4,"atk":0,"def":0,"spa":252,"spd":0,"spe":252},"ivs":{"hp":31,"atk":0,"def":31,"spa":31,"spd":31,"spe":31}},{"name":"Quagsire","species":"Quagsire","item":"leftovers","ability":"Unaware","moves":["earthquake","scald","toxic","recover"],"nature":"Lax","evs":{"hp":252,"atk":4,"def":252,"spa":0,"spd":0,"spe":0},"ivs":{"hp":31,"atk":31,"def":31,"spa":31,"spd":31,"spe":31}},{"name":"Empoleon","species":"Empoleon","item":"leftovers","ability":"Torrent","moves":["stealthrock","defog","flashcannon","roar"],"nature":"Calm","evs":{"hp":252,"atk":0,"def":56,"spa":0,"spd":200,"spe":0},"ivs":{"hp":31,"atk":0,"def":31,"spa":31,"spd":31,"spe":31}}],"log":["|player|p1|Mewth|rainmewth.png","|player|p2|Hershey Bot|4","|gametype|singles","|gen|6","|tier|Monotype","|rated","|rule|Baton Pass Clause: Limit one Baton Passer, can't pass Spe and other stats simultaneously","|rule|Swagger Clause: Swagger is banned","|rule|Same Type Clause: Pokémon in a team must share a type","|clearpoke","|poke|p1|Starmie","|poke|p1|Crawdaunt, M","|poke|p1|Azumarill, F","|poke|p1|Keldeo","|poke|p1|Sharpedo, M","|poke|p1|Cloyster, M, shiny","|poke|p2|Alomomola, F","|poke|p2|Azumarill, F","|poke|p2|Lanturn, F","|poke|p2|Keldeo","|poke|p2|Quagsire, F","|poke|p2|Empoleon, F","|rule|Sleep Clause Mod: Limit one foe put to sleep","|rule|Species Clause: Limit one of each Pokémon","|rule|OHKO Clause: OHKO moves are banned","|rule|Moody Clause: Moody is banned","|rule|Evasion Moves Clause: Evasion moves are banned","|rule|Endless Battle Clause: Forcing endless battles is banned","|rule|HP Percentage Mod: HP is shown in percentages","|teampreview","|","|start","|switch|p1a: Larry|Crawdaunt, M|267/267","|switch|p2a: Lanturn|Lanturn, F|454/454","|turn|1","|","|move|p1a: Larry|Dragon Dance|p1a: Larry","|-boost|p1a: Larry|atk|1","|-boost|p1a: Larry|spe|1","|move|p2a: Lanturn|Toxic|p1a: Larry","|-status|p1a: Larry|tox","|","|-damage|p1a: Larry|251/267 tox|[from] psn","|turn|2","|","|move|p1a: Larry|Knock Off|p2a: Lanturn","|-damage|p2a: Lanturn|0 fnt","|-enditem|p2a: Lanturn|Leftovers|[from] move: Knock Off|[of] p1a: Larry","|faint|p2a: Lanturn","|","|-damage|p1a: Larry|219/267 tox|[from] psn","|","|switch|p2a: Azumarill|Azumarill, F|404/404","|turn|3","|","|move|p1a: Larry|Crabhammer|p2a: Azumarill","|-resisted|p2a: Azumarill","|-damage|p2a: Azumarill|251/404","|move|p2a: Azumarill|Knock Off|p1a: Larry","|-resisted|p1a: Larry","|-damage|p1a: Larry|195/267 tox","|-enditem|p1a: Larry|Focus Sash|[from] move: Knock Off|[of] p2a: Azumarill","|","|-heal|p2a: Azumarill|276/404|[from] item: Leftovers","|-damage|p1a: Larry|147/267 tox|[from] psn","|turn|4","|","|move|p1a: Larry|Dragon Dance|p1a: Larry","|-boost|p1a: Larry|atk|1","|-boost|p1a: Larry|spe|1","|move|p2a: Azumarill|Perish Song|p2a: Azumarill","|-start|p1a: Larry|perish3|[silent]","|-start|p2a: Azumarill|perish3|[silent]","|-fieldactivate|move: Perish Song","|","|-start|p1a: Larry|perish3","|-start|p2a: Azumarill|perish3","|-heal|p2a: Azumarill|301/404|[from] item: Leftovers","|-damage|p1a: Larry|83/267 tox|[from] psn","|turn|5","|","|move|p1a: Larry|Crabhammer|p2a: Azumarill","|-resisted|p2a: Azumarill","|-damage|p2a: Azumarill|93/404","|move|p2a: Azumarill|Scald|p1a: Larry","|-crit|p1a: Larry","|-resisted|p1a: Larry","|-damage|p1a: Larry|17/267 tox","|","|-start|p1a: Larry|perish2","|-start|p2a: Azumarill|perish2","|-heal|p2a: Azumarill|118/404|[from] item: Leftovers","|-damage|p1a: Larry|0 fnt|[from] psn","|faint|p1a: Larry","|","|switch|p1a: Shell'A'Mate|Cloyster, M, shiny|241/241","|turn|6","|","|switch|p2a: Empoleon|Empoleon, F|372/372","|move|p1a: Shell'A'Mate|Shell Smash|p1a: Shell'A'Mate","|-boost|p1a: Shell'A'Mate|atk|2","|-boost|p1a: Shell'A'Mate|spa|2","|-boost|p1a: Shell'A'Mate|spe|2","|-unboost|p1a: Shell'A'Mate|def|1","|-unboost|p1a: Shell'A'Mate|spd|1","|","|turn|7","|","|switch|p1a: My Little Pony|Keldeo|323/323","|move|p2a: Empoleon|Roar|p1a: My Little Pony","|drag|p1a: Shell'A'Mate|Cloyster, M, shiny|241/241","|","|turn|8","|","|switch|p1a: My Little Pony|Keldeo|323/323","|move|p2a: Empoleon|Stealth Rock|p1a: My Little Pony","|-sidestart|p1: Mewth|move: Stealth Rock","|","|turn|9","|","|switch|p2a: Azumarill|Azumarill, F|118/404","|move|p1a: My Little Pony|Secret Sword|p2a: Azumarill","|-crit|p2a: Azumarill","|-resisted|p2a: Azumarill","|-damage|p2a: Azumarill|16/404","|","|-heal|p2a: Azumarill|41/404|[from] item: Leftovers","|turn|10","|","|move|p1a: My Little Pony|Secret Sword|p2a: Azumarill","|-resisted|p2a: Azumarill","|-damage|p2a: Azumarill|0 fnt","|faint|p2a: Azumarill","|","|","|switch|p2a: Alomomola|Alomomola, F|534/534","|turn|11","|","|move|p2a: Alomomola|Protect|p2a: Alomomola","|-singleturn|p2a: Alomomola|Protect","|move|p1a: My Little Pony|Calm Mind|p1a: My Little Pony","|-boost|p1a: My Little Pony|spa|1","|-boost|p1a: My Little Pony|spd|1","|","|turn|12","|","|move|p1a: My Little Pony|Secret Sword|p2a: Alomomola","|-damage|p2a: Alomomola|339/534","|move|p2a: Alomomola|Mirror Coat|p1a: My Little Pony","|-damage|p1a: My Little Pony|0 fnt","|faint|p1a: My Little Pony","|","|","|switch|p1a: Starships|Starmie|261/261","|-damage|p1a: Starships|229/261|[from] Stealth Rock","|turn|13","|","|switch|p2a: Empoleon|Empoleon, F|372/372","|move|p1a: Starships|Thunder|p2a: Empoleon|[miss]","|-miss|p1a: Starships|p2a: Empoleon","|","|turn|14","|","|move|p1a: Starships|Thunder|p2a: Empoleon","|-supereffective|p2a: Empoleon","|-damage|p2a: Empoleon|220/372","|move|p2a: Empoleon|Flash Cannon|p1a: Starships","|-resisted|p1a: Starships","|-damage|p1a: Starships|166/261","|","|-heal|p2a: Empoleon|243/372|[from] item: Leftovers","|turn|15","|","|move|p1a: Starships|Thunder|p2a: Empoleon","|-supereffective|p2a: Empoleon","|-damage|p2a: Empoleon|91/372","|-status|p2a: Empoleon|par","|move|p2a: Empoleon|Flash Cannon|p1a: Starships","|-resisted|p1a: Starships","|-damage|p1a: Starships|106/261","|","|-heal|p2a: Empoleon|114/372 par|[from] item: Leftovers","|turn|16","|","|move|p1a: Starships|Thunder|p2a: Empoleon|[miss]","|-miss|p1a: Starships|p2a: Empoleon","|move|p2a: Empoleon|Flash Cannon|p1a: Starships","|-crit|p1a: Starships","|-resisted|p1a: Starships","|-damage|p1a: Starships|22/261","|","|-heal|p2a: Empoleon|137/372 par|[from] item: Leftovers","|turn|17","|","|move|p1a: Starships|Thunder|p2a: Empoleon","|-supereffective|p2a: Empoleon","|-damage|p2a: Empoleon|0 fnt","|faint|p2a: Empoleon","|","|","|switch|p2a: Alomomola|Alomomola, F|517/534","|turn|18","|","|move|p1a: Starships|Thunder|p2a: Alomomola|[miss]","|-miss|p1a: Starships|p2a: Alomomola","|move|p2a: Alomomola|Wish|p2a: Alomomola","|","|turn|19","|","|move|p2a: Alomomola|Protect|p2a: Alomomola","|-singleturn|p2a: Alomomola|Protect","|move|p1a: Starships|Thunder|p2a: Alomomola","|-activate|p2a: Alomomola|Protect","|","|-heal|p2a: Alomomola|534/534|[from] move: Wish|[wisher] Alomomola","|turn|20","|","|move|p1a: Starships|Thunder|p2a: Alomomola","|-supereffective|p2a: Alomomola","|-damage|p2a: Alomomola|132/534","|-status|p2a: Alomomola|par","|move|p2a: Alomomola|Mirror Coat|p1a: Starships","|-damage|p1a: Starships|0 fnt","|faint|p1a: Starships","|","|","|switch|p1a: Bunny bae|Azumarill, F|404/404","|-damage|p1a: Bunny bae|354/404|[from] Stealth Rock","|turn|21","|","|move|p1a: Bunny bae|Belly Drum|p1a: Bunny bae","|-damage|p1a: Bunny bae|152/404","|-setboost|p1a: Bunny bae|atk|6|[from] move: Belly Drum","|-enditem|p1a: Bunny bae|Sitrus Berry|[eat]","|-heal|p1a: Bunny bae|253/404|[from] item: Sitrus Berry","|move|p2a: Alomomola|Mirror Coat|p1a: Bunny bae","|-fail|p1a: Bunny bae","|","|turn|22","|","|move|p1a: Bunny bae|Knock Off|p2a: Alomomola","|-damage|p2a: Alomomola|0 fnt","|-damage|p1a: Bunny bae|186/404|[from] item: Rocky Helmet|[of] p2a: Alomomola","|-enditem|p2a: Alomomola|Rocky Helmet|[from] move: Knock Off|[of] p1a: Bunny bae","|faint|p2a: Alomomola","|","|","|switch|p2a: Quagsire|Quagsire, F|394/394","|turn|23","|","|move|p1a: Bunny bae|Play Rough|p2a: Quagsire","|-damage|p2a: Quagsire|249/394","|move|p2a: Quagsire|Earthquake|p1a: Bunny bae","|-crit|p1a: Bunny bae","|-damage|p1a: Bunny bae|3/404","|","|-heal|p2a: Quagsire|273/394|[from] item: Leftovers","|turn|24","|","|move|p1a: Bunny bae|Knock Off|p2a: Quagsire","|-damage|p2a: Quagsire|161/394","|-enditem|p2a: Quagsire|Leftovers|[from] move: Knock Off|[of] p1a: Bunny bae","|move|p2a: Quagsire|Recover|p2a: Quagsire","|-heal|p2a: Quagsire|358/394","|","|turn|25","|","|move|p1a: Bunny bae|Play Rough|p2a: Quagsire","|-damage|p2a: Quagsire|196/394","|move|p2a: Quagsire|Recover|p2a: Quagsire","|-heal|p2a: Quagsire|393/394","|","|turn|26","|","|move|p1a: Bunny bae|Play Rough|p2a: Quagsire","|-damage|p2a: Quagsire|227/394","|move|p2a: Quagsire|Earthquake|p1a: Bunny bae","|-damage|p1a: Bunny bae|0 fnt","|faint|p1a: Bunny bae","|","|","|switch|p1a: Shark Bait|Sharpedo, M|281/281","|-damage|p1a: Shark Bait|246/281|[from] Stealth Rock","|turn|27","|","|move|p1a: Shark Bait|Protect|p1a: Shark Bait","|-singleturn|p1a: Shark Bait|Protect","|move|p2a: Quagsire|Toxic|p1a: Shark Bait","|-activate|p1a: Shark Bait|Protect","|","|-boost|p1a: Shark Bait|spe|1|[from] ability: Speed Boost","|turn|28","|","|move|p1a: Shark Bait|Waterfall|p2a: Quagsire","|-damage|p2a: Quagsire|110/394","|move|p2a: Quagsire|Earthquake|p1a: Shark Bait","|-damage|p1a: Shark Bait|44/281","|","|-boost|p1a: Shark Bait|spe|1|[from] ability: Speed Boost","|turn|29","|","|detailschange|p1a: Shark Bait|Sharpedo-Mega, M","|-mega|p1a: Shark Bait|Sharpedo|Sharpedonite","|move|p1a: Shark Bait|Crunch|p2a: Quagsire","|-damage|p2a: Quagsire|0 fnt","|faint|p2a: Quagsire","|","|","|switch|p2a: Keldeo|Keldeo|324/324","|turn|30","|","|move|p1a: Shark Bait|Waterfall|p2a: Keldeo","|-resisted|p2a: Keldeo","|-damage|p2a: Keldeo|231/324","|move|p2a: Keldeo|Secret Sword|p1a: Shark Bait","|-supereffective|p1a: Shark Bait","|-damage|p1a: Shark Bait|0 fnt","|faint|p1a: Shark Bait","|","|","|switch|p1a: Shell'A'Mate|Cloyster, M, shiny|241/241","|-damage|p1a: Shell'A'Mate|181/241|[from] Stealth Rock","|turn|31","|","|move|p2a: Keldeo|Secret Sword|p1a: Shell'A'Mate","|-supereffective|p1a: Shell'A'Mate","|-damage|p1a: Shell'A'Mate|0 fnt","|faint|p1a: Shell'A'Mate","|","|win|Hershey Bot"],"p1rating":{"entryid":7247947,"formatid":"monotype","userid":"mewth","username":"Mewth","r":1500,"rd":130,"sigma":0,"rpr":1459.8393856612,"rprd":122.8583080769,"rpsigma":0,"rptime":1438160400,"w":0,"l":1,"t":0,"gxe":45,"acre":1000,"lacre":1000,"oldacre":1000},"p2rating":{"entryid":7247948,"formatid":"monotype","userid":"hersheybot","username":"Hershey Bot","r":1500,"rd":130,"sigma":0,"rpr":1540.1606143388,"rprd":122.8583080769,"rpsigma":0,"rptime":1438160400,"w":1,"l":0,"t":0,"gxe":55,"acre":1040,"lacre":1040,"oldacre":1000},"endType":"normal"}