{"seed":[5953,58529,20092,24763],"turns":22,"p1":"Carnie Wight","p2":"GTXShinigami","p1team":[{"name":"Innocent","species":"jirachi","item":"choicescarf","ability":"Serene Grace","moves":["icepunch","healingwish","uturn","ironhead"],"nature":"Hasty","evs":{"hp":4,"atk":252,"def":0,"spa":0,"spd":0,"spe":252},"shiny":true,"ivs":{"hp":31,"atk":31,"def":31,"spa":31,"spd":31,"spe":31}},{"name":"6 hands weeee!","species":"hoopaunbound","item":"choicescarf","ability":"Magician","moves":["hyperspacehole","hyperspacefury","gunkshot","drainpunch"],"nature":"Hasty","evs":{"hp":0,"atk":252,"def":0,"spa":4,"spd":0,"spe":252},"ivs":{"hp":31,"atk":31,"def":31,"spa":31,"spd":31,"spe":31}},{"name":"Senpai","species":"gardevoir","item":"gardevoirite","ability":"Synchronize","moves":["thunderbolt","psyshock","focusblast","hypervoice"],"nature":"Timid","evs":{"hp":0,"atk":0,"def":0,"spa":252,"spd":8,"spe":248},"ivs":{"hp":31,"atk":31,"def":31,"spa":31,"spd":31,"spe":31}},{"name":"Pinky","species":"latios","item":"choicescarf","ability":"Levitate","moves":["dracometeor","psyshock","icebeam","defog"],"nature":"Modest","evs":{"hp":0,"atk":0,"def":0,"spa":252,"spd":8,"spe":248},"shiny":true,"ivs":{"hp":31,"atk":31,"def":31,"spa":31,"spd":31,"spe":31}},{"name":"Peace","species":"victini","item":"choicescarf","ability":"Victory Star","moves":["vcreate","brickbreak","boltstrike","zenheadbutt"],"nature":"Jolly","evs":{"hp":0,"atk":252,"def":0,"spa":0,"spd":4,"spe":252},"ivs":{"hp":31,"atk":31,"def":31,"spa":31,"spd":31,"spe":31}},{"name":"Celery","species":"celebi","item":"leftovers","ability":"Natural Cure","moves":["synthesis","stealthrock","psychic","energyball"],"nature":"Modest","evs":{"hp":252,"atk":0,"def":0,"spa":252,"spd":4,"spe":0},"ivs":{"hp":31,"atk":31,"def":31,"spa":31,"spd":31,"spe":31}}],"p2team":[{"name":"Avant-Garde","species":"aegislash","item":"weaknesspolicy","ability":"Stance Change","moves":["kingsshield","swordsdance","shadowsneak","sacredsword"],"nature":"Adamant","evs":{"hp":252,"atk":252,"def":4,"spa":0,"spd":0,"spe":0},"shiny":true,"ivs":{"hp":31,"atk":31,"def":31,"spa":31,"spd":31,"spe":31}},{"name":"Stalleye","species":"sableye","item":"sablenite","ability":"Prankster","moves":["taunt","dazzlinggleam","recover","willowisp"],"nature":"Bold","evs":{"hp":252,"atk":0,"def":252,"spa":0,"spd":4,"spe":0},"ivs":{"hp":31,"atk":0,"def":31,"spa":31,"spd":31,"spe":31}},{"name":"Jellicent","species":"Jellicent","item":"leftovers","ability":"Cursed Body","moves":["scald","willowisp","confuseray","recover"],"nature":"Calm","evs":{"hp":252,"atk":0,"def":0,"spa":4,"spd":252,"spe":0},"gender":"M","ivs":{"hp":31,"atk":0,"def":31,"spa":31,"spd":31,"spe":31}},{"name":"Evil-Stitch","species":"gengar","item":"focussash","ability":"Levitate","moves":["destinybond","dazzlinggleam","shadowball","toxic"],"nature":"Timid","evs":{"hp":0,"atk":0,"def":0,"spa":252,"spd":4,"spe":252},"gender":"M","ivs":{"hp":31,"atk":31,"def":31,"spa":31,"spd":31,"spe":31}},{"name":"Chandelure Bing","species":"chandelure","item":"choicescarf","ability":"Flash Fire","moves":["fireblast","shadowball","confuseray","hex"],"nature":"Timid","evs":{"hp":0,"atk":0,"def":0,"spa":252,"spd":4,"spe":252},"gender":"M","shiny":true,"ivs":{"hp":31,"atk":31,"def":31,"spa":31,"spd":31,"spe":31}},{"name":"Guardian","species":"golurk","item":"focussash","ability":"No Guard","moves":["dynamicpunch","curse","stoneedge","stealthrock"],"nature":"Adamant","evs":{"hp":248,"atk":252,"def":0,"spa":0,"spd":8,"spe":0},"shiny":true,"ivs":{"hp":31,"atk":31,"def":31,"spa":31,"spd":31,"spe":31}}],"log":["|player|p1|Carnie Wight|96","|player|p2|GTXShinigami|1","|gametype|singles","|gen|6","|tier|Monotype","|rated","|rule|Baton Pass Clause: Limit one Baton Passer, can't pass Spe and other stats simultaneously","|rule|Swagger Clause: Swagger is banned","|rule|Same Type Clause: Pokémon in a team must share a type","|clearpoke","|poke|p1|Jirachi, shiny","|poke|p1|Hoopa-Unbound","|poke|p1|Gardevoir, F","|poke|p1|Latios, M, shiny","|poke|p1|Victini","|poke|p1|Celebi","|poke|p2|Aegislash, F, shiny","|poke|p2|Sableye, F","|poke|p2|Jellicent, M","|poke|p2|Gengar, M","|poke|p2|Chandelure, M, shiny","|poke|p2|Golurk, shiny","|rule|Sleep Clause Mod: Limit one foe put to sleep","|rule|Species Clause: Limit one of each Pokémon","|rule|OHKO Clause: OHKO moves are banned","|rule|Moody Clause: Moody is banned","|rule|Evasion Moves Clause: Evasion moves are banned","|rule|Endless Battle Clause: Forcing endless battles is banned","|rule|HP Percentage Mod: HP is shown in percentages","|teampreview","|","|start","|switch|p1a: Innocent|Jirachi, shiny|342/342","|switch|p2a: Evil-Stitch|Gengar, M|261/261","|turn|1","|","|move|p1a: Innocent|Iron Head|p2a: Evil-Stitch","|-damage|p2a: Evil-Stitch|66/261","|move|p2a: Evil-Stitch|Shadow Ball|p1a: Innocent","|-crit|p1a: Innocent","|-supereffective|p1a: Innocent","|-damage|p1a: Innocent|0 fnt","|faint|p1a: Innocent","|","|","|switch|p1a: 6 hands weeee!|Hoopa-Unbound|301/301","|turn|2","|","|move|p1a: 6 hands weeee!|Hyperspace Fury|p2a: Evil-Stitch","|-supereffective|p2a: Evil-Stitch","|-damage|p2a: Evil-Stitch|0 fnt","|-unboost|p1a: 6 hands weeee!|def|1","|faint|p2a: Evil-Stitch","|","|","|switch|p2a: Stalleye|Sableye, F|304/304","|turn|3","|","|switch|p1a: Celery|Celebi|404/404","|detailschange|p2a: Stalleye|Sableye-Mega, F","|-mega|p2a: Stalleye|Sableye|Sablenite","|move|p2a: Stalleye|Dazzling Gleam|p1a: Celery","|-damage|p1a: Celery|352/404","|","|-heal|p1a: Celery|377/404|[from] item: Leftovers","|turn|4","|","|move|p1a: Celery|Stealth Rock|p2a: Stalleye","|move|p2a: Stalleye|Stealth Rock|p1a: Celery|[from]Magic Bounce","|-sidestart|p1: Carnie Wight|move: Stealth Rock","|move|p2a: Stalleye|Will-O-Wisp|p1a: Celery","|-status|p1a: Celery|brn","|","|-heal|p1a: Celery|402/404 brn|[from] item: Leftovers","|-damage|p1a: Celery|352/404 brn|[from] brn","|turn|5","|","|move|p1a: Celery|Energy Ball|p2a: Stalleye","|-damage|p2a: Stalleye|174/304","|move|p2a: Stalleye|Taunt|p1a: Celery","|-start|p1a: Celery|move: Taunt","|","|-heal|p1a: Celery|377/404 brn|[from] item: Leftovers","|-damage|p1a: Celery|327/404 brn|[from] brn","|turn|6","|","|move|p1a: Celery|Energy Ball|p2a: Stalleye","|-damage|p2a: Stalleye|33/304","|-unboost|p2a: Stalleye|spd|1","|move|p2a: Stalleye|Recover|p2a: Stalleye","|-heal|p2a: Stalleye|185/304","|","|-heal|p1a: Celery|352/404 brn|[from] item: Leftovers","|-damage|p1a: Celery|302/404 brn|[from] brn","|turn|7","|","|move|p1a: Celery|Energy Ball|p2a: Stalleye","|-crit|p2a: Stalleye","|-damage|p2a: Stalleye|0 fnt","|faint|p2a: Stalleye","|","|-heal|p1a: Celery|327/404 brn|[from] item: Leftovers","|-damage|p1a: Celery|277/404 brn|[from] brn","|","|switch|p2a: Avant-Garde|Aegislash, F, shiny|324/324","|turn|8","|","|switch|p1a: Pinky|Latios, M, shiny|301/301","|-damage|p1a: Pinky|264/301|[from] Stealth Rock","|-formechange|p2a: Avant-Garde|Aegislash-Blade","|move|p2a: Avant-Garde|Shadow Sneak|p1a: Pinky","|-supereffective|p1a: Pinky","|-damage|p1a: Pinky|70/301","|","|turn|9","|","|move|p2a: Avant-Garde|Shadow Sneak|p1a: Pinky","|-supereffective|p1a: Pinky","|-damage|p1a: Pinky|0 fnt","|faint|p1a: Pinky","|","|","|switch|p1a: Peace|Victini|341/341","|-damage|p1a: Peace|256/341|[from] Stealth Rock","|turn|10","|","|-formechange|p2a: Avant-Garde|Aegislash","|move|p2a: Avant-Garde|King's Shield|p2a: Avant-Garde","|-singleturn|p2a: Avant-Garde|Protect","|move|p1a: Peace|V-create|p2a: Avant-Garde","|-activate|p2a: Avant-Garde|Protect","|-unboost|p1a: Peace|atk|2","|","|turn|11","|","|switch|p1a: Celery|Celebi|277/404","|-damage|p1a: Celery|227/404|[from] Stealth Rock","|move|p2a: Avant-Garde|King's Shield|p2a: Avant-Garde","|-fail|p2a: Avant-Garde","|","|-heal|p1a: Celery|252/404|[from] item: Leftovers","|turn|12","|","|-formechange|p2a: Avant-Garde|Aegislash-Blade","|move|p2a: Avant-Garde|Shadow Sneak|p1a: Celery","|-supereffective|p1a: Celery","|-damage|p1a: Celery|78/404","|move|p1a: Celery|Stealth Rock|p2a: Avant-Garde","|-sidestart|p2: GTXShinigami|move: Stealth Rock","|","|-heal|p1a: Celery|103/404|[from] item: Leftovers","|turn|13","|","|move|p2a: Avant-Garde|Shadow Sneak|p1a: Celery","|-supereffective|p1a: Celery","|-damage|p1a: Celery|0 fnt","|faint|p1a: Celery","|","|","|switch|p1a: Senpai|Gardevoir, F|277/277","|-damage|p1a: Senpai|243/277|[from] Stealth Rock","|turn|14","|","|detailschange|p1a: Senpai|Gardevoir-Mega, F","|-mega|p1a: Senpai|Gardevoir|Gardevoirite","|-formechange|p2a: Avant-Garde|Aegislash","|move|p2a: Avant-Garde|King's Shield|p2a: Avant-Garde","|-singleturn|p2a: Avant-Garde|Protect","|move|p1a: Senpai|Hyper Voice|p2a: Avant-Garde","|-activate|p2a: Avant-Garde|Protect","|","|turn|15","|","|-formechange|p2a: Avant-Garde|Aegislash-Blade","|move|p2a: Avant-Garde|Shadow Sneak|p1a: Senpai","|-crit|p1a: Senpai","|-supereffective|p1a: Senpai","|-damage|p1a: Senpai|0 fnt","|faint|p1a: Senpai","|","|","|switch|p1a: Peace|Victini|256/341","|-damage|p1a: Peace|171/341|[from] Stealth Rock","|turn|16","|","|-formechange|p2a: Avant-Garde|Aegislash","|move|p2a: Avant-Garde|King's Shield|p2a: Avant-Garde","|-singleturn|p2a: Avant-Garde|Protect","|move|p1a: Peace|V-create|p2a: Avant-Garde","|-activate|p2a: Avant-Garde|Protect","|-unboost|p1a: Peace|atk|2","|","|turn|17","|","|-formechange|p2a: Avant-Garde|Aegislash-Blade","|move|p2a: Avant-Garde|Shadow Sneak|p1a: Peace","|-supereffective|p1a: Peace","|-damage|p1a: Peace|0 fnt","|faint|p1a: Peace","|","|","|switch|p1a: 6 hands weeee!|Hoopa-Unbound|301/301","|-damage|p1a: 6 hands weeee!|264/301|[from] Stealth Rock","|turn|18","|","|-formechange|p2a: Avant-Garde|Aegislash","|move|p2a: Avant-Garde|King's Shield|p2a: Avant-Garde","|-singleturn|p2a: Avant-Garde|Protect","|move|p1a: 6 hands weeee!|Hyperspace Fury|p2a: Avant-Garde","|-supereffective|p2a: Avant-Garde","|-damage|p2a: Avant-Garde|28/324","|-enditem|p2a: Avant-Garde|Weakness Policy","|-boost|p2a: Avant-Garde|atk|2|[from] item: Weakness Policy","|-boost|p2a: Avant-Garde|spa|2|[from] item: Weakness Policy","|-unboost|p1a: 6 hands weeee!|def|1","|","|turn|19","|","|move|p1a: 6 hands weeee!|Hyperspace Fury|p2a: Avant-Garde","|-supereffective|p2a: Avant-Garde","|-damage|p2a: Avant-Garde|0 fnt","|-unboost|p1a: 6 hands weeee!|def|1","|faint|p2a: Avant-Garde","|","|","|switch|p2a: Guardian|Golurk, shiny|381/381","|-damage|p2a: Guardian|358/381|[from] Stealth Rock","|turn|20","|","|move|p1a: 6 hands weeee!|Hyperspace Fury|p2a: Guardian","|-supereffective|p2a: Guardian","|-damage|p2a: Guardian|0 fnt","|-unboost|p1a: 6 hands weeee!|def|1","|faint|p2a: Guardian","|","|","|switch|p2a: Chandelure Bing|Chandelure, M, shiny|261/261","|-damage|p2a: Chandelure Bing|196/261|[from] Stealth Rock","|turn|21","|","|move|p2a: Chandelure Bing|Confuse Ray|p1a: 6 hands weeee!","|-start|p1a: 6 hands weeee!|confusion","|-activate|p1a: 6 hands weeee!|confusion","|move|p1a: 6 hands weeee!|Hyperspace Fury|p2a: Chandelure Bing","|-supereffective|p2a: Chandelure Bing","|-damage|p2a: Chandelure Bing|0 fnt","|-unboost|p1a: 6 hands weeee!|def|1","|faint|p2a: Chandelure Bing","|","|","|switch|p2a: Jellicent|Jellicent, M|404/404","|-damage|p2a: Jellicent|354/404|[from] Stealth Rock","|turn|22","|","|-activate|p1a: 6 hands weeee!|confusion","|move|p1a: 6 hands weeee!|Hyperspace Fury|p2a: Jellicent","|-supereffective|p2a: Jellicent","|-damage|p2a: Jellicent|0 fnt","|-start|p1a: 6 hands weeee!|Disable|Hyperspace Fury","|-unboost|p1a: 6 hands weeee!|def|1","|faint|p2a: Jellicent","|","|win|Carnie Wight"],"p1rating":{"entryid":"6265736","serverid":"eos","formatid":"monotype","userid":"carniewight","username":"Carnie Wight","w":43,"l":"36","t":"0","gxe":54.8,"r":"1520.448627408","rd":"47.765498577714","sigma":"0","rptime":"1438160400","rpr":1536.2730651714,"rprd":46.674315216103,"rpsigma":"0","acre":1197.9525993585,"lacre":1197.9525993585,"oldacre":"1185.1421223332"},"p2rating":{"entryid":"7117851","serverid":"eos","formatid":"monotype","userid":"gtxshinigami","username":"GTX▽Shinigami","w":"1","l":14,"t":"0","gxe":22.6,"r":"1277.598009507","rd":"83.363656164758","sigma":"0","rptime":"1438160400","rpr":1262.0990610382,"rprd":80.537093632897,"rpsigma":"0","acre":1000,"lacre":1000,"oldacre":"1000"},"endType":"normal"}