{"seed":[27932,13765,8465,19823],"turns":30,"p1":"Wаrden Arguѕ","p2":"Alliance - Asurax","p1team":[{"name":"Sableye","species":"Sableye","item":"leftovers","ability":"Prankster","moves":["knockoff","willowisp","recover","taunt"],"nature":"Bold","evs":{"hp":228,"atk":0,"def":252,"spa":0,"spd":0,"spe":28},"gender":"M","ivs":{"hp":31,"atk":0,"def":31,"spa":31,"spd":31,"spe":31}},{"name":"Aegislash","species":"Aegislash","item":"weaknesspolicy","ability":"Stance Change","moves":["kingsshield","sacredsword","shadowball","shadowsneak"],"nature":"Lonely","evs":{"hp":0,"atk":252,"def":0,"spa":240,"spd":0,"spe":16},"gender":"M","shiny":true,"ivs":{"hp":31,"atk":31,"def":31,"spa":31,"spd":31,"spe":31}},{"name":"Jellicent","species":"Jellicent","item":"leftovers","ability":"Cursed Body","moves":["toxic","scald","recover","acidarmor"],"nature":"Calm","evs":{"hp":252,"atk":0,"def":0,"spa":0,"spd":252,"spe":4},"gender":"M","ivs":{"hp":31,"atk":0,"def":31,"spa":31,"spd":31,"spe":31},"shiny":true},{"name":"Golurk","species":"Golurk","item":"focussash","ability":"No Guard","moves":["stealthrock","stoneedge","dynamicpunch","curse"],"nature":"Adamant","evs":{"hp":0,"atk":252,"def":0,"spa":0,"spd":4,"spe":252},"shiny":true,"ivs":{"hp":31,"atk":31,"def":31,"spa":31,"spd":31,"spe":31}},{"name":"Chandelure","species":"Chandelure","item":"choicescarf","ability":"Infiltrator","moves":["flamethrower","shadowball","energyball","trick"],"nature":"Modest","evs":{"hp":0,"atk":0,"def":0,"spa":252,"spd":4,"spe":252},"gender":"F","ivs":{"hp":31,"atk":0,"def":31,"spa":31,"spd":31,"spe":31}},{"name":"Gengar","species":"Gengar","item":"focussash","ability":"Levitate","moves":["destinybond","sludgebomb","shadowball","energyball"],"nature":"Timid","evs":{"hp":0,"atk":0,"def":0,"spa":252,"spd":4,"spe":252},"gender":"F","ivs":{"hp":31,"atk":0,"def":31,"spa":31,"spd":31,"spe":31},"shiny":true}],"p2team":[{"name":"Smeargle","species":"Smeargle","item":"focussash","ability":"Own Tempo","moves":["kingsshield","spore","stickyweb","stealthrock"],"nature":"Timid","evs":{"hp":248,"atk":0,"def":0,"spa":0,"spd":8,"spe":252},"ivs":{"hp":31,"atk":31,"def":31,"spa":31,"spd":31,"spe":31}},{"name":"Diggersby","species":"Diggersby","item":"choiceband","ability":"Huge Power","moves":["earthquake","frustration","quickattack","knockoff"],"nature":"Adamant","evs":{"hp":0,"atk":252,"def":4,"spa":0,"spd":0,"spe":252},"happiness":0,"ivs":{"hp":31,"atk":31,"def":31,"spa":31,"spd":31,"spe":31}},{"name":"Staraptor","species":"Staraptor","item":"choicescarf","ability":"Reckless","moves":["bravebird","doubleedge","uturn","closecombat"],"nature":"Jolly","evs":{"hp":0,"atk":252,"def":0,"spa":0,"spd":4,"spe":252},"ivs":{"hp":31,"atk":31,"def":31,"spa":31,"spd":31,"spe":31}},{"name":"Pidgeot","species":"Pidgeot","item":"pidgeotite","ability":"Keen Eye","moves":["hurricane","heatwave","substitute","roost"],"nature":"Timid","evs":{"hp":0,"atk":0,"def":0,"spa":252,"spd":4,"spe":252},"ivs":{"hp":31,"atk":31,"def":31,"spa":31,"spd":31,"spe":31}},{"name":"Chansey","species":"Chansey","item":"eviolite","ability":"Natural Cure","moves":["wish","protect","seismictoss","thunderwave"],"nature":"Bold","evs":{"hp":4,"atk":0,"def":248,"spa":0,"spd":4,"spe":0},"ivs":{"hp":31,"atk":31,"def":31,"spa":31,"spd":31,"spe":31}},{"name":"Meloetta","species":"Meloetta","item":"assaultvest","ability":"Serene Grace","moves":["chargebeam","psyshock","focusblast","shadowball"],"nature":"Modest","evs":{"hp":248,"atk":0,"def":0,"spa":252,"spd":8,"spe":0},"ivs":{"hp":31,"atk":31,"def":31,"spa":31,"spd":31,"spe":31}}],"log":["|player|p1|Wаrden Arguѕ|argus2spooky.png","|player|p2|Alliance - Asurax|allianceasurax.png","|gametype|singles","|gen|6","|tier|Monotype","|rated","|rule|Baton Pass Clause: Limit one Baton Passer, can't pass Spe and other stats simultaneously","|rule|Swagger Clause: Swagger is banned","|rule|Same Type Clause: Pokémon in a team must share a type","|clearpoke","|poke|p1|Sableye, M","|poke|p1|Aegislash, M, shiny","|poke|p1|Jellicent, M, shiny","|poke|p1|Golurk, shiny","|poke|p1|Chandelure, F","|poke|p1|Gengar, F, shiny","|poke|p2|Smeargle, M","|poke|p2|Diggersby, M","|poke|p2|Staraptor, M","|poke|p2|Pidgeot, F","|poke|p2|Chansey, F","|poke|p2|Meloetta","|rule|Sleep Clause Mod: Limit one foe put to sleep","|rule|Species Clause: Limit one of each Pokémon","|rule|OHKO Clause: OHKO moves are banned","|rule|Moody Clause: Moody is banned","|rule|Evasion Moves Clause: Evasion moves are banned","|rule|Endless Battle Clause: Forcing endless battles is banned","|rule|HP Percentage Mod: HP is shown in percentages","|teampreview","|","|start","|switch|p1a: Golurk|Golurk, shiny|319/319","|switch|p2a: Smeargle|Smeargle, M|313/313","|turn|1","|","|switch|p1a: Gengar|Gengar, F, shiny|261/261","|move|p2a: Smeargle|Spore|p1a: Gengar","|-status|p1a: Gengar|slp","|","|turn|2","|","|switch|p1a: Golurk|Golurk, shiny|319/319","|move|p2a: Smeargle|Stealth Rock|p1a: Golurk","|-sidestart|p1: Wаrden Arguѕ|move: Stealth Rock","|","|turn|3","|","|move|p2a: Smeargle|Sticky Web|p1a: Golurk","|-sidestart|p1: Wаrden Arguѕ|move: Sticky Web","|move|p1a: Golurk|Dynamic Punch|p2a: Smeargle","|-supereffective|p2a: Smeargle","|-enditem|p2a: Smeargle|Focus Sash","|-damage|p2a: Smeargle|1/313","|-immune|p2a: Smeargle|confusion","|","|turn|4","|","|move|p2a: Smeargle|King's Shield|p2a: Smeargle","|-singleturn|p2a: Smeargle|Protect","|move|p1a: Golurk|Stealth Rock|p2a: Smeargle","|-sidestart|p2: Alliance - Asurax|move: Stealth Rock","|","|turn|5","|","|move|p2a: Smeargle|King's Shield|p2a: Smeargle","|-fail|p2a: Smeargle","|move|p1a: Golurk|Stone Edge|p2a: Smeargle","|-damage|p2a: Smeargle|0 fnt","|faint|p2a: Smeargle","|","|","|switch|p2a: Pidgeot|Pidgeot, F|307/307","|-damage|p2a: Pidgeot|231/307|[from] Stealth Rock","|turn|6","|","|detailschange|p2a: Pidgeot|Pidgeot-Mega, F","|-mega|p2a: Pidgeot|Pidgeot|Pidgeotite","|move|p2a: Pidgeot|Hurricane|p1a: Golurk","|-damage|p1a: Golurk|76/319","|move|p1a: Golurk|Stone Edge|p2a: Pidgeot","|-crit|p2a: Pidgeot","|-supereffective|p2a: Pidgeot","|-damage|p2a: Pidgeot|0 fnt","|faint|p2a: Pidgeot","|","|","|switch|p2a: Meloetta|Meloetta|403/403","|-damage|p2a: Meloetta|353/403|[from] Stealth Rock","|turn|7","|","|switch|p1a: Gengar|Gengar, F, shiny|261/261 slp","|-damage|p1a: Gengar|229/261 slp|[from] Stealth Rock","|move|p2a: Meloetta|Shadow Ball|p1a: Gengar","|-supereffective|p1a: Gengar","|-damage|p1a: Gengar|0 fnt","|faint|p1a: Gengar","|","|","|switch|p1a: Jellicent|Jellicent, M, shiny|404/404","|-damage|p1a: Jellicent|354/404|[from] Stealth Rock","|-activate|p1a: Jellicent|move: Sticky Web","|-unboost|p1a: Jellicent|spe|1","|turn|8","|","|switch|p2a: Chansey|Chansey, F|642/642","|-damage|p2a: Chansey|562/642|[from] Stealth Rock","|move|p1a: Jellicent|Toxic|p2a: Chansey","|-status|p2a: Chansey|tox","|","|-heal|p1a: Jellicent|379/404|[from] item: Leftovers","|-damage|p2a: Chansey|522/642 tox|[from] psn","|turn|9","|","|switch|p1a: Golurk|Golurk, shiny|76/319","|-activate|p1a: Golurk|move: Sticky Web","|-unboost|p1a: Golurk|spe|1","|-damage|p1a: Golurk|57/319|[from] Stealth Rock","|move|p2a: Chansey|Wish|p2a: Chansey","|","|-damage|p2a: Chansey|442/642 tox|[from] psn","|turn|10","|","|switch|p2a: Meloetta|Meloetta|353/403","|-damage|p2a: Meloetta|303/403|[from] Stealth Rock","|move|p1a: Golurk|Stone Edge|p2a: Meloetta","|-crit|p2a: Meloetta","|-damage|p2a: Meloetta|84/403","|","|-heal|p2a: Meloetta|403/403|[from] move: Wish|[wisher] Chansey","|turn|11","|","|switch|p1a: Jellicent|Jellicent, M, shiny|379/404","|-damage|p1a: Jellicent|329/404|[from] Stealth Rock","|-activate|p1a: Jellicent|move: Sticky Web","|-unboost|p1a: Jellicent|spe|1","|move|p2a: Meloetta|Shadow Ball|p1a: Jellicent","|-supereffective|p1a: Jellicent","|-damage|p1a: Jellicent|187/404","|-start|p2a: Meloetta|Disable|Shadow Ball","|","|-heal|p1a: Jellicent|212/404|[from] item: Leftovers","|turn|12","|","|switch|p2a: Chansey|Chansey, F|442/642","|-damage|p2a: Chansey|362/642|[from] Stealth Rock","|move|p1a: Jellicent|Acid Armor|p1a: Jellicent","|-boost|p1a: Jellicent|def|2","|","|-heal|p1a: Jellicent|237/404|[from] item: Leftovers","|turn|13","|","|move|p2a: Chansey|Wish|p2a: Chansey","|move|p1a: Jellicent|Toxic|p2a: Chansey","|-status|p2a: Chansey|tox","|","|-heal|p1a: Jellicent|262/404|[from] item: Leftovers","|-damage|p2a: Chansey|322/642 tox|[from] psn","|turn|14","|","|switch|p2a: Meloetta|Meloetta|403/403","|-damage|p2a: Meloetta|353/403|[from] Stealth Rock","|move|p1a: Jellicent|Toxic|p2a: Meloetta|[miss]","|-miss|p1a: Jellicent|p2a: Meloetta","|","|-heal|p2a: Meloetta|403/403|[from] move: Wish|[wisher] Chansey","|-heal|p1a: Jellicent|287/404|[from] item: Leftovers","|turn|15","|","|switch|p2a: Diggersby|Diggersby, M|311/311","|-damage|p2a: Diggersby|292/311|[from] Stealth Rock","|move|p1a: Jellicent|Recover|p1a: Jellicent","|-heal|p1a: Jellicent|404/404","|","|turn|16","|","|move|p2a: Diggersby|Knock Off|p1a: Jellicent","|-supereffective|p1a: Jellicent","|-damage|p1a: Jellicent|108/404","|-enditem|p1a: Jellicent|Leftovers|[from] move: Knock Off|[of] p2a: Diggersby","|move|p1a: Jellicent|Scald|p2a: Diggersby","|-supereffective|p2a: Diggersby","|-damage|p2a: Diggersby|82/311","|","|turn|17","|","|move|p2a: Diggersby|Knock Off|p1a: Jellicent","|-supereffective|p1a: Jellicent","|-damage|p1a: Jellicent|0 fnt","|faint|p1a: Jellicent","|","|","|switch|p1a: Sableye|Sableye, M|298/298","|-activate|p1a: Sableye|move: Sticky Web","|-unboost|p1a: Sableye|spe|1","|-damage|p1a: Sableye|261/298|[from] Stealth Rock","|turn|18","|","|switch|p2a: Chansey|Chansey, F|322/642","|-damage|p2a: Chansey|242/642|[from] Stealth Rock","|move|p1a: Sableye|Knock Off|p2a: Chansey","|-damage|p2a: Chansey|151/642","|-enditem|p2a: Chansey|Eviolite|[from] move: Knock Off|[of] p1a: Sableye","|","|-heal|p1a: Sableye|279/298|[from] item: Leftovers","|turn|19","|","|move|p1a: Sableye|Taunt|p2a: Chansey","|-start|p2a: Chansey|move: Taunt","|cant|p2a: Chansey|move: Taunt|Wish","|","|-heal|p1a: Sableye|297/298|[from] item: Leftovers","|turn|20","|","|move|p1a: Sableye|Will-O-Wisp|p2a: Chansey","|-status|p2a: Chansey|brn","|move|p2a: Chansey|Seismic Toss|p1a: Sableye","|-immune|p1a: Sableye|[msg]","|","|-heal|p1a: Sableye|298/298|[from] item: Leftovers","|-damage|p2a: Chansey|71/642 brn|[from] brn","|turn|21","|","|move|p2a: Chansey|Seismic Toss|p1a: Sableye","|-immune|p1a: Sableye|[msg]","|move|p1a: Sableye|Knock Off|p2a: Chansey","|-damage|p2a: Chansey|0 fnt","|faint|p2a: Chansey","|","|","|switch|p2a: Meloetta|Meloetta|403/403","|-damage|p2a: Meloetta|353/403|[from] Stealth Rock","|turn|22","|","|switch|p1a: Golurk|Golurk, shiny|57/319","|-activate|p1a: Golurk|move: Sticky Web","|-unboost|p1a: Golurk|spe|1","|-damage|p1a: Golurk|38/319|[from] Stealth Rock","|move|p2a: Meloetta|Charge Beam|p1a: Golurk","|-immune|p1a: Golurk|[msg]","|","|turn|23","|","|move|p2a: Meloetta|Shadow Ball|p1a: Golurk","|-crit|p1a: Golurk","|-supereffective|p1a: Golurk","|-damage|p1a: Golurk|0 fnt","|faint|p1a: Golurk","|","|","|switch|p1a: Chandelure|Chandelure, F|261/261","|-damage|p1a: Chandelure|196/261|[from] Stealth Rock","|-activate|p1a: Chandelure|move: Sticky Web","|-unboost|p1a: Chandelure|spe|1","|turn|24","|","|move|p1a: Chandelure|Flamethrower|p2a: Meloetta","|-damage|p2a: Meloetta|241/403","|move|p2a: Meloetta|Shadow Ball|p1a: Chandelure","|-supereffective|p1a: Chandelure","|-damage|p1a: Chandelure|0 fnt","|faint|p1a: Chandelure","|","|","|switch|p1a: Aegislash|Aegislash, M, shiny|261/261","|-activate|p1a: Aegislash|move: Sticky Web","|-unboost|p1a: Aegislash|spe|1","|-damage|p1a: Aegislash|245/261|[from] Stealth Rock","|turn|25","|","|switch|p2a: Staraptor|Staraptor, M|311/311","|-damage|p2a: Staraptor|234/311|[from] Stealth Rock","|-formechange|p1a: Aegislash|Aegislash-Blade","|move|p1a: Aegislash|Sacred Sword|p2a: Staraptor","|-damage|p2a: Staraptor|73/311","|","|turn|26","|","|switch|p2a: Diggersby|Diggersby, M|82/311","|-damage|p2a: Diggersby|63/311|[from] Stealth Rock","|-formechange|p1a: Aegislash|Aegislash","|move|p1a: Aegislash|King's Shield|p1a: Aegislash","|-fail|p1a: Aegislash","|","|turn|27","|","|move|p2a: Diggersby|Earthquake|p1a: Aegislash","|-crit|p1a: Aegislash","|-supereffective|p1a: Aegislash","|-damage|p1a: Aegislash|0 fnt","|faint|p1a: Aegislash","|","|","|switch|p1a: Sableye|Sableye, M|298/298","|-activate|p1a: Sableye|move: Sticky Web","|-unboost|p1a: Sableye|spe|1","|-damage|p1a: Sableye|261/298|[from] Stealth Rock","|turn|28","|","|move|p1a: Sableye|Will-O-Wisp|p2a: Diggersby","|-status|p2a: Diggersby|brn","|move|p2a: Diggersby|Earthquake|p1a: Sableye","|-damage|p1a: Sableye|121/298","|","|-heal|p1a: Sableye|139/298|[from] item: Leftovers","|-damage|p2a: Diggersby|25/311 brn|[from] brn","|turn|29","|","|move|p1a: Sableye|Recover|p1a: Sableye","|-heal|p1a: Sableye|288/298","|move|p2a: Diggersby|Earthquake|p1a: Sableye","|-damage|p1a: Sableye|133/298","|","|-heal|p1a: Sableye|151/298|[from] item: Leftovers","|-damage|p2a: Diggersby|0 fnt|[from] brn","|faint|p2a: Diggersby","|","|switch|p2a: Meloetta|Meloetta|241/403","|-damage|p2a: Meloetta|191/403|[from] Stealth Rock","|turn|30","|","|move|p2a: Meloetta|Shadow Ball|p1a: Sableye","|-damage|p1a: Sableye|0 fnt","|faint|p1a: Sableye","|","|win|Alliance - Asurax"],"p1rating":{"entryid":"7252450","serverid":"eos","formatid":"monotype","userid":"wrdenargu","username":"Wаrden Arguѕ","w":"10","l":2,"t":"0","gxe":69.5,"r":"1500","rd":"130","sigma":"0","rptime":"1438160400","rpr":1659.0241149415,"rprd":82.396843188998,"rpsigma":"0","acre":1224.722803901,"lacre":1224.722803901,"oldacre":"1237.1678704669"},"p2rating":{"entryid":"6516367","serverid":"eos","formatid":"monotype","userid":"allianceasurax","username":"Alliance - Asurax","w":73,"l":"28","t":"0","gxe":73.4,"r":"1690.2414321764","rd":"41.67607173076","sigma":"0","rptime":"1438160400","rpr":1692.0883454468,"rprd":40.918566322705,"rpsigma":"0","acre":1438.9918327743,"lacre":1438.9918327743,"oldacre":"1429.0357795216"},"endType":"normal"}