{"seed":[59998,57944,27824,15820],"turns":42,"p1":"Lotus ۩ MastaX","p2":"xDomri","p1team":[{"name":"F-Zero","species":"skarmory","item":"leftovers","ability":"Sturdy","moves":["toxic","spikes","roost","whirlwind"],"nature":"Bold","evs":{"hp":252,"atk":0,"def":232,"spa":0,"spd":0,"spe":24},"ivs":{"hp":31,"atk":31,"def":31,"spa":31,"spd":31,"spe":31}},{"name":"Virsachi (x3)","species":"jirachi","item":"leftovers","ability":"Serene Grace","moves":["thunder","ironhead","wish","substitute"],"nature":"Gentle","evs":{"hp":252,"atk":0,"def":0,"spa":0,"spd":224,"spe":32},"ivs":{"hp":31,"atk":31,"def":31,"spa":31,"spd":31,"spe":31}},{"name":"Tritos","species":"empoleon","item":"airballoon","ability":"Torrent","moves":["yawn","scald","stealthrock","icebeam"],"nature":"Calm","evs":{"hp":248,"atk":0,"def":0,"spa":8,"spd":252,"spe":0},"ivs":{"hp":31,"atk":31,"def":31,"spa":31,"spd":31,"spe":31}},{"name":"Pinchme","species":"scizor","item":"scizorite","ability":"Technician","moves":["bulletpunch","uturn","knockoff","roost"],"nature":"Impish","evs":{"hp":248,"atk":8,"def":252,"spa":0,"spd":0,"spe":0},"ivs":{"hp":31,"atk":31,"def":31,"spa":31,"spd":31,"spe":31}},{"name":"FairyEater","species":"heatran","item":"leftovers","ability":"Flash Fire","moves":["protect","taunt","earthpower","lavaplume"],"nature":"Calm","evs":{"hp":252,"atk":0,"def":0,"spa":4,"spd":252,"spe":0},"ivs":{"hp":31,"atk":31,"def":31,"spa":31,"spd":31,"spe":31}},{"name":"Grope Me","species":"ferrothorn","item":"leftovers","ability":"Iron Barbs","moves":["leechseed","protect","powerwhip","gyroball"],"nature":"Relaxed","evs":{"hp":252,"atk":4,"def":252,"spa":0,"spd":0,"spe":0},"ivs":{"hp":31,"atk":31,"def":31,"spa":31,"spd":31,"spe":0}}],"p2team":[{"name":"Breloom","species":"Breloom","item":"focussash","ability":"Technician","moves":["bulletseed","machpunch","spore","rocktomb"],"nature":"Jolly","evs":{"hp":0,"atk":252,"def":0,"spa":0,"spd":4,"spe":252},"ivs":{"hp":31,"atk":31,"def":31,"spa":31,"spd":31,"spe":31}},{"name":"Gallade","species":"Gallade","item":"galladite","ability":"Justified","moves":["swordsdance","drainpunch","shadowsneak","knockoff"],"nature":"Jolly","evs":{"hp":0,"atk":252,"def":4,"spa":0,"spd":0,"spe":252},"ivs":{"hp":31,"atk":31,"def":31,"spa":31,"spd":31,"spe":31}},{"name":"Conkeldurr","species":"Conkeldurr","item":"assaultvest","ability":"Guts","moves":["drainpunch","knockoff","machpunch","icepunch"],"nature":"Adamant","evs":{"hp":248,"atk":252,"def":0,"spa":0,"spd":8,"spe":0},"ivs":{"hp":31,"atk":31,"def":31,"spa":31,"spd":31,"spe":31}},{"name":"Keldeo","species":"Keldeo","item":"leftovers","ability":"Justified","moves":["secretsword","scald","calmmind","substitute"],"nature":"Timid","evs":{"hp":0,"atk":0,"def":0,"spa":252,"spd":4,"spe":252},"ivs":{"hp":31,"atk":30,"def":31,"spa":30,"spd":31,"spe":30}},{"name":"Cobalion","species":"Cobalion","item":"leftovers","ability":"Justified","moves":["stealthrock","voltswitch","flashcannon","thunderwave"],"nature":"Bold","evs":{"hp":252,"atk":0,"def":252,"spa":0,"spd":4,"spe":0},"ivs":{"hp":31,"atk":0,"def":31,"spa":31,"spd":31,"spe":31}},{"name":"Terrakion","species":"Terrakion","item":"choicescarf","ability":"Justified","moves":["stoneedge","closecombat","earthquake","ironhead"],"nature":"Jolly","evs":{"hp":0,"atk":252,"def":0,"spa":0,"spd":4,"spe":252},"ivs":{"hp":31,"atk":31,"def":31,"spa":31,"spd":31,"spe":31}}],"log":["|player|p1|Lotus ۩ MastaX|lotusmastax.gif","|player|p2|xDomri|180","|gametype|singles","|gen|6","|tier|Monotype","|rated","|rule|Baton Pass Clause: Limit one Baton Passer, can't pass Spe and other stats simultaneously","|rule|Swagger Clause: Swagger is banned","|rule|Same Type Clause: Pokémon in a team must share a type","|clearpoke","|poke|p1|Skarmory, M","|poke|p1|Jirachi","|poke|p1|Empoleon, F","|poke|p1|Scizor, M","|poke|p1|Heatran, F","|poke|p1|Ferrothorn, F","|poke|p2|Breloom, M","|poke|p2|Gallade, M","|poke|p2|Conkeldurr, M","|poke|p2|Keldeo","|poke|p2|Cobalion","|poke|p2|Terrakion","|rule|Sleep Clause Mod: Limit one foe put to sleep","|rule|Species Clause: Limit one of each Pokémon","|rule|OHKO Clause: OHKO moves are banned","|rule|Moody Clause: Moody is banned","|rule|Evasion Moves Clause: Evasion moves are banned","|rule|Endless Battle Clause: Forcing endless battles is banned","|rule|HP Percentage Mod: HP is shown in percentages","|teampreview","|","|start","|switch|p1a: FairyEater|Heatran, F|386/386","|switch|p2a: Keldeo|Keldeo|323/323","|turn|1","|","|move|p1a: FairyEater|Protect|p1a: FairyEater","|-singleturn|p1a: FairyEater|Protect","|move|p2a: Keldeo|Substitute|p2a: Keldeo","|-start|p2a: Keldeo|Substitute","|-damage|p2a: Keldeo|243/323","|","|-heal|p2a: Keldeo|263/323|[from] item: Leftovers","|turn|2","|","|switch|p1a: Virsachi (x3)|Jirachi|404/404","|move|p2a: Keldeo|Calm Mind|p2a: Keldeo","|-boost|p2a: Keldeo|spa|1","|-boost|p2a: Keldeo|spd|1","|","|-heal|p2a: Keldeo|283/323|[from] item: Leftovers","|turn|3","|","|move|p2a: Keldeo|Scald|p1a: Virsachi (x3)","|-damage|p1a: Virsachi (x3)|239/404","|move|p1a: Virsachi (x3)|Thunder|p2a: Keldeo","|-supereffective|p2a: Keldeo","|-end|p2a: Keldeo|Substitute","|","|-heal|p2a: Keldeo|303/323|[from] item: Leftovers","|-heal|p1a: Virsachi (x3)|264/404|[from] item: Leftovers","|turn|4","|","|switch|p2a: Conkeldurr|Conkeldurr, M|413/413","|move|p1a: Virsachi (x3)|Thunder|p2a: Conkeldurr|[miss]","|-miss|p1a: Virsachi (x3)|p2a: Conkeldurr","|","|-heal|p1a: Virsachi (x3)|289/404|[from] item: Leftovers","|turn|5","|","|move|p1a: Virsachi (x3)|Thunder|p2a: Conkeldurr","|-damage|p2a: Conkeldurr|338/413","|-status|p2a: Conkeldurr|par","|move|p2a: Conkeldurr|Knock Off|p1a: Virsachi (x3)","|-supereffective|p1a: Virsachi (x3)","|-damage|p1a: Virsachi (x3)|0 fnt","|-enditem|p1a: Virsachi (x3)|Leftovers|[from] move: Knock Off|[of] p2a: Conkeldurr","|faint|p1a: Virsachi (x3)","|","|","|switch|p1a: Pinchme|Scizor, M|343/343","|turn|6","|","|detailschange|p1a: Pinchme|Scizor-Mega, M","|-mega|p1a: Pinchme|Scizor|Scizorite","|move|p1a: Pinchme|Knock Off|p2a: Conkeldurr","|-resisted|p2a: Conkeldurr","|-damage|p2a: Conkeldurr|284/413 par","|-enditem|p2a: Conkeldurr|Assault Vest|[from] move: Knock Off|[of] p1a: Pinchme","|cant|p2a: Conkeldurr|par","|","|turn|7","|","|move|p1a: Pinchme|Bullet Punch|p2a: Conkeldurr","|-damage|p2a: Conkeldurr|175/413 par","|cant|p2a: Conkeldurr|par","|","|turn|8","|","|move|p1a: Pinchme|Bullet Punch|p2a: Conkeldurr","|-damage|p2a: Conkeldurr|61/413 par","|cant|p2a: Conkeldurr|par","|","|turn|9","|","|move|p1a: Pinchme|Bullet Punch|p2a: Conkeldurr","|-damage|p2a: Conkeldurr|0 fnt","|faint|p2a: Conkeldurr","|","|","|switch|p2a: Gallade|Gallade, M|277/277","|turn|10","|","|detailschange|p2a: Gallade|Gallade-Mega, M","|-mega|p2a: Gallade|Gallade|Galladite","|move|p2a: Gallade|Swords Dance|p2a: Gallade","|-boost|p2a: Gallade|atk|2","|move|p1a: Pinchme|U-turn|p2a: Gallade","|-damage|p2a: Gallade|147/277","|","|switch|p1a: F-Zero|Skarmory, M|334/334","|","|turn|11","|","|move|p2a: Gallade|Drain Punch|p1a: F-Zero","|-damage|p1a: F-Zero|163/334","|-heal|p2a: Gallade|233/277|[from] drain|[of] p1a: F-Zero","|move|p1a: F-Zero|Toxic|p2a: Gallade","|-status|p2a: Gallade|tox","|","|-heal|p1a: F-Zero|183/334|[from] item: Leftovers","|-damage|p2a: Gallade|216/277 tox|[from] psn","|turn|12","|","|switch|p1a: Pinchme|Scizor-Mega, M|343/343","|move|p2a: Gallade|Knock Off|p1a: Pinchme","|-damage|p1a: Pinchme|237/343","|","|-damage|p2a: Gallade|182/277 tox|[from] psn","|turn|13","|","|move|p2a: Gallade|Drain Punch|p1a: Pinchme","|-damage|p1a: Pinchme|69/343","|-heal|p2a: Gallade|266/277 tox|[from] drain|[of] p1a: Pinchme","|move|p1a: Pinchme|Roost|p1a: Pinchme","|-heal|p1a: Pinchme|241/343","|","|-damage|p2a: Gallade|215/277 tox|[from] psn","|turn|14","|","|switch|p2a: Cobalion|Cobalion|386/386","|move|p1a: Pinchme|Roost|p1a: Pinchme","|-heal|p1a: Pinchme|343/343","|","|turn|15","|","|switch|p1a: F-Zero|Skarmory, M|183/334","|move|p2a: Cobalion|Thunder Wave|p1a: F-Zero","|-status|p1a: F-Zero|par","|","|-heal|p1a: F-Zero|203/334 par|[from] item: Leftovers","|turn|16","|","|move|p2a: Cobalion|Volt Switch|p1a: F-Zero","|-supereffective|p1a: F-Zero","|-damage|p1a: F-Zero|59/334 par","|","|switch|p2a: Breloom|Breloom, M|261/261","|move|p1a: F-Zero|Spikes|p2a: Breloom","|-sidestart|p2: xDomri|Spikes","|","|-heal|p1a: F-Zero|79/334 par|[from] item: Leftovers","|turn|17","|","|move|p2a: Breloom|Rock Tomb|p1a: F-Zero","|-damage|p1a: F-Zero|13/334 par","|-unboost|p1a: F-Zero|spe|1","|move|p1a: F-Zero|Toxic|p2a: Breloom","|-status|p2a: Breloom|tox","|","|-heal|p1a: F-Zero|33/334 par|[from] item: Leftovers","|-damage|p2a: Breloom|245/261 tox|[from] psn","|turn|18","|","|switch|p1a: Grope Me|Ferrothorn, F|352/352","|move|p2a: Breloom|Rock Tomb|p1a: Grope Me","|-resisted|p1a: Grope Me","|-damage|p1a: Grope Me|320/352","|-unboost|p1a: Grope Me|spe|1","|","|-heal|p1a: Grope Me|342/352|[from] item: Leftovers","|-damage|p2a: Breloom|213/261 tox|[from] psn","|turn|19","|","|move|p1a: Grope Me|Protect|p1a: Grope Me","|-singleturn|p1a: Grope Me|Protect","|move|p2a: Breloom|Mach Punch|p1a: Grope Me","|-activate|p1a: Grope Me|Protect","|","|-heal|p1a: Grope Me|352/352|[from] item: Leftovers","|-damage|p2a: Breloom|165/261 tox|[from] psn","|turn|20","|","|switch|p2a: Cobalion|Cobalion|386/386","|-damage|p2a: Cobalion|338/386|[from] Spikes","|move|p1a: Grope Me|Gyro Ball|p2a: Cobalion","|-resisted|p2a: Cobalion","|-damage|p2a: Cobalion|292/386","|","|-heal|p2a: Cobalion|316/386|[from] item: Leftovers","|turn|21","|","|move|p2a: Cobalion|Stealth Rock|p1a: Grope Me","|-sidestart|p1: Lotus ۩ MastaX|move: Stealth Rock","|move|p1a: Grope Me|Leech Seed|p2a: Cobalion","|-start|p2a: Cobalion|move: Leech Seed","|","|-heal|p2a: Cobalion|340/386|[from] item: Leftovers","|-damage|p2a: Cobalion|292/386|[from] Leech Seed|[of] p1a: Grope Me","|turn|22","|","|switch|p2a: Breloom|Breloom, M|165/261 tox","|-damage|p2a: Breloom|133/261 tox|[from] Spikes","|move|p1a: Grope Me|Leech Seed|p2a: Breloom","|-immune|p2a: Breloom|[msg]","|","|-damage|p2a: Breloom|117/261 tox|[from] psn","|turn|23","|","|switch|p2a: Keldeo|Keldeo|303/323","|-damage|p2a: Keldeo|263/323|[from] Spikes","|move|p1a: Grope Me|Protect|p1a: Grope Me","|-fail|p1a: Grope Me","|","|-heal|p2a: Keldeo|283/323|[from] item: Leftovers","|turn|24","|","|move|p2a: Keldeo|Substitute|p2a: Keldeo","|-start|p2a: Keldeo|Substitute","|-damage|p2a: Keldeo|203/323","|move|p1a: Grope Me|Power Whip|p2a: Keldeo","|-supereffective|p2a: Keldeo","|-end|p2a: Keldeo|Substitute","|","|-heal|p2a: Keldeo|223/323|[from] item: Leftovers","|turn|25","|","|switch|p2a: Cobalion|Cobalion|292/386","|-damage|p2a: Cobalion|244/386|[from] Spikes","|move|p1a: Grope Me|Leech Seed|p2a: Cobalion","|-start|p2a: Cobalion|move: Leech Seed","|","|-heal|p2a: Cobalion|268/386|[from] item: Leftovers","|-damage|p2a: Cobalion|220/386|[from] Leech Seed|[of] p1a: Grope Me","|turn|26","|","|move|p1a: Grope Me|Protect|p1a: Grope Me","|-singleturn|p1a: Grope Me|Protect","|move|p2a: Cobalion|Thunder Wave|p1a: Grope Me","|-activate|p1a: Grope Me|Protect","|","|-heal|p2a: Cobalion|244/386|[from] item: Leftovers","|-damage|p2a: Cobalion|196/386|[from] Leech Seed|[of] p1a: Grope Me","|turn|27","|","|move|p2a: Cobalion|Thunder Wave|p1a: Grope Me","|-status|p1a: Grope Me|par","|move|p1a: Grope Me|Gyro Ball|p2a: Cobalion","|-resisted|p2a: Cobalion","|-damage|p2a: Cobalion|145/386","|","|-heal|p2a: Cobalion|169/386|[from] item: Leftovers","|-damage|p2a: Cobalion|121/386|[from] Leech Seed|[of] p1a: Grope Me","|turn|28","|","|move|p2a: Cobalion|Volt Switch|p1a: Grope Me","|-resisted|p1a: Grope Me","|-damage|p1a: Grope Me|329/352 par","|","|switch|p2a: Breloom|Breloom, M|117/261 tox","|-damage|p2a: Breloom|85/261 tox|[from] Spikes","|move|p1a: Grope Me|Leech Seed|p2a: Breloom","|-immune|p2a: Breloom|[msg]","|","|-heal|p1a: Grope Me|351/352 par|[from] item: Leftovers","|-damage|p2a: Breloom|69/261 tox|[from] psn","|turn|29","|","|switch|p2a: Gallade|Gallade-Mega, M|215/277 tox","|-damage|p2a: Gallade|181/277 tox|[from] Spikes","|move|p1a: Grope Me|Protect|p1a: Grope Me","|-fail|p1a: Grope Me","|","|-heal|p1a: Grope Me|352/352 par|[from] item: Leftovers","|-damage|p2a: Gallade|164/277 tox|[from] psn","|turn|30","|","|switch|p1a: F-Zero|Skarmory, M|33/334 par","|-damage|p1a: F-Zero|0 fnt|[from] Stealth Rock","|faint|p1a: F-Zero","|move|p2a: Gallade|Swords Dance|p2a: Gallade","|-boost|p2a: Gallade|atk|2","|","|-damage|p2a: Gallade|130/277 tox|[from] psn","|","|switch|p1a: Pinchme|Scizor-Mega, M|343/343","|-damage|p1a: Pinchme|301/343|[from] Stealth Rock","|turn|31","|","|move|p2a: Gallade|Drain Punch|p1a: Pinchme","|-damage|p1a: Pinchme|129/343","|-heal|p2a: Gallade|216/277 tox|[from] drain|[of] p1a: Pinchme","|move|p1a: Pinchme|U-turn|p2a: Gallade","|-damage|p2a: Gallade|101/277 tox","|","|switch|p1a: Grope Me|Ferrothorn, F|352/352 par","|-damage|p1a: Grope Me|330/352 par|[from] Stealth Rock","|","|-heal|p1a: Grope Me|352/352 par|[from] item: Leftovers","|-damage|p2a: Gallade|50/277 tox|[from] psn","|turn|32","|","|cant|p1a: Grope Me|par","|move|p2a: Gallade|Drain Punch|p1a: Grope Me","|-supereffective|p1a: Grope Me","|-damage|p1a: Grope Me|0 fnt","|-heal|p2a: Gallade|226/277 tox|[from] drain|[of] p1a: Grope Me","|-damage|p2a: Gallade|192/277 tox|[from] ability: Iron Barbs|[of] p1a: Grope Me","|faint|p1a: Grope Me","|","|-damage|p2a: Gallade|124/277 tox|[from] psn","|","|switch|p1a: Pinchme|Scizor-Mega, M|129/343","|-damage|p1a: Pinchme|87/343|[from] Stealth Rock","|turn|33","|","|move|p2a: Gallade|Shadow Sneak|p1a: Pinchme","|-damage|p1a: Pinchme|22/343","|move|p1a: Pinchme|Bullet Punch|p2a: Gallade","|-crit|p2a: Gallade","|-damage|p2a: Gallade|0 fnt","|faint|p2a: Gallade","|","|","|switch|p2a: Breloom|Breloom, M|69/261 tox","|-damage|p2a: Breloom|37/261 tox|[from] Spikes","|turn|34","|","|move|p2a: Breloom|Mach Punch|p1a: Pinchme","|-damage|p1a: Pinchme|0 fnt","|faint|p1a: Pinchme","|","|-damage|p2a: Breloom|21/261 tox|[from] psn","|","|switch|p1a: FairyEater|Heatran, F|386/386","|-damage|p1a: FairyEater|338/386|[from] Stealth Rock","|turn|35","|","|move|p1a: FairyEater|Protect|p1a: FairyEater","|-singleturn|p1a: FairyEater|Protect","|move|p2a: Breloom|Mach Punch|p1a: FairyEater","|-activate|p1a: FairyEater|Protect","|","|-heal|p1a: FairyEater|362/386|[from] item: Leftovers","|-damage|p2a: Breloom|0 fnt|[from] psn","|faint|p2a: Breloom","|","|switch|p2a: Cobalion|Cobalion|121/386","|-damage|p2a: Cobalion|73/386|[from] Spikes","|turn|36","|","|move|p2a: Cobalion|Thunder Wave|p1a: FairyEater","|-status|p1a: FairyEater|par","|move|p1a: FairyEater|Lava Plume|p2a: Cobalion","|-crit|p2a: Cobalion","|-supereffective|p2a: Cobalion","|-damage|p2a: Cobalion|0 fnt","|faint|p2a: Cobalion","|","|-heal|p1a: FairyEater|386/386 par|[from] item: Leftovers","|","|switch|p2a: Terrakion|Terrakion|323/323","|-damage|p2a: Terrakion|283/323|[from] Spikes","|turn|37","|","|cant|p1a: FairyEater|par","|move|p2a: Terrakion|Earthquake|p1a: FairyEater","|-supereffective|p1a: FairyEater","|-damage|p1a: FairyEater|0 fnt","|faint|p1a: FairyEater","|","|","|switch|p1a: Tritos|Empoleon, F|371/371","|-damage|p1a: Tritos|348/371|[from] Stealth Rock","|-item|p1a: Tritos|Air Balloon","|turn|38","|","|switch|p2a: Keldeo|Keldeo|223/323","|-damage|p2a: Keldeo|183/323|[from] Spikes","|move|p1a: Tritos|Yawn|p2a: Keldeo","|-start|p2a: Keldeo|move: Yawn|[of] p1a: Tritos","|","|-heal|p2a: Keldeo|203/323|[from] item: Leftovers","|turn|39","|","|move|p2a: Keldeo|Scald|p1a: Tritos","|-resisted|p1a: Tritos","|-damage|p1a: Tritos|300/371","|-enditem|p1a: Tritos|Air Balloon","|-status|p1a: Tritos|brn","|move|p1a: Tritos|Scald|p2a: Keldeo","|-resisted|p2a: Keldeo","|-damage|p2a: Keldeo|148/323","|","|-end|p2a: Keldeo|move: Yawn|[silent]","|-status|p2a: Keldeo|slp","|-heal|p2a: Keldeo|168/323 slp|[from] item: Leftovers","|-damage|p1a: Tritos|254/371 brn|[from] brn","|turn|40","|","|cant|p2a: Keldeo|slp","|move|p1a: Tritos|Scald|p2a: Keldeo","|-resisted|p2a: Keldeo","|-damage|p2a: Keldeo|108/323 slp","|","|-heal|p2a: Keldeo|128/323 slp|[from] item: Leftovers","|-damage|p1a: Tritos|208/371 brn|[from] brn","|turn|41","|","|cant|p2a: Keldeo|slp","|move|p1a: Tritos|Scald|p2a: Keldeo","|-resisted|p2a: Keldeo","|-damage|p2a: Keldeo|77/323 slp","|","|-heal|p2a: Keldeo|97/323 slp|[from] item: Leftovers","|-damage|p1a: Tritos|162/371 brn|[from] brn","|turn|42","|","|win|xDomri"],"p1rating":{"entryid":7244980,"formatid":"monotype","userid":"lotusmastax","username":"Lotus ۩ MastaX","r":1500,"rd":130,"sigma":0,"rpr":1453.9371861364,"rprd":122.72944818573,"rpsigma":0,"rptime":1438160400,"w":0,"l":1,"t":0,"gxe":44.3,"acre":1000,"lacre":1000,"oldacre":1000},"p2rating":{"entryid":"7127910","serverid":"eos","formatid":"monotype","userid":"xdomri","username":"xDomri","w":3,"l":"2","t":"0","gxe":51.6,"r":"1452.2074449201","rd":"113.00669417984","sigma":"0","rptime":"1438160400","rpr":1512.8662630986,"rprd":103.6340042027,"rpsigma":"0","acre":1084.9828391062,"lacre":1084.9828391062,"oldacre":"1059.09177013"},"endType":"forfeit"}