{"seed":[12899,50609,3357,14876],"turns":20,"p1":"A44트레이너","p2":"Sovereign♕Blake","p1team":[{"name":"キュレム","species":"kyuremblack","item":"powerherb","ability":"Teravolt","moves":["freezeshock","fusionbolt","outrage","dracometeor"],"nature":"Naive","evs":{"hp":0,"atk":252,"def":0,"spa":60,"spd":0,"spe":196},"shiny":true,"ivs":{"hp":31,"atk":31,"def":31,"spa":31,"spd":31,"spe":31}},{"name":"サザンドラ","species":"hydreigon","item":"lifeorb","ability":"Levitate","moves":["darkpulse","flamethrower","dracometeor","flashcannon"],"nature":"Timid","evs":{"hp":4,"atk":0,"def":0,"spa":252,"spd":0,"spe":252},"shiny":true,"ivs":{"hp":31,"atk":31,"def":31,"spa":31,"spd":31,"spe":31}},{"name":"ガブリアス","species":"garchomp","item":"rockyhelmet","ability":"Rough Skin","moves":["stealthrock","earthquake","dragontail","endure"],"nature":"Impish","evs":{"hp":252,"atk":0,"def":232,"spa":0,"spd":24,"spe":0},"ivs":{"hp":31,"atk":31,"def":31,"spa":31,"spd":31,"spe":31}},{"name":"ラティオス","species":"latios","item":"choicescarf","ability":"Levitate","moves":["trick","dragonpulse","psyshock","thunderbolt"],"nature":"Timid","evs":{"hp":0,"atk":0,"def":4,"spa":252,"spd":0,"spe":252},"ivs":{"hp":31,"atk":30,"def":31,"spa":30,"spd":31,"spe":30},"shiny":true},{"name":"ボーマンダ","species":"salamence","item":"choicescarf","ability":"Moxie","moves":["outrage","aerialace","steelwing","earthquake"],"nature":"Jolly","evs":{"hp":0,"atk":252,"def":4,"spa":0,"spd":0,"spe":252},"ivs":{"hp":31,"atk":31,"def":31,"spa":31,"spd":31,"spe":31}},{"name":"チルタリス","species":"altaria","item":"altarianite","ability":"Natural Cure","moves":["agility","hypervoice","fireblast","hiddenpowerground"],"nature":"Modest","evs":{"hp":0,"atk":0,"def":4,"spa":252,"spd":0,"spe":252},"ivs":{"hp":31,"atk":31,"def":31,"spa":30,"spd":30,"spe":31},"happiness":0}],"p2team":[{"name":"Hippowdon","species":"Hippowdon","item":"leftovers","ability":"Sand Stream","moves":["toxic","whirlwind","stealthrock","slackoff"],"nature":"Bold","evs":{"hp":252,"atk":0,"def":252,"spa":0,"spd":4,"spe":0},"ivs":{"hp":31,"atk":31,"def":31,"spa":31,"spd":31,"spe":31}},{"name":"Excadrill","species":"Excadrill","item":"airballoon","ability":"Sand Rush","moves":["swordsdance","earthquake","ironhead","rockslide"],"nature":"Adamant","evs":{"hp":0,"atk":252,"def":0,"spa":0,"spd":4,"spe":252},"gender":"M","ivs":{"hp":31,"atk":31,"def":31,"spa":31,"spd":31,"spe":31}},{"name":"Landorus","species":"Landorus","item":"lifeorb","ability":"Sheer Force","moves":["sludgewave","earthpower","focusblast","gravity"],"nature":"Timid","evs":{"hp":0,"atk":0,"def":0,"spa":252,"spd":4,"spe":252},"ivs":{"hp":31,"atk":31,"def":31,"spa":31,"spd":31,"spe":31}},{"name":"Gastrodon","species":"Gastrodon","item":"leftovers","ability":"Storm Drain","moves":["scald","icebeam","toxic","recover"],"nature":"Bold","evs":{"hp":252,"atk":0,"def":252,"spa":4,"spd":0,"spe":0},"gender":"M","ivs":{"hp":31,"atk":31,"def":31,"spa":31,"spd":31,"spe":31}},{"name":"Mamoswine","species":"Mamoswine","item":"lifeorb","ability":"Thick Fat","moves":["freezedry","iciclecrash","earthquake","iceshard"],"nature":"Naive","evs":{"hp":0,"atk":252,"def":0,"spa":4,"spd":0,"spe":252},"gender":"M","ivs":{"hp":31,"atk":31,"def":31,"spa":31,"spd":31,"spe":31}},{"name":"Garchomp","species":"Garchomp","item":"garchompite","ability":"Sand Veil","moves":["swordsdance","outrage","irontail","earthquake"],"nature":"Adamant","evs":{"hp":248,"atk":252,"def":0,"spa":0,"spd":8,"spe":0},"gender":"M","ivs":{"hp":31,"atk":31,"def":31,"spa":31,"spd":31,"spe":31}}],"log":["|player|p1|A44트레이너|alliancewutang.png","|player|p2|Sovereign♕Blake|169","|gametype|singles","|gen|6","|tier|Monotype","|rated","|rule|Baton Pass Clause: Limit one Baton Passer, can't pass Spe and other stats simultaneously","|rule|Swagger Clause: Swagger is banned","|rule|Same Type Clause: Pokémon in a team must share a type","|clearpoke","|poke|p1|Kyurem-Black, shiny","|poke|p1|Hydreigon, F, shiny","|poke|p1|Garchomp, M","|poke|p1|Latios, M, shiny","|poke|p1|Salamence, F","|poke|p1|Altaria, F","|poke|p2|Hippowdon, F","|poke|p2|Excadrill, M","|poke|p2|Landorus, M","|poke|p2|Gastrodon, M","|poke|p2|Mamoswine, M","|poke|p2|Garchomp, M","|rule|Sleep Clause Mod: Limit one foe put to sleep","|rule|Species Clause: Limit one of each Pokémon","|rule|OHKO Clause: OHKO moves are banned","|rule|Moody Clause: Moody is banned","|rule|Evasion Moves Clause: Evasion moves are banned","|rule|Endless Battle Clause: Forcing endless battles is banned","|rule|HP Percentage Mod: HP is shown in percentages","|teampreview","|","|start","|switch|p1a: キュレム|Kyurem-Black, shiny|391/391","|switch|p2a: Hippowdon|Hippowdon, F|420/420","|-ability|p1a: キュレム|Teravolt","|-weather|Sandstorm","|turn|1","|","|move|p1a: キュレム|Freeze Shock|p2a: Hippowdon|[still]","|-prepare|p1a: キュレム|Freeze Shock|p2a: Hippowdon","|-enditem|p1a: キュレム|Power Herb","|-anim|p1a: キュレム|Freeze Shock|p2a: Hippowdon","|-supereffective|p2a: Hippowdon","|-damage|p2a: Hippowdon|18/420","|-status|p2a: Hippowdon|par","|cant|p2a: Hippowdon|par","|","|-weather|Sandstorm|[upkeep]","|-damage|p1a: キュレム|367/391|[from] sandstorm","|-heal|p2a: Hippowdon|44/420 par|[from] item: Leftovers","|turn|2","|","|move|p1a: キュレム|Freeze Shock|p2a: Hippowdon|[still]","|-prepare|p1a: キュレム|Freeze Shock|p2a: Hippowdon","|move|p2a: Hippowdon|Stealth Rock|p1a: キュレム","|-sidestart|p1: A44트레이너|move: Stealth Rock","|","|-weather|Sandstorm|[upkeep]","|-damage|p1a: キュレム|343/391|[from] sandstorm","|-heal|p2a: Hippowdon|70/420 par|[from] item: Leftovers","|turn|3","|","|switch|p2a: Mamoswine|Mamoswine, M|361/361","|move|p1a: キュレム|Freeze Shock|p2a: Mamoswine","|-damage|p2a: Mamoswine|0 fnt","|faint|p2a: Mamoswine","|","|-weather|Sandstorm|[upkeep]","|-damage|p1a: キュレム|319/391|[from] sandstorm","|","|switch|p2a: Excadrill|Excadrill, M|361/361","|-item|p2a: Excadrill|Air Balloon","|turn|4","|","|switch|p1a: ガブリアス|Garchomp, M|420/420","|-damage|p1a: ガブリアス|394/420|[from] Stealth Rock","|move|p2a: Excadrill|Swords Dance|p2a: Excadrill","|-boost|p2a: Excadrill|atk|2","|","|-weather|Sandstorm|[upkeep]","|turn|5","|","|move|p2a: Excadrill|Earthquake|p1a: ガブリアス","|-damage|p1a: ガブリアス|72/420","|move|p1a: ガブリアス|Dragon Tail|p2a: Excadrill","|-resisted|p2a: Excadrill","|-damage|p2a: Excadrill|295/361","|-enditem|p2a: Excadrill|Air Balloon","|drag|p2a: Gastrodon|Gastrodon, M|426/426","|","|-weather|none","|turn|6","|","|move|p1a: ガブリアス|Stealth Rock|p2a: Gastrodon","|-sidestart|p2: Sovereign♕Blake|move: Stealth Rock","|move|p2a: Gastrodon|Ice Beam|p1a: ガブリアス","|-supereffective|p1a: ガブリアス","|-damage|p1a: ガブリアス|0 fnt","|faint|p1a: ガブリアス","|","|","|switch|p1a: ラティオス|Latios, M, shiny|301/301","|-damage|p1a: ラティオス|264/301|[from] Stealth Rock","|turn|7","|","|move|p1a: ラティオス|Psyshock|p2a: Gastrodon","|-damage|p2a: Gastrodon|297/426","|move|p2a: Gastrodon|Ice Beam|p1a: ラティオス","|-supereffective|p1a: ラティオス","|-damage|p1a: ラティオス|144/301","|","|-heal|p2a: Gastrodon|323/426|[from] item: Leftovers","|turn|8","|","|move|p1a: ラティオス|Psyshock|p2a: Gastrodon","|-damage|p2a: Gastrodon|202/426","|move|p2a: Gastrodon|Toxic|p1a: ラティオス","|-status|p1a: ラティオス|tox","|","|-heal|p2a: Gastrodon|228/426|[from] item: Leftovers","|-damage|p1a: ラティオス|126/301 tox|[from] psn","|turn|9","|","|move|p1a: ラティオス|Psyshock|p2a: Gastrodon","|-damage|p2a: Gastrodon|98/426","|move|p2a: Gastrodon|Recover|p2a: Gastrodon","|-heal|p2a: Gastrodon|311/426","|","|-heal|p2a: Gastrodon|337/426|[from] item: Leftovers","|-damage|p1a: ラティオス|90/301 tox|[from] psn","|turn|10","|","|move|p1a: ラティオス|Psyshock|p2a: Gastrodon","|-damage|p2a: Gastrodon|213/426","|move|p2a: Gastrodon|Recover|p2a: Gastrodon","|-heal|p2a: Gastrodon|426/426","|","|-damage|p1a: ラティオス|36/301 tox|[from] psn","|turn|11","|","|move|p1a: ラティオス|Psyshock|p2a: Gastrodon","|-damage|p2a: Gastrodon|288/426","|move|p2a: Gastrodon|Ice Beam|p1a: ラティオス","|-supereffective|p1a: ラティオス","|-damage|p1a: ラティオス|0 fnt","|faint|p1a: ラティオス","|","|-heal|p2a: Gastrodon|314/426|[from] item: Leftovers","|","|switch|p1a: サザンドラ|Hydreigon, F, shiny|326/326","|-damage|p1a: サザンドラ|286/326|[from] Stealth Rock","|turn|12","|","|move|p1a: サザンドラ|Dark Pulse|p2a: Gastrodon","|-damage|p2a: Gastrodon|98/426","|-damage|p1a: サザンドラ|254/326|[from] item: Life Orb","|move|p2a: Gastrodon|Toxic|p1a: サザンドラ","|-status|p1a: サザンドラ|tox","|","|-heal|p2a: Gastrodon|124/426|[from] item: Leftovers","|-damage|p1a: サザンドラ|234/326 tox|[from] psn","|turn|13","|","|move|p1a: サザンドラ|Dark Pulse|p2a: Gastrodon","|-damage|p2a: Gastrodon|0 fnt","|-damage|p1a: サザンドラ|202/326 tox|[from] item: Life Orb","|faint|p2a: Gastrodon","|","|-damage|p1a: サザンドラ|162/326 tox|[from] psn","|","|switch|p2a: Hippowdon|Hippowdon, F|70/420 par","|-damage|p2a: Hippowdon|44/420 par|[from] Stealth Rock","|-weather|Sandstorm","|turn|14","|","|move|p1a: サザンドラ|Flamethrower|p2a: Hippowdon","|-damage|p2a: Hippowdon|0 fnt","|-damage|p1a: サザンドラ|130/326 tox|[from] item: Life Orb","|faint|p2a: Hippowdon","|","|-weather|Sandstorm|[upkeep]","|-damage|p1a: サザンドラ|110/326 tox|[from] sandstorm","|-damage|p1a: サザンドラ|50/326 tox|[from] psn","|","|switch|p2a: Landorus|Landorus, M|319/319","|-damage|p2a: Landorus|280/319|[from] Stealth Rock","|turn|15","|","|move|p2a: Landorus|Gravity|p2a: Landorus","|-fieldstart|move: Gravity","|move|p1a: サザンドラ|Draco Meteor|p2a: Landorus","|-damage|p2a: Landorus|0 fnt","|-unboost|p1a: サザンドラ|spa|2","|-damage|p1a: サザンドラ|18/326 tox|[from] item: Life Orb","|faint|p2a: Landorus","|","|-weather|Sandstorm|[upkeep]","|-damage|p1a: サザンドラ|0 fnt|[from] sandstorm","|faint|p1a: サザンドラ","|","|switch|p1a: キュレム|Kyurem-Black, shiny|319/391","|switch|p2a: Garchomp|Garchomp, M|419/419","|-damage|p1a: キュレム|222/391|[from] Stealth Rock","|-ability|p1a: キュレム|Teravolt","|-damage|p2a: Garchomp|393/419|[from] Stealth Rock","|turn|16","|","|detailschange|p2a: Garchomp|Garchomp-Mega, M","|-mega|p2a: Garchomp|Garchomp|Garchompite","|move|p1a: キュレム|Draco Meteor|p2a: Garchomp","|-supereffective|p2a: Garchomp","|-damage|p2a: Garchomp|19/419","|-unboost|p1a: キュレム|spa|2","|move|p2a: Garchomp|Iron Tail|p1a: キュレム","|-supereffective|p1a: キュレム","|-damage|p1a: キュレム|0 fnt","|faint|p1a: キュレム","|","|-weather|Sandstorm|[upkeep]","|","|switch|p1a: ボーマンダ|Salamence, F|331/331","|-damage|p1a: ボーマンダ|249/331|[from] Stealth Rock","|turn|17","|","|move|p1a: ボーマンダ|Earthquake|p2a: Garchomp","|-damage|p2a: Garchomp|0 fnt","|faint|p2a: Garchomp","|-boost|p1a: ボーマンダ|atk|1|[from] ability: Moxie","|","|-weather|Sandstorm|[upkeep]","|-damage|p1a: ボーマンダ|229/331|[from] sandstorm","|","|switch|p2a: Excadrill|Excadrill, M|295/361","|-damage|p2a: Excadrill|284/361|[from] Stealth Rock","|turn|18","|","|move|p2a: Excadrill|Rock Slide|p1a: ボーマンダ","|-supereffective|p1a: ボーマンダ","|-damage|p1a: ボーマンダ|0 fnt","|faint|p1a: ボーマンダ","|","|-weather|none","|","|switch|p1a: チルタリス|Altaria, F|291/291","|-damage|p1a: チルタリス|219/291|[from] Stealth Rock","|turn|19","|","|move|p2a: Excadrill|Iron Head|p1a: チルタリス","|-damage|p1a: チルタリス|35/291","|cant|p1a: チルタリス|flinch","|","|-fieldend|move: Gravity","|turn|20","|","|detailschange|p1a: チルタリス|Altaria-Mega, F","|-mega|p1a: チルタリス|Altaria|Altarianite","|move|p2a: Excadrill|Iron Head|p1a: チルタリス","|-supereffective|p1a: チルタリス","|-damage|p1a: チルタリス|0 fnt","|faint|p1a: チルタリス","|","|win|Sovereign♕Blake"],"p1rating":{"entryid":"7256554","serverid":"eos","formatid":"monotype","userid":"a44","username":"A44트레이너","w":"6","l":3,"t":"0","gxe":58.9,"r":"1500","rd":"130","sigma":"0","rptime":"1438160400","rpr":1570.0210488787,"rprd":89.341887706243,"rpsigma":"0","acre":1125.0627124196,"lacre":1125.0627124196,"oldacre":"1158.7921631826"},"p2rating":{"entryid":"7151294","serverid":"eos","formatid":"monotype","userid":"sovereignblake","username":"Sovereign♕Blake","w":4,"l":"6","t":"0","gxe":41.2,"r":1405.8731577829,"rd":89.463856305422,"sigma":"0","rptime":1438160400,"rpr":1431.0522764452,"rprd":87.172982184649,"rpsigma":"0","acre":1079.610184388,"lacre":1079.610184388,"oldacre":"1032.1493408159"},"endType":"normal"}