{"seed":[56196,51829,26249,4444],"turns":33,"p1":"Alliance - Asurax","p2":"Carnie Wight","p1team":[{"name":"Smeargle","species":"Smeargle","item":"focussash","ability":"Own Tempo","moves":["kingsshield","spore","stickyweb","stealthrock"],"nature":"Timid","evs":{"hp":248,"atk":0,"def":0,"spa":0,"spd":8,"spe":252},"ivs":{"hp":31,"atk":31,"def":31,"spa":31,"spd":31,"spe":31}},{"name":"Diggersby","species":"Diggersby","item":"choiceband","ability":"Huge Power","moves":["earthquake","frustration","quickattack","knockoff"],"nature":"Adamant","evs":{"hp":0,"atk":252,"def":4,"spa":0,"spd":0,"spe":252},"happiness":0,"ivs":{"hp":31,"atk":31,"def":31,"spa":31,"spd":31,"spe":31}},{"name":"Staraptor","species":"Staraptor","item":"choicescarf","ability":"Reckless","moves":["bravebird","doubleedge","uturn","closecombat"],"nature":"Jolly","evs":{"hp":0,"atk":252,"def":0,"spa":0,"spd":4,"spe":252},"ivs":{"hp":31,"atk":31,"def":31,"spa":31,"spd":31,"spe":31}},{"name":"Pidgeot","species":"Pidgeot","item":"pidgeotite","ability":"Keen Eye","moves":["hurricane","heatwave","substitute","roost"],"nature":"Timid","evs":{"hp":0,"atk":0,"def":0,"spa":252,"spd":4,"spe":252},"ivs":{"hp":31,"atk":31,"def":31,"spa":31,"spd":31,"spe":31}},{"name":"Chansey","species":"Chansey","item":"eviolite","ability":"Natural Cure","moves":["wish","protect","seismictoss","thunderwave"],"nature":"Bold","evs":{"hp":4,"atk":0,"def":248,"spa":0,"spd":4,"spe":0},"ivs":{"hp":31,"atk":31,"def":31,"spa":31,"spd":31,"spe":31}},{"name":"Meloetta","species":"Meloetta","item":"assaultvest","ability":"Serene Grace","moves":["chargebeam","psyshock","focusblast","shadowball"],"nature":"Modest","evs":{"hp":248,"atk":0,"def":0,"spa":252,"spd":8,"spe":0},"ivs":{"hp":31,"atk":31,"def":31,"spa":31,"spd":31,"spe":31}}],"p2team":[{"name":"Innocent","species":"jirachi","item":"choicescarf","ability":"Serene Grace","moves":["icepunch","healingwish","uturn","ironhead"],"nature":"Hasty","evs":{"hp":4,"atk":252,"def":0,"spa":0,"spd":0,"spe":252},"shiny":true,"ivs":{"hp":31,"atk":31,"def":31,"spa":31,"spd":31,"spe":31}},{"name":"6 hands weeee!","species":"hoopaunbound","item":"choicescarf","ability":"Magician","moves":["hyperspacehole","hyperspacefury","gunkshot","drainpunch"],"nature":"Hasty","evs":{"hp":0,"atk":252,"def":0,"spa":4,"spd":0,"spe":252},"ivs":{"hp":31,"atk":31,"def":31,"spa":31,"spd":31,"spe":31}},{"name":"Senpai","species":"gardevoir","item":"gardevoirite","ability":"Synchronize","moves":["thunderbolt","psyshock","focusblast","hypervoice"],"nature":"Timid","evs":{"hp":0,"atk":0,"def":0,"spa":252,"spd":8,"spe":248},"ivs":{"hp":31,"atk":31,"def":31,"spa":31,"spd":31,"spe":31}},{"name":"Pinky","species":"latios","item":"choicescarf","ability":"Levitate","moves":["dracometeor","psyshock","icebeam","defog"],"nature":"Modest","evs":{"hp":0,"atk":0,"def":0,"spa":252,"spd":8,"spe":248},"shiny":true,"ivs":{"hp":31,"atk":31,"def":31,"spa":31,"spd":31,"spe":31}},{"name":"Peace","species":"victini","item":"choicescarf","ability":"Victory Star","moves":["vcreate","brickbreak","boltstrike","zenheadbutt"],"nature":"Jolly","evs":{"hp":0,"atk":252,"def":0,"spa":0,"spd":4,"spe":252},"ivs":{"hp":31,"atk":31,"def":31,"spa":31,"spd":31,"spe":31}},{"name":"Celery","species":"celebi","item":"leftovers","ability":"Natural Cure","moves":["synthesis","stealthrock","psychic","energyball"],"nature":"Modest","evs":{"hp":252,"atk":0,"def":0,"spa":252,"spd":4,"spe":0},"ivs":{"hp":31,"atk":31,"def":31,"spa":31,"spd":31,"spe":31}}],"log":["|player|p1|Alliance - Asurax|allianceasurax.png","|player|p2|Carnie Wight|96","|gametype|singles","|gen|6","|tier|Monotype","|rated","|rule|Baton Pass Clause: Limit one Baton Passer, can't pass Spe and other stats simultaneously","|rule|Swagger Clause: Swagger is banned","|rule|Same Type Clause: Pokémon in a team must share a type","|clearpoke","|poke|p1|Smeargle, M","|poke|p1|Diggersby, F","|poke|p1|Staraptor, F","|poke|p1|Pidgeot, F","|poke|p1|Chansey, F","|poke|p1|Meloetta","|poke|p2|Jirachi, shiny","|poke|p2|Hoopa-Unbound","|poke|p2|Gardevoir, F","|poke|p2|Latios, M, shiny","|poke|p2|Victini","|poke|p2|Celebi","|rule|Sleep Clause Mod: Limit one foe put to sleep","|rule|Species Clause: Limit one of each Pokémon","|rule|OHKO Clause: OHKO moves are banned","|rule|Moody Clause: Moody is banned","|rule|Evasion Moves Clause: Evasion moves are banned","|rule|Endless Battle Clause: Forcing endless battles is banned","|rule|HP Percentage Mod: HP is shown in percentages","|teampreview","|","|start","|switch|p1a: Smeargle|Smeargle, M|313/313","|switch|p2a: 6 hands weeee!|Hoopa-Unbound|301/301","|turn|1","|","|move|p2a: 6 hands weeee!|Drain Punch|p1a: Smeargle","|-supereffective|p1a: Smeargle","|-enditem|p1a: Smeargle|Focus Sash","|-damage|p1a: Smeargle|1/313","|move|p1a: Smeargle|Spore|p2a: 6 hands weeee!","|-status|p2a: 6 hands weeee!|slp","|","|turn|2","|","|switch|p2a: Innocent|Jirachi, shiny|342/342","|move|p1a: Smeargle|Sticky Web|p2a: Innocent","|-sidestart|p2: Carnie Wight|move: Sticky Web","|","|turn|3","|","|move|p1a: Smeargle|King's Shield|p1a: Smeargle","|-singleturn|p1a: Smeargle|Protect","|move|p2a: Innocent|U-turn|p1a: Smeargle","|-activate|p1a: Smeargle|Protect","|-unboost|p2a: Innocent|atk|2","|","|turn|4","|","|switch|p1a: Staraptor|Staraptor, F|311/311","|move|p2a: Innocent|U-turn|p1a: Staraptor","|-crit|p1a: Staraptor","|-resisted|p1a: Staraptor","|-damage|p1a: Staraptor|244/311","|","|switch|p2a: Pinky|Latios, M, shiny|301/301","|","|turn|5","|","|move|p1a: Staraptor|Brave Bird|p2a: Pinky","|-damage|p2a: Pinky|21/301","|-damage|p1a: Staraptor|152/311|[from] recoil|[of] p2a: Pinky","|move|p2a: Pinky|Ice Beam|p1a: Staraptor","|-supereffective|p1a: Staraptor","|-damage|p1a: Staraptor|0 fnt","|faint|p1a: Staraptor","|","|","|switch|p1a: Meloetta|Meloetta|403/403","|turn|6","|","|switch|p2a: Celery|Celebi|404/404","|-activate|p2a: Celery|move: Sticky Web","|-unboost|p2a: Celery|spe|1","|move|p1a: Meloetta|Charge Beam|p2a: Celery","|-resisted|p2a: Celery","|-damage|p2a: Celery|373/404","|-boost|p1a: Meloetta|spa|1","|","|-heal|p2a: Celery|398/404|[from] item: Leftovers","|turn|7","|","|switch|p1a: Smeargle|Smeargle, M|1/313","|move|p2a: Celery|Stealth Rock|p1a: Smeargle","|-sidestart|p1: Alliance - Asurax|move: Stealth Rock","|","|-heal|p2a: Celery|404/404|[from] item: Leftovers","|turn|8","|","|move|p1a: Smeargle|Stealth Rock|p2a: Celery","|-sidestart|p2: Carnie Wight|move: Stealth Rock","|move|p2a: Celery|Energy Ball|p1a: Smeargle","|-damage|p1a: Smeargle|0 fnt","|faint|p1a: Smeargle","|","|","|switch|p1a: Diggersby|Diggersby, F|311/311","|-damage|p1a: Diggersby|292/311|[from] Stealth Rock","|turn|9","|","|move|p1a: Diggersby|Knock Off|p2a: Celery","|-crit|p2a: Celery","|-supereffective|p2a: Celery","|-damage|p2a: Celery|0 fnt","|-enditem|p2a: Celery|Leftovers|[from] move: Knock Off|[of] p1a: Diggersby","|faint|p2a: Celery","|","|","|switch|p2a: Pinky|Latios, M, shiny|21/301","|-damage|p2a: Pinky|0 fnt|[from] Stealth Rock","|faint|p2a: Pinky","|","|switch|p2a: Senpai|Gardevoir, F|277/277","|-damage|p2a: Senpai|243/277|[from] Stealth Rock","|-activate|p2a: Senpai|move: Sticky Web","|-unboost|p2a: Senpai|spe|1","|turn|10","|","|switch|p1a: Chansey|Chansey, F|642/642","|-damage|p1a: Chansey|562/642|[from] Stealth Rock","|detailschange|p2a: Senpai|Gardevoir-Mega, F","|-mega|p2a: Senpai|Gardevoir|Gardevoirite","|move|p2a: Senpai|Hyper Voice|p1a: Chansey","|-damage|p1a: Chansey|417/642","|","|turn|11","|","|move|p2a: Senpai|Focus Blast|p1a: Chansey|[miss]","|-miss|p2a: Senpai|p1a: Chansey","|move|p1a: Chansey|Wish|p1a: Chansey","|","|turn|12","|","|move|p2a: Senpai|Focus Blast|p1a: Chansey","|-crit|p1a: Chansey","|-supereffective|p1a: Chansey","|-damage|p1a: Chansey|107/642","|move|p1a: Chansey|Thunder Wave|p2a: Senpai","|-status|p2a: Senpai|par","|","|-heal|p1a: Chansey|428/642|[from] move: Wish|[wisher] Chansey","|turn|13","|","|move|p1a: Chansey|Wish|p1a: Chansey","|move|p2a: Senpai|Psyshock|p1a: Chansey","|-damage|p1a: Chansey|205/642","|","|turn|14","|","|move|p1a: Chansey|Protect|p1a: Chansey","|-singleturn|p1a: Chansey|Protect","|move|p2a: Senpai|Psyshock|p1a: Chansey","|-activate|p1a: Chansey|Protect","|","|-heal|p1a: Chansey|526/642|[from] move: Wish|[wisher] Chansey","|turn|15","|","|move|p1a: Chansey|Wish|p1a: Chansey","|move|p2a: Senpai|Psyshock|p1a: Chansey","|-damage|p1a: Chansey|315/642","|","|turn|16","|","|move|p1a: Chansey|Seismic Toss|p2a: Senpai","|-damage|p2a: Senpai|143/277 par","|move|p2a: Senpai|Psyshock|p1a: Chansey","|-damage|p1a: Chansey|80/642","|","|-heal|p1a: Chansey|401/642|[from] move: Wish|[wisher] Chansey","|turn|17","|","|move|p1a: Chansey|Wish|p1a: Chansey","|cant|p2a: Senpai|par","|","|turn|18","|","|move|p1a: Chansey|Seismic Toss|p2a: Senpai","|-damage|p2a: Senpai|43/277 par","|move|p2a: Senpai|Psyshock|p1a: Chansey","|-damage|p1a: Chansey|163/642","|","|-heal|p1a: Chansey|484/642|[from] move: Wish|[wisher] Chansey","|turn|19","|","|move|p1a: Chansey|Wish|p1a: Chansey","|cant|p2a: Senpai|par","|","|turn|20","|","|move|p1a: Chansey|Seismic Toss|p2a: Senpai","|-damage|p2a: Senpai|0 fnt","|faint|p2a: Senpai","|","|-heal|p1a: Chansey|642/642|[from] move: Wish|[wisher] Chansey","|","|switch|p2a: Peace|Victini|341/341","|-activate|p2a: Peace|move: Sticky Web","|-unboost|p2a: Peace|spe|1","|-damage|p2a: Peace|256/341|[from] Stealth Rock","|turn|21","|","|move|p2a: Peace|Brick Break|p1a: Chansey","|-supereffective|p1a: Chansey","|-damage|p1a: Chansey|448/642","|move|p1a: Chansey|Thunder Wave|p2a: Peace","|-status|p2a: Peace|par","|","|turn|22","|","|move|p1a: Chansey|Wish|p1a: Chansey","|move|p2a: Peace|Brick Break|p1a: Chansey","|-supereffective|p1a: Chansey","|-damage|p1a: Chansey|258/642","|","|turn|23","|","|move|p1a: Chansey|Seismic Toss|p2a: Peace","|-damage|p2a: Peace|156/341 par","|move|p2a: Peace|Brick Break|p1a: Chansey","|-supereffective|p1a: Chansey","|-damage|p1a: Chansey|56/642","|","|-heal|p1a: Chansey|377/642|[from] move: Wish|[wisher] Chansey","|turn|24","|","|move|p1a: Chansey|Wish|p1a: Chansey","|move|p2a: Peace|Brick Break|p1a: Chansey","|-supereffective|p1a: Chansey","|-damage|p1a: Chansey|181/642","|","|turn|25","|","|move|p1a: Chansey|Protect|p1a: Chansey","|-singleturn|p1a: Chansey|Protect","|cant|p2a: Peace|par","|","|-heal|p1a: Chansey|502/642|[from] move: Wish|[wisher] Chansey","|turn|26","|","|move|p1a: Chansey|Wish|p1a: Chansey","|move|p2a: Peace|Brick Break|p1a: Chansey","|-supereffective|p1a: Chansey","|-damage|p1a: Chansey|304/642","|","|turn|27","|","|move|p1a: Chansey|Seismic Toss|p2a: Peace","|-damage|p2a: Peace|56/341 par","|move|p2a: Peace|Brick Break|p1a: Chansey","|-supereffective|p1a: Chansey","|-damage|p1a: Chansey|106/642","|","|-heal|p1a: Chansey|427/642|[from] move: Wish|[wisher] Chansey","|turn|28","|","|move|p1a: Chansey|Wish|p1a: Chansey","|move|p2a: Peace|Brick Break|p1a: Chansey","|-crit|p1a: Chansey","|-supereffective|p1a: Chansey","|-damage|p1a: Chansey|107/642","|","|turn|29","|","|move|p1a: Chansey|Protect|p1a: Chansey","|-singleturn|p1a: Chansey|Protect","|move|p2a: Peace|Brick Break|p1a: Chansey","|-activate|p1a: Chansey|Protect","|","|-heal|p1a: Chansey|428/642|[from] move: Wish|[wisher] Chansey","|turn|30","|","|move|p1a: Chansey|Wish|p1a: Chansey","|cant|p2a: Peace|par","|","|turn|31","|","|move|p1a: Chansey|Seismic Toss|p2a: Peace","|-damage|p2a: Peace|0 fnt","|faint|p2a: Peace","|","|-heal|p1a: Chansey|642/642|[from] move: Wish|[wisher] Chansey","|","|switch|p2a: Innocent|Jirachi, shiny|342/342","|-damage|p2a: Innocent|321/342|[from] Stealth Rock","|-activate|p2a: Innocent|move: Sticky Web","|-unboost|p2a: Innocent|spe|1","|turn|32","|","|move|p2a: Innocent|Iron Head|p1a: Chansey","|-damage|p1a: Chansey|476/642","|move|p1a: Chansey|Thunder Wave|p2a: Innocent","|-status|p2a: Innocent|par","|","|turn|33","|player|p2","|","|win|Alliance - Asurax"],"p1rating":{"entryid":"6516367","serverid":"eos","formatid":"monotype","userid":"allianceasurax","username":"Alliance - Asurax","w":74,"l":"28","t":"0","gxe":73.7,"r":"1690.2414321764","rd":"41.67607173076","sigma":"0","rptime":"1438160400","rpr":1694.6667672645,"rprd":40.698816357234,"rpsigma":"0","acre":1447.7952978198,"lacre":1447.7952978198,"oldacre":"1438.9918327743"},"p2rating":{"entryid":"6265736","serverid":"eos","formatid":"monotype","userid":"carniewight","username":"Carnie Wight","w":"48","l":39,"t":"0","gxe":55.9,"r":"1520.448627408","rd":"47.765498577714","sigma":"0","rptime":"1438160400","rpr":1544.9169887929,"rprd":43.982781606516,"rpsigma":"0","acre":1208.2064155568,"lacre":1208.2064155568,"oldacre":"1219.2107468636"},"endType":"forfeit"}