{"seed":[56861,17046,4804,35541],"turns":36,"p1":"Diamond Jax","p2":"Deucez","p1team":[{"name":"Darude","species":"hippowdon","item":"leftovers","ability":"Sand Stream","moves":["stealthrock","earthquake","slackoff","roar"],"nature":"Impish","evs":{"hp":252,"atk":4,"def":252,"spa":0,"spd":0,"spe":0},"ivs":{"hp":31,"atk":31,"def":31,"spa":31,"spd":31,"spe":31}},{"name":"War Stripes","species":"excadrill","item":"lifeorb","ability":"Sand Rush","moves":["earthquake","rockslide","ironhead","rapidspin"],"nature":"Adamant","evs":{"hp":0,"atk":252,"def":0,"spa":0,"spd":4,"spe":252},"ivs":{"hp":31,"atk":31,"def":31,"spa":31,"spd":31,"spe":31}},{"name":"Pinhead Larry","species":"landorus","item":"lifeorb","ability":"Sheer Force","moves":["earthpower","psychic","sludgewave","gravity"],"nature":"Timid","evs":{"hp":0,"atk":0,"def":0,"spa":252,"spd":4,"spe":252},"ivs":{"hp":31,"atk":31,"def":31,"spa":31,"spd":31,"spe":31}},{"name":"Safety Shark","species":"garchomp","item":"choicescarf","ability":"Sand Veil","moves":["earthquake","stoneedge","fireblast","outrage"],"nature":"Naive","evs":{"hp":0,"atk":252,"def":0,"spa":4,"spd":0,"spe":252},"ivs":{"hp":31,"atk":31,"def":31,"spa":31,"spd":31,"spe":31}},{"name":"Glazed","species":"claydol","item":"lightclay","ability":"Levitate","moves":["lightscreen","reflect","toxic","psychic"],"nature":"Calm","evs":{"hp":248,"atk":0,"def":0,"spa":8,"spd":252,"spe":0},"ivs":{"hp":31,"atk":31,"def":31,"spa":31,"spd":31,"spe":31}},{"name":"Elefante","species":"nidoking","item":"assaultvest","ability":"Sheer Force","moves":["sludgewave","earthpower","fireblast","icebeam"],"nature":"Timid","evs":{"hp":8,"atk":0,"def":0,"spa":252,"spd":0,"spe":248},"ivs":{"hp":31,"atk":31,"def":31,"spa":31,"spd":31,"spe":31}}],"p2team":[{"name":"Kakashi","species":"ditto","item":"choicescarf","ability":"Imposter","moves":["transform"],"nature":"Relaxed","evs":{"hp":252,"atk":0,"def":252,"spa":0,"spd":4,"spe":0},"shiny":true,"ivs":{"hp":31,"atk":31,"def":31,"spa":31,"spd":31,"spe":31}},{"name":"Side Chick","species":"meloetta","item":"assaultvest","ability":"Serene Grace","moves":["psychic","focusblast","hypervoice","shadowball"],"nature":"Modest","evs":{"hp":248,"atk":0,"def":0,"spa":252,"spd":8,"spe":0},"ivs":{"hp":31,"atk":31,"def":31,"spa":31,"spd":31,"spe":31}},{"name":"S3x Toy","species":"porygon2","item":"eviolite","ability":"Trace","moves":["thunderwave","icebeam","foulplay","recover"],"nature":"Bold","evs":{"hp":252,"atk":0,"def":252,"spa":4,"spd":0,"spe":0},"shiny":true,"ivs":{"hp":31,"atk":31,"def":31,"spa":31,"spd":31,"spe":31}},{"name":"Fat ass hoe","species":"chansey","item":"eviolite","ability":"Natural Cure","moves":["wish","softboiled","seismictoss","healbell"],"nature":"Sassy","evs":{"hp":252,"atk":0,"def":252,"spa":0,"spd":4,"spe":0},"ivs":{"hp":31,"atk":31,"def":31,"spa":31,"spd":31,"spe":0}},{"name":"Mah Nigga","species":"staraptor","item":"leftovers","ability":"Intimidate","moves":["defog","featherdance","bravebird","roost"],"nature":"Impish","evs":{"hp":4,"atk":0,"def":252,"spa":0,"spd":0,"spe":252},"gender":"M","shiny":true,"ivs":{"hp":31,"atk":31,"def":31,"spa":31,"spd":31,"spe":31}},{"name":"Bae","species":"lopunny","item":"lopunnite","ability":"Limber","moves":["fakeout","poweruppunch","return","highjumpkick"],"nature":"Jolly","evs":{"hp":0,"atk":252,"def":0,"spa":0,"spd":4,"spe":252},"gender":"F","shiny":true,"ivs":{"hp":31,"atk":31,"def":31,"spa":31,"spd":31,"spe":31}}],"log":["|player|p1|Diamond Jax|diamondjax.png","|player|p2|Deucez|acedeuce92.png","|gametype|singles","|gen|6","|tier|Monotype","|rated","|rule|Baton Pass Clause: Limit one Baton Passer, can't pass Spe and other stats simultaneously","|rule|Swagger Clause: Swagger is banned","|rule|Same Type Clause: Pokémon in a team must share a type","|clearpoke","|poke|p1|Hippowdon, F","|poke|p1|Excadrill, F","|poke|p1|Landorus, M","|poke|p1|Garchomp, F","|poke|p1|Claydol","|poke|p1|Nidoking, M","|poke|p2|Ditto, shiny","|poke|p2|Meloetta","|poke|p2|Porygon2, shiny","|poke|p2|Chansey, F","|poke|p2|Staraptor, M, shiny","|poke|p2|Lopunny, F, shiny","|rule|Sleep Clause Mod: Limit one foe put to sleep","|rule|Species Clause: Limit one of each Pokémon","|rule|OHKO Clause: OHKO moves are banned","|rule|Moody Clause: Moody is banned","|rule|Evasion Moves Clause: Evasion moves are banned","|rule|Endless Battle Clause: Forcing endless battles is banned","|rule|HP Percentage Mod: HP is shown in percentages","|teampreview","|","|start","|switch|p1a: Glazed|Claydol|323/323","|switch|p2a: S3x Toy|Porygon2, shiny|374/374","|-ability|p2a: S3x Toy|Levitate|[from] ability: Trace|[of] p1a: Glazed","|turn|1","|","|move|p1a: Glazed|Toxic|p2a: S3x Toy","|-status|p2a: S3x Toy|tox","|move|p2a: S3x Toy|Ice Beam|p1a: Glazed","|-supereffective|p1a: Glazed","|-damage|p1a: Glazed|221/323","|","|-damage|p2a: S3x Toy|351/374 tox|[from] psn","|turn|2","|","|move|p1a: Glazed|Light Screen|p1a: Glazed","|-sidestart|p1: Diamond Jax|move: Light Screen","|move|p2a: S3x Toy|Ice Beam|p1a: Glazed","|-supereffective|p1a: Glazed","|-damage|p1a: Glazed|176/323","|","|-damage|p2a: S3x Toy|305/374 tox|[from] psn","|turn|3","|","|switch|p2a: Fat ass hoe|Chansey, F|704/704","|move|p1a: Glazed|Reflect|p1a: Glazed","|-sidestart|p1: Diamond Jax|Reflect","|","|turn|4","|","|move|p1a: Glazed|Toxic|p2a: Fat ass hoe","|-status|p2a: Fat ass hoe|tox","|move|p2a: Fat ass hoe|Heal Bell|p2a: Fat ass hoe","|-cureteam|p2a: Fat ass hoe|[from] move: HealBell","|","|turn|5","|","|switch|p1a: Darude|Hippowdon, F|420/420","|-weather|Sandstorm","|move|p2a: Fat ass hoe|Seismic Toss|p1a: Darude","|-damage|p1a: Darude|320/420","|","|-weather|Sandstorm|[upkeep]","|-damage|p2a: Fat ass hoe|660/704|[from] sandstorm","|-heal|p1a: Darude|346/420|[from] item: Leftovers","|turn|6","|","|switch|p2a: S3x Toy|Porygon2, shiny|305/374","|-ability|p2a: S3x Toy|Sand Stream|[from] ability: Trace|[of] p1a: Darude","|move|p1a: Darude|Stealth Rock|p2a: S3x Toy","|-sidestart|p2: Deucez|move: Stealth Rock","|","|-weather|Sandstorm|[upkeep]","|-damage|p2a: S3x Toy|282/374|[from] sandstorm","|-heal|p1a: Darude|372/420|[from] item: Leftovers","|turn|7","|","|move|p2a: S3x Toy|Recover|p2a: S3x Toy","|-heal|p2a: S3x Toy|374/374","|move|p1a: Darude|Earthquake|p2a: S3x Toy","|-damage|p2a: S3x Toy|311/374","|","|-weather|Sandstorm|[upkeep]","|-damage|p2a: S3x Toy|288/374|[from] sandstorm","|-heal|p1a: Darude|398/420|[from] item: Leftovers","|turn|8","|","|move|p2a: S3x Toy|Recover|p2a: S3x Toy","|-heal|p2a: S3x Toy|374/374","|move|p1a: Darude|Roar|p2a: S3x Toy","|drag|p2a: Bae|Lopunny, F, shiny|271/271","|-damage|p2a: Bae|238/271|[from] Stealth Rock","|","|-weather|Sandstorm|[upkeep]","|-damage|p2a: Bae|222/271|[from] sandstorm","|-heal|p1a: Darude|420/420|[from] item: Leftovers","|turn|9","|","|detailschange|p2a: Bae|Lopunny-Mega, F, shiny","|-mega|p2a: Bae|Lopunny|Lopunnite","|move|p2a: Bae|Fake Out|p1a: Darude","|-damage|p1a: Darude|398/420","|cant|p1a: Darude|flinch","|","|-weather|none","|-heal|p1a: Darude|420/420|[from] item: Leftovers","|-sideend|p1: Diamond Jax|move: Light Screen","|turn|10","|","|switch|p2a: Fat ass hoe|Chansey, F|660/704","|-damage|p2a: Fat ass hoe|572/704|[from] Stealth Rock","|move|p1a: Darude|Earthquake|p2a: Fat ass hoe","|-damage|p2a: Fat ass hoe|373/704","|","|-sideend|p1: Diamond Jax|Reflect","|turn|11","|","|move|p1a: Darude|Earthquake|p2a: Fat ass hoe","|-damage|p2a: Fat ass hoe|196/704","|move|p2a: Fat ass hoe|Wish|p2a: Fat ass hoe","|","|turn|12","|","|move|p2a: Fat ass hoe|Soft-Boiled|p2a: Fat ass hoe","|-heal|p2a: Fat ass hoe|548/704","|move|p1a: Darude|Roar|p2a: Fat ass hoe","|drag|p2a: Bae|Lopunny-Mega, F, shiny|222/271","|-damage|p2a: Bae|206/271|[from] Stealth Rock","|","|-heal|p2a: Bae|271/271|[from] move: Wish|[wisher] Fat ass hoe","|turn|13","|","|switch|p2a: Mah Nigga|Staraptor, M, shiny|312/312","|-damage|p2a: Mah Nigga|234/312|[from] Stealth Rock","|-ability|p2a: Mah Nigga|Intimidate","|-unboost|p1a: Darude|atk|1","|move|p1a: Darude|Earthquake|p2a: Mah Nigga","|-immune|p2a: Mah Nigga|[msg]","|","|-heal|p2a: Mah Nigga|253/312|[from] item: Leftovers","|turn|14","|","|move|p2a: Mah Nigga|Defog|p1a: Darude","|-unboost|p1a: Darude|evasion|1","|-sideend|p2: Deucez|Stealth Rock|[from] move: Defog|[of] p2a: Mah Nigga","|move|p1a: Darude|Roar|p2a: Mah Nigga","|drag|p2a: Side Chick|Meloetta|403/403","|","|turn|15","|","|move|p2a: Side Chick|Psychic|p1a: Darude","|-damage|p1a: Darude|198/420","|move|p1a: Darude|Stealth Rock|p2a: Side Chick","|-sidestart|p2: Deucez|move: Stealth Rock","|","|-heal|p1a: Darude|224/420|[from] item: Leftovers","|turn|16","|","|switch|p1a: Glazed|Claydol|176/323","|move|p2a: Side Chick|Psychic|p1a: Glazed","|-resisted|p1a: Glazed","|-damage|p1a: Glazed|116/323","|","|turn|17","|","|move|p2a: Side Chick|Shadow Ball|p1a: Glazed","|-supereffective|p1a: Glazed","|-damage|p1a: Glazed|0 fnt","|faint|p1a: Glazed","|","|","|switch|p1a: Darude|Hippowdon, F|224/420","|-weather|Sandstorm","|turn|18","|","|switch|p1a: War Stripes|Excadrill, F|361/361","|move|p2a: Side Chick|Psychic|p1a: War Stripes","|-resisted|p1a: War Stripes","|-damage|p1a: War Stripes|236/361","|","|-weather|Sandstorm|[upkeep]","|-damage|p2a: Side Chick|378/403|[from] sandstorm","|turn|19","|","|move|p1a: War Stripes|Earthquake|p2a: Side Chick","|-damage|p2a: Side Chick|47/403","|-damage|p1a: War Stripes|200/361|[from] item: Life Orb","|move|p2a: Side Chick|Focus Blast|p1a: War Stripes","|-supereffective|p1a: War Stripes","|-damage|p1a: War Stripes|0 fnt","|faint|p1a: War Stripes","|","|-weather|Sandstorm|[upkeep]","|-damage|p2a: Side Chick|22/403|[from] sandstorm","|","|switch|p1a: Pinhead Larry|Landorus, M|319/319","|turn|20","|","|move|p1a: Pinhead Larry|Sludge Wave|p2a: Side Chick","|-damage|p2a: Side Chick|0 fnt","|faint|p2a: Side Chick","|","|-weather|Sandstorm|[upkeep]","|","|switch|p2a: Mah Nigga|Staraptor, M, shiny|253/312","|-damage|p2a: Mah Nigga|175/312|[from] Stealth Rock","|-ability|p2a: Mah Nigga|Intimidate","|-unboost|p1a: Pinhead Larry|atk|1","|turn|21","|","|move|p1a: Pinhead Larry|Gravity|p1a: Pinhead Larry","|-fieldstart|move: Gravity","|move|p2a: Mah Nigga|Defog|p1a: Pinhead Larry","|-unboost|p1a: Pinhead Larry|evasion|1","|-sideend|p2: Deucez|Stealth Rock|[from] move: Defog|[of] p2a: Mah Nigga","|","|-weather|Sandstorm|[upkeep]","|-damage|p2a: Mah Nigga|156/312|[from] sandstorm","|-heal|p2a: Mah Nigga|175/312|[from] item: Leftovers","|turn|22","|","|switch|p2a: Kakashi|Ditto, shiny|300/300","|-transform|p2a: Kakashi|p1a: Pinhead Larry","|move|p1a: Pinhead Larry|Earth Power|p2a: Kakashi","|-damage|p2a: Kakashi|0 fnt","|faint|p2a: Kakashi","|","|-weather|none","|","|switch|p2a: Bae|Lopunny-Mega, F, shiny|271/271","|turn|23","|","|move|p2a: Bae|Fake Out|p1a: Pinhead Larry","|-damage|p1a: Pinhead Larry|235/319","|cant|p1a: Pinhead Larry|flinch","|","|turn|24","|","|move|p2a: Bae|Return|p1a: Pinhead Larry","|-damage|p1a: Pinhead Larry|33/319","|move|p1a: Pinhead Larry|Earth Power|p2a: Bae","|-damage|p2a: Bae|16/271","|","|turn|25","|","|switch|p1a: Darude|Hippowdon, F|224/420","|-weather|Sandstorm","|move|p2a: Bae|Power-Up Punch|p1a: Darude","|-damage|p1a: Darude|178/420","|-boost|p2a: Bae|atk|1","|","|-weather|Sandstorm|[upkeep]","|-damage|p2a: Bae|0 fnt|[from] sandstorm","|-heal|p1a: Darude|204/420|[from] item: Leftovers","|-fieldend|move: Gravity","|faint|p2a: Bae","|","|switch|p2a: S3x Toy|Porygon2, shiny|374/374","|-ability|p2a: S3x Toy|Sand Stream|[from] ability: Trace|[of] p1a: Darude","|turn|26","|","|move|p2a: S3x Toy|Ice Beam|p1a: Darude","|-supereffective|p1a: Darude","|-damage|p1a: Darude|16/420","|-status|p1a: Darude|frz","|-curestatus|p1a: Darude|frz","|move|p1a: Darude|Slack Off|p1a: Darude","|-heal|p1a: Darude|226/420","|","|-weather|Sandstorm|[upkeep]","|-damage|p2a: S3x Toy|351/374|[from] sandstorm","|-heal|p1a: Darude|252/420|[from] item: Leftovers","|turn|27","|","|move|p2a: S3x Toy|Ice Beam|p1a: Darude","|-supereffective|p1a: Darude","|-damage|p1a: Darude|46/420","|-status|p1a: Darude|frz","|-curestatus|p1a: Darude|frz","|move|p1a: Darude|Earthquake|p2a: S3x Toy","|-damage|p2a: S3x Toy|287/374","|","|-weather|Sandstorm|[upkeep]","|-damage|p2a: S3x Toy|264/374|[from] sandstorm","|-heal|p1a: Darude|72/420|[from] item: Leftovers","|turn|28","|","|switch|p1a: Pinhead Larry|Landorus, M|33/319","|move|p2a: S3x Toy|Ice Beam|p1a: Pinhead Larry","|-supereffective|p1a: Pinhead Larry","|-damage|p1a: Pinhead Larry|0 fnt","|faint|p1a: Pinhead Larry","|","|-weather|Sandstorm|[upkeep]","|-damage|p2a: S3x Toy|241/374|[from] sandstorm","|","|switch|p1a: Safety Shark|Garchomp, F|357/357","|turn|29","|","|move|p1a: Safety Shark|Outrage|p2a: S3x Toy","|-damage|p2a: S3x Toy|139/374","|move|p2a: S3x Toy|Recover|p2a: S3x Toy","|-heal|p2a: S3x Toy|326/374","|","|-weather|none","|turn|30","|","|move|p1a: Safety Shark|Outrage|p2a: S3x Toy","|-damage|p2a: S3x Toy|217/374","|move|p2a: S3x Toy|Ice Beam|p1a: Safety Shark","|-supereffective|p1a: Safety Shark","|-damage|p1a: Safety Shark|0 fnt","|faint|p1a: Safety Shark","|","|","|switch|p1a: Elefante|Nidoking, M|305/305","|turn|31","|","|switch|p2a: Fat ass hoe|Chansey, F|548/704","|move|p1a: Elefante|Sludge Wave|p2a: Fat ass hoe","|-damage|p2a: Fat ass hoe|455/704","|","|turn|32","|","|switch|p1a: Darude|Hippowdon, F|72/420","|-weather|Sandstorm","|move|p2a: Fat ass hoe|Soft-Boiled|p2a: Fat ass hoe","|-heal|p2a: Fat ass hoe|704/704","|","|-weather|Sandstorm|[upkeep]","|-damage|p2a: Fat ass hoe|660/704|[from] sandstorm","|-heal|p1a: Darude|98/420|[from] item: Leftovers","|turn|33","|","|move|p1a: Darude|Slack Off|p1a: Darude","|-heal|p1a: Darude|308/420","|move|p2a: Fat ass hoe|Seismic Toss|p1a: Darude","|-damage|p1a: Darude|208/420","|","|-weather|Sandstorm|[upkeep]","|-damage|p2a: Fat ass hoe|616/704|[from] sandstorm","|-heal|p1a: Darude|234/420|[from] item: Leftovers","|turn|34","|","|switch|p2a: Mah Nigga|Staraptor, M, shiny|175/312","|-ability|p2a: Mah Nigga|Intimidate","|-unboost|p1a: Darude|atk|1","|move|p1a: Darude|Slack Off|p1a: Darude","|-heal|p1a: Darude|420/420","|","|-weather|Sandstorm|[upkeep]","|-damage|p2a: Mah Nigga|156/312|[from] sandstorm","|-heal|p2a: Mah Nigga|175/312|[from] item: Leftovers","|turn|35","|","|move|p2a: Mah Nigga|Feather Dance|p1a: Darude","|-unboost|p1a: Darude|atk|2","|move|p1a: Darude|Roar|p2a: Mah Nigga","|drag|p2a: Fat ass hoe|Chansey, F|616/704","|","|-weather|Sandstorm|[upkeep]","|-damage|p2a: Fat ass hoe|572/704|[from] sandstorm","|turn|36","|","|win|Deucez"],"p1rating":{"entryid":"6934379","serverid":"eos","formatid":"monotype","userid":"diamondjax","username":"Diamond Jax","w":"55","l":24,"t":"0","gxe":65.8,"r":"1620.668178716","rd":"41.895015148118","sigma":"0","rptime":"1438160400","rpr":1623.6625841611,"rprd":41.107033763892,"rpsigma":"0","acre":1325.9224652334,"lacre":1325.9224652334,"oldacre":"1359.5961466727"},"p2rating":{"entryid":"7192012","serverid":"eos","formatid":"monotype","userid":"deucez","username":"Deucez","w":4,"l":"3","t":"0","gxe":51.6,"r":"1485.2410492934","rd":"107.35986327311","sigma":"0","rptime":"1438160400","rpr":1512.4809957962,"rprd":96.240970658304,"rpsigma":"0","acre":1119.0261219008,"lacre":1119.0261219008,"oldacre":"1069.1403298326"},"endType":"forfeit"}