{"seed":[1346,22847,19286,32376],"turns":32,"p1":"Wаrden Arguѕ","p2":"Prof. Nightmare","p1team":[{"name":"Sableye","species":"Sableye","item":"leftovers","ability":"Prankster","moves":["knockoff","willowisp","recover","taunt"],"nature":"Bold","evs":{"hp":228,"atk":0,"def":252,"spa":0,"spd":0,"spe":28},"gender":"M","ivs":{"hp":31,"atk":0,"def":31,"spa":31,"spd":31,"spe":31}},{"name":"Aegislash","species":"Aegislash","item":"weaknesspolicy","ability":"Stance Change","moves":["kingsshield","sacredsword","shadowball","shadowsneak"],"nature":"Lonely","evs":{"hp":0,"atk":252,"def":0,"spa":240,"spd":0,"spe":16},"gender":"M","shiny":true,"ivs":{"hp":31,"atk":31,"def":31,"spa":31,"spd":31,"spe":31}},{"name":"Jellicent","species":"Jellicent","item":"leftovers","ability":"Cursed Body","moves":["toxic","scald","recover","acidarmor"],"nature":"Calm","evs":{"hp":252,"atk":0,"def":0,"spa":0,"spd":252,"spe":4},"gender":"M","ivs":{"hp":31,"atk":0,"def":31,"spa":31,"spd":31,"spe":31},"shiny":true},{"name":"Golurk","species":"Golurk","item":"focussash","ability":"No Guard","moves":["stealthrock","stoneedge","dynamicpunch","curse"],"nature":"Adamant","evs":{"hp":0,"atk":252,"def":0,"spa":0,"spd":4,"spe":252},"shiny":true,"ivs":{"hp":31,"atk":31,"def":31,"spa":31,"spd":31,"spe":31}},{"name":"Chandelure","species":"Chandelure","item":"choicescarf","ability":"Infiltrator","moves":["flamethrower","shadowball","energyball","trick"],"nature":"Modest","evs":{"hp":0,"atk":0,"def":0,"spa":252,"spd":4,"spe":252},"gender":"F","ivs":{"hp":31,"atk":0,"def":31,"spa":31,"spd":31,"spe":31}},{"name":"Gengar","species":"Gengar","item":"focussash","ability":"Levitate","moves":["destinybond","sludgebomb","shadowball","energyball"],"nature":"Timid","evs":{"hp":0,"atk":0,"def":0,"spa":252,"spd":4,"spe":252},"gender":"F","ivs":{"hp":31,"atk":0,"def":31,"spa":31,"spd":31,"spe":31},"shiny":true}],"p2team":[{"name":"Togetic","species":"Togetic","item":"eviolite","ability":"Serene Grace","moves":["batonpass","ominouswind","ancientpower","roost"],"nature":"Calm","evs":{"hp":248,"atk":0,"def":8,"spa":0,"spd":252,"spe":0},"ivs":{"hp":31,"atk":31,"def":31,"spa":31,"spd":31,"spe":31}},{"name":"Charizard","species":"Charizard","item":"charizarditex","ability":"Blaze","moves":["dragonclaw","firepunch","thunderpunch","earthquake"],"nature":"","evs":{"hp":0,"atk":0,"def":0,"spa":0,"spd":0,"spe":0},"ivs":{"hp":31,"atk":31,"def":31,"spa":31,"spd":31,"spe":31}},{"name":"Landorus-Therian","species":"Landorus-Therian","item":"assaultvest","ability":"Intimidate","moves":["earthquake","knockoff","stoneedge","superpower"],"nature":"Careful","evs":{"hp":252,"atk":0,"def":4,"spa":0,"spd":252,"spe":0},"ivs":{"hp":31,"atk":31,"def":31,"spa":31,"spd":31,"spe":31}},{"name":"Thundurus-Therian","species":"Thundurus-Therian","item":"choicespecs","ability":"Volt Absorb","moves":["focusblast","hiddenpowerice","thunderbolt","grassknot"],"nature":"Timid","evs":{"hp":0,"atk":0,"def":0,"spa":252,"spd":4,"spe":252},"ivs":{"hp":31,"atk":30,"def":30,"spa":31,"spd":31,"spe":31}},{"name":"Sigilyph","species":"Sigilyph","item":"flameorb","ability":"Magic Guard","moves":["cosmicpower","roost","psychoshift","storedpower"],"nature":"Bold","evs":{"hp":248,"atk":0,"def":252,"spa":0,"spd":8,"spe":0},"ivs":{"hp":31,"atk":31,"def":31,"spa":31,"spd":31,"spe":31}},{"name":"Skarmory","species":"Skarmory","item":"rockyhelmet","ability":"Sturdy","moves":["stealthrock","whirlwind","drillpeck","spikes"],"nature":"Impish","evs":{"hp":252,"atk":0,"def":252,"spa":0,"spd":0,"spe":4},"ivs":{"hp":31,"atk":31,"def":31,"spa":31,"spd":31,"spe":31}}],"log":["|player|p1|Wаrden Arguѕ|argus2spooky.png","|player|p2|Prof. Nightmare|167","|gametype|singles","|gen|6","|tier|Monotype","|rated","|rule|Baton Pass Clause: Limit one Baton Passer, can't pass Spe and other stats simultaneously","|rule|Swagger Clause: Swagger is banned","|rule|Same Type Clause: Pokémon in a team must share a type","|clearpoke","|poke|p1|Sableye, M","|poke|p1|Aegislash, M, shiny","|poke|p1|Jellicent, M, shiny","|poke|p1|Golurk, shiny","|poke|p1|Chandelure, F","|poke|p1|Gengar, F, shiny","|poke|p2|Togetic, M","|poke|p2|Charizard, M","|poke|p2|Landorus-Therian, M","|poke|p2|Thundurus-Therian, M","|poke|p2|Sigilyph, M","|poke|p2|Skarmory, M","|rule|Sleep Clause Mod: Limit one foe put to sleep","|rule|Species Clause: Limit one of each Pokémon","|rule|OHKO Clause: OHKO moves are banned","|rule|Moody Clause: Moody is banned","|rule|Evasion Moves Clause: Evasion moves are banned","|rule|Endless Battle Clause: Forcing endless battles is banned","|rule|HP Percentage Mod: HP is shown in percentages","|teampreview","|","|start","|switch|p1a: Sableye|Sableye, M|298/298","|switch|p2a: Skarmory|Skarmory, M|334/334","|turn|1","|","|move|p1a: Sableye|Taunt|p2a: Skarmory","|-start|p2a: Skarmory|move: Taunt","|cant|p2a: Skarmory|move: Taunt|Stealth Rock","|","|turn|2","|","|move|p2a: Skarmory|Drill Peck|p1a: Sableye","|-damage|p1a: Sableye|226/298","|move|p1a: Sableye|Knock Off|p2a: Skarmory","|-damage|p2a: Skarmory|295/334","|-damage|p1a: Sableye|177/298|[from] item: Rocky Helmet|[of] p2a: Skarmory","|-enditem|p2a: Skarmory|Rocky Helmet|[from] move: Knock Off|[of] p1a: Sableye","|","|-heal|p1a: Sableye|195/298|[from] item: Leftovers","|turn|3","|","|switch|p2a: Charizard|Charizard, M|297/297","|move|p1a: Sableye|Will-O-Wisp|p2a: Charizard","|-immune|p2a: Charizard|[msg]","|","|-heal|p1a: Sableye|213/298|[from] item: Leftovers","|turn|4","|","|switch|p1a: Jellicent|Jellicent, M, shiny|404/404","|detailschange|p2a: Charizard|Charizard-Mega-X, M","|-mega|p2a: Charizard|Charizard|Charizardite X","|move|p2a: Charizard|Dragon Claw|p1a: Jellicent","|-damage|p1a: Jellicent|217/404","|-start|p2a: Charizard|Disable|Dragon Claw","|","|-heal|p1a: Jellicent|242/404|[from] item: Leftovers","|turn|5","|","|move|p2a: Charizard|Thunder Punch|p1a: Jellicent","|-supereffective|p1a: Jellicent","|-damage|p1a: Jellicent|0 fnt","|faint|p1a: Jellicent","|","|","|switch|p1a: Chandelure|Chandelure, F|261/261","|turn|6","|","|move|p1a: Chandelure|Shadow Ball|p2a: Charizard","|-damage|p2a: Charizard|111/297","|-unboost|p2a: Charizard|spd|1","|move|p2a: Charizard|Earthquake|p1a: Chandelure","|-supereffective|p1a: Chandelure","|-damage|p1a: Chandelure|37/261","|","|turn|7","|","|switch|p2a: Skarmory|Skarmory, M|295/334","|move|p1a: Chandelure|Shadow Ball|p2a: Skarmory","|-damage|p2a: Skarmory|66/334","|","|turn|8","|","|move|p1a: Chandelure|Shadow Ball|p2a: Skarmory","|-damage|p2a: Skarmory|0 fnt","|faint|p2a: Skarmory","|","|","|switch|p2a: Togetic|Togetic, M|313/313","|turn|9","|","|switch|p1a: Golurk|Golurk, shiny|319/319","|move|p2a: Togetic|Ominous Wind|p1a: Golurk","|-crit|p1a: Golurk","|-supereffective|p1a: Golurk","|-damage|p1a: Golurk|177/319","|","|turn|10","|","|move|p1a: Golurk|Stealth Rock|p2a: Togetic","|-sidestart|p2: Prof. Nightmare|move: Stealth Rock","|move|p2a: Togetic|Ominous Wind|p1a: Golurk","|-supereffective|p1a: Golurk","|-damage|p1a: Golurk|87/319","|","|turn|11","|","|move|p1a: Golurk|Stone Edge|p2a: Togetic","|-supereffective|p2a: Togetic","|-damage|p2a: Togetic|131/313","|move|p2a: Togetic|Ominous Wind|p1a: Golurk","|-supereffective|p1a: Golurk","|-damage|p1a: Golurk|0 fnt","|-boost|p2a: Togetic|atk|1","|-boost|p2a: Togetic|def|1","|-boost|p2a: Togetic|spa|1","|-boost|p2a: Togetic|spd|1","|-boost|p2a: Togetic|spe|1","|faint|p1a: Golurk","|","|","|switch|p1a: Aegislash|Aegislash, M, shiny|261/261","|turn|12","|","|move|p2a: Togetic|Baton Pass|p2a: Togetic","|","|switch|p2a: Sigilyph|Sigilyph, M|347/347","|-formechange|p1a: Aegislash|Aegislash-Blade","|move|p1a: Aegislash|Shadow Ball|p2a: Sigilyph","|-supereffective|p2a: Sigilyph","|-damage|p2a: Sigilyph|111/347","|","|-status|p2a: Sigilyph|brn|[from] item: Flame Orb","|turn|13","|","|move|p1a: Aegislash|Shadow Sneak|p2a: Sigilyph","|-supereffective|p2a: Sigilyph","|-damage|p2a: Sigilyph|9/347 brn","|move|p2a: Sigilyph|Roost|p2a: Sigilyph","|-heal|p2a: Sigilyph|183/347 brn","|","|turn|14","|","|switch|p1a: Chandelure|Chandelure, F|37/261","|move|p2a: Sigilyph|Psycho Shift|p1a: Chandelure","|-fail|p1a: Chandelure","|","|turn|15","|","|move|p1a: Chandelure|Trick|p2a: Sigilyph","|-activate|p1a: Chandelure|move: Trick|[of] p2a: Sigilyph","|-item|p2a: Sigilyph|Choice Scarf|[from] move: Trick","|-item|p1a: Chandelure|Flame Orb|[from] move: Trick","|move|p2a: Sigilyph|Roost|p2a: Sigilyph","|-heal|p2a: Sigilyph|347/347 brn","|","|turn|16","|","|switch|p2a: Charizard|Charizard-Mega-X, M|111/297","|-damage|p2a: Charizard|37/297|[from] Stealth Rock","|move|p1a: Chandelure|Shadow Ball|p2a: Charizard","|-damage|p2a: Charizard|0 fnt","|faint|p2a: Charizard","|","|","|switch|p2a: Sigilyph|Sigilyph, M|347/347 brn","|turn|17","|","|switch|p2a: Landorus-Therian|Landorus-Therian, M|382/382","|-damage|p2a: Landorus-Therian|335/382|[from] Stealth Rock","|-ability|p2a: Landorus-Therian|Intimidate","|-unboost|p1a: Chandelure|atk|1","|switch|p1a: Sableye|Sableye, M|213/298","|","|-heal|p1a: Sableye|231/298|[from] item: Leftovers","|turn|18","|","|move|p2a: Landorus-Therian|Knock Off|p1a: Sableye","|-damage|p1a: Sableye|142/298","|-enditem|p1a: Sableye|Leftovers|[from] move: Knock Off|[of] p2a: Landorus-Therian","|move|p1a: Sableye|Knock Off|p2a: Landorus-Therian","|-damage|p2a: Landorus-Therian|266/382","|-enditem|p2a: Landorus-Therian|Assault Vest|[from] move: Knock Off|[of] p1a: Sableye","|","|turn|19","|","|switch|p2a: Sigilyph|Sigilyph, M|347/347 brn","|move|p1a: Sableye|Will-O-Wisp|p2a: Sigilyph","|-fail|p2a: Sigilyph|brn","|","|turn|20","|","|move|p1a: Sableye|Taunt|p2a: Sigilyph","|-start|p2a: Sigilyph|move: Taunt","|cant|p2a: Sigilyph|move: Taunt|Psycho Shift","|","|turn|21","|","|switch|p2a: Landorus-Therian|Landorus-Therian, M|266/382","|-damage|p2a: Landorus-Therian|219/382|[from] Stealth Rock","|-ability|p2a: Landorus-Therian|Intimidate","|-unboost|p1a: Sableye|atk|1","|move|p1a: Sableye|Recover|p1a: Sableye","|-heal|p1a: Sableye|291/298","|","|turn|22","|","|move|p1a: Sableye|Will-O-Wisp|p2a: Landorus-Therian","|-status|p2a: Landorus-Therian|brn","|move|p2a: Landorus-Therian|Earthquake|p1a: Sableye","|-damage|p1a: Sableye|222/298","|","|-damage|p2a: Landorus-Therian|172/382 brn|[from] brn","|turn|23","|","|move|p2a: Landorus-Therian|Earthquake|p1a: Sableye","|-damage|p1a: Sableye|150/298","|move|p1a: Sableye|Knock Off|p2a: Landorus-Therian","|-damage|p2a: Landorus-Therian|139/382 brn","|","|-damage|p2a: Landorus-Therian|92/382 brn|[from] brn","|turn|24","|","|move|p1a: Sableye|Recover|p1a: Sableye","|-heal|p1a: Sableye|298/298","|move|p2a: Landorus-Therian|Earthquake|p1a: Sableye","|-damage|p1a: Sableye|222/298","|","|-damage|p2a: Landorus-Therian|45/382 brn|[from] brn","|turn|25","|","|switch|p2a: Sigilyph|Sigilyph, M|347/347 brn","|move|p1a: Sableye|Recover|p1a: Sableye","|-heal|p1a: Sableye|298/298","|","|turn|26","|","|switch|p2a: Landorus-Therian|Landorus-Therian, M|45/382 brn","|-damage|p2a: Landorus-Therian|0 fnt|[from] Stealth Rock","|faint|p2a: Landorus-Therian","|move|p1a: Sableye|Taunt|p2: Landorus-Therian|[notarget]","|-notarget","|","|","|switch|p2a: Thundurus-Therian|Thundurus-Therian, M|299/299","|-damage|p2a: Thundurus-Therian|225/299|[from] Stealth Rock","|turn|27","|","|move|p1a: Sableye|Will-O-Wisp|p2a: Thundurus-Therian|[miss]","|-miss|p1a: Sableye|p2a: Thundurus-Therian","|move|p2a: Thundurus-Therian|Thunderbolt|p1a: Sableye","|-damage|p1a: Sableye|0 fnt","|faint|p1a: Sableye","|","|","|switch|p1a: Gengar|Gengar, F, shiny|261/261","|turn|28","|","|move|p1a: Gengar|Sludge Bomb|p2a: Thundurus-Therian","|-damage|p2a: Thundurus-Therian|21/299","|move|p2a: Thundurus-Therian|Thunderbolt|p1a: Gengar","|-enditem|p1a: Gengar|Focus Sash","|-damage|p1a: Gengar|1/261","|","|turn|29","|","|move|p1a: Gengar|Shadow Ball|p2a: Thundurus-Therian","|-damage|p2a: Thundurus-Therian|0 fnt","|faint|p2a: Thundurus-Therian","|","|","|switch|p2a: Sigilyph|Sigilyph, M|347/347 brn","|turn|30","|","|move|p1a: Gengar|Shadow Ball|p2a: Sigilyph","|-supereffective|p2a: Sigilyph","|-damage|p2a: Sigilyph|15/347 brn","|move|p2a: Sigilyph|Stored Power|p1a: Gengar","|-supereffective|p1a: Gengar","|-damage|p1a: Gengar|0 fnt","|faint|p1a: Gengar","|","|","|switch|p1a: Aegislash|Aegislash, M, shiny|261/261","|turn|31","|","|-formechange|p1a: Aegislash|Aegislash-Blade","|move|p1a: Aegislash|Shadow Sneak|p2a: Sigilyph","|-supereffective|p2a: Sigilyph","|-damage|p2a: Sigilyph|0 fnt","|faint|p2a: Sigilyph","|","|","|switch|p2a: Togetic|Togetic, M|131/313","|-damage|p2a: Togetic|53/313|[from] Stealth Rock","|turn|32","|","|move|p1a: Aegislash|Shadow Sneak|p2a: Togetic","|-crit|p2a: Togetic","|-damage|p2a: Togetic|0 fnt","|faint|p2a: Togetic","|","|win|Wаrden Arguѕ"],"p1rating":{"entryid":"7252450","serverid":"eos","formatid":"monotype","userid":"wrdenargu","username":"Wаrden Arguѕ","w":12,"l":"2","t":"0","gxe":71.4,"r":"1500","rd":"130","sigma":"0","rptime":"1438160400","rpr":1675.9892770899,"rprd":78.385813515045,"rpsigma":"0","acre":1254.8070578809,"lacre":1254.8070578809,"oldacre":"1242.666101388"},"p2rating":{"entryid":"6844732","serverid":"eos","formatid":"monotype","userid":"profnightmare","username":"Prof. Nightmare","w":"15","l":19,"t":"0","gxe":46.3,"r":1481.0744528391,"rd":62.417832717072,"sigma":"0","rptime":1438160400,"rpr":1471.4936202776,"rprd":61.576576681938,"rpsigma":"0","acre":1036.9577252527,"lacre":1036.9577252527,"oldacre":"1045.099407517"},"endType":"normal"}