{"seed":[42975,41395,6305,10519],"turns":22,"p1":"Alexmoria33","p2":"Defender of Sinnoh","p1team":[{"name":"Toxicroak","species":"Toxicroak","item":"lifeorb","ability":"Dry Skin","moves":["swordsdance","drainpunch","bulletpunch","icepunch"],"nature":"Jolly","evs":{"hp":4,"atk":252,"def":0,"spa":0,"spd":0,"spe":252},"ivs":{"hp":31,"atk":31,"def":31,"spa":31,"spd":31,"spe":31}},{"name":"Gengar","species":"Gengar","item":"blacksludge","ability":"Levitate","moves":["shadowball","substitute","disable","dazzlinggleam"],"nature":"Timid","evs":{"hp":0,"atk":0,"def":0,"spa":252,"spd":4,"spe":252},"ivs":{"hp":31,"atk":31,"def":31,"spa":31,"spd":31,"spe":31}},{"name":"Crobat","species":"Crobat","item":"whiteherb","ability":"Infiltrator","moves":["roost","bravebird","curse","sludgebomb"],"nature":"Hasty","evs":{"hp":252,"atk":4,"def":0,"spa":0,"spd":0,"spe":252},"ivs":{"hp":31,"atk":31,"def":31,"spa":31,"spd":31,"spe":31}},{"name":"Venusaur","species":"Venusaur","item":"venusaurite","ability":"Overgrow","moves":["gigadrain","sludgebomb","synthesis","sleeppowder"],"nature":"Modest","evs":{"hp":248,"atk":0,"def":0,"spa":252,"spd":8,"spe":0},"ivs":{"hp":31,"atk":31,"def":31,"spa":31,"spd":31,"spe":31}},{"name":"Dragalge","species":"Dragalge","item":"choicespecs","ability":"Adaptability","moves":["sludgebomb","dracometeor","hiddenpowerground","surf"],"nature":"Modest","evs":{"hp":248,"atk":0,"def":0,"spa":252,"spd":8,"spe":0},"ivs":{"hp":31,"atk":31,"def":31,"spa":30,"spd":30,"spe":31}},{"name":"Drapion","species":"Drapion","item":"airballoon","ability":"Sniper","moves":["nightslash","crosspoison","swordsdance","earthquake"],"nature":"Adamant","evs":{"hp":248,"atk":252,"def":0,"spa":0,"spd":8,"spe":0},"ivs":{"hp":31,"atk":31,"def":31,"spa":31,"spd":31,"spe":31}}],"p2team":[{"name":"Excadrill","species":"Excadrill","item":"airballoon","ability":"Sand Rush","moves":["earthquake","rockslide","ironhead","swordsdance"],"nature":"Adamant","evs":{"hp":0,"atk":252,"def":0,"spa":0,"spd":4,"spe":252},"ivs":{"hp":31,"atk":31,"def":31,"spa":31,"spd":31,"spe":31}},{"name":"Garchomp","species":"Garchomp","item":"rockyhelmet","ability":"Rough Skin","moves":["earthquake","dragonclaw","swordsdance","stoneedge"],"nature":"Jolly","evs":{"hp":0,"atk":252,"def":0,"spa":0,"spd":4,"spe":252},"ivs":{"hp":31,"atk":31,"def":31,"spa":31,"spd":31,"spe":31}},{"name":"Krookodile","species":"Krookodile","item":"choicescarf","ability":"Moxie","moves":["crunch","earthquake","dragonclaw","stoneedge"],"nature":"Jolly","evs":{"hp":0,"atk":252,"def":0,"spa":0,"spd":4,"spe":252},"ivs":{"hp":31,"atk":31,"def":31,"spa":31,"spd":31,"spe":31}},{"name":"Hippowdon","species":"Hippowdon","item":"leftovers","ability":"Sand Stream","moves":["whirlwind","stealthrock","toxic","earthquake"],"nature":"Adamant","evs":{"hp":248,"atk":252,"def":0,"spa":0,"spd":8,"spe":0},"ivs":{"hp":31,"atk":31,"def":31,"spa":31,"spd":31,"spe":31}},{"name":"Gastrodon","species":"Gastrodon","item":"leftovers","ability":"Storm Drain","moves":["earthpower","scald","recover","toxic"],"nature":"Bold","evs":{"hp":248,"atk":0,"def":252,"spa":8,"spd":0,"spe":0},"ivs":{"hp":31,"atk":31,"def":31,"spa":31,"spd":31,"spe":31}},{"name":"Steelix","species":"Steelix","item":"steelixite","ability":"Sturdy","moves":["heavyslam","explosion","rockblast","earthquake"],"nature":"Adamant","evs":{"hp":0,"atk":252,"def":0,"spa":0,"spd":4,"spe":252},"ivs":{"hp":31,"atk":31,"def":31,"spa":31,"spd":31,"spe":31}}],"log":["|player|p1|Alexmoria33|146","|player|p2|Defender of Sinnoh|25","|gametype|singles","|gen|6","|tier|Monotype","|rated","|rule|Baton Pass Clause: Limit one Baton Passer, can't pass Spe and other stats simultaneously","|rule|Swagger Clause: Swagger is banned","|rule|Same Type Clause: Pokémon in a team must share a type","|clearpoke","|poke|p1|Toxicroak, F","|poke|p1|Gengar, F","|poke|p1|Crobat, F","|poke|p1|Venusaur, M","|poke|p1|Dragalge, M","|poke|p1|Drapion, M","|poke|p2|Excadrill, F","|poke|p2|Garchomp, M","|poke|p2|Krookodile, F","|poke|p2|Hippowdon, F","|poke|p2|Gastrodon, F","|poke|p2|Steelix, M","|rule|Sleep Clause Mod: Limit one foe put to sleep","|rule|Species Clause: Limit one of each Pokémon","|rule|OHKO Clause: OHKO moves are banned","|rule|Moody Clause: Moody is banned","|rule|Evasion Moves Clause: Evasion moves are banned","|rule|Endless Battle Clause: Forcing endless battles is banned","|rule|HP Percentage Mod: HP is shown in percentages","|teampreview","|","|start","|switch|p1a: Dragalge|Dragalge, M|333/333","|switch|p2a: Steelix|Steelix, M|291/291","|turn|1","|","|detailschange|p2a: Steelix|Steelix-Mega, M","|-mega|p2a: Steelix|Steelix|Steelixite","|move|p2a: Steelix|Earthquake|p1a: Dragalge","|-supereffective|p1a: Dragalge","|-damage|p1a: Dragalge|0 fnt","|faint|p1a: Dragalge","|","|","|switch|p1a: Gengar|Gengar, F|261/261","|turn|2","|","|move|p1a: Gengar|Substitute|p1a: Gengar","|-start|p1a: Gengar|Substitute","|-damage|p1a: Gengar|196/261","|move|p2a: Steelix|Heavy Slam|p1a: Gengar","|-end|p1a: Gengar|Substitute","|","|-heal|p1a: Gengar|212/261|[from] item: Black Sludge","|turn|3","|","|switch|p1a: Toxicroak|Toxicroak, F|308/308","|move|p2a: Steelix|Rock Blast|p1a: Toxicroak","|-resisted|p1a: Toxicroak","|-damage|p1a: Toxicroak|284/308","|-resisted|p1a: Toxicroak","|-damage|p1a: Toxicroak|262/308","|-resisted|p1a: Toxicroak","|-damage|p1a: Toxicroak|238/308","|-resisted|p1a: Toxicroak","|-damage|p1a: Toxicroak|216/308","|-resisted|p1a: Toxicroak","|-damage|p1a: Toxicroak|194/308","|-hitcount|p1a: Toxicroak|5","|","|turn|4","|","|move|p1a: Toxicroak|Drain Punch|p2a: Steelix","|-supereffective|p2a: Steelix","|-damage|p2a: Steelix|143/291","|-heal|p1a: Toxicroak|268/308|[from] drain|[of] p2a: Steelix","|-damage|p1a: Toxicroak|238/308|[from] item: Life Orb","|move|p2a: Steelix|Earthquake|p1a: Toxicroak","|-supereffective|p1a: Toxicroak","|-damage|p1a: Toxicroak|0 fnt","|faint|p1a: Toxicroak","|","|","|switch|p1a: Venusaur|Venusaur, M|363/363","|turn|5","|","|switch|p1a: Gengar|Gengar, F|212/261","|move|p2a: Steelix|Earthquake|p1a: Gengar","|-immune|p1a: Gengar|[msg]","|","|-heal|p1a: Gengar|228/261|[from] item: Black Sludge","|turn|6","|","|move|p1a: Gengar|Shadow Ball|p2a: Steelix","|-damage|p2a: Steelix|0 fnt","|faint|p2a: Steelix","|","|-heal|p1a: Gengar|244/261|[from] item: Black Sludge","|","|switch|p2a: Krookodile|Krookodile, F|331/331","|turn|7","|","|switch|p1a: Drapion|Drapion, M|343/343","|-item|p1a: Drapion|Air Balloon","|move|p2a: Krookodile|Crunch|p1a: Drapion","|-resisted|p1a: Drapion","|-damage|p1a: Drapion|277/343","|-enditem|p1a: Drapion|Air Balloon","|-unboost|p1a: Drapion|def|1","|","|turn|8","|","|switch|p2a: Hippowdon|Hippowdon, F|419/419","|-weather|Sandstorm","|switch|p1a: Crobat|Crobat, F|374/374","|","|-weather|Sandstorm|[upkeep]","|-damage|p1a: Crobat|351/374|[from] sandstorm","|turn|9","|","|switch|p1a: Venusaur|Venusaur, M|363/363","|move|p2a: Hippowdon|Stealth Rock|p1a: Venusaur","|-sidestart|p1: Alexmoria33|move: Stealth Rock","|","|-weather|Sandstorm|[upkeep]","|-damage|p1a: Venusaur|341/363|[from] sandstorm","|turn|10","|","|detailschange|p1a: Venusaur|Venusaur-Mega, M","|-mega|p1a: Venusaur|Venusaur|Venusaurite","|move|p1a: Venusaur|Giga Drain|p2a: Hippowdon","|-supereffective|p2a: Hippowdon","|-damage|p2a: Hippowdon|23/419","|-heal|p1a: Venusaur|363/363|[from] drain|[of] p2a: Hippowdon","|move|p2a: Hippowdon|Whirlwind|p1a: Venusaur","|drag|p1a: Gengar|Gengar, F|244/261","|-damage|p1a: Gengar|212/261|[from] Stealth Rock","|","|-weather|Sandstorm|[upkeep]","|-damage|p1a: Gengar|196/261|[from] sandstorm","|-heal|p1a: Gengar|212/261|[from] item: Black Sludge","|-heal|p2a: Hippowdon|49/419|[from] item: Leftovers","|turn|11","|","|move|p1a: Gengar|Shadow Ball|p2a: Hippowdon","|-damage|p2a: Hippowdon|0 fnt","|faint|p2a: Hippowdon","|","|-weather|Sandstorm|[upkeep]","|-damage|p1a: Gengar|196/261|[from] sandstorm","|-heal|p1a: Gengar|212/261|[from] item: Black Sludge","|","|switch|p2a: Garchomp|Garchomp, M|357/357","|turn|12","|","|switch|p1a: Venusaur|Venusaur-Mega, M|363/363","|-damage|p1a: Venusaur|318/363|[from] Stealth Rock","|move|p2a: Garchomp|Dragon Claw|p1a: Venusaur","|-damage|p1a: Venusaur|200/363","|","|-weather|none","|turn|13","|","|move|p2a: Garchomp|Swords Dance|p2a: Garchomp","|-boost|p2a: Garchomp|atk|2","|move|p1a: Venusaur|Giga Drain|p2a: Garchomp","|-damage|p2a: Garchomp|197/357","|-heal|p1a: Venusaur|280/363|[from] drain|[of] p2a: Garchomp","|","|turn|14","|","|move|p2a: Garchomp|Earthquake|p1a: Venusaur","|-damage|p1a: Venusaur|0 fnt","|faint|p1a: Venusaur","|","|","|switch|p1a: Gengar|Gengar, F|212/261","|-damage|p1a: Gengar|180/261|[from] Stealth Rock","|turn|15","|","|move|p1a: Gengar|Dazzling Gleam|p2a: Garchomp","|-supereffective|p2a: Garchomp","|-damage|p2a: Garchomp|0 fnt","|faint|p2a: Garchomp","|","|-heal|p1a: Gengar|196/261|[from] item: Black Sludge","|","|switch|p2a: Krookodile|Krookodile, F|331/331","|turn|16","|","|switch|p1a: Drapion|Drapion, M|277/343","|-damage|p1a: Drapion|235/343|[from] Stealth Rock","|move|p2a: Krookodile|Earthquake|p1a: Drapion","|-supereffective|p1a: Drapion","|-damage|p1a: Drapion|0 fnt","|faint|p1a: Drapion","|-boost|p2a: Krookodile|atk|1|[from] ability: Moxie","|","|","|switch|p1a: Gengar|Gengar, F|196/261","|-damage|p1a: Gengar|164/261|[from] Stealth Rock","|turn|17","|","|switch|p2a: Gastrodon|Gastrodon, F|425/425","|move|p1a: Gengar|Substitute|p1a: Gengar","|-start|p1a: Gengar|Substitute","|-damage|p1a: Gengar|99/261","|","|-heal|p1a: Gengar|115/261|[from] item: Black Sludge","|turn|18","|","|move|p1a: Gengar|Shadow Ball|p2a: Gastrodon","|-damage|p2a: Gastrodon|242/425","|-unboost|p2a: Gastrodon|spd|1","|move|p2a: Gastrodon|Scald|p1a: Gengar","|-end|p1a: Gengar|Substitute","|","|-heal|p1a: Gengar|131/261|[from] item: Black Sludge","|-heal|p2a: Gastrodon|268/425|[from] item: Leftovers","|turn|19","|","|move|p1a: Gengar|Disable|p2a: Gastrodon","|-start|p2a: Gastrodon|Disable|Scald","|cant|p2a: Gastrodon|Disable|Scald","|","|-heal|p1a: Gengar|147/261|[from] item: Black Sludge","|-heal|p2a: Gastrodon|294/425|[from] item: Leftovers","|turn|20","|","|switch|p2a: Krookodile|Krookodile, F|331/331","|move|p1a: Gengar|Shadow Ball|p2a: Krookodile","|-resisted|p2a: Krookodile","|-damage|p2a: Krookodile|230/331","|-unboost|p2a: Krookodile|spd|1","|","|-heal|p1a: Gengar|163/261|[from] item: Black Sludge","|turn|21","|","|move|p2a: Krookodile|Crunch|p1a: Gengar","|-supereffective|p1a: Gengar","|-damage|p1a: Gengar|0 fnt","|faint|p1a: Gengar","|-boost|p2a: Krookodile|atk|1|[from] ability: Moxie","|","|","|switch|p1a: Crobat|Crobat, F|351/374","|-damage|p1a: Crobat|258/374|[from] Stealth Rock","|turn|22","|","|move|p2a: Krookodile|Crunch|p1a: Crobat","|-damage|p1a: Crobat|0 fnt","|faint|p1a: Crobat","|-boost|p2a: Krookodile|atk|1|[from] ability: Moxie","|","|win|Defender of Sinnoh"],"p1rating":{"entryid":"6866055","serverid":"eos","formatid":"monotype","userid":"alexmoria33","username":"Alexmoria33","w":"3","l":19,"t":"0","gxe":23.3,"r":"1287.4332838807","rd":"73.541456042442","sigma":"0","rptime":"1438160400","rpr":1271.070200908,"rprd":71.177819500038,"rpsigma":"0","acre":1019.353971744,"lacre":1019.353971744,"oldacre":"1030.2813980654"},"p2rating":{"entryid":"6083148","serverid":"eos","formatid":"monotype","userid":"defenderofsinnoh","username":"Defender Of Sinnoh","w":27,"l":"42","t":"0","gxe":40,"r":"1404.4304529194","rd":"48.019117152128","sigma":"0","rptime":"1438160400","rpr":1423.2867436871,"rprd":46.930687559505,"rpsigma":"0","acre":1137.2775194428,"lacre":1137.2775194428,"oldacre":"1118.4918146918"},"endType":"normal"}