{"seed":[7486,34018,4041,57142],"turns":27,"p1":"Alliance ♋ akaFila","p2":"GTX♅Bzumzum","p1team":[{"name":"Hoopa-Unbound","species":"Hoopa-Unbound","item":"choiceband","ability":"Magician","moves":["hyperspacefury","facade","icepunch","drainpunch"],"nature":"Adamant","evs":{"hp":248,"atk":252,"def":0,"spa":0,"spd":8,"spe":0},"ivs":{"hp":31,"atk":31,"def":31,"spa":31,"spd":31,"spe":31}},{"name":"Sharpedo","species":"Sharpedo","item":"lifeorb","ability":"Speed Boost","moves":["hydropump","darkpulse","destinybond","protect"],"nature":"Modest","evs":{"hp":0,"atk":0,"def":0,"spa":252,"spd":4,"spe":252},"ivs":{"hp":31,"atk":31,"def":31,"spa":31,"spd":31,"spe":31}},{"name":"Pangoro","species":"Pangoro","item":"choicescarf","ability":"Iron Fist","moves":["drainpunch","knockoff","earthquake","partingshot"],"nature":"Jolly","evs":{"hp":0,"atk":252,"def":0,"spa":0,"spd":4,"spe":252},"ivs":{"hp":31,"atk":31,"def":31,"spa":31,"spd":31,"spe":31}},{"name":"Mandibuzz","species":"Mandibuzz","item":"rockyhelmet","ability":"Overcoat","moves":["foulplay","toxic","roost","defog"],"nature":"Bold","evs":{"hp":248,"atk":0,"def":252,"spa":0,"spd":8,"spe":0},"ivs":{"hp":31,"atk":31,"def":31,"spa":31,"spd":31,"spe":31}},{"name":"Tyranitar","species":"Tyranitar","item":"assaultvest","ability":"Sand Stream","moves":["crunch","earthquake","stoneedge","fireblast"],"nature":"Sassy","evs":{"hp":252,"atk":0,"def":6,"spa":0,"spd":252,"spe":0},"ivs":{"hp":31,"atk":31,"def":31,"spa":31,"spd":31,"spe":31}},{"name":"Bisharp","species":"Bisharp","item":"focussash","ability":"Defiant","moves":["swordsdance","knockoff","ironhead","suckerpunch"],"nature":"Adamant","evs":{"hp":248,"atk":252,"def":0,"spa":0,"spd":8,"spe":0},"ivs":{"hp":31,"atk":31,"def":31,"spa":31,"spd":31,"spe":31}}],"p2team":[{"name":"Blue Eggey","species":"azumarill","item":"leftovers","ability":"Sap Sipper","moves":["aquajet","perishsong","playrough","waterfall"],"nature":"Impish","evs":{"hp":8,"atk":248,"def":0,"spa":0,"spd":0,"spe":252},"gender":"M","ivs":{"hp":31,"atk":31,"def":31,"spa":31,"spd":31,"spe":31}},{"name":"Big-Mouth","species":"gyarados","item":"kingsrock","ability":"Intimidate","moves":["dragondance","bounce","waterfall","earthquake"],"nature":"Jolly","evs":{"hp":4,"atk":252,"def":0,"spa":0,"spd":0,"spe":252},"gender":"M","shiny":true,"ivs":{"hp":31,"atk":31,"def":31,"spa":31,"spd":31,"spe":31}},{"name":"Watch-me-Sweep","species":"rotomwash","item":"redcard","ability":"Levitate","moves":["hydropump","willowisp","voltswitch","thunder"],"nature":"Timid","evs":{"hp":196,"atk":0,"def":0,"spa":60,"spd":252,"spe":0},"shiny":true,"ivs":{"hp":31,"atk":31,"def":31,"spa":31,"spd":31,"spe":31}},{"name":"Wish upon Me","species":"starmie","item":"leftovers","ability":"Natural Cure","moves":["flashcannon","icebeam","rapidspin","recover"],"nature":"Modest","evs":{"hp":252,"atk":0,"def":12,"spa":220,"spd":24,"spe":0},"shiny":true,"ivs":{"hp":31,"atk":31,"def":31,"spa":31,"spd":31,"spe":31}},{"name":"WHAT-A-BLAST!!!","species":"blastoise","item":"blastoisinite","ability":"Rain Dish","moves":["hydropump","aurasphere","dragonpulse","signalbeam"],"nature":"Timid","evs":{"hp":248,"atk":0,"def":0,"spa":252,"spd":8,"spe":0},"gender":"M","shiny":true,"ivs":{"hp":31,"atk":31,"def":31,"spa":31,"spd":31,"spe":31}},{"name":"Sharpest Fish","species":"sharpedo","item":"focussash","ability":"Speed Boost","moves":["aquajet","earthquake","icefang","protect"],"nature":"Adamant","evs":{"hp":4,"atk":252,"def":0,"spa":0,"spd":0,"spe":252},"gender":"M","shiny":true,"ivs":{"hp":31,"atk":31,"def":31,"spa":31,"spd":31,"spe":31}}],"log":["|player|p1|Alliance ♋ akaFila|allianceakafila.gif","|player|p2|GTX♅Bzumzum|225","|gametype|singles","|gen|6","|tier|Monotype","|rated","|rule|Baton Pass Clause: Limit one Baton Passer, can't pass Spe and other stats simultaneously","|rule|Swagger Clause: Swagger is banned","|rule|Same Type Clause: Pokémon in a team must share a type","|clearpoke","|poke|p1|Hoopa-Unbound","|poke|p1|Sharpedo, F","|poke|p1|Pangoro, F","|poke|p1|Mandibuzz, F","|poke|p1|Tyranitar, M","|poke|p1|Bisharp, M","|poke|p2|Azumarill, M","|poke|p2|Gyarados, M, shiny","|poke|p2|Rotom-Wash, shiny","|poke|p2|Starmie, shiny","|poke|p2|Blastoise, M, shiny","|poke|p2|Sharpedo, M, shiny","|rule|Sleep Clause Mod: Limit one foe put to sleep","|rule|Species Clause: Limit one of each Pokémon","|rule|OHKO Clause: OHKO moves are banned","|rule|Moody Clause: Moody is banned","|rule|Evasion Moves Clause: Evasion moves are banned","|rule|Endless Battle Clause: Forcing endless battles is banned","|rule|HP Percentage Mod: HP is shown in percentages","|teampreview","|","|start","|switch|p1a: Pangoro|Pangoro, F|331/331","|switch|p2a: Big-Mouth|Gyarados, M, shiny|332/332","|-ability|p2a: Big-Mouth|Intimidate","|-unboost|p1a: Pangoro|atk|1","|turn|1","|","|move|p1a: Pangoro|Parting Shot|p2a: Big-Mouth","|-unboost|p2a: Big-Mouth|atk|1","|-unboost|p2a: Big-Mouth|spa|1","|","|switch|p1a: Mandibuzz|Mandibuzz, F|423/423","|move|p2a: Big-Mouth|Dragon Dance|p2a: Big-Mouth","|-boost|p2a: Big-Mouth|atk|1","|-boost|p2a: Big-Mouth|spe|1","|","|turn|2","|","|move|p2a: Big-Mouth|Bounce|p1a: Mandibuzz|[still]","|-prepare|p2a: Big-Mouth|Bounce|p1a: Mandibuzz","|move|p1a: Mandibuzz|Foul Play|p2a: Big-Mouth|[miss]","|-miss|p1a: Mandibuzz|p2a: Big-Mouth","|","|turn|3","|","|move|p2a: Big-Mouth|Bounce|p1a: Mandibuzz","|-damage|p1a: Mandibuzz|327/423","|-damage|p2a: Big-Mouth|277/332|[from] item: Rocky Helmet|[of] p1a: Mandibuzz","|move|p1a: Mandibuzz|Foul Play|p2a: Big-Mouth","|-damage|p2a: Big-Mouth|63/332","|","|turn|4","|","|move|p2a: Big-Mouth|Waterfall|p1a: Mandibuzz","|-damage|p1a: Mandibuzz|233/423","|-damage|p2a: Big-Mouth|8/332|[from] item: Rocky Helmet|[of] p1a: Mandibuzz","|cant|p1a: Mandibuzz|flinch","|","|turn|5","|","|switch|p2a: Wish upon Me|Starmie, shiny|324/324","|move|p1a: Mandibuzz|Roost|p1a: Mandibuzz","|-heal|p1a: Mandibuzz|423/423","|","|turn|6","|","|switch|p1a: Sharpedo|Sharpedo, F|281/281","|move|p2a: Wish upon Me|Ice Beam|p1a: Sharpedo","|-resisted|p1a: Sharpedo","|-damage|p1a: Sharpedo|177/281","|","|turn|7","|","|switch|p2a: Big-Mouth|Gyarados, M, shiny|8/332","|-ability|p2a: Big-Mouth|Intimidate","|-unboost|p1a: Sharpedo|atk|1","|move|p1a: Sharpedo|Protect|p1a: Sharpedo","|-fail|p1a: Sharpedo","|","|-boost|p1a: Sharpedo|spe|1|[from] ability: Speed Boost","|turn|8","|","|move|p1a: Sharpedo|Dark Pulse|p2a: Big-Mouth","|-damage|p2a: Big-Mouth|0 fnt","|-damage|p1a: Sharpedo|149/281|[from] item: Life Orb","|faint|p2a: Big-Mouth","|","|-boost|p1a: Sharpedo|spe|1|[from] ability: Speed Boost","|","|switch|p2a: Blue Eggey|Azumarill, M|343/343","|turn|9","|","|move|p1a: Sharpedo|Destiny Bond|p1a: Sharpedo","|-singlemove|p1a: Sharpedo|Destiny Bond","|move|p2a: Blue Eggey|Play Rough|p1a: Sharpedo","|-supereffective|p1a: Sharpedo","|-damage|p1a: Sharpedo|0 fnt","|faint|p1a: Sharpedo","|-activate|p1a: Sharpedo|Destiny Bond","|faint|p2a: Blue Eggey","|","|","|switch|p2a: Sharpest Fish|Sharpedo, M, shiny|282/282","|switch|p1a: Pangoro|Pangoro, F|331/331","|turn|10","|","|move|p2a: Sharpest Fish|Protect|p2a: Sharpest Fish","|-singleturn|p2a: Sharpest Fish|Protect","|move|p1a: Pangoro|Drain Punch|p2a: Sharpest Fish","|-activate|p2a: Sharpest Fish|Protect","|","|-boost|p2a: Sharpest Fish|spe|1|[from] ability: Speed Boost","|turn|11","|","|move|p2a: Sharpest Fish|Aqua Jet|p1a: Pangoro","|-damage|p1a: Pangoro|238/331","|move|p1a: Pangoro|Drain Punch|p2a: Sharpest Fish","|-supereffective|p2a: Sharpest Fish","|-enditem|p2a: Sharpest Fish|Focus Sash","|-damage|p2a: Sharpest Fish|1/282","|-heal|p1a: Pangoro|331/331|[from] drain|[of] p2a: Sharpest Fish","|","|-boost|p2a: Sharpest Fish|spe|1|[from] ability: Speed Boost","|turn|12","|","|move|p2a: Sharpest Fish|Earthquake|p1a: Pangoro","|-damage|p1a: Pangoro|192/331","|move|p1a: Pangoro|Drain Punch|p2a: Sharpest Fish","|-supereffective|p2a: Sharpest Fish","|-damage|p2a: Sharpest Fish|0 fnt","|-heal|p1a: Pangoro|193/331|[from] drain|[of] p2a: Sharpest Fish","|faint|p2a: Sharpest Fish","|","|","|switch|p2a: Watch-me-Sweep|Rotom-Wash, shiny|290/290","|turn|13","|","|move|p1a: Pangoro|Drain Punch|p2a: Watch-me-Sweep","|-damage|p2a: Watch-me-Sweep|134/290","|-heal|p1a: Pangoro|271/331|[from] drain|[of] p2a: Watch-me-Sweep","|-enditem|p2a: Watch-me-Sweep|Red Card|[of] p1a: Pangoro","|drag|p1a: Bisharp|Bisharp, M|333/333","|move|p2a: Watch-me-Sweep|Thunder|p1a: Bisharp|[miss]","|-miss|p2a: Watch-me-Sweep|p1a: Bisharp","|","|turn|14","|","|move|p2a: Watch-me-Sweep|Will-O-Wisp|p1a: Bisharp","|-status|p1a: Bisharp|brn","|move|p1a: Bisharp|Swords Dance|p1a: Bisharp","|-boost|p1a: Bisharp|atk|2","|","|-damage|p1a: Bisharp|292/333 brn|[from] brn","|turn|15","|","|move|p1a: Bisharp|Sucker Punch|p2a: Watch-me-Sweep","|-damage|p2a: Watch-me-Sweep|0 fnt","|faint|p2a: Watch-me-Sweep","|","|-damage|p1a: Bisharp|251/333 brn|[from] brn","|","|switch|p2a: WHAT-A-BLAST!!!|Blastoise, M, shiny|361/361","|turn|16","|","|switch|p2a: Wish upon Me|Starmie, shiny|324/324","|move|p1a: Bisharp|Sucker Punch|p2a: Wish upon Me","|-fail|p1a: Bisharp","|","|-damage|p1a: Bisharp|210/333 brn|[from] brn","|turn|17","|","|move|p1a: Bisharp|Sucker Punch|p2a: Wish upon Me","|-fail|p1a: Bisharp","|move|p2a: Wish upon Me|Recover|p2a: Wish upon Me","|-fail|p2a: Wish upon Me","|","|-damage|p1a: Bisharp|169/333 brn|[from] brn","|turn|18","|","|move|p1a: Bisharp|Sucker Punch|p2a: Wish upon Me","|-fail|p1a: Bisharp","|move|p2a: Wish upon Me|Recover|p2a: Wish upon Me","|-fail|p2a: Wish upon Me","|","|-damage|p1a: Bisharp|128/333 brn|[from] brn","|turn|19","|","|switch|p2a: WHAT-A-BLAST!!!|Blastoise, M, shiny|361/361","|move|p1a: Bisharp|Sucker Punch|p2a: WHAT-A-BLAST!!!","|-fail|p1a: Bisharp","|","|-damage|p1a: Bisharp|87/333 brn|[from] brn","|turn|20","|","|switch|p2a: Wish upon Me|Starmie, shiny|324/324","|move|p1a: Bisharp|Sucker Punch|p2a: Wish upon Me","|-fail|p1a: Bisharp","|","|-damage|p1a: Bisharp|46/333 brn|[from] brn","|turn|21","|","|switch|p2a: WHAT-A-BLAST!!!|Blastoise, M, shiny|361/361","|move|p1a: Bisharp|Knock Off|p2a: WHAT-A-BLAST!!!","|-damage|p2a: WHAT-A-BLAST!!!|233/361","|","|-damage|p1a: Bisharp|5/333 brn|[from] brn","|turn|22","|","|detailschange|p2a: WHAT-A-BLAST!!!|Blastoise-Mega, M, shiny","|-mega|p2a: WHAT-A-BLAST!!!|Blastoise|Blastoisinite","|move|p1a: Bisharp|Sucker Punch|p2a: WHAT-A-BLAST!!!","|-damage|p2a: WHAT-A-BLAST!!!|95/361","|move|p2a: WHAT-A-BLAST!!!|Signal Beam|p1a: Bisharp","|-damage|p1a: Bisharp|0 fnt","|faint|p1a: Bisharp","|","|","|switch|p1a: Hoopa-Unbound|Hoopa-Unbound|363/363","|turn|23","|","|move|p2a: WHAT-A-BLAST!!!|Signal Beam|p1a: Hoopa-Unbound","|-supereffective|p1a: Hoopa-Unbound","|-damage|p1a: Hoopa-Unbound|51/363","|move|p1a: Hoopa-Unbound|Drain Punch|p2a: WHAT-A-BLAST!!!","|-crit|p2a: WHAT-A-BLAST!!!","|-damage|p2a: WHAT-A-BLAST!!!|0 fnt","|-heal|p1a: Hoopa-Unbound|99/363|[from] drain|[of] p2a: WHAT-A-BLAST!!!","|faint|p2a: WHAT-A-BLAST!!!","|","|","|switch|p2a: Wish upon Me|Starmie, shiny|324/324","|turn|24","|","|move|p2a: Wish upon Me|Flash Cannon|p1a: Hoopa-Unbound","|-damage|p1a: Hoopa-Unbound|34/363","|move|p1a: Hoopa-Unbound|Drain Punch|p2a: Wish upon Me","|-resisted|p2a: Wish upon Me","|-damage|p2a: Wish upon Me|222/324","|-heal|p1a: Hoopa-Unbound|85/363|[from] drain|[of] p2a: Wish upon Me","|","|-heal|p2a: Wish upon Me|242/324|[from] item: Leftovers","|turn|25","|","|move|p2a: Wish upon Me|Ice Beam|p1a: Hoopa-Unbound","|-damage|p1a: Hoopa-Unbound|7/363","|move|p1a: Hoopa-Unbound|Drain Punch|p2a: Wish upon Me","|-resisted|p2a: Wish upon Me","|-damage|p2a: Wish upon Me|149/324","|-heal|p1a: Hoopa-Unbound|54/363|[from] drain|[of] p2a: Wish upon Me","|","|-heal|p2a: Wish upon Me|169/324|[from] item: Leftovers","|turn|26","|","|switch|p1a: Tyranitar|Tyranitar, M|404/404","|-weather|Sandstorm","|move|p2a: Wish upon Me|Ice Beam|p1a: Tyranitar","|-damage|p1a: Tyranitar|373/404","|","|-weather|Sandstorm|[upkeep]","|-damage|p2a: Wish upon Me|149/324|[from] sandstorm","|-heal|p2a: Wish upon Me|169/324|[from] item: Leftovers","|turn|27","|","|move|p2a: Wish upon Me|Flash Cannon|p1a: Tyranitar","|-supereffective|p1a: Tyranitar","|-damage|p1a: Tyranitar|317/404","|move|p1a: Tyranitar|Crunch|p2a: Wish upon Me","|-supereffective|p2a: Wish upon Me","|-damage|p2a: Wish upon Me|0 fnt","|faint|p2a: Wish upon Me","|","|win|Alliance ♋ akaFila"],"p1rating":{"entryid":"6670496","serverid":"eos","formatid":"monotype","userid":"allianceakafila","username":"Alliance ♋ akaFila","w":11,"l":"17","t":"0","gxe":39.9,"r":"1415.1205030122","rd":"66.26746693982","sigma":"0","rptime":"1438160400","rpr":1421.9227441891,"rprd":65.336203776573,"rpsigma":"0","acre":1162.7458024484,"lacre":1162.7458024484,"oldacre":"1142.2518215946"},"p2rating":{"entryid":"6857825","serverid":"eos","formatid":"monotype","userid":"gtxbzumzum","username":"GTX♅Bzumzum","w":"13","l":59,"t":"0","gxe":21.3,"r":"1249.0890443318","rd":"45.899885728111","sigma":"0","rptime":"1438160400","rpr":1252.7436699411,"rprd":45.147539794811,"rpsigma":"0","acre":1061.0339757895,"lacre":1061.0339757895,"oldacre":"1078.9381040947"},"endType":"normal"}