{"seed":[14084,5069,27396,44553],"turns":21,"p1":"MasterrSage.","p2":"A44트레이너","p1team":[{"name":"Ludicolo","species":"Ludicolo","item":"leftovers","ability":"Swift Swim","moves":["teeterdance","scald","icebeam","gigadrain"],"nature":"Modest","evs":{"hp":0,"atk":0,"def":0,"spa":252,"spd":4,"spe":252},"shiny":true,"ivs":{"hp":31,"atk":31,"def":31,"spa":31,"spd":31,"spe":31}},{"name":"Azumarill","species":"Azumarill","item":"sitrusberry","ability":"Huge Power","moves":["aquajet","playrough","bellydrum","knockoff"],"nature":"Adamant","evs":{"hp":252,"atk":252,"def":0,"spa":0,"spd":4,"spe":0},"ivs":{"hp":31,"atk":31,"def":31,"spa":31,"spd":31,"spe":31}},{"name":"Swampert","species":"Swampert","item":"swampertite","ability":"Damp","moves":["superpower","waterfall","earthquake","icepunch"],"nature":"Adamant","evs":{"hp":248,"atk":252,"def":0,"spa":0,"spd":8,"spe":0},"ivs":{"hp":31,"atk":31,"def":31,"spa":31,"spd":31,"spe":31}},{"name":"Milotic","species":"Milotic","item":"leftovers","ability":"Competitive","moves":["scald","icebeam","raindance","toxic"],"nature":"Bold","evs":{"hp":252,"atk":0,"def":252,"spa":4,"spd":0,"spe":0},"shiny":true,"ivs":{"hp":31,"atk":31,"def":31,"spa":31,"spd":31,"spe":31}},{"name":"Politoed","species":"Politoed","item":"widelens","ability":"Drizzle","moves":["icebeam","surf","hypnosis","perishsong"],"nature":"Modest","evs":{"hp":252,"atk":0,"def":0,"spa":252,"spd":4,"spe":0},"shiny":true,"ivs":{"hp":31,"atk":31,"def":31,"spa":31,"spd":31,"spe":31}},{"name":"Seismitoad","species":"Seismitoad","item":"wiseglasses","ability":"Water Absorb","moves":["sludgewave","surf","grassknot","earthpower"],"nature":"Modest","evs":{"hp":0,"atk":0,"def":0,"spa":252,"spd":4,"spe":252},"shiny":true,"ivs":{"hp":31,"atk":31,"def":31,"spa":31,"spd":31,"spe":31}}],"p2team":[{"name":"キュレム","species":"kyuremblack","item":"powerherb","ability":"Teravolt","moves":["freezeshock","fusionbolt","outrage","dracometeor"],"nature":"Naive","evs":{"hp":0,"atk":252,"def":0,"spa":60,"spd":0,"spe":196},"shiny":true,"ivs":{"hp":31,"atk":31,"def":31,"spa":31,"spd":31,"spe":31}},{"name":"サザンドラ","species":"hydreigon","item":"lifeorb","ability":"Levitate","moves":["darkpulse","flamethrower","dracometeor","flashcannon"],"nature":"Timid","evs":{"hp":4,"atk":0,"def":0,"spa":252,"spd":0,"spe":252},"shiny":true,"ivs":{"hp":31,"atk":31,"def":31,"spa":31,"spd":31,"spe":31}},{"name":"ガブリアス","species":"garchomp","item":"rockyhelmet","ability":"Rough Skin","moves":["stealthrock","earthquake","dragontail","endure"],"nature":"Impish","evs":{"hp":252,"atk":0,"def":232,"spa":0,"spd":24,"spe":0},"ivs":{"hp":31,"atk":31,"def":31,"spa":31,"spd":31,"spe":31}},{"name":"ラティオス","species":"latios","item":"choicescarf","ability":"Levitate","moves":["trick","dragonpulse","psyshock","thunderbolt"],"nature":"Timid","evs":{"hp":0,"atk":0,"def":4,"spa":252,"spd":0,"spe":252},"ivs":{"hp":31,"atk":30,"def":31,"spa":30,"spd":31,"spe":30},"shiny":true},{"name":"ボーマンダ","species":"salamence","item":"choicescarf","ability":"Moxie","moves":["outrage","aerialace","steelwing","earthquake"],"nature":"Jolly","evs":{"hp":0,"atk":252,"def":4,"spa":0,"spd":0,"spe":252},"ivs":{"hp":31,"atk":31,"def":31,"spa":31,"spd":31,"spe":31}},{"name":"チルタリス","species":"altaria","item":"altarianite","ability":"Natural Cure","moves":["agility","hypervoice","fireblast","hiddenpowerground"],"nature":"Modest","evs":{"hp":0,"atk":0,"def":4,"spa":252,"spd":0,"spe":252},"ivs":{"hp":31,"atk":31,"def":31,"spa":30,"spd":30,"spe":31},"happiness":0}],"log":["|player|p1|MasterrSage.|154","|player|p2|A44트레이너|alliancewutang.png","|gametype|singles","|gen|6","|tier|Monotype","|rated","|rule|Baton Pass Clause: Limit one Baton Passer, can't pass Spe and other stats simultaneously","|rule|Swagger Clause: Swagger is banned","|rule|Same Type Clause: Pokémon in a team must share a type","|clearpoke","|poke|p1|Ludicolo, F, shiny","|poke|p1|Azumarill, F","|poke|p1|Swampert, M","|poke|p1|Milotic, F, shiny","|poke|p1|Politoed, M, shiny","|poke|p1|Seismitoad, F, shiny","|poke|p2|Kyurem-Black, shiny","|poke|p2|Hydreigon, F, shiny","|poke|p2|Garchomp, F","|poke|p2|Latios, M, shiny","|poke|p2|Salamence, F","|poke|p2|Altaria, F","|rule|Sleep Clause Mod: Limit one foe put to sleep","|rule|Species Clause: Limit one of each Pokémon","|rule|OHKO Clause: OHKO moves are banned","|rule|Moody Clause: Moody is banned","|rule|Evasion Moves Clause: Evasion moves are banned","|rule|Endless Battle Clause: Forcing endless battles is banned","|rule|HP Percentage Mod: HP is shown in percentages","|teampreview","|","|start","|switch|p1a: Milotic|Milotic, F, shiny|394/394","|switch|p2a: キュレム|Kyurem-Black, shiny|391/391","|-ability|p2a: キュレム|Teravolt","|turn|1","|","|switch|p1a: Swampert|Swampert, M|403/403","|move|p2a: キュレム|Fusion Bolt|p1a: Swampert","|-immune|p1a: Swampert|[msg]","|","|turn|2","|","|detailschange|p1a: Swampert|Swampert-Mega, M","|-mega|p1a: Swampert|Swampert|Swampertite","|move|p2a: キュレム|Freeze Shock|p1a: Swampert|[still]|[miss]","|-prepare|p2a: キュレム|Freeze Shock|p1a: Swampert","|-enditem|p2a: キュレム|Power Herb","|-anim|p2a: キュレム|Freeze Shock|p1a: Swampert","|-miss|p2a: キュレム|p1a: Swampert","|move|p1a: Swampert|Ice Punch|p2a: キュレム","|-crit|p2a: キュレム","|-damage|p2a: キュレム|236/391","|","|turn|3","|","|move|p2a: キュレム|Draco Meteor|p1a: Swampert","|-damage|p1a: Swampert|238/403","|-unboost|p2a: キュレム|spa|2","|move|p1a: Swampert|Superpower|p2a: キュレム","|-supereffective|p2a: キュレム","|-damage|p2a: キュレム|0 fnt","|-unboost|p1a: Swampert|atk|1","|-unboost|p1a: Swampert|def|1","|faint|p2a: キュレム","|","|","|switch|p2a: ラティオス|Latios, M, shiny|301/301","|turn|4","|","|switch|p1a: Politoed|Politoed, M, shiny|384/384","|-weather|RainDance","|move|p2a: ラティオス|Psyshock|p1a: Politoed","|-damage|p1a: Politoed|216/384","|","|-weather|RainDance|[upkeep]","|turn|5","|","|move|p2a: ラティオス|Psyshock|p1a: Politoed","|-damage|p1a: Politoed|20/384","|move|p1a: Politoed|Ice Beam|p2a: ラティオス","|-crit|p2a: ラティオス","|-supereffective|p2a: ラティオス","|-damage|p2a: ラティオス|29/301","|","|-weather|RainDance|[upkeep]","|turn|6","|","|switch|p1a: Milotic|Milotic, F, shiny|394/394","|move|p2a: ラティオス|Psyshock|p1a: Milotic","|-damage|p1a: Milotic|265/394","|","|-weather|RainDance|[upkeep]","|-heal|p1a: Milotic|289/394|[from] item: Leftovers","|turn|7","|","|move|p2a: ラティオス|Psyshock|p1a: Milotic","|-damage|p1a: Milotic|178/394","|move|p1a: Milotic|Ice Beam|p2a: ラティオス","|-supereffective|p2a: ラティオス","|-damage|p2a: ラティオス|0 fnt","|faint|p2a: ラティオス","|","|-weather|RainDance|[upkeep]","|-heal|p1a: Milotic|202/394|[from] item: Leftovers","|","|switch|p2a: サザンドラ|Hydreigon, F, shiny|326/326","|turn|8","|","|switch|p1a: Azumarill|Azumarill, F|404/404","|move|p2a: サザンドラ|Draco Meteor|p1a: Azumarill","|-immune|p1a: Azumarill|[msg]","|","|-weather|none","|turn|9","|","|switch|p2a: ガブリアス|Garchomp, F|420/420","|move|p1a: Azumarill|Play Rough|p2a: ガブリアス","|-supereffective|p2a: ガブリアス","|-damage|p2a: ガブリアス|124/420","|-damage|p1a: Azumarill|354/404|[from] ability: Rough Skin|[of] p2a: ガブリアス","|-damage|p1a: Azumarill|287/404|[from] item: Rocky Helmet|[of] p2a: ガブリアス","|-unboost|p2a: ガブリアス|atk|1","|","|turn|10","|","|move|p1a: Azumarill|Aqua Jet|p2a: ガブリアス","|-damage|p2a: ガブリアス|60/420","|-damage|p1a: Azumarill|237/404|[from] ability: Rough Skin|[of] p2a: ガブリアス","|-damage|p1a: Azumarill|170/404|[from] item: Rocky Helmet|[of] p2a: ガブリアス","|-enditem|p1a: Azumarill|Sitrus Berry|[eat]","|-heal|p1a: Azumarill|271/404|[from] item: Sitrus Berry","|move|p2a: ガブリアス|Stealth Rock|p1a: Azumarill","|-sidestart|p1: MasterrSage.|move: Stealth Rock","|","|turn|11","|","|move|p2a: ガブリアス|Earthquake|p1a: Azumarill","|-damage|p1a: Azumarill|144/404","|move|p1a: Azumarill|Belly Drum|p1a: Azumarill","|-fail|p1a: Azumarill","|","|turn|12","|","|move|p1a: Azumarill|Aqua Jet|p2a: ガブリアス","|-damage|p2a: ガブリアス|0 fnt","|-damage|p1a: Azumarill|94/404|[from] ability: Rough Skin|[of] p2a: ガブリアス","|-damage|p1a: Azumarill|27/404|[from] item: Rocky Helmet|[of] p2a: ガブリアス","|faint|p2a: ガブリアス","|","|","|switch|p2a: ボーマンダ|Salamence, F|331/331","|turn|13","|","|move|p1a: Azumarill|Aqua Jet|p2a: ボーマンダ","|-resisted|p2a: ボーマンダ","|-damage|p2a: ボーマンダ|277/331","|move|p2a: ボーマンダ|Aerial Ace|p1a: Azumarill","|-crit|p1a: Azumarill","|-damage|p1a: Azumarill|0 fnt","|faint|p1a: Azumarill","|-boost|p2a: ボーマンダ|atk|1|[from] ability: Moxie","|","|","|switch|p1a: Politoed|Politoed, M, shiny|20/384","|-damage|p1a: Politoed|0 fnt|[from] Stealth Rock","|faint|p1a: Politoed","|","|switch|p1a: Milotic|Milotic, F, shiny|202/394","|-damage|p1a: Milotic|153/394|[from] Stealth Rock","|turn|14","|","|switch|p2a: サザンドラ|Hydreigon, F, shiny|326/326","|move|p1a: Milotic|Rain Dance|p1a: Milotic","|-weather|RainDance","|","|-weather|RainDance|[upkeep]","|-heal|p1a: Milotic|177/394|[from] item: Leftovers","|turn|15","|","|move|p2a: サザンドラ|Draco Meteor|p1a: Milotic","|-damage|p1a: Milotic|0 fnt","|-unboost|p2a: サザンドラ|spa|2","|-damage|p2a: サザンドラ|294/326|[from] item: Life Orb","|faint|p1a: Milotic","|","|-weather|RainDance|[upkeep]","|","|switch|p1a: Swampert|Swampert-Mega, M|238/403","|-damage|p1a: Swampert|213/403|[from] Stealth Rock","|turn|16","|","|move|p1a: Swampert|Ice Punch|p2a: サザンドラ","|-supereffective|p2a: サザンドラ","|-damage|p2a: サザンドラ|42/326","|move|p2a: サザンドラ|Draco Meteor|p1a: Swampert","|-damage|p1a: Swampert|83/403","|-unboost|p2a: サザンドラ|spa|2","|-damage|p2a: サザンドラ|10/326|[from] item: Life Orb","|","|-weather|RainDance|[upkeep]","|turn|17","|","|move|p1a: Swampert|Ice Punch|p2a: サザンドラ","|-supereffective|p2a: サザンドラ","|-damage|p2a: サザンドラ|0 fnt","|faint|p2a: サザンドラ","|","|-weather|RainDance|[upkeep]","|","|switch|p2a: チルタリス|Altaria, F|291/291","|turn|18","|","|detailschange|p2a: チルタリス|Altaria-Mega, F","|-mega|p2a: チルタリス|Altaria|Altarianite","|move|p1a: Swampert|Ice Punch|p2a: チルタリス","|-supereffective|p2a: チルタリス","|-damage|p2a: チルタリス|107/291","|move|p2a: チルタリス|Hyper Voice|p1a: Swampert","|-damage|p1a: Swampert|0 fnt","|faint|p1a: Swampert","|","|-weather|none","|","|switch|p1a: Seismitoad|Seismitoad, F, shiny|351/351","|-damage|p1a: Seismitoad|330/351|[from] Stealth Rock","|turn|19","|","|move|p2a: チルタリス|Hyper Voice|p1a: Seismitoad","|-damage|p1a: Seismitoad|56/351","|move|p1a: Seismitoad|Sludge Wave|p2a: チルタリス","|-supereffective|p2a: チルタリス","|-damage|p2a: チルタリス|0 fnt","|faint|p2a: チルタリス","|","|","|switch|p2a: ボーマンダ|Salamence, F|277/331","|turn|20","|","|move|p2a: ボーマンダ|Outrage|p1a: Seismitoad","|-damage|p1a: Seismitoad|0 fnt","|faint|p1a: Seismitoad","|-boost|p2a: ボーマンダ|atk|1|[from] ability: Moxie","|","|","|switch|p1a: Ludicolo|Ludicolo, F, shiny|301/301","|-damage|p1a: Ludicolo|264/301|[from] Stealth Rock","|turn|21","|","|move|p2a: ボーマンダ|Outrage|p1a: Ludicolo","|-damage|p1a: Ludicolo|0 fnt","|faint|p1a: Ludicolo","|-boost|p2a: ボーマンダ|atk|1|[from] ability: Moxie","|","|win|A44트레이너"],"p1rating":{"entryid":"6976480","serverid":"eos","formatid":"monotype","userid":"masterrsage","username":"MasterrSage.","w":"34","l":28,"t":"0","gxe":52.1,"r":1522.070079317,"rd":45.560351348872,"sigma":"0","rptime":1438160400,"rpr":1516.3076488895,"rprd":45.230377923715,"rpsigma":"0","acre":1077.0875486307,"lacre":1077.0875486307,"oldacre":"1093.904345189"},"p2rating":{"entryid":"7256554","serverid":"eos","formatid":"monotype","userid":"a44","username":"A44트레이너","w":11,"l":"4","t":"0","gxe":66.2,"r":"1500","rd":"130","sigma":"0","rptime":"1438160400","rpr":1629.6197079219,"rprd":76.521846840605,"rpsigma":"0","acre":1219.5822295495,"lacre":1219.5822295495,"oldacre":"1202.1270276797"},"endType":"normal"}