{"seed":[21234,37196,14572,11759],"turns":29,"p1":"alliance-c-control","p2":"Odd Cytoplasm - ⓠⓠ","p1team":[{"name":"Electabuzz","species":"Electabuzz","item":"eviolite","ability":"Vital Spirit","moves":["hiddenpowerfire","focusblast","psychic","rest"],"nature":"Modest","evs":{"hp":248,"atk":0,"def":0,"spa":252,"spd":8,"spe":0},"ivs":{"hp":31,"atk":30,"def":31,"spa":30,"spd":31,"spe":30}},{"name":"Jolteon","species":"Jolteon","item":"airballoon","ability":"Volt Absorb","moves":["batonpass","healbell","wish","hiddenpowerice"],"nature":"Modest","evs":{"hp":0,"atk":0,"def":0,"spa":252,"spd":8,"spe":248},"ivs":{"hp":31,"atk":30,"def":30,"spa":31,"spd":31,"spe":31}},{"name":"Zebstrika","species":"Zebstrika","item":"shucaberry","ability":"Sap Sipper","moves":["substitute","mefirst","flamecharge","facade"],"nature":"Jolly","evs":{"hp":4,"atk":252,"def":0,"spa":0,"spd":0,"spe":252},"happiness":null,"ivs":{"hp":31,"atk":31,"def":31,"spa":31,"spd":31,"spe":31}},{"name":"Zapdos","species":"Zapdos","item":"leftovers","ability":"Pressure","moves":["defog","roost","heatwave","voltswitch"],"nature":"Modest","evs":{"hp":252,"atk":0,"def":0,"spa":252,"spd":4,"spe":0},"ivs":{"hp":31,"atk":31,"def":31,"spa":31,"spd":31,"spe":31}},{"name":"Electivire","species":"Electivire","item":"custapberry","ability":"Vital Spirit","moves":["earthquake","brickbreak","thunderpunch","icepunch"],"nature":"Adamant","evs":{"hp":248,"atk":252,"def":0,"spa":0,"spd":8,"spe":0},"ivs":{"hp":31,"atk":30,"def":30,"spa":31,"spd":31,"spe":31}},{"name":"Rotom-Wash","species":"Rotom-Wash","item":"rockyhelmet","ability":"Levitate","moves":["hydropump","painsplit","willowisp","voltswitch"],"nature":"Bold","evs":{"hp":248,"atk":0,"def":252,"spa":0,"spd":0,"spe":0},"ivs":{"hp":31,"atk":31,"def":31,"spa":31,"spd":31,"spe":31}}],"p2team":[{"name":"Jirachi","species":"Jirachi","item":"choicescarf","ability":"Serene Grace","moves":["ironhead","icepunch","zenheadbutt","firepunch"],"nature":"Jolly","evs":{"hp":0,"atk":252,"def":0,"spa":0,"spd":4,"spe":252},"ivs":{"hp":31,"atk":31,"def":31,"spa":31,"spd":31,"spe":31}},{"name":"Excadrill","species":"Excadrill","item":"choicescarf","ability":"Mold Breaker","moves":["earthquake","ironhead","rockslide","xscissor"],"nature":"Jolly","evs":{"hp":0,"atk":252,"def":0,"spa":0,"spd":4,"spe":252},"ivs":{"hp":31,"atk":31,"def":31,"spa":31,"spd":31,"spe":31}},{"name":"Ferrothorn","species":"Ferrothorn","item":"leftovers","ability":"Iron Barbs","moves":["leechseed","powerwhip","gyroball","protect"],"nature":"Relaxed","evs":{"hp":252,"atk":4,"def":252,"spa":0,"spd":0,"spe":0},"ivs":{"hp":31,"atk":31,"def":31,"spa":31,"spd":31,"spe":0}},{"name":"Heatran","species":"Heatran","item":"airballoon","ability":"Flash Fire","moves":["earthpower","flashcannon","flamethrower","hiddenpowergrass"],"nature":"Modest","evs":{"hp":248,"atk":0,"def":0,"spa":252,"spd":8,"spe":0},"ivs":{"hp":31,"atk":30,"def":31,"spa":30,"spd":31,"spe":31}},{"name":"Magnezone","species":"Magnezone","item":"choicescarf","ability":"Sturdy","moves":["flashcannon","thunderbolt","hiddenpowerice","signalbeam"],"nature":"Timid","evs":{"hp":0,"atk":0,"def":0,"spa":252,"spd":4,"spe":252},"ivs":{"hp":31,"atk":30,"def":30,"spa":31,"spd":31,"spe":31}},{"name":"Scizor","species":"Scizor","item":"scizorite","ability":"Technician","moves":["bugbite","bulletpunch","swordsdance","knockoff"],"nature":"Adamant","evs":{"hp":248,"atk":252,"def":0,"spa":0,"spd":8,"spe":0},"ivs":{"hp":31,"atk":31,"def":31,"spa":31,"spd":31,"spe":31}}],"log":["|player|p1|alliance-c-control|190","|player|p2|Odd Cytoplasm - ⓠⓠ|267","|gametype|singles","|gen|6","|tier|Monotype","|rated","|rule|Baton Pass Clause: Limit one Baton Passer, can't pass Spe and other stats simultaneously","|rule|Swagger Clause: Swagger is banned","|rule|Same Type Clause: Pokémon in a team must share a type","|clearpoke","|poke|p1|Electabuzz, F","|poke|p1|Jolteon, M","|poke|p1|Zebstrika, M","|poke|p1|Zapdos","|poke|p1|Electivire, F","|poke|p1|Rotom-Wash","|poke|p2|Jirachi","|poke|p2|Excadrill, F","|poke|p2|Ferrothorn, F","|poke|p2|Heatran, M","|poke|p2|Magnezone","|poke|p2|Scizor, F","|rule|Sleep Clause Mod: Limit one foe put to sleep","|rule|Species Clause: Limit one of each Pokémon","|rule|OHKO Clause: OHKO moves are banned","|rule|Moody Clause: Moody is banned","|rule|Evasion Moves Clause: Evasion moves are banned","|rule|Endless Battle Clause: Forcing endless battles is banned","|rule|HP Percentage Mod: HP is shown in percentages","|teampreview","|","|start","|switch|p1a: Electabuzz|Electabuzz, F|333/333","|switch|p2a: Magnezone|Magnezone|281/281","|turn|1","|","|move|p2a: Magnezone|Hidden Power|p1a: Electabuzz","|-damage|p1a: Electabuzz|277/333","|move|p1a: Electabuzz|Hidden Power|p2a: Magnezone","|-supereffective|p2a: Magnezone","|-damage|p2a: Magnezone|143/281","|","|turn|2","|","|switch|p2a: Heatran|Heatran, M|385/385","|-item|p2a: Heatran|Air Balloon","|move|p1a: Electabuzz|Focus Blast|p2a: Heatran|[miss]","|-miss|p1a: Electabuzz|p2a: Heatran","|","|turn|3","|","|move|p1a: Electabuzz|Focus Blast|p2a: Heatran","|-supereffective|p2a: Heatran","|-damage|p2a: Heatran|131/385","|-enditem|p2a: Heatran|Air Balloon","|move|p2a: Heatran|Flamethrower|p1a: Electabuzz","|-damage|p1a: Electabuzz|144/333","|","|turn|4","|","|move|p1a: Electabuzz|Focus Blast|p2a: Heatran","|-supereffective|p2a: Heatran","|-damage|p2a: Heatran|0 fnt","|faint|p2a: Heatran","|","|","|switch|p2a: Scizor|Scizor, F|343/343","|turn|5","|","|detailschange|p2a: Scizor|Scizor-Mega, F","|-mega|p2a: Scizor|Scizor|Scizorite","|move|p1a: Electabuzz|Hidden Power|p2a: Scizor","|-supereffective|p2a: Scizor","|-damage|p2a: Scizor|83/343","|move|p2a: Scizor|Bug Bite|p1a: Electabuzz","|-damage|p1a: Electabuzz|0 fnt","|faint|p1a: Electabuzz","|","|","|switch|p1a: Electivire|Electivire, F|353/353","|turn|6","|","|switch|p1a: Zapdos|Zapdos|384/384","|-ability|p1a: Zapdos|Pressure","|switch|p2a: Magnezone|Magnezone|143/281","|","|turn|7","|","|switch|p1a: Electivire|Electivire, F|353/353","|move|p2a: Magnezone|Thunderbolt|p1a: Electivire","|-resisted|p1a: Electivire","|-damage|p1a: Electivire|256/353","|","|turn|8","|","|move|p2a: Magnezone|Thunderbolt|p1a: Electivire","|-resisted|p1a: Electivire","|-damage|p1a: Electivire|172/353","|move|p1a: Electivire|Brick Break|p2a: Magnezone","|-supereffective|p2a: Magnezone","|-damage|p2a: Magnezone|0 fnt","|faint|p2a: Magnezone","|","|","|switch|p2a: Jirachi|Jirachi|341/341","|turn|9","|","|switch|p1a: Rotom-Wash|Rotom-Wash|303/303","|move|p2a: Jirachi|Zen Headbutt|p1a: Rotom-Wash","|-damage|p1a: Rotom-Wash|216/303","|-damage|p2a: Jirachi|285/341|[from] item: Rocky Helmet|[of] p1a: Rotom-Wash","|","|turn|10","|","|move|p2a: Jirachi|Zen Headbutt|p1a: Rotom-Wash","|-damage|p1a: Rotom-Wash|134/303","|-damage|p2a: Jirachi|229/341|[from] item: Rocky Helmet|[of] p1a: Rotom-Wash","|move|p1a: Rotom-Wash|Volt Switch|p2a: Jirachi","|-damage|p2a: Jirachi|141/341","|","|switch|p1a: Zapdos|Zapdos|384/384","|-ability|p1a: Zapdos|Pressure","|","|turn|11","|","|switch|p1a: Rotom-Wash|Rotom-Wash|134/303","|move|p2a: Jirachi|Zen Headbutt|p1a: Rotom-Wash","|-damage|p1a: Rotom-Wash|58/303","|-damage|p2a: Jirachi|85/341|[from] item: Rocky Helmet|[of] p1a: Rotom-Wash","|","|turn|12","|","|move|p2a: Jirachi|Zen Headbutt|p1a: Rotom-Wash","|-damage|p1a: Rotom-Wash|0 fnt","|-damage|p2a: Jirachi|29/341|[from] item: Rocky Helmet|[of] p1a: Rotom-Wash","|faint|p1a: Rotom-Wash","|","|","|switch|p1a: Zapdos|Zapdos|384/384","|-ability|p1a: Zapdos|Pressure","|turn|13","|","|move|p2a: Jirachi|Zen Headbutt|p1a: Zapdos","|-damage|p1a: Zapdos|251/384","|move|p1a: Zapdos|Volt Switch|p2a: Jirachi","|-damage|p2a: Jirachi|0 fnt","|faint|p2a: Jirachi","|","|switch|p1a: Zebstrika|Zebstrika, M|292/292","|","|","|switch|p2a: Ferrothorn|Ferrothorn, F|352/352","|turn|14","|player|p1","|player|p1|alliance-c-control|190","|","|move|p1a: Zebstrika|Substitute|p1a: Zebstrika","|-start|p1a: Zebstrika|Substitute","|-damage|p1a: Zebstrika|219/292","|move|p2a: Ferrothorn|Power Whip|p1a: Zebstrika","|-boost|p1a: Zebstrika|atk|1|[from] ability: Sap Sipper","|","|turn|15","|","|move|p1a: Zebstrika|Flame Charge|p2a: Ferrothorn","|-supereffective|p2a: Ferrothorn","|-damage|p2a: Ferrothorn|164/352","|-damage|p1a: Zebstrika|183/292|[from] ability: Iron Barbs|[of] p2a: Ferrothorn","|-boost|p1a: Zebstrika|spe|1","|move|p2a: Ferrothorn|Gyro Ball|p1a: Zebstrika","|-resisted|p1a: Zebstrika","|-end|p1a: Zebstrika|Substitute","|","|-heal|p2a: Ferrothorn|186/352|[from] item: Leftovers","|turn|16","|","|move|p2a: Ferrothorn|Protect|p2a: Ferrothorn","|-singleturn|p2a: Ferrothorn|Protect","|move|p1a: Zebstrika|Flame Charge|p2a: Ferrothorn","|-activate|p2a: Ferrothorn|Protect","|","|-heal|p2a: Ferrothorn|208/352|[from] item: Leftovers","|turn|17","|","|move|p1a: Zebstrika|Flame Charge|p2a: Ferrothorn","|-supereffective|p2a: Ferrothorn","|-damage|p2a: Ferrothorn|36/352","|-damage|p1a: Zebstrika|147/292|[from] ability: Iron Barbs|[of] p2a: Ferrothorn","|-boost|p1a: Zebstrika|spe|1","|move|p2a: Ferrothorn|Gyro Ball|p1a: Zebstrika","|-resisted|p1a: Zebstrika","|-damage|p1a: Zebstrika|19/292","|","|-heal|p2a: Ferrothorn|58/352|[from] item: Leftovers","|turn|18","|","|move|p1a: Zebstrika|Flame Charge|p2a: Ferrothorn","|-supereffective|p2a: Ferrothorn","|-damage|p2a: Ferrothorn|0 fnt","|-damage|p1a: Zebstrika|0 fnt|[from] ability: Iron Barbs|[of] p2a: Ferrothorn","|faint|p1a: Zebstrika","|faint|p2a: Ferrothorn","|","|","|switch|p2a: Excadrill|Excadrill, F|361/361","|switch|p1a: Zapdos|Zapdos|251/384","|-ability|p2a: Excadrill|Mold Breaker","|-ability|p1a: Zapdos|Pressure","|turn|19","|","|switch|p1a: Jolteon|Jolteon, M|271/271","|-item|p1a: Jolteon|Air Balloon","|move|p2a: Excadrill|Rock Slide|p1a: Jolteon","|-miss|p2a: Excadrill|p1a: Jolteon","|","|turn|20","|","|move|p2a: Excadrill|Rock Slide|p1a: Jolteon","|-damage|p1a: Jolteon|142/271","|-enditem|p1a: Jolteon|Air Balloon","|cant|p1a: Jolteon|flinch","|","|turn|21","|","|move|p2a: Excadrill|Rock Slide|p1a: Jolteon","|-damage|p1a: Jolteon|1/271","|move|p1a: Jolteon|Wish|p1a: Jolteon","|","|turn|22","|","|switch|p1a: Electivire|Electivire, F|172/353","|move|p2a: Excadrill|Rock Slide|p1a: Electivire","|-damage|p1a: Electivire|40/353","|","|-heal|p1a: Electivire|175/353|[from] move: Wish|[wisher] Jolteon","|turn|23","|","|move|p2a: Excadrill|Rock Slide|p1a: Electivire","|-damage|p1a: Electivire|56/353","|cant|p1a: Electivire|flinch","|","|turn|24","|","|switch|p1a: Zapdos|Zapdos|251/384","|-ability|p1a: Zapdos|Pressure","|move|p2a: Excadrill|Rock Slide|p1a: Zapdos","|-supereffective|p1a: Zapdos","|-damage|p1a: Zapdos|59/384","|","|-heal|p1a: Zapdos|83/384|[from] item: Leftovers","|turn|25","|","|switch|p1a: Jolteon|Jolteon, M|1/271","|move|p2a: Excadrill|Rock Slide|p1a: Jolteon","|-damage|p1a: Jolteon|0 fnt","|faint|p1a: Jolteon","|","|","|switch|p1a: Electivire|Electivire, F|56/353","|turn|26","|-enditem|p1a: Electivire|Custap Berry|[eat]","|-activate|p1a: Electivire|Custap Berry","|","|move|p1a: Electivire|Earthquake|p2a: Excadrill","|-supereffective|p2a: Excadrill","|-damage|p2a: Excadrill|1/361","|move|p2a: Excadrill|Rock Slide|p1a: Electivire","|-damage|p1a: Electivire|0 fnt","|faint|p1a: Electivire","|","|","|switch|p1a: Zapdos|Zapdos|83/384","|-ability|p1a: Zapdos|Pressure","|turn|27","|","|move|p2a: Excadrill|Rock Slide|p1a: Zapdos","|-miss|p2a: Excadrill|p1a: Zapdos","|move|p1a: Zapdos|Roost|p1a: Zapdos","|-heal|p1a: Zapdos|275/384","|","|-heal|p1a: Zapdos|299/384|[from] item: Leftovers","|turn|28","|","|move|p2a: Excadrill|Rock Slide|p1a: Zapdos","|-supereffective|p1a: Zapdos","|-damage|p1a: Zapdos|75/384","|move|p1a: Zapdos|Heat Wave|p2a: Excadrill","|-supereffective|p2a: Excadrill","|-damage|p2a: Excadrill|0 fnt","|faint|p2a: Excadrill","|","|-heal|p1a: Zapdos|99/384|[from] item: Leftovers","|","|switch|p2a: Scizor|Scizor-Mega, F|83/343","|turn|29","|","|move|p2a: Scizor|Bullet Punch|p1a: Zapdos","|-resisted|p1a: Zapdos","|-damage|p1a: Zapdos|24/384","|move|p1a: Zapdos|Heat Wave|p2a: Scizor","|-supereffective|p2a: Scizor","|-damage|p2a: Scizor|0 fnt","|faint|p2a: Scizor","|","|win|alliance-c-control"],"p1rating":{"entryid":"6440455","serverid":"eos","formatid":"monotype","userid":"allianceccontrol","username":"Alliance-C-Control","w":207,"l":"275","t":"0","gxe":41.6,"r":"1433.1371054459","rd":"25","sigma":"0","rptime":"1438074000","rpr":1436.4477549337,"rprd":25,"rpsigma":"0","acre":1109.2577644445,"lacre":1109.2577644445,"oldacre":"1075.3531788495"},"p2rating":{"entryid":"7187668","serverid":"eos","formatid":"monotype","userid":"oddcytoplasm","username":"Odd Cytoplasm","w":"15","l":11,"t":"0","gxe":57,"r":"1584.4471905191","rd":"77.125402597634","sigma":"0","rptime":"1438074000","rpr":1553.9385350866,"rprd":63.558026807316,"rpsigma":"0","acre":1109.5706615956,"lacre":1109.5706615956,"oldacre":"1139.1073363503"},"endType":"normal"}