{"seed":[42461,23749,63460,17217],"turns":29,"p1":"Sovereign Fish","p2":"Dead Rabbit","p1team":[{"name":"Hydraigon","species":"hydreigon","item":"choicescarf","ability":"Levitate","moves":["dracometeor","darkpulse","fireblast","flashcannon"],"nature":"Hasty","evs":{"hp":0,"atk":0,"def":4,"spa":252,"spd":0,"spe":252},"gender":"M","shiny":true,"ivs":{"hp":31,"atk":31,"def":31,"spa":31,"spd":31,"spe":31}},{"name":"Hoopa-Undead","species":"hoopaunbound","item":"lifeorb","ability":"Magician","moves":["substitute","hyperspacehole","darkpulse","nastyplot"],"nature":"Modest","evs":{"hp":4,"atk":0,"def":0,"spa":252,"spd":0,"spe":252},"shiny":true,"ivs":{"hp":31,"atk":31,"def":31,"spa":31,"spd":31,"spe":31}},{"name":"Ajas","species":"crawdaunt","item":"blackglasses","ability":"Adaptability","moves":["swordsdance","crabhammer","knockoff","aquajet"],"nature":"Adamant","evs":{"hp":4,"atk":252,"def":0,"spa":0,"spd":0,"spe":252},"gender":"M","shiny":true,"ivs":{"hp":31,"atk":31,"def":31,"spa":31,"spd":31,"spe":31}},{"name":"Slaujs","species":"bisharp","item":"focussash","ability":"Defiant","moves":["knockoff","swordsdance","ironhead","brickbreak"],"nature":"Adamant","evs":{"hp":0,"atk":252,"def":4,"spa":0,"spd":0,"spe":252},"gender":"M","shiny":true,"ivs":{"hp":31,"atk":31,"def":31,"spa":31,"spd":31,"spe":31}},{"name":"Rastur","species":"tyranitar","item":"choiceband","ability":"Sand Stream","moves":["stoneedge","pursuit","earthquake","icepunch"],"nature":"Adamant","evs":{"hp":0,"atk":252,"def":4,"spa":0,"spd":0,"spe":252},"gender":"M","shiny":true,"ivs":{"hp":31,"atk":31,"def":31,"spa":31,"spd":31,"spe":31}},{"name":"Savis","species":"sableye","item":"sablenite","ability":"Prankster","moves":["knockoff","willowisp","recover","foulplay"],"nature":"Careful","evs":{"hp":252,"atk":0,"def":112,"spa":0,"spd":144,"spe":0},"gender":"M","shiny":true,"ivs":{"hp":31,"atk":31,"def":31,"spa":31,"spd":31,"spe":31}}],"p2team":[{"name":"Heatran","species":"Heatran","item":"leftovers","ability":"Flash Fire","moves":["substitute","earthpower","lavaplume","toxic"],"nature":"Calm","evs":{"hp":252,"atk":0,"def":0,"spa":4,"spd":252,"spe":0},"ivs":{"hp":31,"atk":0,"def":31,"spa":31,"spd":31,"spe":31}},{"name":"Skarmory","species":"Skarmory","item":"leftovers","ability":"Sturdy","moves":["spikes","roost","roar","bravebird"],"nature":"Impish","evs":{"hp":252,"atk":0,"def":252,"spa":0,"spd":4,"spe":0},"ivs":{"hp":31,"atk":31,"def":31,"spa":31,"spd":31,"spe":31}},{"name":"Scizor","species":"Scizor","item":"choiceband","ability":"Technician","moves":["uturn","superpower","bulletpunch","pursuit"],"nature":"Adamant","evs":{"hp":248,"atk":252,"def":0,"spa":0,"spd":8,"spe":0},"ivs":{"hp":31,"atk":31,"def":31,"spa":31,"spd":31,"spe":31}},{"name":"Bronzong","species":"Bronzong","item":"leftovers","ability":"Heatproof","moves":["earthquake","toxic","psyshock","stealthrock"],"nature":"Gentle","evs":{"hp":252,"atk":4,"def":0,"spa":0,"spd":252,"spe":0},"ivs":{"hp":31,"atk":31,"def":31,"spa":31,"spd":31,"spe":31}},{"name":"Empoleon","species":"Empoleon","item":"choicescarf","ability":"Defiant","moves":["icebeam","hydropump","hiddenpowerfire","grassknot"],"nature":"Timid","evs":{"hp":4,"atk":0,"def":0,"spa":252,"spd":0,"spe":252},"ivs":{"hp":31,"atk":0,"def":31,"spa":30,"spd":31,"spe":30}},{"name":"Ferrothorn","species":"Ferrothorn","item":"leftovers","ability":"Iron Barbs","moves":["stealthrock","leechseed","powerwhip","thunderwave"],"nature":"Impish","evs":{"hp":252,"atk":4,"def":252,"spa":0,"spd":0,"spe":0},"ivs":{"hp":31,"atk":31,"def":31,"spa":31,"spd":31,"spe":0}}],"log":["|player|p1|Sovereign Fish|10","|player|p2|Dead Rabbit|161","|gametype|singles","|gen|6","|tier|Monotype","|rated","|rule|Baton Pass Clause: Limit one Baton Passer, can't pass Spe and other stats simultaneously","|rule|Swagger Clause: Swagger is banned","|rule|Same Type Clause: Pokémon in a team must share a type","|clearpoke","|poke|p1|Hydreigon, M, shiny","|poke|p1|Hoopa-Unbound, shiny","|poke|p1|Crawdaunt, M, shiny","|poke|p1|Bisharp, M, shiny","|poke|p1|Tyranitar, M, shiny","|poke|p1|Sableye, M, shiny","|poke|p2|Heatran, F","|poke|p2|Skarmory, F","|poke|p2|Scizor, F","|poke|p2|Bronzong","|poke|p2|Empoleon, F","|poke|p2|Ferrothorn, M","|rule|Sleep Clause Mod: Limit one foe put to sleep","|rule|Species Clause: Limit one of each Pokémon","|rule|OHKO Clause: OHKO moves are banned","|rule|Moody Clause: Moody is banned","|rule|Evasion Moves Clause: Evasion moves are banned","|rule|Endless Battle Clause: Forcing endless battles is banned","|rule|HP Percentage Mod: HP is shown in percentages","|teampreview","|","|start","|switch|p1a: Hoopa-Undead|Hoopa-Unbound, shiny|302/302","|switch|p2a: Scizor|Scizor, F|343/343","|turn|1","|","|move|p1a: Hoopa-Undead|Substitute|p1a: Hoopa-Undead","|-start|p1a: Hoopa-Undead|Substitute","|-damage|p1a: Hoopa-Undead|227/302","|move|p2a: Scizor|U-turn|p1a: Hoopa-Undead","|-supereffective|p1a: Hoopa-Undead","|-end|p1a: Hoopa-Undead|Substitute","|","|switch|p2a: Heatran|Heatran, F|386/386","|","|turn|2","|","|move|p1a: Hoopa-Undead|Dark Pulse|p2a: Heatran","|-damage|p2a: Heatran|221/386","|-damage|p1a: Hoopa-Undead|197/302|[from] item: Life Orb","|cant|p2a: Heatran|flinch","|","|-heal|p2a: Heatran|245/386|[from] item: Leftovers","|turn|3","|","|move|p1a: Hoopa-Undead|Dark Pulse|p2a: Heatran","|-damage|p2a: Heatran|73/386","|-damage|p1a: Hoopa-Undead|167/302|[from] item: Life Orb","|cant|p2a: Heatran|flinch","|","|-heal|p2a: Heatran|97/386|[from] item: Leftovers","|turn|4","|","|switch|p2a: Empoleon|Empoleon, F|310/310","|move|p1a: Hoopa-Undead|Dark Pulse|p2a: Empoleon","|-damage|p2a: Empoleon|53/310","|-damage|p1a: Hoopa-Undead|137/302|[from] item: Life Orb","|","|turn|5","|","|move|p2a: Empoleon|Ice Beam|p1a: Hoopa-Undead","|-crit|p1a: Hoopa-Undead","|-damage|p1a: Hoopa-Undead|16/302","|move|p1a: Hoopa-Undead|Dark Pulse|p2a: Empoleon","|-damage|p2a: Empoleon|0 fnt","|-damage|p1a: Hoopa-Undead|0 fnt|[from] item: Life Orb","|faint|p2a: Empoleon","|faint|p1a: Hoopa-Undead","|","|","|switch|p1a: Hydraigon|Hydreigon, M, shiny|325/325","|switch|p2a: Heatran|Heatran, F|97/386","|turn|6","|","|switch|p2a: Bronzong|Bronzong|338/338","|move|p1a: Hydraigon|Fire Blast|p2a: Bronzong","|-supereffective|p2a: Bronzong","|-damage|p2a: Bronzong|248/338","|","|-heal|p2a: Bronzong|269/338|[from] item: Leftovers","|turn|7","|","|move|p1a: Hydraigon|Fire Blast|p2a: Bronzong|[miss]","|-miss|p1a: Hydraigon|p2a: Bronzong","|move|p2a: Bronzong|Toxic|p1a: Hydraigon","|-status|p1a: Hydraigon|tox","|","|-heal|p2a: Bronzong|290/338|[from] item: Leftovers","|-damage|p1a: Hydraigon|305/325 tox|[from] psn","|turn|8","|","|switch|p1a: Ajas|Crawdaunt, M, shiny|268/268","|move|p2a: Bronzong|Stealth Rock|p1a: Ajas","|-sidestart|p1: Sovereign Fish|move: Stealth Rock","|","|-heal|p2a: Bronzong|311/338|[from] item: Leftovers","|turn|9","|","|switch|p2a: Ferrothorn|Ferrothorn, M|352/352","|move|p1a: Ajas|Knock Off|p2a: Ferrothorn","|-damage|p2a: Ferrothorn|186/352","|-damage|p1a: Ajas|235/268|[from] ability: Iron Barbs|[of] p2a: Ferrothorn","|-enditem|p2a: Ferrothorn|Leftovers|[from] move: Knock Off|[of] p1a: Ajas","|","|turn|10","|","|move|p1a: Ajas|Crabhammer|p2a: Ferrothorn","|-resisted|p2a: Ferrothorn","|-damage|p2a: Ferrothorn|108/352","|-damage|p1a: Ajas|202/268|[from] ability: Iron Barbs|[of] p2a: Ferrothorn","|move|p2a: Ferrothorn|Thunder Wave|p1a: Ajas","|-status|p1a: Ajas|par","|","|turn|11","|","|move|p1a: Ajas|Crabhammer|p2a: Ferrothorn","|-crit|p2a: Ferrothorn","|-resisted|p2a: Ferrothorn","|-damage|p2a: Ferrothorn|0 fnt","|-damage|p1a: Ajas|169/268 par|[from] ability: Iron Barbs|[of] p2a: Ferrothorn","|faint|p2a: Ferrothorn","|","|","|switch|p2a: Scizor|Scizor, F|343/343","|turn|12","|","|move|p2a: Scizor|U-turn|p1a: Ajas","|-supereffective|p1a: Ajas","|-damage|p1a: Ajas|0 fnt","|faint|p1a: Ajas","|","|switch|p2a: Skarmory|Skarmory, F|334/334","|","|","|switch|p1a: Rastur|Tyranitar, M, shiny|341/341","|-damage|p1a: Rastur|299/341|[from] Stealth Rock","|-weather|Sandstorm","|turn|13","|","|move|p1a: Rastur|Stone Edge|p2a: Skarmory","|-damage|p2a: Skarmory|177/334","|move|p2a: Skarmory|Roost|p2a: Skarmory","|-heal|p2a: Skarmory|334/334","|","|-weather|Sandstorm|[upkeep]","|turn|14","|","|move|p1a: Rastur|Stone Edge|p2a: Skarmory","|-damage|p2a: Skarmory|157/334","|move|p2a: Skarmory|Spikes|p1a: Rastur","|-sidestart|p1: Sovereign Fish|Spikes","|","|-weather|Sandstorm|[upkeep]","|-heal|p2a: Skarmory|177/334|[from] item: Leftovers","|turn|15","|","|switch|p2a: Bronzong|Bronzong|311/338","|move|p1a: Rastur|Stone Edge|p2a: Bronzong","|-resisted|p2a: Bronzong","|-damage|p2a: Bronzong|169/338","|","|-weather|Sandstorm|[upkeep]","|-heal|p2a: Bronzong|190/338|[from] item: Leftovers","|turn|16","|","|move|p1a: Rastur|Stone Edge|p2a: Bronzong","|-crit|p2a: Bronzong","|-resisted|p2a: Bronzong","|-damage|p2a: Bronzong|0 fnt","|faint|p2a: Bronzong","|","|-weather|Sandstorm|[upkeep]","|","|switch|p2a: Scizor|Scizor, F|343/343","|turn|17","|","|move|p1a: Rastur|Stone Edge|p2a: Scizor|[miss]","|-miss|p1a: Rastur|p2a: Scizor","|move|p2a: Scizor|Superpower|p1a: Rastur","|-supereffective|p1a: Rastur","|-damage|p1a: Rastur|0 fnt","|-unboost|p2a: Scizor|atk|1","|-unboost|p2a: Scizor|def|1","|faint|p1a: Rastur","|","|-weather|none","|","|switch|p1a: Hydraigon|Hydreigon, M, shiny|305/325 tox","|-damage|p1a: Hydraigon|265/325 tox|[from] Stealth Rock","|turn|18","|","|move|p1a: Hydraigon|Fire Blast|p2a: Scizor|[miss]","|-miss|p1a: Hydraigon|p2a: Scizor","|move|p2a: Scizor|Superpower|p1a: Hydraigon","|-supereffective|p1a: Hydraigon","|-damage|p1a: Hydraigon|0 fnt","|-unboost|p2a: Scizor|atk|1","|-unboost|p2a: Scizor|def|1","|faint|p1a: Hydraigon","|","|","|switch|p1a: Savis|Sableye, M, shiny|304/304","|-damage|p1a: Savis|266/304|[from] Spikes","|-damage|p1a: Savis|228/304|[from] Stealth Rock","|turn|19","|","|switch|p2a: Heatran|Heatran, F|97/386","|detailschange|p1a: Savis|Sableye-Mega, M, shiny","|-mega|p1a: Savis|Sableye|Sablenite","|move|p1a: Savis|Foul Play|p2a: Heatran","|-damage|p2a: Heatran|15/386","|","|-heal|p2a: Heatran|39/386|[from] item: Leftovers","|turn|20","|","|move|p2a: Heatran|Lava Plume|p1a: Savis","|-damage|p1a: Savis|149/304","|move|p1a: Savis|Foul Play|p2a: Heatran","|-damage|p2a: Heatran|0 fnt","|faint|p2a: Heatran","|","|","|switch|p2a: Scizor|Scizor, F|343/343","|turn|21","|","|move|p2a: Scizor|Bullet Punch|p1a: Savis","|-damage|p1a: Savis|5/304","|move|p1a: Savis|Foul Play|p2a: Scizor","|-crit|p2a: Scizor","|-damage|p2a: Scizor|51/343","|","|turn|22","|","|move|p2a: Scizor|Bullet Punch|p1a: Savis","|-damage|p1a: Savis|0 fnt","|faint|p1a: Savis","|","|","|switch|p1a: Slaujs|Bisharp, M, shiny|271/271","|-damage|p1a: Slaujs|255/271|[from] Stealth Rock","|-damage|p1a: Slaujs|222/271|[from] Spikes","|turn|23","|","|move|p2a: Scizor|Bullet Punch|p1a: Slaujs","|-resisted|p1a: Slaujs","|-damage|p1a: Slaujs|129/271","|move|p1a: Slaujs|Iron Head|p2a: Scizor","|-resisted|p2a: Scizor","|-damage|p2a: Scizor|0 fnt","|faint|p2a: Scizor","|","|","|switch|p2a: Skarmory|Skarmory, F|177/334","|turn|24","|","|move|p1a: Slaujs|Knock Off|p2a: Skarmory","|-damage|p2a: Skarmory|78/334","|-enditem|p2a: Skarmory|Leftovers|[from] move: Knock Off|[of] p1a: Slaujs","|move|p2a: Skarmory|Roost|p2a: Skarmory","|-heal|p2a: Skarmory|245/334","|","|turn|25","|","|move|p1a: Slaujs|Brick Break|p2a: Skarmory","|-damage|p2a: Skarmory|187/334","|move|p2a: Skarmory|Roost|p2a: Skarmory","|-heal|p2a: Skarmory|334/334","|","|turn|26","|","|move|p1a: Slaujs|Iron Head|p2a: Skarmory","|-resisted|p2a: Skarmory","|-damage|p2a: Skarmory|292/334","|move|p2a: Skarmory|Brave Bird|p1a: Slaujs","|-resisted|p1a: Slaujs","|-damage|p1a: Slaujs|75/271","|-damage|p2a: Skarmory|274/334|[from] recoil|[of] p1a: Slaujs","|","|turn|27","|","|move|p1a: Slaujs|Swords Dance|p1a: Slaujs","|-boost|p1a: Slaujs|atk|2","|move|p2a: Skarmory|Brave Bird|p1a: Slaujs","|-resisted|p1a: Slaujs","|-damage|p1a: Slaujs|17/271","|-damage|p2a: Skarmory|255/334|[from] recoil|[of] p1a: Slaujs","|","|turn|28","|","|move|p1a: Slaujs|Brick Break|p2a: Skarmory","|-damage|p2a: Skarmory|148/334","|move|p2a: Skarmory|Roost|p2a: Skarmory","|-heal|p2a: Skarmory|315/334","|","|turn|29","|","|move|p1a: Slaujs|Brick Break|p2a: Skarmory","|-damage|p2a: Skarmory|205/334","|move|p2a: Skarmory|Brave Bird|p1a: Slaujs","|-resisted|p1a: Slaujs","|-damage|p1a: Slaujs|0 fnt","|-damage|p2a: Skarmory|199/334|[from] recoil|[of] p1a: Slaujs","|faint|p1a: Slaujs","|","|win|Dead Rabbit"],"p1rating":{"entryid":"7212477","serverid":"eos","formatid":"monotype","userid":"sovereignfish","username":"Sovereign Fish","w":"3","l":15,"t":"0","gxe":27.2,"r":"1316.2436433104","rd":"78.255220809759","sigma":"0","rptime":"1438160400","rpr":1310.9612882534,"rprd":72.957459004963,"rpsigma":"0","acre":1026.2158856707,"lacre":1026.2158856707,"oldacre":"1040"},"p2rating":{"entryid":"6892770","serverid":"eos","formatid":"monotype","userid":"deadrabbit","username":"Dead Rabbit","w":4,"l":"2","t":"0","gxe":55.7,"r":"1498.6338727451","rd":"118.96096632202","sigma":"0","rptime":"1438160400","rpr":1545.1175629864,"rprd":100.46578882681,"rpsigma":"0","acre":1111.4615791599,"lacre":1111.4615791599,"oldacre":"1088.4285700873"},"endType":"normal"}