{"seed":[57768,16368,2267,10703],"turns":31,"p1":"Zukushiku","p2":"DJ⌐■_■Entropy","p1team":[{"name":"Banette","species":"Banette","item":"banettite","ability":"Frisk","moves":["substitute","shadowclaw","painsplit","suckerpunch"],"nature":"Adamant","evs":{"hp":168,"atk":252,"def":0,"spa":0,"spd":0,"spe":88},"ivs":{"hp":31,"atk":31,"def":31,"spa":31,"spd":31,"spe":31}},{"name":"Sableye","species":"Sableye","item":"leftovers","ability":"Prankster","moves":["recover","willowisp","taunt","foulplay"],"nature":"Calm","evs":{"hp":252,"atk":0,"def":0,"spa":0,"spd":232,"spe":24},"ivs":{"hp":31,"atk":31,"def":31,"spa":31,"spd":31,"spe":31}},{"name":"Spiritomb","species":"Spiritomb","item":"leftovers","ability":"Infiltrator","moves":["willowisp","foulplay","rest","sleeptalk"],"nature":"Impish","evs":{"hp":252,"atk":0,"def":252,"spa":0,"spd":0,"spe":4},"shiny":true,"ivs":{"hp":31,"atk":31,"def":31,"spa":31,"spd":31,"spe":31}},{"name":"Jellicent","species":"Jellicent","item":"leftovers","ability":"Water Absorb","moves":["taunt","toxic","recover","scald"],"nature":"Calm","evs":{"hp":248,"atk":0,"def":0,"spa":0,"spd":216,"spe":44},"gender":"F","ivs":{"hp":31,"atk":0,"def":31,"spa":31,"spd":31,"spe":31},"shiny":true},{"name":"Golurk","species":"Golurk","item":"leftovers","ability":"Iron Fist","moves":["stealthrock","earthquake","icepunch","drainpunch"],"nature":"Impish","evs":{"hp":252,"atk":76,"def":176,"spa":0,"spd":0,"spe":4},"ivs":{"hp":31,"atk":31,"def":31,"spa":31,"spd":31,"spe":31}},{"name":"Chandelure","species":"Chandelure","item":"lifeorb","ability":"Flash Fire","moves":["painsplit","shadowball","fireblast","taunt"],"nature":"Timid","evs":{"hp":160,"atk":0,"def":0,"spa":136,"spd":0,"spe":212},"ivs":{"hp":31,"atk":0,"def":31,"spa":31,"spd":31,"spe":31},"shiny":true}],"p2team":[{"name":"Rook","species":"golurk","item":"choiceband","ability":"No Guard","moves":["dynamicpunch","earthquake","shadowpunch","icepunch"],"nature":"Brave","evs":{"hp":248,"atk":252,"def":0,"spa":0,"spd":8,"spe":0},"ivs":{"hp":31,"atk":31,"def":30,"spa":31,"spd":30,"spe":31}},{"name":"Bishop","species":"trevenant","item":"sitrusberry","ability":"Harvest","moves":["hornleech","willowisp","substitute","leechseed"],"nature":"Careful","evs":{"hp":252,"atk":4,"def":0,"spa":0,"spd":252,"spe":0},"ivs":{"hp":31,"atk":31,"def":31,"spa":31,"spd":31,"spe":31}},{"name":"Knight","species":"aegislash","item":"leftovers","ability":"Stance Change","moves":["shadowball","shadowsneak","kingsshield","flashcannon"],"nature":"Quiet","evs":{"hp":244,"atk":0,"def":12,"spa":252,"spd":0,"spe":0},"ivs":{"hp":31,"atk":31,"def":31,"spa":31,"spd":31,"spe":31}},{"name":"King","species":"jellicent","item":"leftovers","ability":"Water Absorb","moves":["scald","toxic","trickroom","recover"],"nature":"Calm","evs":{"hp":252,"atk":0,"def":4,"spa":0,"spd":252,"spe":0},"gender":"M","ivs":{"hp":31,"atk":31,"def":31,"spa":31,"spd":31,"spe":0}},{"name":"Queen","species":"sableye","item":"sablenite","ability":"Prankster","moves":["recover","willowisp","darkpulse","calmmind"],"nature":"Bold","evs":{"hp":248,"atk":0,"def":252,"spa":8,"spd":0,"spe":0},"gender":"F","ivs":{"hp":31,"atk":31,"def":31,"spa":31,"spd":31,"spe":31}},{"name":"Pawn","species":"cofagrigus","item":"leftovers","ability":"Mummy","moves":["shadowball","willowisp","trickroom","destinybond"],"nature":"Sassy","evs":{"hp":252,"atk":0,"def":0,"spa":4,"spd":252,"spe":0},"ivs":{"hp":31,"atk":31,"def":31,"spa":31,"spd":31,"spe":0}}],"log":["|player|p1|Zukushiku|zukushiku.png","|player|p2|DJ⌐■_■Entropy|290","|gametype|singles","|gen|6","|tier|Monotype","|rated","|rule|Baton Pass Clause: Limit one Baton Passer, can't pass Spe and other stats simultaneously","|rule|Swagger Clause: Swagger is banned","|rule|Same Type Clause: Pokémon in a team must share a type","|clearpoke","|poke|p1|Banette, M","|poke|p1|Sableye, M","|poke|p1|Spiritomb, F, shiny","|poke|p1|Jellicent, F, shiny","|poke|p1|Golurk","|poke|p1|Chandelure, M, shiny","|poke|p2|Golurk","|poke|p2|Trevenant, M","|poke|p2|Aegislash, F","|poke|p2|Jellicent, M","|poke|p2|Sableye, F","|poke|p2|Cofagrigus, M","|rule|Sleep Clause Mod: Limit one foe put to sleep","|rule|Species Clause: Limit one of each Pokémon","|rule|OHKO Clause: OHKO moves are banned","|rule|Moody Clause: Moody is banned","|rule|Evasion Moves Clause: Evasion moves are banned","|rule|Endless Battle Clause: Forcing endless battles is banned","|rule|HP Percentage Mod: HP is shown in percentages","|teampreview","|","|start","|switch|p1a: Sableye|Sableye, M|304/304","|switch|p2a: Pawn|Cofagrigus, M|320/320","|turn|1","|","|move|p1a: Sableye|Taunt|p2a: Pawn","|-start|p2a: Pawn|move: Taunt","|cant|p2a: Pawn|move: Taunt|Trick Room","|","|turn|2","|","|switch|p2a: Queen|Sableye, F|303/303","|move|p1a: Sableye|Will-O-Wisp|p2a: Queen","|-status|p2a: Queen|brn","|","|-damage|p2a: Queen|266/303 brn|[from] brn","|turn|3","|","|switch|p1a: Chandelure|Chandelure, M, shiny|301/301","|detailschange|p2a: Queen|Sableye-Mega, F","|-mega|p2a: Queen|Sableye|Sablenite","|move|p2a: Queen|Calm Mind|p2a: Queen","|-boost|p2a: Queen|spa|1","|-boost|p2a: Queen|spd|1","|","|-damage|p2a: Queen|229/303 brn|[from] brn","|turn|4","|","|move|p1a: Chandelure|Fire Blast|p2a: Queen|[miss]","|-miss|p1a: Chandelure|p2a: Queen","|move|p2a: Queen|Calm Mind|p2a: Queen","|-boost|p2a: Queen|spa|1","|-boost|p2a: Queen|spd|1","|","|-damage|p2a: Queen|192/303 brn|[from] brn","|turn|5","|","|move|p1a: Chandelure|Fire Blast|p2a: Queen","|-damage|p2a: Queen|75/303 brn","|-damage|p1a: Chandelure|271/301|[from] item: Life Orb","|move|p2a: Queen|Recover|p2a: Queen","|-heal|p2a: Queen|227/303 brn","|","|-damage|p2a: Queen|190/303 brn|[from] brn","|turn|6","|","|move|p1a: Chandelure|Fire Blast|p2a: Queen","|-damage|p2a: Queen|83/303 brn","|-damage|p1a: Chandelure|241/301|[from] item: Life Orb","|move|p2a: Queen|Recover|p2a: Queen","|-heal|p2a: Queen|235/303 brn","|","|-damage|p2a: Queen|198/303 brn|[from] brn","|turn|7","|","|switch|p1a: Banette|Banette, M|311/311","|-item|p2a: Queen|Sablenite|[from] ability: Frisk|[of] p1a: Banette|[identify]","|move|p2a: Queen|Recover|p2a: Queen","|-heal|p2a: Queen|303/303 brn","|","|-damage|p2a: Queen|266/303 brn|[from] brn","|turn|8","|","|detailschange|p1a: Banette|Banette-Mega, M","|-mega|p1a: Banette|Banette|Banettite","|move|p1a: Banette|Substitute|p1a: Banette","|-start|p1a: Banette|Substitute","|-damage|p1a: Banette|234/311","|move|p2a: Queen|Dark Pulse|p1a: Banette","|-supereffective|p1a: Banette","|-end|p1a: Banette|Substitute","|","|-damage|p2a: Queen|229/303 brn|[from] brn","|turn|9","|","|move|p1a: Banette|Substitute|p1a: Banette","|-start|p1a: Banette|Substitute","|-damage|p1a: Banette|157/311","|move|p2a: Queen|Will-O-Wisp|p1a: Banette|[miss]","|-miss|p2a: Queen|p1a: Banette","|","|-damage|p2a: Queen|192/303 brn|[from] brn","|turn|10","|","|move|p1a: Banette|Shadow Claw|p2a: Queen","|-damage|p2a: Queen|86/303 brn","|move|p2a: Queen|Dark Pulse|p1a: Banette","|-crit|p1a: Banette","|-supereffective|p1a: Banette","|-end|p1a: Banette|Substitute","|","|-damage|p2a: Queen|49/303 brn|[from] brn","|turn|11","|","|move|p1a: Banette|Shadow Claw|p2a: Queen","|-damage|p2a: Queen|0 fnt","|faint|p2a: Queen","|","|","|switch|p2a: Pawn|Cofagrigus, M|320/320","|turn|12","|","|move|p1a: Banette|Shadow Claw|p2a: Pawn","|-supereffective|p2a: Pawn","|-damage|p2a: Pawn|86/320","|-endability|p1a: Banette|prankster|[from] Mummy","|-ability|p1a: Banette|Mummy|[from] Mummy","|move|p2a: Pawn|Trick Room|p2a: Pawn","|-fieldstart|move: Trick Room|[of] p2a: Pawn","|","|-heal|p2a: Pawn|106/320|[from] item: Leftovers","|turn|13","|","|move|p2a: Pawn|Shadow Ball|p1a: Banette","|-supereffective|p1a: Banette","|-damage|p1a: Banette|0 fnt","|faint|p1a: Banette","|","|-heal|p2a: Pawn|126/320|[from] item: Leftovers","|","|switch|p1a: Sableye|Sableye, M|304/304","|turn|14","|","|switch|p2a: King|Jellicent, M|404/404","|move|p1a: Sableye|Taunt|p2a: King","|-start|p2a: King|move: Taunt","|","|turn|15","|","|switch|p1a: Jellicent|Jellicent, F, shiny|403/403","|move|p2a: King|Scald|p1a: Jellicent","|-immune|p1a: Jellicent|[msg]","|","|turn|16","|","|switch|p2a: Bishop|Trevenant, M|374/374","|switch|p1a: Chandelure|Chandelure, M, shiny|241/301","|","|-fieldend|move: Trick Room","|turn|17","|","|switch|p2a: Knight|Aegislash, F|322/322","|move|p1a: Chandelure|Shadow Ball|p2a: Knight","|-supereffective|p2a: Knight","|-damage|p2a: Knight|65/322","|-unboost|p2a: Knight|spd|1","|-damage|p1a: Chandelure|211/301|[from] item: Life Orb","|","|-heal|p2a: Knight|85/322|[from] item: Leftovers","|turn|18","|","|switch|p1a: Spiritomb|Spiritomb, F, shiny|304/304","|-formechange|p2a: Knight|Aegislash-Blade","|move|p2a: Knight|Shadow Sneak|p1a: Spiritomb","|-crit|p1a: Spiritomb","|-damage|p1a: Spiritomb|234/304","|","|-heal|p2a: Knight|105/322|[from] item: Leftovers","|-heal|p1a: Spiritomb|253/304|[from] item: Leftovers","|turn|19","|","|move|p2a: Knight|Shadow Ball|p1a: Spiritomb","|-damage|p1a: Spiritomb|91/304","|move|p1a: Spiritomb|Will-O-Wisp|p2a: Knight|[miss]","|-miss|p1a: Spiritomb|p2a: Knight","|","|-heal|p2a: Knight|125/322|[from] item: Leftovers","|-heal|p1a: Spiritomb|110/304|[from] item: Leftovers","|turn|20","|","|switch|p1a: Sableye|Sableye, M|304/304","|move|p2a: Knight|Shadow Ball|p1a: Sableye","|-damage|p1a: Sableye|138/304","|","|-heal|p1a: Sableye|157/304|[from] item: Leftovers","|-heal|p2a: Knight|145/322|[from] item: Leftovers","|turn|21","|","|-formechange|p2a: Knight|Aegislash","|move|p2a: Knight|King's Shield|p2a: Knight","|-singleturn|p2a: Knight|Protect","|move|p1a: Sableye|Foul Play|p2a: Knight","|-activate|p2a: Knight|Protect","|-unboost|p1a: Sableye|atk|2","|","|-heal|p1a: Sableye|176/304|[from] item: Leftovers","|-heal|p2a: Knight|165/322|[from] item: Leftovers","|turn|22","|","|move|p1a: Sableye|Will-O-Wisp|p2a: Knight","|-status|p2a: Knight|brn","|-formechange|p2a: Knight|Aegislash-Blade","|move|p2a: Knight|Shadow Ball|p1a: Sableye","|-crit|p1a: Sableye","|-damage|p1a: Sableye|0 fnt","|faint|p1a: Sableye","|","|-heal|p2a: Knight|185/322 brn|[from] item: Leftovers","|-damage|p2a: Knight|145/322 brn|[from] brn","|","|switch|p1a: Golurk|Golurk|382/382","|turn|23","|","|move|p1a: Golurk|Earthquake|p2a: Knight","|-supereffective|p2a: Knight","|-damage|p2a: Knight|0 fnt","|faint|p2a: Knight","|","|","|switch|p2a: Pawn|Cofagrigus, M|126/320","|turn|24","|","|switch|p1a: Jellicent|Jellicent, F, shiny|403/403","|move|p2a: Pawn|Trick Room|p2a: Pawn","|-fieldstart|move: Trick Room|[of] p2a: Pawn","|","|-heal|p2a: Pawn|146/320|[from] item: Leftovers","|turn|25","|","|move|p2a: Pawn|Shadow Ball|p1a: Jellicent","|-supereffective|p1a: Jellicent","|-damage|p1a: Jellicent|263/403","|move|p1a: Jellicent|Recover|p1a: Jellicent","|-heal|p1a: Jellicent|403/403","|","|-heal|p2a: Pawn|166/320|[from] item: Leftovers","|turn|26","|","|switch|p2a: Bishop|Trevenant, M|374/374","|move|p1a: Jellicent|Toxic|p2a: Bishop","|-status|p2a: Bishop|tox","|","|-damage|p2a: Bishop|351/374 tox|[from] psn","|turn|27","|","|switch|p1a: Spiritomb|Spiritomb, F, shiny|110/304","|move|p2a: Bishop|Horn Leech|p1a: Spiritomb","|-damage|p1a: Spiritomb|47/304","|-heal|p2a: Bishop|374/374 tox|[from] drain|[of] p1a: Spiritomb","|","|-heal|p1a: Spiritomb|66/304|[from] item: Leftovers","|-damage|p2a: Bishop|328/374 tox|[from] psn","|turn|28","|","|move|p1a: Spiritomb|Rest|p1a: Spiritomb","|-status|p1a: Spiritomb|slp","|-heal|p1a: Spiritomb|304/304 slp|[silent]","|-status|p1a: Spiritomb|slp|[from] move: Rest","|move|p2a: Bishop|Horn Leech|p1a: Spiritomb","|-damage|p1a: Spiritomb|237/304 slp","|-heal|p2a: Bishop|362/374 tox|[from] drain|[of] p1a: Spiritomb","|","|-heal|p1a: Spiritomb|256/304 slp|[from] item: Leftovers","|-damage|p2a: Bishop|293/374 tox|[from] psn","|-fieldend|move: Trick Room","|turn|29","|","|switch|p2a: Pawn|Cofagrigus, M|166/320","|cant|p1a: Spiritomb|slp","|move|p1a: Spiritomb|Sleep Talk|p1a: Spiritomb","|move|p1a: Spiritomb|Will-O-Wisp|p2a: Pawn|[from]Sleep Talk|[miss]","|-miss|p1a: Spiritomb|p2a: Pawn","|","|-heal|p1a: Spiritomb|275/304 slp|[from] item: Leftovers","|-heal|p2a: Pawn|186/320|[from] item: Leftovers","|turn|30","|","|cant|p1a: Spiritomb|slp","|move|p1a: Spiritomb|Sleep Talk|p1a: Spiritomb","|move|p1a: Spiritomb|Will-O-Wisp|p2a: Pawn|[from]Sleep Talk","|-status|p2a: Pawn|brn","|move|p2a: Pawn|Trick Room|p2a: Pawn","|-fieldstart|move: Trick Room|[of] p2a: Pawn","|","|-heal|p2a: Pawn|206/320 brn|[from] item: Leftovers","|-heal|p1a: Spiritomb|294/304 slp|[from] item: Leftovers","|-damage|p2a: Pawn|166/320 brn|[from] brn","|turn|31","|","|switch|p2a: Rook|Golurk|381/381","|-curestatus|p1a: Spiritomb|slp","|move|p1a: Spiritomb|Foul Play|p2a: Rook","|-supereffective|p2a: Rook","|-damage|p2a: Rook|0 fnt","|faint|p2a: Rook","|","|-heal|p1a: Spiritomb|304/304|[from] item: Leftovers","|","|win|Zukushiku"],"p1rating":{"entryid":"7076911","serverid":"eos","formatid":"monotype","userid":"zukushiku","username":"Zukushiku","w":13,"l":"6","t":"0","gxe":59.7,"r":"1536.705092843","rd":"79.942082814946","sigma":"0","rptime":"1438160400","rpr":1575.1604762103,"rprd":72.008204056843,"rpsigma":"0","acre":1237.6247081141,"lacre":1237.6247081141,"oldacre":"1226.9714966122"},"p2rating":{"entryid":"7256388","serverid":"eos","formatid":"monotype","userid":"djentropy","username":"DJ⌐■_■Entropy","w":"0","l":3,"t":"0","gxe":39.4,"r":"1500","rd":"130","sigma":"0","rptime":"1438160400","rpr":1414.9761469014,"rprd":110.6842731307,"rpsigma":"0","acre":1000,"lacre":1000,"oldacre":"1000"},"endType":"forfeit"}