{"seed":[528,31948,56799,3402],"turns":35,"p1":"Alliance - Glacia","p2":"Wаrden Arguѕ","p1team":[{"name":"Usain","species":"weavile","item":"choiceband","ability":"Pressure","moves":["knockoff","iciclecrash","lowkick","iceshard"],"nature":"Jolly","evs":{"hp":0,"atk":252,"def":0,"spa":0,"spd":4,"spe":252},"ivs":{"hp":31,"atk":31,"def":31,"spa":31,"spd":31,"spe":31}},{"name":"Liopleurodon","species":"lapras","item":"choicespecs","ability":"Water Absorb","moves":["surf","freezedry","ancientpower","hiddenpowerfire"],"nature":"Modest","evs":{"hp":248,"atk":0,"def":0,"spa":252,"spd":8,"spe":0},"ivs":{"hp":31,"atk":30,"def":31,"spa":30,"spd":31,"spe":30}},{"name":"Bahamut","species":"kyuremblack","item":"choicescarf","ability":"Teravolt","moves":["outrage","fusionbolt","earthpower","icebeam"],"nature":"Naive","evs":{"hp":0,"atk":252,"def":0,"spa":4,"spd":0,"spe":252},"ivs":{"hp":31,"atk":31,"def":31,"spa":31,"spd":31,"spe":31}},{"name":"Jotunn","species":"regice","item":"chestoberry","ability":"Clear Body","moves":["thunderwave","seismictoss","counter","rest"],"nature":"Calm","evs":{"hp":248,"atk":0,"def":8,"spa":0,"spd":252,"spe":0},"ivs":{"hp":31,"atk":31,"def":31,"spa":31,"spd":31,"spe":31}},{"name":"T-Titanic-Kun...","species":"avalugg","item":"leftovers","ability":"Sturdy","moves":["rapidspin","avalanche","toxic","recover"],"nature":"Impish","evs":{"hp":252,"atk":4,"def":252,"spa":0,"spd":0,"spe":0},"ivs":{"hp":31,"atk":31,"def":31,"spa":31,"spd":31,"spe":31}},{"name":"Mamoswine","species":"Mamoswine","item":"focussash","ability":"Oblivious","moves":["endeavor","earthquake","knockoff","iceshard"],"nature":"Brave","evs":{"hp":248,"atk":252,"def":0,"spa":0,"spd":8,"spe":0},"ivs":{"hp":31,"atk":31,"def":31,"spa":31,"spd":31,"spe":31}}],"p2team":[{"name":"Sableye","species":"Sableye","item":"leftovers","ability":"Prankster","moves":["knockoff","willowisp","recover","taunt"],"nature":"Bold","evs":{"hp":228,"atk":0,"def":252,"spa":0,"spd":0,"spe":28},"gender":"M","ivs":{"hp":31,"atk":0,"def":31,"spa":31,"spd":31,"spe":31}},{"name":"Aegislash","species":"Aegislash","item":"weaknesspolicy","ability":"Stance Change","moves":["kingsshield","sacredsword","shadowball","shadowsneak"],"nature":"Lonely","evs":{"hp":0,"atk":252,"def":0,"spa":240,"spd":0,"spe":16},"gender":"M","shiny":true,"ivs":{"hp":31,"atk":31,"def":31,"spa":31,"spd":31,"spe":31}},{"name":"Jellicent","species":"Jellicent","item":"leftovers","ability":"Cursed Body","moves":["toxic","scald","recover","acidarmor"],"nature":"Calm","evs":{"hp":252,"atk":0,"def":0,"spa":0,"spd":252,"spe":4},"gender":"M","ivs":{"hp":31,"atk":0,"def":31,"spa":31,"spd":31,"spe":31},"shiny":true},{"name":"Golurk","species":"Golurk","item":"focussash","ability":"No Guard","moves":["stealthrock","stoneedge","dynamicpunch","curse"],"nature":"Adamant","evs":{"hp":0,"atk":252,"def":0,"spa":0,"spd":4,"spe":252},"shiny":true,"ivs":{"hp":31,"atk":31,"def":31,"spa":31,"spd":31,"spe":31}},{"name":"Chandelure","species":"Chandelure","item":"choicescarf","ability":"Infiltrator","moves":["flamethrower","shadowball","energyball","trick"],"nature":"Modest","evs":{"hp":0,"atk":0,"def":0,"spa":252,"spd":4,"spe":252},"gender":"F","ivs":{"hp":31,"atk":0,"def":31,"spa":31,"spd":31,"spe":31}},{"name":"Gengar","species":"Gengar","item":"focussash","ability":"Levitate","moves":["destinybond","sludgebomb","shadowball","energyball"],"nature":"Timid","evs":{"hp":0,"atk":0,"def":0,"spa":252,"spd":4,"spe":252},"gender":"F","ivs":{"hp":31,"atk":0,"def":31,"spa":31,"spd":31,"spe":31},"shiny":true}],"log":["|player|p1|Alliance - Glacia|79","|player|p2|Wаrden Arguѕ|argus2spooky.png","|gametype|singles","|gen|6","|tier|Monotype","|rated","|rule|Baton Pass Clause: Limit one Baton Passer, can't pass Spe and other stats simultaneously","|rule|Swagger Clause: Swagger is banned","|rule|Same Type Clause: Pokémon in a team must share a type","|clearpoke","|poke|p1|Weavile, F","|poke|p1|Lapras, F","|poke|p1|Kyurem-Black","|poke|p1|Regice","|poke|p1|Avalugg, M","|poke|p1|Mamoswine, F","|poke|p2|Sableye, M","|poke|p2|Aegislash, M, shiny","|poke|p2|Jellicent, M, shiny","|poke|p2|Golurk, shiny","|poke|p2|Chandelure, F","|poke|p2|Gengar, F, shiny","|rule|Sleep Clause Mod: Limit one foe put to sleep","|rule|Species Clause: Limit one of each Pokémon","|rule|OHKO Clause: OHKO moves are banned","|rule|Moody Clause: Moody is banned","|rule|Evasion Moves Clause: Evasion moves are banned","|rule|Endless Battle Clause: Forcing endless battles is banned","|rule|HP Percentage Mod: HP is shown in percentages","|teampreview","|","|start","|switch|p1a: Liopleurodon|Lapras, F|463/463","|switch|p2a: Sableye|Sableye, M|298/298","|turn|1","|","|switch|p2a: Jellicent|Jellicent, M, shiny|404/404","|move|p1a: Liopleurodon|Surf|p2a: Jellicent","|-resisted|p2a: Jellicent","|-damage|p2a: Jellicent|337/404","|","|-heal|p2a: Jellicent|362/404|[from] item: Leftovers","|turn|2","|","|switch|p2a: Sableye|Sableye, M|298/298","|switch|p1a: Jotunn|Regice|363/363","|","|turn|3","|","|move|p2a: Sableye|Will-O-Wisp|p1a: Jotunn","|-status|p1a: Jotunn|brn","|move|p1a: Jotunn|Seismic Toss|p2a: Sableye","|-immune|p2a: Sableye|[msg]","|","|-damage|p1a: Jotunn|318/363 brn|[from] brn","|turn|4","|","|move|p2a: Sableye|Taunt|p1a: Jotunn","|-start|p1a: Jotunn|move: Taunt","|cant|p1a: Jotunn|move: Taunt|Thunder Wave","|","|-damage|p1a: Jotunn|273/363 brn|[from] brn","|turn|5","|","|switch|p1a: Liopleurodon|Lapras, F|463/463","|move|p2a: Sableye|Knock Off|p1a: Liopleurodon","|-damage|p1a: Liopleurodon|385/463","|-enditem|p1a: Liopleurodon|Choice Specs|[from] move: Knock Off|[of] p2a: Sableye","|","|turn|6","|","|switch|p2a: Jellicent|Jellicent, M, shiny|362/404","|move|p1a: Liopleurodon|Freeze-Dry|p2a: Jellicent","|-supereffective|p2a: Jellicent","|-damage|p2a: Jellicent|216/404","|-start|p1a: Liopleurodon|Disable|Freeze-Dry","|","|-heal|p2a: Jellicent|241/404|[from] item: Leftovers","|turn|7","|","|switch|p1a: Jotunn|Regice|273/363 brn","|move|p2a: Jellicent|Toxic|p1a: Jotunn","|-fail|p1a: Jotunn","|","|-heal|p2a: Jellicent|266/404|[from] item: Leftovers","|-damage|p1a: Jotunn|228/363 brn|[from] brn","|turn|8","|","|switch|p2a: Golurk|Golurk, shiny|319/319","|move|p1a: Jotunn|Thunder Wave|p2a: Golurk","|-immune|p2a: Golurk|[msg]","|","|-damage|p1a: Jotunn|183/363 brn|[from] brn","|turn|9","|","|switch|p1a: T-Titanic-Kun...|Avalugg, M|394/394","|move|p2a: Golurk|Stealth Rock|p1a: T-Titanic-Kun...","|-sidestart|p1: Alliance - Glacia|move: Stealth Rock","|","|turn|10","|","|move|p2a: Golurk|Dynamic Punch|p1a: T-Titanic-Kun...","|-supereffective|p1a: T-Titanic-Kun...","|-damage|p1a: T-Titanic-Kun...|278/394","|-start|p1a: T-Titanic-Kun...|confusion","|-activate|p1a: T-Titanic-Kun...|confusion","|move|p1a: T-Titanic-Kun...|Toxic|p2a: Golurk","|-status|p2a: Golurk|tox","|","|-heal|p1a: T-Titanic-Kun...|302/394|[from] item: Leftovers","|-damage|p2a: Golurk|300/319 tox|[from] psn","|turn|11","|","|switch|p2a: Chandelure|Chandelure, F|261/261","|-activate|p1a: T-Titanic-Kun...|confusion","|-damage|p1a: T-Titanic-Kun...|286/394|[from] confusion","|","|-heal|p1a: T-Titanic-Kun...|310/394|[from] item: Leftovers","|turn|12","|","|switch|p1a: Jotunn|Regice|183/363 brn","|-damage|p1a: Jotunn|93/363 brn|[from] Stealth Rock","|move|p2a: Chandelure|Energy Ball|p1a: Jotunn","|-damage|p1a: Jotunn|40/363 brn","|","|-damage|p1a: Jotunn|0 fnt|[from] brn","|faint|p1a: Jotunn","|","|switch|p1a: Bahamut|Kyurem-Black|391/391","|-damage|p1a: Bahamut|294/391|[from] Stealth Rock","|-ability|p1a: Bahamut|Teravolt","|turn|13","|","|switch|p2a: Golurk|Golurk, shiny|300/319 tox","|move|p1a: Bahamut|Earth Power|p2a: Golurk","|-damage|p2a: Golurk|200/319 tox","|","|-damage|p2a: Golurk|181/319 tox|[from] psn","|turn|14","|","|switch|p1a: T-Titanic-Kun...|Avalugg, M|310/394","|-damage|p1a: T-Titanic-Kun...|212/394|[from] Stealth Rock","|move|p2a: Golurk|Dynamic Punch|p1a: T-Titanic-Kun...","|-supereffective|p1a: T-Titanic-Kun...","|-damage|p1a: T-Titanic-Kun...|98/394","|-start|p1a: T-Titanic-Kun...|confusion","|","|-heal|p1a: T-Titanic-Kun...|122/394|[from] item: Leftovers","|-damage|p2a: Golurk|143/319 tox|[from] psn","|turn|15","|","|switch|p2a: Aegislash|Aegislash, M, shiny|261/261","|-activate|p1a: T-Titanic-Kun...|confusion","|move|p1a: T-Titanic-Kun...|Recover|p1a: T-Titanic-Kun...","|-heal|p1a: T-Titanic-Kun...|319/394","|","|-heal|p1a: T-Titanic-Kun...|343/394|[from] item: Leftovers","|turn|16","|","|-formechange|p2a: Aegislash|Aegislash-Blade","|move|p2a: Aegislash|Shadow Ball|p1a: T-Titanic-Kun...","|-damage|p1a: T-Titanic-Kun...|78/394","|-activate|p1a: T-Titanic-Kun...|confusion","|move|p1a: T-Titanic-Kun...|Avalanche|p2a: Aegislash","|-resisted|p2a: Aegislash","|-damage|p2a: Aegislash|108/261","|","|-heal|p1a: T-Titanic-Kun...|102/394|[from] item: Leftovers","|turn|17","|","|move|p2a: Aegislash|Shadow Ball|p1a: T-Titanic-Kun...","|-damage|p1a: T-Titanic-Kun...|0 fnt","|faint|p1a: T-Titanic-Kun...","|","|","|switch|p1a: Mamoswine|Mamoswine, F|423/423","|-damage|p1a: Mamoswine|371/423|[from] Stealth Rock","|turn|18","|","|move|p1a: Mamoswine|Knock Off|p2a: Aegislash","|-supereffective|p2a: Aegislash","|-damage|p2a: Aegislash|0 fnt","|-enditem|p2a: Aegislash|Weakness Policy|[from] move: Knock Off|[of] p1a: Mamoswine","|faint|p2a: Aegislash","|","|","|switch|p2a: Sableye|Sableye, M|298/298","|turn|19","|","|switch|p1a: Liopleurodon|Lapras, F|385/463","|-damage|p1a: Liopleurodon|270/463|[from] Stealth Rock","|move|p2a: Sableye|Will-O-Wisp|p1a: Liopleurodon","|-status|p1a: Liopleurodon|brn","|","|-damage|p1a: Liopleurodon|213/463 brn|[from] brn","|turn|20","|","|switch|p2a: Jellicent|Jellicent, M, shiny|266/404","|move|p1a: Liopleurodon|Freeze-Dry|p2a: Jellicent","|-supereffective|p2a: Jellicent","|-damage|p2a: Jellicent|122/404","|","|-heal|p2a: Jellicent|147/404|[from] item: Leftovers","|-damage|p1a: Liopleurodon|156/463 brn|[from] brn","|turn|21","|","|move|p2a: Jellicent|Recover|p2a: Jellicent","|-heal|p2a: Jellicent|349/404","|move|p1a: Liopleurodon|Freeze-Dry|p2a: Jellicent","|-supereffective|p2a: Jellicent","|-damage|p2a: Jellicent|205/404","|","|-heal|p2a: Jellicent|230/404|[from] item: Leftovers","|-damage|p1a: Liopleurodon|99/463 brn|[from] brn","|turn|22","|","|switch|p1a: Usain|Weavile, F|281/281","|-damage|p1a: Usain|211/281|[from] Stealth Rock","|-ability|p1a: Usain|Pressure","|move|p2a: Jellicent|Acid Armor|p2a: Jellicent","|-boost|p2a: Jellicent|def|2","|","|-heal|p2a: Jellicent|255/404|[from] item: Leftovers","|turn|23","|","|move|p1a: Usain|Knock Off|p2a: Jellicent","|-supereffective|p2a: Jellicent","|-damage|p2a: Jellicent|0 fnt","|-enditem|p2a: Jellicent|Leftovers|[from] move: Knock Off|[of] p1a: Usain","|faint|p2a: Jellicent","|","|","|switch|p2a: Sableye|Sableye, M|298/298","|turn|24","|","|switch|p1a: Liopleurodon|Lapras, F|99/463 brn","|-damage|p1a: Liopleurodon|0 fnt|[from] Stealth Rock","|faint|p1a: Liopleurodon","|move|p2a: Sableye|Will-O-Wisp|p1: Liopleurodon|[notarget]","|-notarget","|","|","|switch|p1a: Mamoswine|Mamoswine, F|371/423","|-damage|p1a: Mamoswine|319/423|[from] Stealth Rock","|turn|25","|","|move|p2a: Sableye|Will-O-Wisp|p1a: Mamoswine","|-status|p1a: Mamoswine|brn","|move|p1a: Mamoswine|Knock Off|p2a: Sableye","|-damage|p2a: Sableye|244/298","|-enditem|p2a: Sableye|Leftovers|[from] move: Knock Off|[of] p1a: Mamoswine","|","|-damage|p1a: Mamoswine|267/423 brn|[from] brn","|turn|26","|","|move|p1a: Mamoswine|Knock Off|p2a: Sableye","|-damage|p2a: Sableye|206/298","|move|p2a: Sableye|Knock Off|p1a: Mamoswine","|-damage|p1a: Mamoswine|179/423 brn","|-enditem|p1a: Mamoswine|Focus Sash|[from] move: Knock Off|[of] p2a: Sableye","|","|-damage|p1a: Mamoswine|127/423 brn|[from] brn","|turn|27","|","|move|p2a: Sableye|Recover|p2a: Sableye","|-heal|p2a: Sableye|298/298","|move|p1a: Mamoswine|Earthquake|p2a: Sableye","|-damage|p2a: Sableye|214/298","|","|-damage|p1a: Mamoswine|75/423 brn|[from] brn","|turn|28","|","|move|p1a: Mamoswine|Earthquake|p2a: Sableye","|-damage|p2a: Sableye|130/298","|move|p2a: Sableye|Knock Off|p1a: Mamoswine","|-damage|p1a: Mamoswine|20/423 brn","|","|-damage|p1a: Mamoswine|0 fnt|[from] brn","|faint|p1a: Mamoswine","|","|switch|p1a: Usain|Weavile, F|211/281","|-damage|p1a: Usain|141/281|[from] Stealth Rock","|-ability|p1a: Usain|Pressure","|turn|29","|","|move|p1a: Usain|Ice Shard|p2a: Sableye","|-damage|p2a: Sableye|36/298","|move|p2a: Sableye|Will-O-Wisp|p1a: Usain","|-status|p1a: Usain|brn","|","|-damage|p1a: Usain|106/281 brn|[from] brn","|turn|30","|","|switch|p2a: Golurk|Golurk, shiny|143/319 tox","|move|p1a: Usain|Ice Shard|p2a: Golurk","|-supereffective|p2a: Golurk","|-damage|p2a: Golurk|25/319 tox","|","|-damage|p1a: Usain|71/281 brn|[from] brn","|-damage|p2a: Golurk|6/319 tox|[from] psn","|turn|31","|","|move|p1a: Usain|Ice Shard|p2a: Golurk","|-supereffective|p2a: Golurk","|-damage|p2a: Golurk|0 fnt","|faint|p2a: Golurk","|","|-damage|p1a: Usain|36/281 brn|[from] brn","|","|switch|p2a: Chandelure|Chandelure, F|261/261","|turn|32","|","|move|p1a: Usain|Ice Shard|p2a: Chandelure","|-resisted|p2a: Chandelure","|-damage|p2a: Chandelure|232/261","|move|p2a: Chandelure|Flamethrower|p1a: Usain","|-supereffective|p1a: Usain","|-damage|p1a: Usain|0 fnt","|faint|p1a: Usain","|","|","|switch|p1a: Bahamut|Kyurem-Black|294/391","|-damage|p1a: Bahamut|197/391|[from] Stealth Rock","|-ability|p1a: Bahamut|Teravolt","|turn|33","|","|move|p1a: Bahamut|Outrage|p2a: Chandelure","|-damage|p2a: Chandelure|0 fnt","|faint|p2a: Chandelure","|","|","|switch|p2a: Sableye|Sableye, M|36/298","|turn|34","|","|move|p2a: Sableye|Will-O-Wisp|p1a: Bahamut","|-status|p1a: Bahamut|brn","|move|p1a: Bahamut|Outrage|p2a: Sableye","|-damage|p2a: Sableye|0 fnt","|faint|p2a: Sableye","|","|-damage|p1a: Bahamut|149/391 brn|[from] brn","|","|switch|p2a: Gengar|Gengar, F, shiny|261/261","|turn|35","|","|move|p1a: Bahamut|Outrage|p2a: Gengar","|-damage|p2a: Gengar|67/261","|-start|p1a: Bahamut|confusion|[fatigue]","|move|p2a: Gengar|Sludge Bomb|p1a: Bahamut","|-damage|p1a: Bahamut|0 fnt","|faint|p1a: Bahamut","|","|win|Wаrden Arguѕ"],"p1rating":{"entryid":"6141190","serverid":"eos","formatid":"monotype","userid":"allianceglacia","username":"Alliance - Glacia","w":"9","l":7,"t":"0","gxe":55.4,"r":"1561.9352382538","rd":"82.37040540344","sigma":"0","rptime":"1438160400","rpr":1541.8726276252,"rprd":80.50996812707,"rpsigma":"0","acre":1154.0848666971,"lacre":1154.0848666971,"oldacre":"1173.3270832626"},"p2rating":{"entryid":"7252450","serverid":"eos","formatid":"monotype","userid":"wrdenargu","username":"Wаrden Arguѕ","w":13,"l":"2","t":"0","gxe":72.6,"r":"1500","rd":"130","sigma":"0","rptime":"1438160400","rpr":1687.3549293102,"rprd":76.633492671923,"rpsigma":"0","acre":1274.0492744464,"lacre":1274.0492744464,"oldacre":"1254.8070578809"},"endType":"normal"}