{"seed":[15352,36250,28178,55885],"turns":21,"p1":"Crystal Bronze0re","p2":"Hershey Bot","p1team":[{"name":"Heracross","species":"Heracross","item":"choicescarf","ability":"Moxie","moves":["closecombat","earthquake","megahorn","stoneedge"],"nature":"Jolly","evs":{"hp":0,"atk":252,"def":0,"spa":0,"spd":4,"spe":252},"ivs":{"hp":31,"atk":31,"def":31,"spa":31,"spd":31,"spe":31}},{"name":"Accelgor","species":"Accelgor","item":"focussash","ability":"Unburden","moves":["bugbuzz","hiddenpowerrock","acidspray","focusblast"],"nature":"Modest","evs":{"hp":0,"atk":0,"def":0,"spa":252,"spd":4,"spe":252},"gender":"F","ivs":{"hp":31,"atk":31,"def":30,"spa":31,"spd":30,"spe":30}},{"name":"Genesect","species":"Genesect","item":"choicescarf","ability":"Download","moves":["flamethrower","icebeam","bugbuzz","flashcannon"],"nature":"Modest","evs":{"hp":0,"atk":0,"def":0,"spa":252,"spd":4,"spe":252},"shiny":true,"ivs":{"hp":31,"atk":31,"def":31,"spa":31,"spd":31,"spe":31}},{"name":"Volbeat","species":"Volbeat","item":"focussash","ability":"Prankster","moves":["batonpass","tailglow","poweruppunch","encore"],"nature":"Timid","evs":{"hp":248,"atk":0,"def":132,"spa":0,"spd":128,"spe":0},"ivs":{"hp":31,"atk":31,"def":31,"spa":31,"spd":31,"spe":31}},{"name":"Solar Star","species":"volcarona","item":"leftovers","ability":"Flame Body","moves":["bugbuzz","fierydance","gigadrain","hiddenpowerwater"],"nature":"Modest","evs":{"hp":120,"atk":0,"def":0,"spa":252,"spd":0,"spe":136},"gender":"F","ivs":{"hp":31,"atk":30,"def":30,"spa":30,"spd":31,"spe":31},"shiny":true},{"name":"Pinsir","species":"Pinsir","item":"pinsirite","ability":"Moxie","moves":["quickattack","earthquake","return","protect"],"nature":"Timid","evs":{"hp":0,"atk":252,"def":0,"spa":0,"spd":0,"spe":252},"gender":"F","ivs":{"hp":31,"atk":31,"def":31,"spa":31,"spd":31,"spe":31}}],"p2team":[{"name":"Alomomola","species":"Alomomola","item":"rockyhelmet","ability":"Regenerator","moves":["wish","protect","toxic","mirrorcoat"],"nature":"Bold","evs":{"hp":252,"atk":0,"def":252,"spa":0,"spd":4,"spe":0},"ivs":{"hp":31,"atk":0,"def":31,"spa":31,"spd":31,"spe":31}},{"name":"Azumarill","species":"Azumarill","item":"leftovers","ability":"Sap Sipper","moves":["toxic","scald","perishsong","knockoff"],"nature":"Impish","evs":{"hp":252,"atk":0,"def":252,"spa":0,"spd":4,"spe":0},"ivs":{"hp":31,"atk":31,"def":31,"spa":31,"spd":31,"spe":31}},{"name":"Lanturn","species":"Lanturn","item":"leftovers","ability":"Volt Absorb","moves":["voltswitch","toxic","healbell","scald"],"nature":"Calm","evs":{"hp":252,"atk":0,"def":4,"spa":0,"spd":252,"spe":0},"ivs":{"hp":31,"atk":0,"def":31,"spa":31,"spd":31,"spe":31}},{"name":"Keldeo","species":"Keldeo","item":"choicespecs","ability":"Justified","moves":["scald","hydropump","secretsword","icywind"],"nature":"Timid","evs":{"hp":4,"atk":0,"def":0,"spa":252,"spd":0,"spe":252},"ivs":{"hp":31,"atk":0,"def":31,"spa":31,"spd":31,"spe":31}},{"name":"Quagsire","species":"Quagsire","item":"leftovers","ability":"Unaware","moves":["earthquake","scald","toxic","recover"],"nature":"Lax","evs":{"hp":252,"atk":4,"def":252,"spa":0,"spd":0,"spe":0},"ivs":{"hp":31,"atk":31,"def":31,"spa":31,"spd":31,"spe":31}},{"name":"Empoleon","species":"Empoleon","item":"leftovers","ability":"Torrent","moves":["stealthrock","defog","flashcannon","roar"],"nature":"Calm","evs":{"hp":252,"atk":0,"def":56,"spa":0,"spd":200,"spe":0},"ivs":{"hp":31,"atk":0,"def":31,"spa":31,"spd":31,"spe":31}}],"log":["|player|p1|Crystal Bronze0re|274","|player|p2|Hershey Bot|4","|gametype|singles","|gen|6","|tier|Monotype","|rated","|rule|Baton Pass Clause: Limit one Baton Passer, can't pass Spe and other stats simultaneously","|rule|Swagger Clause: Swagger is banned","|rule|Same Type Clause: Pokémon in a team must share a type","|clearpoke","|poke|p1|Heracross, M","|poke|p1|Accelgor, F","|poke|p1|Genesect-*, shiny","|poke|p1|Volbeat, M","|poke|p1|Volcarona, F, shiny","|poke|p1|Pinsir, F","|poke|p2|Alomomola, M","|poke|p2|Azumarill, M","|poke|p2|Lanturn, F","|poke|p2|Keldeo","|poke|p2|Quagsire, F","|poke|p2|Empoleon, F","|rule|Sleep Clause Mod: Limit one foe put to sleep","|rule|Species Clause: Limit one of each Pokémon","|rule|OHKO Clause: OHKO moves are banned","|rule|Moody Clause: Moody is banned","|rule|Evasion Moves Clause: Evasion moves are banned","|rule|Endless Battle Clause: Forcing endless battles is banned","|rule|HP Percentage Mod: HP is shown in percentages","|teampreview","|","|start","|switch|p1a: Volbeat|Volbeat, M|333/333","|switch|p2a: Lanturn|Lanturn, F|454/454","|turn|1","|","|move|p1a: Volbeat|Tail Glow|p1a: Volbeat","|-boost|p1a: Volbeat|spa|3","|move|p2a: Lanturn|Volt Switch|p1a: Volbeat","|-damage|p1a: Volbeat|266/333","|","|switch|p2a: Azumarill|Azumarill, M|404/404","|","|turn|2","|","|move|p1a: Volbeat|Tail Glow|p1a: Volbeat","|-boost|p1a: Volbeat|spa|3","|move|p2a: Azumarill|Perish Song|p2a: Azumarill","|-start|p1a: Volbeat|perish3|[silent]","|-start|p2a: Azumarill|perish3|[silent]","|-fieldactivate|move: Perish Song","|","|-start|p1a: Volbeat|perish3","|-start|p2a: Azumarill|perish3","|turn|3","|","|move|p1a: Volbeat|Encore|p2a: Azumarill","|-start|p2a: Azumarill|Encore","|move|p2a: Azumarill|Perish Song|p2a: Azumarill","|-fail|p2a: Azumarill","|","|-start|p1a: Volbeat|perish2","|-start|p2a: Azumarill|perish2","|turn|4","|","|move|p1a: Volbeat|Tail Glow|p1a: Volbeat","|-fail|p1a: Volbeat","|move|p2a: Azumarill|Perish Song|p2a: Azumarill","|-fail|p2a: Azumarill","|","|-start|p1a: Volbeat|perish1","|-start|p2a: Azumarill|perish1","|turn|5","|","|switch|p2a: Empoleon|Empoleon, F|372/372","|move|p1a: Volbeat|Tail Glow|p1a: Volbeat","|-fail|p1a: Volbeat","|","|-start|p1a: Volbeat|perish0","|faint|p1a: Volbeat","|","|switch|p1a: Heracross|Heracross, M|301/301","|turn|6","|","|move|p1a: Heracross|Close Combat|p2a: Empoleon","|-supereffective|p2a: Empoleon","|-damage|p2a: Empoleon|0 fnt","|-unboost|p1a: Heracross|def|1","|-unboost|p1a: Heracross|spd|1","|faint|p2a: Empoleon","|-boost|p1a: Heracross|atk|1|[from] ability: Moxie","|","|","|switch|p2a: Azumarill|Azumarill, M|404/404","|turn|7","|","|move|p1a: Heracross|Close Combat|p2a: Azumarill","|-resisted|p2a: Azumarill","|-damage|p2a: Azumarill|284/404","|-unboost|p1a: Heracross|def|1","|-unboost|p1a: Heracross|spd|1","|move|p2a: Azumarill|Perish Song|p2a: Azumarill","|-start|p1a: Heracross|perish3|[silent]","|-start|p2a: Azumarill|perish3|[silent]","|-fieldactivate|move: Perish Song","|","|-start|p1a: Heracross|perish3","|-start|p2a: Azumarill|perish3","|-heal|p2a: Azumarill|309/404|[from] item: Leftovers","|turn|8","|","|move|p1a: Heracross|Close Combat|p2a: Azumarill","|-resisted|p2a: Azumarill","|-damage|p2a: Azumarill|178/404","|-unboost|p1a: Heracross|def|1","|-unboost|p1a: Heracross|spd|1","|move|p2a: Azumarill|Toxic|p1a: Heracross","|-status|p1a: Heracross|tox","|","|-start|p1a: Heracross|perish2","|-start|p2a: Azumarill|perish2","|-heal|p2a: Azumarill|203/404|[from] item: Leftovers","|-damage|p1a: Heracross|283/301 tox|[from] psn","|turn|9","|","|move|p1a: Heracross|Close Combat|p2a: Azumarill","|-resisted|p2a: Azumarill","|-damage|p2a: Azumarill|74/404","|-unboost|p1a: Heracross|def|1","|-unboost|p1a: Heracross|spd|1","|move|p2a: Azumarill|Scald|p1a: Heracross","|-damage|p1a: Heracross|97/301 tox","|","|-start|p1a: Heracross|perish1","|-start|p2a: Azumarill|perish1","|-heal|p2a: Azumarill|99/404|[from] item: Leftovers","|-damage|p1a: Heracross|61/301 tox|[from] psn","|turn|10","|","|switch|p2a: Keldeo|Keldeo|324/324","|move|p1a: Heracross|Close Combat|p2a: Keldeo","|-damage|p2a: Keldeo|11/324","|-unboost|p1a: Heracross|def|1","|-unboost|p1a: Heracross|spd|1","|","|-start|p1a: Heracross|perish0","|faint|p1a: Heracross","|","|switch|p1a: Pinsir|Pinsir, F|271/271","|turn|11","|","|move|p1a: Pinsir|Quick Attack|p2a: Keldeo","|-damage|p2a: Keldeo|0 fnt","|faint|p2a: Keldeo","|-boost|p1a: Pinsir|atk|1|[from] ability: Moxie","|","|","|switch|p2a: Azumarill|Azumarill, M|99/404","|turn|12","|","|move|p1a: Pinsir|Quick Attack|p2a: Azumarill","|-damage|p2a: Azumarill|46/404","|move|p2a: Azumarill|Perish Song|p2a: Azumarill","|-start|p1a: Pinsir|perish3|[silent]","|-start|p2a: Azumarill|perish3|[silent]","|-fieldactivate|move: Perish Song","|","|-start|p1a: Pinsir|perish3","|-start|p2a: Azumarill|perish3","|-heal|p2a: Azumarill|71/404|[from] item: Leftovers","|turn|13","|","|move|p1a: Pinsir|Quick Attack|p2a: Azumarill","|-damage|p2a: Azumarill|16/404","|move|p2a: Azumarill|Scald|p1a: Pinsir","|-damage|p1a: Pinsir|202/271","|","|-start|p1a: Pinsir|perish2","|-start|p2a: Azumarill|perish2","|-heal|p2a: Azumarill|41/404|[from] item: Leftovers","|turn|14","|","|move|p1a: Pinsir|Return|p2a: Azumarill","|-damage|p2a: Azumarill|0 fnt","|faint|p2a: Azumarill","|-boost|p1a: Pinsir|atk|1|[from] ability: Moxie","|","|-start|p1a: Pinsir|perish1","|","|switch|p2a: Quagsire|Quagsire, F|394/394","|turn|15","|","|detailschange|p1a: Pinsir|Pinsir-Mega, F","|-mega|p1a: Pinsir|Pinsir|Pinsirite","|move|p1a: Pinsir|Return|p2a: Quagsire","|-damage|p2a: Quagsire|183/394","|move|p2a: Quagsire|Scald|p1a: Pinsir","|-damage|p1a: Pinsir|135/271","|","|-start|p1a: Pinsir|perish0","|-heal|p2a: Quagsire|207/394|[from] item: Leftovers","|faint|p1a: Pinsir","|","|switch|p1a: Solar Star|Volcarona, F, shiny|341/341","|turn|16","|","|move|p1a: Solar Star|Giga Drain|p2a: Quagsire","|-supereffective|p2a: Quagsire","|-damage|p2a: Quagsire|0 fnt","|faint|p2a: Quagsire","|","|","|switch|p2a: Alomomola|Alomomola, M|534/534","|turn|17","|","|move|p1a: Solar Star|Giga Drain|p2a: Alomomola","|-supereffective|p2a: Alomomola","|-damage|p2a: Alomomola|144/534","|move|p2a: Alomomola|Mirror Coat|p1a: Solar Star","|-damage|p1a: Solar Star|0 fnt","|faint|p1a: Solar Star","|","|","|switch|p1a: Genesect|Genesect, shiny|283/283","|-boost|p1a: Genesect|spa|1|[from] ability: Download","|turn|18","|","|switch|p2a: Lanturn|Lanturn, F|454/454","|move|p1a: Genesect|Bug Buzz|p2a: Lanturn","|-damage|p2a: Lanturn|259/454","|","|-heal|p2a: Lanturn|287/454|[from] item: Leftovers","|turn|19","|","|move|p1a: Genesect|Bug Buzz|p2a: Lanturn","|-damage|p2a: Lanturn|89/454","|move|p2a: Lanturn|Scald|p1a: Genesect","|-damage|p1a: Genesect|208/283","|","|-heal|p2a: Lanturn|117/454|[from] item: Leftovers","|turn|20","|","|move|p1a: Genesect|Bug Buzz|p2a: Lanturn","|-damage|p2a: Lanturn|0 fnt","|faint|p2a: Lanturn","|","|","|switch|p2a: Alomomola|Alomomola, M|322/534","|turn|21","|","|move|p1a: Genesect|Bug Buzz|p2a: Alomomola","|-damage|p2a: Alomomola|0 fnt","|faint|p2a: Alomomola","|","|win|Crystal Bronze0re"],"p1rating":{"entryid":"6377401","serverid":"eos","formatid":"monotype","userid":"crystalbronze0re","username":"Crystal Bronze0re","w":108,"l":"87","t":"0","gxe":54.7,"r":"1526.8023710237","rd":"36.718765812802","sigma":"0","rptime":"1438160400","rpr":1535.6637750355,"rprd":35.522437375506,"rpsigma":"0","acre":1182.2376061431,"lacre":1182.2376061431,"oldacre":"1164.1564524448"},"p2rating":{"entryid":"7247948","serverid":"eos","formatid":"monotype","userid":"hersheybot","username":"Hershey Bot","w":"8","l":16,"t":"0","gxe":35.4,"r":"1500","rd":"130","sigma":"0","rptime":"1438160400","rpr":1385.1476241893,"rprd":65.441516817777,"rpsigma":"0","acre":1051.0974859591,"lacre":1051.0974859591,"oldacre":"1065.4280334077"},"endType":"normal"}