{"seed":[36969,5091,42567,46962],"turns":23,"p1":"Metalyte","p2":"Rain ☆ Feraligatr","p1team":[{"name":"Kyurem-Black","species":"Kyurem-Black","item":"choicescarf","ability":"Teravolt","moves":["outrage","fusionbolt","icebeam","earthpower"],"nature":"Naive","evs":{"hp":0,"atk":252,"def":0,"spa":4,"spd":0,"spe":252},"ivs":{"hp":31,"atk":31,"def":31,"spa":31,"spd":31,"spe":31}},{"name":"Garchomp","species":"Garchomp","item":"choicescarf","ability":"Rough Skin","moves":["outrage","earthquake","stoneedge","ironhead"],"nature":"Jolly","evs":{"hp":0,"atk":252,"def":0,"spa":0,"spd":4,"spe":252},"ivs":{"hp":31,"atk":31,"def":31,"spa":31,"spd":31,"spe":31}},{"name":"Latios","species":"Latios","item":"choicescarf","ability":"Levitate","moves":["dracometeor","psyshock","thunderbolt","trick"],"nature":"Timid","evs":{"hp":0,"atk":0,"def":0,"spa":252,"spd":4,"spe":252},"ivs":{"hp":31,"atk":31,"def":31,"spa":31,"spd":31,"spe":31}},{"name":"Salamence","species":"Salamence","item":"choicescarf","ability":"Moxie","moves":["outrage","stoneedge","earthquake","zenheadbutt"],"nature":"Jolly","evs":{"hp":0,"atk":252,"def":0,"spa":0,"spd":4,"spe":252},"ivs":{"hp":31,"atk":31,"def":31,"spa":31,"spd":31,"spe":31}},{"name":"Haxorus","species":"Haxorus","item":"choicescarf","ability":"Mold Breaker","moves":["outrage","earthquake","poisonjab","superpower"],"nature":"Jolly","evs":{"hp":0,"atk":252,"def":0,"spa":0,"spd":36,"spe":220},"ivs":{"hp":31,"atk":31,"def":31,"spa":31,"spd":31,"spe":31}},{"name":"Hydreigon","species":"Hydreigon","item":"choicescarf","ability":"Levitate","moves":["dracometeor","darkpulse","fireblast","flashcannon"],"nature":"Timid","evs":{"hp":0,"atk":0,"def":0,"spa":252,"spd":4,"spe":252},"ivs":{"hp":31,"atk":31,"def":31,"spa":31,"spd":31,"spe":31}}],"p2team":[{"name":"Heatran","species":"Heatran","item":"airballoon","ability":"Flash Fire","moves":["lavaplume","earthpower","darkpulse","ancientpower"],"nature":"Modest","evs":{"hp":248,"atk":0,"def":0,"spa":252,"spd":8,"spe":0},"ivs":{"hp":31,"atk":31,"def":31,"spa":31,"spd":31,"spe":31}},{"name":"Darmanitan","species":"Darmanitan","item":"choicescarf","ability":"Sheer Force","moves":["flareblitz","earthquake","stoneedge","uturn"],"nature":"Jolly","evs":{"hp":0,"atk":252,"def":0,"spa":0,"spd":4,"spe":252},"ivs":{"hp":31,"atk":31,"def":31,"spa":31,"spd":31,"spe":31}},{"name":"Rotom-Heat","species":"Rotom-Heat","item":"choicescarf","ability":"Levitate","moves":["trick","voltswitch","overheat","willowisp"],"nature":"Timid","evs":{"hp":0,"atk":0,"def":0,"spa":252,"spd":4,"spe":252},"ivs":{"hp":31,"atk":31,"def":31,"spa":31,"spd":31,"spe":31}},{"name":"Victini","species":"Victini","item":"choicescarf","ability":"Victory Star","moves":["vcreate","uturn","boltstrike","zenheadbutt"],"nature":"Jolly","evs":{"hp":0,"atk":252,"def":0,"spa":0,"spd":4,"spe":252},"ivs":{"hp":31,"atk":31,"def":31,"spa":31,"spd":31,"spe":31}},{"name":"Volcarona","species":"Volcarona","item":"leftovers","ability":"Flame Body","moves":["quiverdance","fierydance","bugbuzz","gigadrain"],"nature":"Modest","evs":{"hp":0,"atk":0,"def":0,"spa":252,"spd":4,"spe":252},"ivs":{"hp":31,"atk":31,"def":31,"spa":31,"spd":31,"spe":31}},{"name":"Charizard","species":"Charizard","item":"charizarditey","ability":"Blaze","moves":["fireblast","solarbeam","airslash","defog"],"nature":"Timid","evs":{"hp":0,"atk":0,"def":0,"spa":252,"spd":4,"spe":252},"ivs":{"hp":31,"atk":31,"def":31,"spa":31,"spd":31,"spe":31}}],"log":["|player|p1|Metalyte|165","|player|p2|Rain ☆ Feraligatr|282","|gametype|singles","|gen|6","|tier|Monotype","|rated","|rule|Baton Pass Clause: Limit one Baton Passer, can't pass Spe and other stats simultaneously","|rule|Swagger Clause: Swagger is banned","|rule|Same Type Clause: Pokémon in a team must share a type","|clearpoke","|poke|p1|Kyurem-Black","|poke|p1|Garchomp, M","|poke|p1|Latios, M","|poke|p1|Salamence, M","|poke|p1|Haxorus, M","|poke|p1|Hydreigon, M","|poke|p2|Heatran, F","|poke|p2|Darmanitan, F","|poke|p2|Rotom-Heat","|poke|p2|Victini","|poke|p2|Volcarona, F","|poke|p2|Charizard, M","|rule|Sleep Clause Mod: Limit one foe put to sleep","|rule|Species Clause: Limit one of each Pokémon","|rule|OHKO Clause: OHKO moves are banned","|rule|Moody Clause: Moody is banned","|rule|Evasion Moves Clause: Evasion moves are banned","|rule|Endless Battle Clause: Forcing endless battles is banned","|rule|HP Percentage Mod: HP is shown in percentages","|teampreview","|","|start","|switch|p1a: Salamence|Salamence, M|331/331","|switch|p2a: Charizard|Charizard, M|297/297","|turn|1","|","|detailschange|p2a: Charizard|Charizard-Mega-Y, M","|-mega|p2a: Charizard|Charizard|Charizardite Y","|-weather|SunnyDay","|move|p1a: Salamence|Stone Edge|p2a: Charizard|[miss]","|-miss|p1a: Salamence|p2a: Charizard","|move|p2a: Charizard|Air Slash|p1a: Salamence|[miss]","|-miss|p2a: Charizard|p1a: Salamence","|","|-weather|SunnyDay|[upkeep]","|turn|2","|","|switch|p2a: Heatran|Heatran, F|385/385","|-item|p2a: Heatran|Air Balloon","|move|p1a: Salamence|Stone Edge|p2a: Heatran","|-damage|p2a: Heatran|267/385","|-enditem|p2a: Heatran|Air Balloon","|","|-weather|SunnyDay|[upkeep]","|turn|3","|","|move|p1a: Salamence|Stone Edge|p2a: Heatran|[miss]","|-miss|p1a: Salamence|p2a: Heatran","|move|p2a: Heatran|Ancient Power|p1a: Salamence","|-supereffective|p1a: Salamence","|-damage|p1a: Salamence|137/331","|","|-weather|SunnyDay|[upkeep]","|turn|4","|","|switch|p1a: Garchomp|Garchomp, M|357/357","|move|p2a: Heatran|Ancient Power|p1a: Garchomp","|-resisted|p1a: Garchomp","|-damage|p1a: Garchomp|311/357","|","|-weather|SunnyDay|[upkeep]","|turn|5","|","|switch|p2a: Rotom-Heat|Rotom-Heat|241/241","|move|p1a: Garchomp|Stone Edge|p2a: Rotom-Heat","|-supereffective|p2a: Rotom-Heat","|-damage|p2a: Rotom-Heat|5/241","|","|-weather|none","|turn|6","|","|move|p1a: Garchomp|Stone Edge|p2a: Rotom-Heat|[miss]","|-miss|p1a: Garchomp|p2a: Rotom-Heat","|move|p2a: Rotom-Heat|Will-O-Wisp|p1a: Garchomp","|-status|p1a: Garchomp|brn","|","|-damage|p1a: Garchomp|267/357 brn|[from] brn","|turn|7","|","|switch|p2a: Heatran|Heatran, F|267/385","|move|p1a: Garchomp|Stone Edge|p2a: Heatran","|-damage|p2a: Heatran|211/385","|","|-damage|p1a: Garchomp|223/357 brn|[from] brn","|turn|8","|","|switch|p1a: Salamence|Salamence, M|137/331","|move|p2a: Heatran|Ancient Power|p1a: Salamence","|-supereffective|p1a: Salamence","|-damage|p1a: Salamence|0 fnt","|faint|p1a: Salamence","|","|","|switch|p1a: Haxorus|Haxorus, M|293/293","|-ability|p1a: Haxorus|Mold Breaker","|turn|9","|","|move|p1a: Haxorus|Superpower|p2a: Heatran","|-supereffective|p2a: Heatran","|-damage|p2a: Heatran|0 fnt","|-unboost|p1a: Haxorus|atk|1","|-unboost|p1a: Haxorus|def|1","|faint|p2a: Heatran","|","|","|switch|p2a: Charizard|Charizard-Mega-Y, M|297/297","|-weather|SunnyDay","|turn|10","|","|switch|p1a: Latios|Latios, M|301/301","|move|p2a: Charizard|Fire Blast|p1a: Latios","|-resisted|p1a: Latios","|-damage|p1a: Latios|153/301","|","|-weather|SunnyDay|[upkeep]","|turn|11","|","|move|p1a: Latios|Psyshock|p2a: Charizard","|-damage|p2a: Charizard|116/297","|move|p2a: Charizard|Fire Blast|p1a: Latios","|-resisted|p1a: Latios","|-damage|p1a: Latios|5/301","|","|-weather|SunnyDay|[upkeep]","|turn|12","|","|switch|p2a: Victini|Victini|341/341","|move|p1a: Latios|Psyshock|p2a: Victini","|-resisted|p2a: Victini","|-damage|p2a: Victini|270/341","|","|-weather|SunnyDay|[upkeep]","|turn|13","|","|switch|p1a: Garchomp|Garchomp, M|223/357 brn","|move|p2a: Victini|U-turn|p1a: Garchomp","|-damage|p1a: Garchomp|148/357 brn","|-damage|p2a: Victini|228/341|[from] ability: Rough Skin|[of] p1a: Garchomp","|","|switch|p2a: Darmanitan|Darmanitan, F|351/351","|","|-weather|SunnyDay|[upkeep]","|-damage|p1a: Garchomp|104/357 brn|[from] brn","|turn|14","|","|move|p1a: Garchomp|Earthquake|p2a: Darmanitan","|-supereffective|p2a: Darmanitan","|-damage|p2a: Darmanitan|87/351","|move|p2a: Darmanitan|Stone Edge|p1a: Garchomp|[miss]","|-miss|p2a: Darmanitan|p1a: Garchomp","|","|-weather|none","|-damage|p1a: Garchomp|60/357 brn|[from] brn","|turn|15","|","|switch|p2a: Rotom-Heat|Rotom-Heat|5/241","|move|p1a: Garchomp|Earthquake|p2a: Rotom-Heat","|-immune|p2a: Rotom-Heat|[msg]","|","|-damage|p1a: Garchomp|16/357 brn|[from] brn","|turn|16","|","|move|p1a: Garchomp|Earthquake|p2a: Rotom-Heat","|-immune|p2a: Rotom-Heat|[msg]","|move|p2a: Rotom-Heat|Trick|p1a: Garchomp","|-activate|p2a: Rotom-Heat|move: Trick|[of] p1a: Garchomp","|-item|p1a: Garchomp|Choice Scarf|[from] move: Trick","|-item|p2a: Rotom-Heat|Choice Scarf|[from] move: Trick","|","|-damage|p1a: Garchomp|0 fnt|[from] brn","|faint|p1a: Garchomp","|","|switch|p1a: Hydreigon|Hydreigon, M|325/325","|turn|17","|","|move|p1a: Hydreigon|Dark Pulse|p2a: Rotom-Heat","|-damage|p2a: Rotom-Heat|0 fnt","|faint|p2a: Rotom-Heat","|","|","|switch|p2a: Volcarona|Volcarona, F|311/311","|turn|18","|","|switch|p1a: Kyurem-Black|Kyurem-Black|391/391","|-ability|p1a: Kyurem-Black|Teravolt","|move|p2a: Volcarona|Quiver Dance|p2a: Volcarona","|-boost|p2a: Volcarona|spa|1","|-boost|p2a: Volcarona|spd|1","|-boost|p2a: Volcarona|spe|1","|","|turn|19","|","|move|p1a: Kyurem-Black|Outrage|p2a: Volcarona","|-crit|p2a: Volcarona","|-damage|p2a: Volcarona|0 fnt","|faint|p2a: Volcarona","|","|","|switch|p2a: Victini|Victini|228/341","|turn|20","|","|move|p2a: Victini|V-create|p1a: Kyurem-Black","|-damage|p1a: Kyurem-Black|120/391","|-unboost|p2a: Victini|def|1","|-unboost|p2a: Victini|spd|1","|-unboost|p2a: Victini|spe|1","|move|p1a: Kyurem-Black|Outrage|p2a: Victini","|-damage|p2a: Victini|0 fnt","|faint|p2a: Victini","|","|","|switch|p2a: Charizard|Charizard-Mega-Y, M|116/297","|-weather|SunnyDay","|turn|21","|","|move|p1a: Kyurem-Black|Outrage|p2a: Charizard","|-damage|p2a: Charizard|0 fnt","|-start|p1a: Kyurem-Black|confusion|[fatigue]","|faint|p2a: Charizard","|","|-weather|SunnyDay|[upkeep]","|","|switch|p2a: Darmanitan|Darmanitan, F|87/351","|turn|22","|","|move|p2a: Darmanitan|U-turn|p1a: Kyurem-Black","|-damage|p1a: Kyurem-Black|29/391","|-activate|p1a: Kyurem-Black|confusion","|-damage|p1a: Kyurem-Black|0 fnt|[from] confusion","|faint|p1a: Kyurem-Black","|","|-weather|SunnyDay|[upkeep]","|","|switch|p1a: Latios|Latios, M|5/301","|turn|23","|","|move|p1a: Latios|Psyshock|p2a: Darmanitan","|-damage|p2a: Darmanitan|0 fnt","|faint|p2a: Darmanitan","|","|win|Metalyte"],"p1rating":{"entryid":"6571486","serverid":"eos","formatid":"monotype","userid":"metalyte","username":"Metalyte","w":19,"l":"14","t":"0","gxe":53.5,"r":"1545.3494489765","rd":"69.583031888558","sigma":"0","rptime":"1438160400","rpr":1526.6729684013,"rprd":64.284667306639,"rpsigma":"0","acre":1154.596508381,"lacre":1154.596508381,"oldacre":"1133.6306124161"},"p2rating":{"entryid":"6608448","serverid":"eos","formatid":"monotype","userid":"rainferaligatr","username":"Rain ☆ Feraligatr","w":"2","l":1,"t":"0","gxe":53,"r":1563.0054143977,"rd":122.15663911746,"sigma":"0","rptime":1438160400,"rpr":1523.6180177872,"rprd":115.5520304177,"rpsigma":"0","acre":1058.9908750151,"lacre":1058.9908750151,"oldacre":"1077.0726115318"},"endType":"normal"}