{"seed":[62528,32662,13808,9091],"turns":18,"p1":"The Pyrope","p2":"Alliance-Verde","p1team":[{"name":"Kyurem-Black","species":"Kyurem-Black","item":"choiceband","ability":"Teravolt","moves":["outrage","fusionbolt","icebeam","stoneedge"],"nature":"Naughty","evs":{"hp":0,"atk":252,"def":0,"spa":8,"spd":0,"spe":248},"ivs":{"hp":31,"atk":31,"def":31,"spa":31,"spd":31,"spe":31}},{"name":"Weavile","species":"Weavile","item":"choiceband","ability":"Pressure","moves":["iciclecrash","knockoff","poisonjab","lowkick"],"nature":"Jolly","evs":{"hp":0,"atk":252,"def":0,"spa":0,"spd":4,"spe":252},"ivs":{"hp":31,"atk":31,"def":31,"spa":31,"spd":31,"spe":31}},{"name":"Abomasnow","species":"Abomasnow","item":"abomasite","ability":"Snow Warning","moves":["gigadrain","blizzard","focusblast","hiddenpowerfire"],"nature":"Modest","evs":{"hp":248,"atk":0,"def":0,"spa":252,"spd":8,"spe":0},"ivs":{"hp":31,"atk":30,"def":31,"spa":30,"spd":31,"spe":30}},{"name":"Rotom-Frost","species":"Rotom-Frost","item":"choicespecs","ability":"Levitate","moves":["trick","thunder","blizzard","voltswitch"],"nature":"Modest","evs":{"hp":248,"atk":0,"def":0,"spa":252,"spd":8,"spe":0},"ivs":{"hp":31,"atk":31,"def":31,"spa":31,"spd":31,"spe":31}},{"name":"Glaceon","species":"Glaceon","item":"choicespecs","ability":"Snow Cloak","moves":["icebeam","hiddenpowerfire","shadowball","signalbeam"],"nature":"Modest","evs":{"hp":248,"atk":0,"def":0,"spa":252,"spd":8,"spe":0},"ivs":{"hp":31,"atk":30,"def":31,"spa":30,"spd":31,"spe":30}},{"name":"Mamoswine","species":"Mamoswine","item":"choiceband","ability":"Thick Fat","moves":["earthquake","ironhead","iceshard","superpower"],"nature":"Adamant","evs":{"hp":248,"atk":252,"def":0,"spa":0,"spd":8,"spe":0},"ivs":{"hp":31,"atk":31,"def":31,"spa":31,"spd":31,"spe":31}}],"p2team":[{"name":"Zoroark","species":"Zoroark","item":"choicespecs","ability":"Illusion","moves":["darkpulse","extrasensory","flamethrower","focusblast"],"nature":"Timid","evs":{"hp":0,"atk":252,"def":0,"spa":0,"spd":4,"spe":252},"ivs":{"hp":31,"atk":31,"def":31,"spa":31,"spd":31,"spe":31}},{"name":"Sableye","species":"Sableye","item":"leftovers","ability":"Prankster","moves":["willowisp","taunt","recover","knockoff"],"nature":"Careful","evs":{"hp":252,"atk":4,"def":0,"spa":0,"spd":252,"spe":0},"ivs":{"hp":31,"atk":31,"def":31,"spa":31,"spd":31,"spe":31}},{"name":"Sharpedo","species":"Sharpedo","item":"sharpedonite","ability":"Speed Boost","moves":["protect","waterfall","crunch","destinybond"],"nature":"Adamant","evs":{"hp":0,"atk":252,"def":0,"spa":0,"spd":4,"spe":252},"ivs":{"hp":31,"atk":31,"def":31,"spa":31,"spd":31,"spe":31}},{"name":"Mandibuzz","species":"Mandibuzz","item":"rockyhelmet","ability":"Overcoat","moves":["bravebird","roost","defog","whirlwind"],"nature":"Impish","evs":{"hp":248,"atk":8,"def":252,"spa":0,"spd":0,"spe":0},"ivs":{"hp":31,"atk":31,"def":31,"spa":31,"spd":31,"spe":31}},{"name":"Tyranitar","species":"Tyranitar","item":"leftovers","ability":"Sand Stream","moves":["stealthrock","stoneedge","fireblast","pursuit"],"nature":"Serious","evs":{"hp":252,"atk":90,"def":0,"spa":4,"spd":162,"spe":0},"ivs":{"hp":31,"atk":31,"def":31,"spa":31,"spd":31,"spe":31}},{"name":"Bisharp","species":"Bisharp","item":"focussash","ability":"Defiant","moves":["knockoff","swordsdance","suckerpunch","ironhead"],"nature":"Adamant","evs":{"hp":248,"atk":252,"def":0,"spa":0,"spd":8,"spe":0},"ivs":{"hp":31,"atk":31,"def":31,"spa":31,"spd":31,"spe":31}}],"log":["|player|p1|The Pyrope|7","|player|p2|Alliance-Verde|80","|gametype|singles","|gen|6","|tier|Monotype","|rated","|rule|Baton Pass Clause: Limit one Baton Passer, can't pass Spe and other stats simultaneously","|rule|Swagger Clause: Swagger is banned","|rule|Same Type Clause: Pokémon in a team must share a type","|clearpoke","|poke|p1|Kyurem-Black","|poke|p1|Weavile, F","|poke|p1|Abomasnow, M","|poke|p1|Rotom-Frost","|poke|p1|Glaceon, F","|poke|p1|Mamoswine, F","|poke|p2|Zoroark, M","|poke|p2|Sableye, M","|poke|p2|Sharpedo, M","|poke|p2|Mandibuzz, F","|poke|p2|Tyranitar, F","|poke|p2|Bisharp, F","|rule|Sleep Clause Mod: Limit one foe put to sleep","|rule|Species Clause: Limit one of each Pokémon","|rule|OHKO Clause: OHKO moves are banned","|rule|Moody Clause: Moody is banned","|rule|Evasion Moves Clause: Evasion moves are banned","|rule|Endless Battle Clause: Forcing endless battles is banned","|rule|HP Percentage Mod: HP is shown in percentages","|teampreview","|","|start","|switch|p1a: Rotom-Frost|Rotom-Frost|303/303","|switch|p2a: Tyranitar|Tyranitar, F|404/404","|-weather|Sandstorm","|turn|1","|","|move|p1a: Rotom-Frost|Trick|p2a: Tyranitar","|-activate|p1a: Rotom-Frost|move: Trick|[of] p2a: Tyranitar","|-item|p2a: Tyranitar|Choice Specs|[from] move: Trick","|-item|p1a: Rotom-Frost|Leftovers|[from] move: Trick","|move|p2a: Tyranitar|Stealth Rock|p1a: Rotom-Frost","|-sidestart|p1: The Pyrope|move: Stealth Rock","|","|-weather|Sandstorm|[upkeep]","|-damage|p1a: Rotom-Frost|285/303|[from] sandstorm","|-heal|p1a: Rotom-Frost|303/303|[from] item: Leftovers","|turn|2","|","|switch|p2a: Sableye|Sableye, M|304/304","|move|p1a: Rotom-Frost|Volt Switch|p2a: Sableye","|-damage|p2a: Sableye|198/304","|","|switch|p1a: Abomasnow|Abomasnow, M|383/383","|-damage|p1a: Abomasnow|288/383|[from] Stealth Rock","|-weather|Hail","|","|-weather|Hail|[upkeep]","|-damage|p2a: Sableye|179/304|[from] hail","|-heal|p2a: Sableye|198/304|[from] item: Leftovers","|turn|3","|","|switch|p2a: Sharpedo|Sharpedo, M|281/281","|detailschange|p1a: Abomasnow|Abomasnow-Mega, M","|-mega|p1a: Abomasnow|Abomasnow|Abomasite","|move|p1a: Abomasnow|Blizzard|p2a: Sharpedo","|-resisted|p2a: Sharpedo","|-damage|p2a: Sharpedo|78/281","|","|-weather|Hail|[upkeep]","|-damage|p2a: Sharpedo|61/281|[from] hail","|turn|4","|","|detailschange|p2a: Sharpedo|Sharpedo-Mega, M","|-mega|p2a: Sharpedo|Sharpedo|Sharpedonite","|move|p2a: Sharpedo|Crunch|p1a: Abomasnow","|-damage|p1a: Abomasnow|62/383","|-unboost|p1a: Abomasnow|def|1","|move|p1a: Abomasnow|Giga Drain|p2a: Sharpedo","|-supereffective|p2a: Sharpedo","|-damage|p2a: Sharpedo|0 fnt","|-heal|p1a: Abomasnow|93/383|[from] drain|[of] p2a: Sharpedo","|faint|p2a: Sharpedo","|","|-weather|Hail|[upkeep]","|","|switch|p2a: Bisharp|Bisharp, F|333/333","|turn|5","|","|move|p2a: Bisharp|Iron Head|p1a: Abomasnow","|-supereffective|p1a: Abomasnow","|-damage|p1a: Abomasnow|0 fnt","|faint|p1a: Abomasnow","|","|-weather|Hail|[upkeep]","|-damage|p2a: Bisharp|313/333|[from] hail","|","|switch|p1a: Weavile|Weavile, F|281/281","|-damage|p1a: Weavile|211/281|[from] Stealth Rock","|-ability|p1a: Weavile|Pressure","|turn|6","|","|switch|p2a: Sableye|Sableye, M|198/304","|move|p1a: Weavile|Low Kick|p2a: Sableye","|-immune|p2a: Sableye|[msg]","|","|-weather|none","|-heal|p2a: Sableye|217/304|[from] item: Leftovers","|turn|7","|","|switch|p1a: Rotom-Frost|Rotom-Frost|303/303","|-damage|p1a: Rotom-Frost|228/303|[from] Stealth Rock","|move|p2a: Sableye|Will-O-Wisp|p1a: Rotom-Frost","|-status|p1a: Rotom-Frost|brn","|","|-heal|p1a: Rotom-Frost|246/303 brn|[from] item: Leftovers","|-heal|p2a: Sableye|236/304|[from] item: Leftovers","|-damage|p1a: Rotom-Frost|209/303 brn|[from] brn","|turn|8","|","|move|p1a: Rotom-Frost|Blizzard|p2a: Sableye","|-damage|p2a: Sableye|52/304","|move|p2a: Sableye|Knock Off|p1a: Rotom-Frost","|-damage|p1a: Rotom-Frost|122/303 brn","|-enditem|p1a: Rotom-Frost|Leftovers|[from] move: Knock Off|[of] p2a: Sableye","|","|-heal|p2a: Sableye|71/304|[from] item: Leftovers","|-damage|p1a: Rotom-Frost|85/303 brn|[from] brn","|turn|9","|","|switch|p2a: Tyranitar|Tyranitar, F|404/404","|-weather|Sandstorm","|move|p1a: Rotom-Frost|Volt Switch|p2a: Tyranitar","|-damage|p2a: Tyranitar|338/404","|","|switch|p1a: Mamoswine|Mamoswine, F|423/423","|-damage|p1a: Mamoswine|371/423|[from] Stealth Rock","|","|-weather|Sandstorm|[upkeep]","|turn|10","|","|move|p1a: Mamoswine|Superpower|p2a: Tyranitar","|-supereffective|p2a: Tyranitar","|-damage|p2a: Tyranitar|0 fnt","|-unboost|p1a: Mamoswine|atk|1","|-unboost|p1a: Mamoswine|def|1","|faint|p2a: Tyranitar","|","|-weather|Sandstorm|[upkeep]","|","|switch|p2a: Sableye|Sableye, M|71/304","|turn|11","|","|switch|p1a: Rotom-Frost|Rotom-Frost|85/303 brn","|-damage|p1a: Rotom-Frost|10/303 brn|[from] Stealth Rock","|move|p2a: Sableye|Will-O-Wisp|p1a: Rotom-Frost","|-fail|p1a: Rotom-Frost|brn","|","|-weather|Sandstorm|[upkeep]","|-damage|p1a: Rotom-Frost|0 fnt|[from] sandstorm","|-damage|p2a: Sableye|52/304|[from] sandstorm","|-heal|p2a: Sableye|71/304|[from] item: Leftovers","|faint|p1a: Rotom-Frost","|","|switch|p1a: Glaceon|Glaceon, F|333/333","|-damage|p1a: Glaceon|250/333|[from] Stealth Rock","|turn|12","|","|move|p2a: Sableye|Recover|p2a: Sableye","|-heal|p2a: Sableye|223/304","|move|p1a: Glaceon|Ice Beam|p2a: Sableye","|-damage|p2a: Sableye|0 fnt","|faint|p2a: Sableye","|","|-weather|Sandstorm|[upkeep]","|-damage|p1a: Glaceon|230/333|[from] sandstorm","|","|switch|p2a: Bisharp|Bisharp, F|313/333","|turn|13","|","|move|p2a: Bisharp|Iron Head|p1a: Glaceon","|-supereffective|p1a: Glaceon","|-damage|p1a: Glaceon|0 fnt","|faint|p1a: Glaceon","|","|-weather|none","|","|switch|p1a: Weavile|Weavile, F|211/281","|-damage|p1a: Weavile|141/281|[from] Stealth Rock","|-ability|p1a: Weavile|Pressure","|turn|14","|","|switch|p2a: Mandibuzz|Mandibuzz, F|423/423","|move|p1a: Weavile|Low Kick|p2a: Mandibuzz","|-damage|p2a: Mandibuzz|352/423","|-damage|p1a: Weavile|95/281|[from] item: Rocky Helmet|[of] p2a: Mandibuzz","|","|turn|15","|","|move|p1a: Weavile|Low Kick|p2a: Mandibuzz","|-damage|p2a: Mandibuzz|287/423","|-damage|p1a: Weavile|49/281|[from] item: Rocky Helmet|[of] p2a: Mandibuzz","|move|p2a: Mandibuzz|Whirlwind|p1a: Weavile","|drag|p1a: Kyurem-Black|Kyurem-Black|391/391","|-damage|p1a: Kyurem-Black|294/391|[from] Stealth Rock","|-ability|p1a: Kyurem-Black|Teravolt","|","|turn|16","|","|move|p1a: Kyurem-Black|Outrage|p2a: Mandibuzz","|-damage|p2a: Mandibuzz|0 fnt","|-damage|p1a: Kyurem-Black|229/391|[from] item: Rocky Helmet|[of] p2a: Mandibuzz","|faint|p2a: Mandibuzz","|","|","|switch|p2a: Zoroark|Zoroark, M|261/261","|turn|17","|","|move|p2a: Zoroark|Focus Blast|p1a: Kyurem-Black|[miss]","|-miss|p2a: Zoroark|p1a: Kyurem-Black","|move|p1a: Kyurem-Black|Outrage|p2a: Zoroark","|-damage|p2a: Zoroark|0 fnt","|faint|p2a: Zoroark","|","|","|switch|p2a: Bisharp|Bisharp, F|313/333","|turn|18","|","|move|p1a: Kyurem-Black|Outrage|p2a: Bisharp","|-crit|p2a: Bisharp","|-resisted|p2a: Bisharp","|-damage|p2a: Bisharp|0 fnt","|-start|p1a: Kyurem-Black|confusion|[fatigue]","|faint|p2a: Bisharp","|","|win|The Pyrope"],"p1rating":{"entryid":"7209359","serverid":"eos","formatid":"monotype","userid":"thepyrope","username":"The Pyrope","w":3,"l":"0","t":"0","gxe":62.5,"r":"1540.1606143388","rd":"123.03963956633","sigma":"0","rptime":"1438160400","rpr":1601.1711361483,"rprd":111.02645310953,"rpsigma":"0","acre":1113.0183424505,"lacre":1113.0183424505,"oldacre":"1090.9031633357"},"p2rating":{"entryid":"7245119","serverid":"eos","formatid":"monotype","userid":"allianceverde","username":"Alliance-Verde","w":"1","l":2,"t":"0","gxe":45.7,"r":"1500","rd":"130","sigma":"0","rptime":"1438160400","rpr":1465.7518471228,"rprd":111.25773429991,"rpsigma":"0","acre":1021.6939665583,"lacre":1021.6939665583,"oldacre":"1034.4120436375"},"endType":"normal"}