{"seed":[25972,55808,46665,36209],"turns":31,"p1":"samuelwade223","p2":"Adviser♕Boo","p1team":[{"name":"Landorus-Therian","species":"Landorus-Therian","item":"choicescarf","ability":"Intimidate","moves":["uturn","earthquake","stoneedge","superpower"],"nature":"Jolly","evs":{"hp":8,"atk":252,"def":4,"spa":0,"spd":244,"spe":0},"shiny":true,"ivs":{"hp":31,"atk":31,"def":31,"spa":31,"spd":31,"spe":31}},{"name":"Tornadus-Therian","species":"Tornadus-Therian","item":"choicespecs","ability":"Regenerator","moves":["uturn","hurricane","hiddenpowerice","focusblast"],"nature":"Timid","evs":{"hp":16,"atk":0,"def":16,"spa":236,"spd":0,"spe":240},"ivs":{"hp":31,"atk":30,"def":30,"spa":31,"spd":31,"spe":31},"shiny":true},{"name":"Thundurus-Therian","species":"Thundurus-Therian","item":"leftovers","ability":"Volt Absorb","moves":["thunderbolt","hiddenpowerice","agility","substitute"],"nature":"Modest","evs":{"hp":4,"atk":0,"def":8,"spa":244,"spd":0,"spe":252},"ivs":{"hp":31,"atk":30,"def":30,"spa":31,"spd":31,"spe":31}},{"name":"Gyarados","species":"Gyarados","item":"leftovers","ability":"Moxie","moves":["waterfall","earthquake","icefang","dragondance"],"nature":"Jolly","evs":{"hp":0,"atk":236,"def":44,"spa":0,"spd":0,"spe":228},"shiny":true,"ivs":{"hp":31,"atk":31,"def":31,"spa":31,"spd":31,"spe":31}},{"name":"Skarmory","species":"Skarmory","item":"leftovers","ability":"Sturdy","moves":["drillpeck","stealthrock","spikes","whirlwind"],"nature":"Careful","evs":{"hp":116,"atk":8,"def":196,"spa":0,"spd":188,"spe":0},"shiny":true,"ivs":{"hp":31,"atk":31,"def":31,"spa":31,"spd":31,"spe":31}},{"name":"Xatu","species":"Xatu","item":"lightclay","ability":"Magic Bounce","moves":["lightscreen","reflect","confuseray","roost"],"nature":"Timid","evs":{"hp":212,"atk":0,"def":36,"spa":0,"spd":36,"spe":224},"shiny":true,"ivs":{"hp":31,"atk":31,"def":31,"spa":31,"spd":31,"spe":31}}],"p2team":[{"name":"Link to the Past","species":"doublade","item":"eviolite","ability":"No Guard","moves":["swordsdance","gyroball","sacredsword","shadowsneak"],"nature":"Brave","evs":{"hp":248,"atk":252,"def":0,"spa":0,"spd":8,"spe":0},"ivs":{"hp":31,"atk":31,"def":31,"spa":31,"spd":31,"spe":0}},{"name":"Magne Ace","species":"magnezone","item":"choicescarf","ability":"Sturdy","moves":["voltswitch","thunderbolt","hiddenpowerice","flashcannon"],"nature":"Timid","evs":{"hp":0,"atk":0,"def":0,"spa":252,"spd":4,"spe":252},"ivs":{"hp":31,"atk":30,"def":30,"spa":31,"spd":31,"spe":31}},{"name":"Star Powa","species":"jirachi","item":"choicescarf","ability":"Serene Grace","moves":["ironhead","trick","icepunch","firepunch"],"nature":"Jolly","evs":{"hp":0,"atk":252,"def":0,"spa":0,"spd":4,"spe":252},"ivs":{"hp":31,"atk":31,"def":31,"spa":31,"spd":31,"spe":31}},{"name":"Excadrill","species":"Excadrill","item":"choiceband","ability":"Mold Breaker","moves":["earthquake","ironhead","rapidspin","rockslide"],"nature":"Adamant","evs":{"hp":252,"atk":252,"def":0,"spa":0,"spd":0,"spe":4},"ivs":{"hp":31,"atk":31,"def":31,"spa":31,"spd":31,"spe":31}},{"name":"Ultron","species":"heatran","item":"airballoon","ability":"Flash Fire","moves":["flashcannon","flamethrower","earthpower","ancientpower"],"nature":"Modest","evs":{"hp":248,"atk":0,"def":0,"spa":252,"spd":8,"spe":0},"ivs":{"hp":31,"atk":31,"def":31,"spa":31,"spd":31,"spe":31}},{"name":"Hokey Pokey","species":"ferrothorn","item":"leftovers","ability":"Iron Barbs","moves":["leechseed","powerwhip","gyroball","thunderwave"],"nature":"Relaxed","evs":{"hp":252,"atk":4,"def":252,"spa":0,"spd":0,"spe":0},"ivs":{"hp":31,"atk":31,"def":31,"spa":31,"spd":31,"spe":0}}],"log":["|player|p1|samuelwade223|266","|player|p2|Adviser♕Boo|290","|gametype|singles","|gen|6","|tier|Monotype","|rated","|rule|Baton Pass Clause: Limit one Baton Passer, can't pass Spe and other stats simultaneously","|rule|Swagger Clause: Swagger is banned","|rule|Same Type Clause: Pokémon in a team must share a type","|clearpoke","|poke|p1|Landorus-Therian, M, shiny","|poke|p1|Tornadus-Therian, M, shiny","|poke|p1|Thundurus-Therian, M","|poke|p1|Gyarados, M, shiny","|poke|p1|Skarmory, M, shiny","|poke|p1|Xatu, M, shiny","|poke|p2|Doublade, F","|poke|p2|Magnezone","|poke|p2|Jirachi","|poke|p2|Excadrill, F","|poke|p2|Heatran, F","|poke|p2|Ferrothorn, M","|rule|Sleep Clause Mod: Limit one foe put to sleep","|rule|Species Clause: Limit one of each Pokémon","|rule|OHKO Clause: OHKO moves are banned","|rule|Moody Clause: Moody is banned","|rule|Evasion Moves Clause: Evasion moves are banned","|rule|Endless Battle Clause: Forcing endless battles is banned","|rule|HP Percentage Mod: HP is shown in percentages","|teampreview","|","|start","|switch|p1a: Skarmory|Skarmory, M, shiny|300/300","|switch|p2a: Magne Ace|Magnezone|281/281","|turn|1","|","|move|p2a: Magne Ace|Volt Switch|p1a: Skarmory","|-supereffective|p1a: Skarmory","|-damage|p1a: Skarmory|54/300","|","|switch|p2a: Ultron|Heatran, F|385/385","|-item|p2a: Ultron|Air Balloon","|move|p1a: Skarmory|Stealth Rock|p2a: Ultron","|-sidestart|p2: Adviser♕Boo|move: Stealth Rock","|","|-heal|p1a: Skarmory|72/300|[from] item: Leftovers","|turn|2","|","|move|p2a: Ultron|Flamethrower|p1a: Skarmory","|-supereffective|p1a: Skarmory","|-damage|p1a: Skarmory|0 fnt","|faint|p1a: Skarmory","|","|","|switch|p1a: Landorus-Therian|Landorus-Therian, M, shiny|321/321","|-ability|p1a: Landorus-Therian|Intimidate","|-unboost|p2a: Ultron|atk|1","|turn|3","|","|move|p1a: Landorus-Therian|Stone Edge|p2a: Ultron|[miss]","|-miss|p1a: Landorus-Therian|p2a: Ultron","|move|p2a: Ultron|Flamethrower|p1a: Landorus-Therian","|-damage|p1a: Landorus-Therian|165/321","|","|turn|4","|","|move|p1a: Landorus-Therian|Stone Edge|p2a: Ultron","|-damage|p2a: Ultron|252/385","|-enditem|p2a: Ultron|Air Balloon","|move|p2a: Ultron|Flamethrower|p1a: Landorus-Therian","|-damage|p1a: Landorus-Therian|17/321","|","|turn|5","|","|switch|p1a: Xatu|Xatu, M, shiny|324/324","|move|p2a: Ultron|Flamethrower|p1a: Xatu","|-damage|p1a: Xatu|114/324","|","|turn|6","|","|move|p1a: Xatu|Light Screen|p1a: Xatu","|-sidestart|p1: samuelwade223|move: Light Screen","|move|p2a: Ultron|Flamethrower|p1a: Xatu","|-damage|p1a: Xatu|7/324","|","|turn|7","|","|move|p1a: Xatu|Roost|p1a: Xatu","|-heal|p1a: Xatu|169/324","|move|p2a: Ultron|Ancient Power|p1a: Xatu","|-damage|p1a: Xatu|119/324","|","|turn|8","|","|move|p1a: Xatu|Roost|p1a: Xatu","|-heal|p1a: Xatu|281/324","|move|p2a: Ultron|Earth Power|p1a: Xatu","|-damage|p1a: Xatu|206/324","|","|turn|9","|","|move|p1a: Xatu|Reflect|p1a: Xatu","|-sidestart|p1: samuelwade223|Reflect","|move|p2a: Ultron|Flamethrower|p1a: Xatu","|-damage|p1a: Xatu|97/324","|-status|p1a: Xatu|brn","|","|-damage|p1a: Xatu|57/324 brn|[from] brn","|turn|10","|","|move|p1a: Xatu|Roost|p1a: Xatu","|-heal|p1a: Xatu|219/324 brn","|move|p2a: Ultron|Flamethrower|p1a: Xatu","|-crit|p1a: Xatu","|-damage|p1a: Xatu|0 fnt","|faint|p1a: Xatu","|","|","|switch|p1a: Gyarados|Gyarados, M, shiny|331/331","|turn|11","|","|move|p1a: Gyarados|Earthquake|p2a: Ultron","|-supereffective|p2a: Ultron","|-damage|p2a: Ultron|0 fnt","|faint|p2a: Ultron","|-boost|p1a: Gyarados|atk|1|[from] ability: Moxie","|","|","|switch|p2a: Hokey Pokey|Ferrothorn, M|352/352","|-damage|p2a: Hokey Pokey|330/352|[from] Stealth Rock","|turn|12","|","|move|p1a: Gyarados|Earthquake|p2a: Hokey Pokey","|-damage|p2a: Hokey Pokey|222/352","|move|p2a: Hokey Pokey|Leech Seed|p1a: Gyarados","|-start|p1a: Gyarados|move: Leech Seed","|","|-heal|p2a: Hokey Pokey|244/352|[from] item: Leftovers","|-damage|p1a: Gyarados|290/331|[from] Leech Seed|[of] p2a: Hokey Pokey","|-heal|p2a: Hokey Pokey|285/352|[silent]","|turn|13","|","|move|p1a: Gyarados|Dragon Dance|p1a: Gyarados","|-boost|p1a: Gyarados|atk|1","|-boost|p1a: Gyarados|spe|1","|move|p2a: Hokey Pokey|Thunder Wave|p1a: Gyarados","|-status|p1a: Gyarados|par","|","|-heal|p1a: Gyarados|310/331 par|[from] item: Leftovers","|-heal|p2a: Hokey Pokey|307/352|[from] item: Leftovers","|-damage|p1a: Gyarados|269/331 par|[from] Leech Seed|[of] p2a: Hokey Pokey","|-heal|p2a: Hokey Pokey|348/352|[silent]","|-sideend|p1: samuelwade223|move: Light Screen","|turn|14","|","|move|p1a: Gyarados|Waterfall|p2a: Hokey Pokey","|-resisted|p2a: Hokey Pokey","|-damage|p2a: Hokey Pokey|262/352","|-damage|p1a: Gyarados|228/331 par|[from] ability: Iron Barbs|[of] p2a: Hokey Pokey","|move|p2a: Hokey Pokey|Power Whip|p1a: Gyarados|[miss]","|-miss|p2a: Hokey Pokey|p1a: Gyarados","|","|-heal|p1a: Gyarados|248/331 par|[from] item: Leftovers","|-heal|p2a: Hokey Pokey|284/352|[from] item: Leftovers","|-damage|p1a: Gyarados|207/331 par|[from] Leech Seed|[of] p2a: Hokey Pokey","|-heal|p2a: Hokey Pokey|325/352|[silent]","|turn|15","|","|switch|p1a: Tornadus-Therian|Tornadus-Therian, M, shiny|303/303","|move|p2a: Hokey Pokey|Power Whip|p1a: Tornadus-Therian","|-resisted|p1a: Tornadus-Therian","|-damage|p1a: Tornadus-Therian|260/303","|","|-heal|p2a: Hokey Pokey|347/352|[from] item: Leftovers","|turn|16","|","|move|p1a: Tornadus-Therian|Hurricane|p2a: Hokey Pokey|[miss]","|-miss|p1a: Tornadus-Therian|p2a: Hokey Pokey","|move|p2a: Hokey Pokey|Gyro Ball|p1a: Tornadus-Therian","|-damage|p1a: Tornadus-Therian|158/303","|","|-heal|p2a: Hokey Pokey|352/352|[from] item: Leftovers","|-sideend|p1: samuelwade223|Reflect","|turn|17","|","|move|p1a: Tornadus-Therian|Hurricane|p2a: Hokey Pokey","|-damage|p2a: Hokey Pokey|141/352","|move|p2a: Hokey Pokey|Gyro Ball|p1a: Tornadus-Therian","|-damage|p1a: Tornadus-Therian|0 fnt","|faint|p1a: Tornadus-Therian","|","|-heal|p2a: Hokey Pokey|163/352|[from] item: Leftovers","|","|switch|p1a: Gyarados|Gyarados, M, shiny|207/331 par","|turn|18","|","|move|p1a: Gyarados|Dragon Dance|p1a: Gyarados","|-boost|p1a: Gyarados|atk|1","|-boost|p1a: Gyarados|spe|1","|move|p2a: Hokey Pokey|Leech Seed|p1a: Gyarados","|-start|p1a: Gyarados|move: Leech Seed","|","|-heal|p1a: Gyarados|227/331 par|[from] item: Leftovers","|-heal|p2a: Hokey Pokey|185/352|[from] item: Leftovers","|-damage|p1a: Gyarados|186/331 par|[from] Leech Seed|[of] p2a: Hokey Pokey","|-heal|p2a: Hokey Pokey|226/352|[silent]","|turn|19","|","|move|p1a: Gyarados|Dragon Dance|p1a: Gyarados","|-boost|p1a: Gyarados|atk|1","|-boost|p1a: Gyarados|spe|1","|move|p2a: Hokey Pokey|Power Whip|p1a: Gyarados","|-damage|p1a: Gyarados|35/331 par","|","|-heal|p1a: Gyarados|55/331 par|[from] item: Leftovers","|-heal|p2a: Hokey Pokey|248/352|[from] item: Leftovers","|-damage|p1a: Gyarados|14/331 par|[from] Leech Seed|[of] p2a: Hokey Pokey","|-heal|p2a: Hokey Pokey|289/352|[silent]","|turn|20","|","|move|p1a: Gyarados|Waterfall|p2a: Hokey Pokey","|-resisted|p2a: Hokey Pokey","|-damage|p2a: Hokey Pokey|205/352","|-damage|p1a: Gyarados|0 fnt|[from] ability: Iron Barbs|[of] p2a: Hokey Pokey","|faint|p1a: Gyarados","|move|p2a: Hokey Pokey|Gyro Ball|p1: Gyarados|[notarget]","|-notarget","|","|-heal|p2a: Hokey Pokey|227/352|[from] item: Leftovers","|","|switch|p1a: Landorus-Therian|Landorus-Therian, M, shiny|17/321","|-ability|p1a: Landorus-Therian|Intimidate","|-unboost|p2a: Hokey Pokey|atk|1","|turn|21","|","|move|p1a: Landorus-Therian|Earthquake|p2a: Hokey Pokey","|-damage|p2a: Hokey Pokey|116/352","|move|p2a: Hokey Pokey|Gyro Ball|p1a: Landorus-Therian","|-damage|p1a: Landorus-Therian|0 fnt","|faint|p1a: Landorus-Therian","|","|-heal|p2a: Hokey Pokey|138/352|[from] item: Leftovers","|","|switch|p1a: Thundurus-Therian|Thundurus-Therian, M|300/300","|turn|22","|","|move|p1a: Thundurus-Therian|Substitute|p1a: Thundurus-Therian","|-start|p1a: Thundurus-Therian|Substitute","|-damage|p1a: Thundurus-Therian|225/300","|move|p2a: Hokey Pokey|Leech Seed|p1a: Thundurus-Therian","|-fail|p1a: Thundurus-Therian","|","|-heal|p1a: Thundurus-Therian|243/300|[from] item: Leftovers","|-heal|p2a: Hokey Pokey|160/352|[from] item: Leftovers","|turn|23","|","|move|p1a: Thundurus-Therian|Hidden Power|p2a: Hokey Pokey","|-damage|p2a: Hokey Pokey|79/352","|move|p2a: Hokey Pokey|Gyro Ball|p1a: Thundurus-Therian","|-resisted|p1a: Thundurus-Therian","|-activate|p1a: Thundurus-Therian|Substitute|[damage]","|","|-heal|p1a: Thundurus-Therian|261/300|[from] item: Leftovers","|-heal|p2a: Hokey Pokey|101/352|[from] item: Leftovers","|turn|24","|","|move|p1a: Thundurus-Therian|Hidden Power|p2a: Hokey Pokey","|-damage|p2a: Hokey Pokey|22/352","|move|p2a: Hokey Pokey|Gyro Ball|p1a: Thundurus-Therian","|-resisted|p1a: Thundurus-Therian","|-end|p1a: Thundurus-Therian|Substitute","|","|-heal|p1a: Thundurus-Therian|279/300|[from] item: Leftovers","|-heal|p2a: Hokey Pokey|44/352|[from] item: Leftovers","|turn|25","|","|move|p1a: Thundurus-Therian|Substitute|p1a: Thundurus-Therian","|-start|p1a: Thundurus-Therian|Substitute","|-damage|p1a: Thundurus-Therian|204/300","|move|p2a: Hokey Pokey|Gyro Ball|p1a: Thundurus-Therian","|-resisted|p1a: Thundurus-Therian","|-activate|p1a: Thundurus-Therian|Substitute|[damage]","|","|-heal|p1a: Thundurus-Therian|222/300|[from] item: Leftovers","|-heal|p2a: Hokey Pokey|66/352|[from] item: Leftovers","|turn|26","|","|move|p1a: Thundurus-Therian|Hidden Power|p2a: Hokey Pokey","|-damage|p2a: Hokey Pokey|0 fnt","|faint|p2a: Hokey Pokey","|","|-heal|p1a: Thundurus-Therian|240/300|[from] item: Leftovers","|","|switch|p2a: Link to the Past|Doublade, F|321/321","|-damage|p2a: Link to the Past|301/321|[from] Stealth Rock","|turn|27","|","|move|p1a: Thundurus-Therian|Agility|p1a: Thundurus-Therian","|-boost|p1a: Thundurus-Therian|spe|2","|move|p2a: Link to the Past|Swords Dance|p2a: Link to the Past","|-boost|p2a: Link to the Past|atk|2","|","|-heal|p1a: Thundurus-Therian|258/300|[from] item: Leftovers","|turn|28","|","|move|p2a: Link to the Past|Shadow Sneak|p1a: Thundurus-Therian","|-end|p1a: Thundurus-Therian|Substitute","|move|p1a: Thundurus-Therian|Hidden Power|p2a: Link to the Past","|-resisted|p2a: Link to the Past","|-damage|p2a: Link to the Past|252/321","|","|-heal|p1a: Thundurus-Therian|276/300|[from] item: Leftovers","|turn|29","|","|move|p2a: Link to the Past|Shadow Sneak|p1a: Thundurus-Therian","|-damage|p1a: Thundurus-Therian|95/300","|move|p1a: Thundurus-Therian|Substitute|p1a: Thundurus-Therian","|-start|p1a: Thundurus-Therian|Substitute","|-damage|p1a: Thundurus-Therian|20/300","|","|-heal|p1a: Thundurus-Therian|38/300|[from] item: Leftovers","|turn|30","|","|move|p2a: Link to the Past|Shadow Sneak|p1a: Thundurus-Therian","|-end|p1a: Thundurus-Therian|Substitute","|move|p1a: Thundurus-Therian|Thunderbolt|p2a: Link to the Past","|-damage|p2a: Link to the Past|20/321","|","|-heal|p1a: Thundurus-Therian|56/300|[from] item: Leftovers","|turn|31","|","|move|p2a: Link to the Past|Shadow Sneak|p1a: Thundurus-Therian","|-damage|p1a: Thundurus-Therian|0 fnt","|faint|p1a: Thundurus-Therian","|","|win|Adviser♕Boo"],"p1rating":{"entryid":"7061762","serverid":"eos","formatid":"monotype","userid":"samuelwade223","username":"samuelwade223","w":"6","l":14,"t":"0","gxe":35.8,"r":"1395.0145103203","rd":"72.510009215597","sigma":"0","rptime":"1438074000","rpr":1387.759337545,"rprd":71.372615116539,"rpsigma":"0","acre":1085.5220486013,"lacre":1085.5220486013,"oldacre":"1104.5254831844"},"p2rating":{"entryid":"7083956","serverid":"eos","formatid":"monotype","userid":"adviserboo","username":"Adviser♕Boo","w":63,"l":"36","t":"0","gxe":61.8,"r":"1587.9800968932","rd":"38.289119963531","sigma":"0","rptime":"1438074000","rpr":1590.9490491142,"rprd":37.739828806739,"rpsigma":"0","acre":1208.5215074392,"lacre":1208.5215074392,"oldacre":"1189.5180728561"},"endType":"normal"}