{"seed":[34505,57062,25786,65184],"turns":33,"p1":"alliance-c-control","p2":"xNailz","p1team":[{"name":"Jolteon","species":"Jolteon","item":"airballoon","ability":"Volt Absorb","moves":["batonpass","substitute","wish","hiddenpowerice"],"nature":"Timid","evs":{"hp":0,"atk":0,"def":0,"spa":252,"spd":4,"spe":252},"ivs":{"hp":31,"atk":30,"def":30,"spa":31,"spd":31,"spe":31}},{"name":"Pachirisu","species":"Pachirisu","item":"airballoon","ability":"Pickup","moves":["grassknot","substitute","attract","thunderbolt"],"nature":"Timid","evs":{"hp":0,"atk":0,"def":0,"spa":252,"spd":4,"spe":252},"ivs":{"hp":31,"atk":31,"def":31,"spa":31,"spd":31,"spe":31}},{"name":"Rotom-Wash","species":"Rotom-Wash","item":"rockyhelmet","ability":"Levitate","moves":["painsplit","voltswitch","hydropump","willowisp"],"nature":"Bold","evs":{"hp":248,"atk":0,"def":200,"spa":60,"spd":0,"spe":0},"ivs":{"hp":31,"atk":31,"def":31,"spa":31,"spd":31,"spe":31}},{"name":"Electivire","species":"Electivire","item":"custapberry","ability":"Vital Spirit","moves":["icepunch","thunderpunch","earthquake","firepunch"],"nature":"Adamant","evs":{"hp":248,"atk":252,"def":0,"spa":0,"spd":8,"spe":0},"ivs":{"hp":31,"atk":31,"def":31,"spa":31,"spd":31,"spe":31}},{"name":"Zapdos","species":"Zapdos","item":"leftovers","ability":"Pressure","moves":["defog","voltswitch","heatwave","roost"],"nature":"Modest","evs":{"hp":252,"atk":0,"def":0,"spa":252,"spd":4,"spe":0},"ivs":{"hp":31,"atk":31,"def":31,"spa":31,"spd":31,"spe":31}},{"name":"Ampharos","species":"Ampharos","item":"ampharosite","ability":"Static","moves":["dragonpulse","focusblast","powergem","thunderbolt"],"nature":"Modest","evs":{"hp":252,"atk":0,"def":100,"spa":56,"spd":100,"spe":0},"ivs":{"hp":31,"atk":31,"def":31,"spa":31,"spd":31,"spe":31}}],"p2team":[{"name":"Charizard","species":"Charizard","item":"charizarditey","ability":"Blaze","moves":["solarbeam","flamethrower","dragonpulse","defog"],"nature":"Timid","evs":{"hp":0,"atk":0,"def":0,"spa":252,"spd":4,"spe":252},"ivs":{"hp":31,"atk":0,"def":31,"spa":31,"spd":31,"spe":31}},{"name":"Infernape","species":"Infernape","item":"focussash","ability":"Iron Fist","moves":["closecombat","overheat","machpunch","stealthrock"],"nature":"Naive","evs":{"hp":0,"atk":252,"def":4,"spa":0,"spd":0,"spe":252},"ivs":{"hp":31,"atk":30,"def":30,"spa":31,"spd":31,"spe":31}},{"name":"Victini","species":"Victini","item":"choicescarf","ability":"Victory Star","moves":["vcreate","boltstrike","uturn","zenheadbutt"],"nature":"Naive","evs":{"hp":0,"atk":252,"def":0,"spa":4,"spd":0,"spe":252},"ivs":{"hp":31,"atk":31,"def":31,"spa":31,"spd":31,"spe":31}},{"name":"Arcanine","species":"Arcanine","item":"leftovers","ability":"Intimidate","moves":["willowisp","extremespeed","morningsun","ironhead"],"nature":"Impish","evs":{"hp":240,"atk":0,"def":252,"spa":0,"spd":0,"spe":16},"ivs":{"hp":31,"atk":30,"def":30,"spa":31,"spd":31,"spe":31}},{"name":"Rotom-Heat","species":"Rotom-Heat","item":"leftovers","ability":"Levitate","moves":["thunderwave","overheat","hiddenpowerice","voltswitch"],"nature":"Modest","evs":{"hp":248,"atk":0,"def":0,"spa":8,"spd":252,"spe":0},"ivs":{"hp":31,"atk":30,"def":30,"spa":31,"spd":31,"spe":31}},{"name":"Chandelure","species":"Chandelure","item":"lifeorb","ability":"Infiltrator","moves":["flamethrower","energyball","trickroom","shadowball"],"nature":"Quiet","evs":{"hp":248,"atk":0,"def":8,"spa":252,"spd":0,"spe":0},"ivs":{"hp":31,"atk":30,"def":30,"spa":31,"spd":31,"spe":31}}],"log":["|player|p1|alliance-c-control|190","|player|p2|xNailz|160","|gametype|singles","|gen|6","|tier|Monotype","|rated","|rule|Baton Pass Clause: Limit one Baton Passer, can't pass Spe and other stats simultaneously","|rule|Swagger Clause: Swagger is banned","|rule|Same Type Clause: Pokémon in a team must share a type","|clearpoke","|poke|p1|Jolteon, F","|poke|p1|Pachirisu, F","|poke|p1|Rotom-Wash","|poke|p1|Electivire, F","|poke|p1|Zapdos","|poke|p1|Ampharos, M","|poke|p2|Charizard, F","|poke|p2|Infernape, M","|poke|p2|Victini","|poke|p2|Arcanine, F","|poke|p2|Rotom-Heat","|poke|p2|Chandelure, F","|rule|Sleep Clause Mod: Limit one foe put to sleep","|rule|Species Clause: Limit one of each Pokémon","|rule|OHKO Clause: OHKO moves are banned","|rule|Moody Clause: Moody is banned","|rule|Evasion Moves Clause: Evasion moves are banned","|rule|Endless Battle Clause: Forcing endless battles is banned","|rule|HP Percentage Mod: HP is shown in percentages","|teampreview","|","|start","|switch|p1a: Rotom-Wash|Rotom-Wash|303/303","|switch|p2a: Infernape|Infernape, M|293/293","|turn|1","|","|move|p2a: Infernape|Close Combat|p1a: Rotom-Wash","|-damage|p1a: Rotom-Wash|176/303","|-damage|p2a: Infernape|245/293|[from] item: Rocky Helmet|[of] p1a: Rotom-Wash","|-unboost|p2a: Infernape|def|1","|-unboost|p2a: Infernape|spd|1","|move|p1a: Rotom-Wash|Hydro Pump|p2a: Infernape","|-supereffective|p2a: Infernape","|-damage|p2a: Infernape|0 fnt","|faint|p2a: Infernape","|","|","|switch|p2a: Charizard|Charizard, F|297/297","|turn|2","|","|switch|p1a: Zapdos|Zapdos|384/384","|-ability|p1a: Zapdos|Pressure","|detailschange|p2a: Charizard|Charizard-Mega-Y, F","|-mega|p2a: Charizard|Charizard|Charizardite Y","|-weather|SunnyDay","|move|p2a: Charizard|Flamethrower|p1a: Zapdos","|-damage|p1a: Zapdos|56/384","|","|-weather|SunnyDay|[upkeep]","|-heal|p1a: Zapdos|80/384|[from] item: Leftovers","|turn|3","|","|move|p2a: Charizard|Flamethrower|p1a: Zapdos","|-damage|p1a: Zapdos|0 fnt","|faint|p1a: Zapdos","|","|-weather|SunnyDay|[upkeep]","|","|switch|p1a: Ampharos|Ampharos, M|384/384","|turn|4","|","|detailschange|p1a: Ampharos|Ampharos-Mega, M","|-mega|p1a: Ampharos|Ampharos|Ampharosite","|-ability|p1a: Ampharos|Mold Breaker","|move|p2a: Charizard|Dragon Pulse|p1a: Ampharos","|-supereffective|p1a: Ampharos","|-damage|p1a: Ampharos|190/384","|move|p1a: Ampharos|Power Gem|p2a: Charizard","|-supereffective|p2a: Charizard","|-damage|p2a: Charizard|0 fnt","|faint|p2a: Charizard","|","|-weather|SunnyDay|[upkeep]","|","|switch|p2a: Rotom-Heat|Rotom-Heat|303/303","|turn|5","|","|switch|p1a: Pachirisu|Pachirisu, F|261/261","|-item|p1a: Pachirisu|Air Balloon","|move|p2a: Rotom-Heat|Hidden Power|p1a: Pachirisu","|-damage|p1a: Pachirisu|198/261","|-enditem|p1a: Pachirisu|Air Balloon","|","|-weather|SunnyDay|[upkeep]","|turn|6","|","|move|p1a: Pachirisu|Substitute|p1a: Pachirisu","|-start|p1a: Pachirisu|Substitute","|-damage|p1a: Pachirisu|133/261","|move|p2a: Rotom-Heat|Overheat|p1a: Pachirisu","|-end|p1a: Pachirisu|Substitute","|-unboost|p2a: Rotom-Heat|spa|2","|","|-weather|none","|turn|7","|","|move|p1a: Pachirisu|Thunderbolt|p2a: Rotom-Heat","|-resisted|p2a: Rotom-Heat","|-damage|p2a: Rotom-Heat|270/303","|move|p2a: Rotom-Heat|Volt Switch|p1a: Pachirisu","|-resisted|p1a: Pachirisu","|-damage|p1a: Pachirisu|106/261","|","|switch|p2a: Victini|Victini|341/341","|","|turn|8","|","|move|p2a: Victini|U-turn|p1a: Pachirisu","|-damage|p1a: Pachirisu|16/261","|","|switch|p2a: Rotom-Heat|Rotom-Heat|270/303","|move|p1a: Pachirisu|Substitute|p1a: Pachirisu","|-fail|p1a: Pachirisu|move: Substitute|[weak]","|","|-heal|p2a: Rotom-Heat|288/303|[from] item: Leftovers","|turn|9","|","|move|p1a: Pachirisu|Thunderbolt|p2a: Rotom-Heat","|-resisted|p2a: Rotom-Heat","|-damage|p2a: Rotom-Heat|254/303","|move|p2a: Rotom-Heat|Hidden Power|p1a: Pachirisu","|-damage|p1a: Pachirisu|0 fnt","|faint|p1a: Pachirisu","|","|-heal|p2a: Rotom-Heat|272/303|[from] item: Leftovers","|","|switch|p1a: Jolteon|Jolteon, F|271/271","|-item|p1a: Jolteon|Air Balloon","|turn|10","|","|move|p1a: Jolteon|Substitute|p1a: Jolteon","|-start|p1a: Jolteon|Substitute","|-damage|p1a: Jolteon|204/271","|move|p2a: Rotom-Heat|Overheat|p1a: Jolteon","|-end|p1a: Jolteon|Substitute","|-enditem|p1a: Jolteon|Air Balloon","|-unboost|p2a: Rotom-Heat|spa|2","|","|-heal|p2a: Rotom-Heat|290/303|[from] item: Leftovers","|turn|11","|","|switch|p2a: Victini|Victini|341/341","|move|p1a: Jolteon|Substitute|p1a: Jolteon","|-start|p1a: Jolteon|Substitute","|-damage|p1a: Jolteon|137/271","|","|turn|12","|","|move|p2a: Victini|U-turn|p1a: Jolteon","|-end|p1a: Jolteon|Substitute","|","|switch|p2a: Rotom-Heat|Rotom-Heat|290/303","|move|p1a: Jolteon|Wish|p1a: Jolteon","|","|-heal|p2a: Rotom-Heat|303/303|[from] item: Leftovers","|turn|13","|","|move|p1a: Jolteon|Substitute|p1a: Jolteon","|-start|p1a: Jolteon|Substitute","|-damage|p1a: Jolteon|70/271","|move|p2a: Rotom-Heat|Hidden Power|p1a: Jolteon","|-activate|p1a: Jolteon|Substitute|[damage]","|","|-heal|p1a: Jolteon|205/271|[from] move: Wish|[wisher] Jolteon","|turn|14","|","|move|p1a: Jolteon|Wish|p1a: Jolteon","|move|p2a: Rotom-Heat|Hidden Power|p1a: Jolteon","|-end|p1a: Jolteon|Substitute","|","|turn|15","|","|move|p1a: Jolteon|Substitute|p1a: Jolteon","|-start|p1a: Jolteon|Substitute","|-damage|p1a: Jolteon|138/271","|move|p2a: Rotom-Heat|Hidden Power|p1a: Jolteon","|-activate|p1a: Jolteon|Substitute|[damage]","|","|-heal|p1a: Jolteon|271/271|[from] move: Wish|[wisher] Jolteon","|turn|16","|","|move|p1a: Jolteon|Wish|p1a: Jolteon","|move|p2a: Rotom-Heat|Hidden Power|p1a: Jolteon","|-end|p1a: Jolteon|Substitute","|","|turn|17","|","|move|p1a: Jolteon|Substitute|p1a: Jolteon","|-start|p1a: Jolteon|Substitute","|-damage|p1a: Jolteon|204/271","|move|p2a: Rotom-Heat|Overheat|p1a: Jolteon","|-end|p1a: Jolteon|Substitute","|-unboost|p2a: Rotom-Heat|spa|2","|","|-heal|p1a: Jolteon|271/271|[from] move: Wish|[wisher] Jolteon","|turn|18","|","|switch|p2a: Victini|Victini|341/341","|move|p1a: Jolteon|Substitute|p1a: Jolteon","|-start|p1a: Jolteon|Substitute","|-damage|p1a: Jolteon|204/271","|","|turn|19","|","|move|p2a: Victini|U-turn|p1a: Jolteon","|-end|p1a: Jolteon|Substitute","|","|switch|p2a: Rotom-Heat|Rotom-Heat|303/303","|move|p1a: Jolteon|Wish|p1a: Jolteon","|","|turn|20","|","|move|p1a: Jolteon|Substitute|p1a: Jolteon","|-start|p1a: Jolteon|Substitute","|-damage|p1a: Jolteon|137/271","|move|p2a: Rotom-Heat|Overheat|p1a: Jolteon","|-end|p1a: Jolteon|Substitute","|-unboost|p2a: Rotom-Heat|spa|2","|","|-heal|p1a: Jolteon|271/271|[from] move: Wish|[wisher] Jolteon","|turn|21","|","|switch|p2a: Victini|Victini|341/341","|move|p1a: Jolteon|Substitute|p1a: Jolteon","|-start|p1a: Jolteon|Substitute","|-damage|p1a: Jolteon|204/271","|","|turn|22","|","|move|p2a: Victini|U-turn|p1a: Jolteon","|-end|p1a: Jolteon|Substitute","|","|switch|p2a: Chandelure|Chandelure, F|323/323","|move|p1a: Jolteon|Wish|p1a: Jolteon","|","|turn|23","|","|move|p1a: Jolteon|Baton Pass|p1a: Jolteon","|","|switch|p1a: Ampharos|Ampharos-Mega, M|190/384","|-ability|p1a: Ampharos|Mold Breaker","|move|p2a: Chandelure|Shadow Ball|p1a: Ampharos","|-damage|p1a: Ampharos|11/384","|-damage|p2a: Chandelure|291/323|[from] item: Life Orb","|","|-heal|p1a: Ampharos|146/384|[from] move: Wish|[wisher] Jolteon","|turn|24","|","|switch|p1a: Electivire|Electivire, F|353/353","|move|p2a: Chandelure|Shadow Ball|p1a: Electivire","|-damage|p1a: Electivire|110/353","|-damage|p2a: Chandelure|259/323|[from] item: Life Orb","|","|turn|25","|","|switch|p2a: Arcanine|Arcanine, F|381/381","|-ability|p2a: Arcanine|Intimidate","|-unboost|p1a: Electivire|atk|1","|move|p1a: Electivire|Earthquake|p2a: Arcanine","|-supereffective|p2a: Arcanine","|-damage|p2a: Arcanine|249/381","|","|-heal|p2a: Arcanine|272/381|[from] item: Leftovers","|turn|26","|","|move|p2a: Arcanine|Will-O-Wisp|p1a: Electivire","|-status|p1a: Electivire|brn","|move|p1a: Electivire|Thunder Punch|p2a: Arcanine","|-damage|p2a: Arcanine|234/381","|","|-heal|p2a: Arcanine|257/381|[from] item: Leftovers","|-damage|p1a: Electivire|66/353 brn|[from] brn","|turn|27","|","|switch|p1a: Rotom-Wash|Rotom-Wash|176/303","|move|p2a: Arcanine|Morning Sun|p2a: Arcanine","|-heal|p2a: Arcanine|381/381","|","|turn|28","|","|move|p2a: Arcanine|Extreme Speed|p1a: Rotom-Wash","|-damage|p1a: Rotom-Wash|126/303","|-damage|p2a: Arcanine|318/381|[from] item: Rocky Helmet|[of] p1a: Rotom-Wash","|move|p1a: Rotom-Wash|Hydro Pump|p2a: Arcanine","|-supereffective|p2a: Arcanine","|-damage|p2a: Arcanine|0 fnt","|faint|p2a: Arcanine","|","|","|switch|p2a: Victini|Victini|341/341","|turn|29","|","|switch|p1a: Ampharos|Ampharos-Mega, M|146/384","|-ability|p1a: Ampharos|Mold Breaker","|move|p2a: Victini|Zen Headbutt|p1a: Ampharos","|-damage|p1a: Ampharos|41/384","|","|turn|30","|","|move|p2a: Victini|Zen Headbutt|p1a: Ampharos","|-damage|p1a: Ampharos|0 fnt","|faint|p1a: Ampharos","|","|","|switch|p1a: Electivire|Electivire, F|66/353 brn","|turn|31","|-enditem|p1a: Electivire|Custap Berry|[eat]","|-activate|p1a: Electivire|Custap Berry","|","|move|p1a: Electivire|Earthquake|p2a: Victini","|-supereffective|p2a: Victini","|-damage|p2a: Victini|218/341","|move|p2a: Victini|Zen Headbutt|p1a: Electivire","|-damage|p1a: Electivire|0 fnt","|faint|p1a: Electivire","|","|","|switch|p1a: Rotom-Wash|Rotom-Wash|126/303","|turn|32","|","|move|p2a: Victini|Zen Headbutt|p1a: Rotom-Wash","|-crit|p1a: Rotom-Wash","|-damage|p1a: Rotom-Wash|5/303","|-damage|p2a: Victini|162/341|[from] item: Rocky Helmet|[of] p1a: Rotom-Wash","|cant|p1a: Rotom-Wash|flinch","|","|turn|33","|","|win|xNailz"],"p1rating":{"entryid":"6440455","serverid":"eos","formatid":"monotype","userid":"allianceccontrol","username":"Alliance-C-Control","w":"205","l":274,"t":"0","gxe":41.2,"r":"1433.1371054459","rd":"25","sigma":"0","rptime":"1438074000","rpr":1433.3001574741,"rprd":25,"rpsigma":"0","acre":1054.1624819339,"lacre":1054.1624819339,"oldacre":"1062.794516982"},"p2rating":{"entryid":"6782407","serverid":"eos","formatid":"monotype","userid":"xnailz","username":"xNailz","w":18,"l":"3","t":"0","gxe":74.7,"r":"1702.2998887404","rd":"75.126016450248","sigma":"0","rptime":"1438074000","rpr":1707.8464736571,"rprd":74.134156720862,"rpsigma":"0","acre":1291.50113797,"lacre":1291.50113797,"oldacre":"1280.3883668098"},"endType":"forfeit"}