{"seed":[57358,55875,34523,4822],"turns":23,"p1":"Wаrden Arguѕ","p2":"Alliance - Glacia","p1team":[{"name":"Sableye","species":"Sableye","item":"leftovers","ability":"Prankster","moves":["knockoff","willowisp","recover","taunt"],"nature":"Bold","evs":{"hp":228,"atk":0,"def":252,"spa":0,"spd":0,"spe":28},"gender":"M","ivs":{"hp":31,"atk":0,"def":31,"spa":31,"spd":31,"spe":31}},{"name":"Aegislash","species":"Aegislash","item":"weaknesspolicy","ability":"Stance Change","moves":["kingsshield","sacredsword","shadowball","shadowsneak"],"nature":"Lonely","evs":{"hp":0,"atk":252,"def":0,"spa":240,"spd":0,"spe":16},"gender":"M","shiny":true,"ivs":{"hp":31,"atk":31,"def":31,"spa":31,"spd":31,"spe":31}},{"name":"Jellicent","species":"Jellicent","item":"leftovers","ability":"Cursed Body","moves":["toxic","scald","recover","acidarmor"],"nature":"Calm","evs":{"hp":252,"atk":0,"def":0,"spa":0,"spd":252,"spe":4},"gender":"M","ivs":{"hp":31,"atk":0,"def":31,"spa":31,"spd":31,"spe":31},"shiny":true},{"name":"Golurk","species":"Golurk","item":"focussash","ability":"No Guard","moves":["stealthrock","stoneedge","dynamicpunch","curse"],"nature":"Adamant","evs":{"hp":0,"atk":252,"def":0,"spa":0,"spd":4,"spe":252},"shiny":true,"ivs":{"hp":31,"atk":31,"def":31,"spa":31,"spd":31,"spe":31}},{"name":"Chandelure","species":"Chandelure","item":"choicescarf","ability":"Infiltrator","moves":["flamethrower","shadowball","energyball","trick"],"nature":"Modest","evs":{"hp":0,"atk":0,"def":0,"spa":252,"spd":4,"spe":252},"gender":"F","ivs":{"hp":31,"atk":0,"def":31,"spa":31,"spd":31,"spe":31}},{"name":"Gengar","species":"Gengar","item":"focussash","ability":"Levitate","moves":["destinybond","sludgebomb","shadowball","energyball"],"nature":"Timid","evs":{"hp":0,"atk":0,"def":0,"spa":252,"spd":4,"spe":252},"gender":"F","ivs":{"hp":31,"atk":0,"def":31,"spa":31,"spd":31,"spe":31},"shiny":true}],"p2team":[{"name":"Usain","species":"weavile","item":"choiceband","ability":"Pressure","moves":["knockoff","iciclecrash","lowkick","iceshard"],"nature":"Jolly","evs":{"hp":0,"atk":252,"def":0,"spa":0,"spd":4,"spe":252},"ivs":{"hp":31,"atk":31,"def":31,"spa":31,"spd":31,"spe":31}},{"name":"Liopleurodon","species":"lapras","item":"choicespecs","ability":"Water Absorb","moves":["surf","freezedry","ancientpower","hiddenpowerfire"],"nature":"Modest","evs":{"hp":248,"atk":0,"def":0,"spa":252,"spd":8,"spe":0},"ivs":{"hp":31,"atk":30,"def":31,"spa":30,"spd":31,"spe":30}},{"name":"Bahamut","species":"kyuremblack","item":"choicescarf","ability":"Teravolt","moves":["outrage","fusionbolt","earthpower","icebeam"],"nature":"Naive","evs":{"hp":0,"atk":252,"def":0,"spa":4,"spd":0,"spe":252},"ivs":{"hp":31,"atk":31,"def":31,"spa":31,"spd":31,"spe":31}},{"name":"Jotunn","species":"regice","item":"chestoberry","ability":"Clear Body","moves":["thunderwave","seismictoss","counter","rest"],"nature":"Calm","evs":{"hp":248,"atk":0,"def":8,"spa":0,"spd":252,"spe":0},"ivs":{"hp":31,"atk":31,"def":31,"spa":31,"spd":31,"spe":31}},{"name":"T-Titanic-Kun...","species":"avalugg","item":"leftovers","ability":"Sturdy","moves":["rapidspin","avalanche","toxic","recover"],"nature":"Impish","evs":{"hp":252,"atk":4,"def":252,"spa":0,"spd":0,"spe":0},"ivs":{"hp":31,"atk":31,"def":31,"spa":31,"spd":31,"spe":31}},{"name":"Mamoswine","species":"Mamoswine","item":"focussash","ability":"Oblivious","moves":["endeavor","earthquake","knockoff","iceshard"],"nature":"Brave","evs":{"hp":248,"atk":252,"def":0,"spa":0,"spd":8,"spe":0},"ivs":{"hp":31,"atk":31,"def":31,"spa":31,"spd":31,"spe":31}}],"log":["|player|p1|Wаrden Arguѕ|argus2spooky.png","|player|p2|Alliance - Glacia|79","|gametype|singles","|gen|6","|tier|Monotype","|rated","|rule|Baton Pass Clause: Limit one Baton Passer, can't pass Spe and other stats simultaneously","|rule|Swagger Clause: Swagger is banned","|rule|Same Type Clause: Pokémon in a team must share a type","|clearpoke","|poke|p1|Sableye, M","|poke|p1|Aegislash, M, shiny","|poke|p1|Jellicent, M, shiny","|poke|p1|Golurk, shiny","|poke|p1|Chandelure, F","|poke|p1|Gengar, F, shiny","|poke|p2|Weavile, F","|poke|p2|Lapras, M","|poke|p2|Kyurem-Black","|poke|p2|Regice","|poke|p2|Avalugg, F","|poke|p2|Mamoswine, F","|rule|Sleep Clause Mod: Limit one foe put to sleep","|rule|Species Clause: Limit one of each Pokémon","|rule|OHKO Clause: OHKO moves are banned","|rule|Moody Clause: Moody is banned","|rule|Evasion Moves Clause: Evasion moves are banned","|rule|Endless Battle Clause: Forcing endless battles is banned","|rule|HP Percentage Mod: HP is shown in percentages","|teampreview","|","|start","|switch|p1a: Golurk|Golurk, shiny|319/319","|switch|p2a: T-Titanic-Kun...|Avalugg, F|394/394","|turn|1","|","|move|p1a: Golurk|Stealth Rock|p2a: T-Titanic-Kun...","|-sidestart|p2: Alliance - Glacia|move: Stealth Rock","|move|p2a: T-Titanic-Kun...|Avalanche|p1a: Golurk","|-supereffective|p1a: Golurk","|-damage|p1a: Golurk|115/319","|","|turn|2","|","|move|p1a: Golurk|Dynamic Punch|p2a: T-Titanic-Kun...","|-supereffective|p2a: T-Titanic-Kun...","|-damage|p2a: T-Titanic-Kun...|282/394","|-start|p2a: T-Titanic-Kun...|confusion","|-activate|p2a: T-Titanic-Kun...|confusion","|-damage|p2a: T-Titanic-Kun...|265/394|[from] confusion","|","|-heal|p2a: T-Titanic-Kun...|289/394|[from] item: Leftovers","|turn|3","|","|move|p1a: Golurk|Dynamic Punch|p2a: T-Titanic-Kun...","|-supereffective|p2a: T-Titanic-Kun...","|-damage|p2a: T-Titanic-Kun...|173/394","|-activate|p2a: T-Titanic-Kun...|confusion","|move|p2a: T-Titanic-Kun...|Avalanche|p1a: Golurk","|-supereffective|p1a: Golurk","|-damage|p1a: Golurk|0 fnt","|faint|p1a: Golurk","|","|-heal|p2a: T-Titanic-Kun...|197/394|[from] item: Leftovers","|","|switch|p1a: Aegislash|Aegislash, M, shiny|261/261","|turn|4","|","|switch|p2a: Jotunn|Regice|363/363","|-damage|p2a: Jotunn|273/363|[from] Stealth Rock","|-formechange|p1a: Aegislash|Aegislash-Blade","|move|p1a: Aegislash|Shadow Ball|p2a: Jotunn","|-damage|p2a: Jotunn|204/363","|","|turn|5","|","|move|p1a: Aegislash|Sacred Sword|p2a: Jotunn","|-supereffective|p2a: Jotunn","|-damage|p2a: Jotunn|0 fnt","|faint|p2a: Jotunn","|","|","|switch|p2a: Mamoswine|Mamoswine, F|423/423","|-damage|p2a: Mamoswine|371/423|[from] Stealth Rock","|turn|6","|","|-formechange|p1a: Aegislash|Aegislash","|move|p1a: Aegislash|King's Shield|p1a: Aegislash","|-singleturn|p1a: Aegislash|Protect","|move|p2a: Mamoswine|Earthquake|p1a: Aegislash","|-activate|p1a: Aegislash|Protect","|","|turn|7","|","|switch|p1a: Gengar|Gengar, F, shiny|261/261","|move|p2a: Mamoswine|Earthquake|p1a: Gengar","|-immune|p1a: Gengar|[msg]","|","|turn|8","|","|move|p1a: Gengar|Energy Ball|p2a: Mamoswine","|-supereffective|p2a: Mamoswine","|-damage|p2a: Mamoswine|71/423","|move|p2a: Mamoswine|Knock Off|p1a: Gengar","|-crit|p1a: Gengar","|-supereffective|p1a: Gengar","|-enditem|p1a: Gengar|Focus Sash","|-damage|p1a: Gengar|1/261","|","|turn|9","|","|move|p2a: Mamoswine|Ice Shard|p1a: Gengar","|-damage|p1a: Gengar|0 fnt","|faint|p1a: Gengar","|","|","|switch|p1a: Aegislash|Aegislash, M, shiny|261/261","|turn|10","|","|-formechange|p1a: Aegislash|Aegislash-Blade","|move|p1a: Aegislash|Shadow Sneak|p2a: Mamoswine","|-damage|p2a: Mamoswine|0 fnt","|faint|p2a: Mamoswine","|","|","|switch|p2a: Bahamut|Kyurem-Black|391/391","|-damage|p2a: Bahamut|294/391|[from] Stealth Rock","|-ability|p2a: Bahamut|Teravolt","|turn|11","|","|-formechange|p1a: Aegislash|Aegislash","|move|p1a: Aegislash|King's Shield|p1a: Aegislash","|-singleturn|p1a: Aegislash|Protect","|move|p2a: Bahamut|Earth Power|p1a: Aegislash","|-activate|p1a: Aegislash|Protect","|","|turn|12","|","|switch|p1a: Jellicent|Jellicent, M, shiny|404/404","|move|p2a: Bahamut|Earth Power|p1a: Jellicent","|-damage|p1a: Jellicent|343/404","|-unboost|p1a: Jellicent|spd|1","|","|-heal|p1a: Jellicent|368/404|[from] item: Leftovers","|turn|13","|","|switch|p2a: Liopleurodon|Lapras, M|463/463","|-damage|p2a: Liopleurodon|348/463|[from] Stealth Rock","|move|p1a: Jellicent|Toxic|p2a: Liopleurodon","|-status|p2a: Liopleurodon|tox","|","|-heal|p1a: Jellicent|393/404|[from] item: Leftovers","|-damage|p2a: Liopleurodon|320/463 tox|[from] psn","|turn|14","|","|move|p1a: Jellicent|Recover|p1a: Jellicent","|-heal|p1a: Jellicent|404/404","|move|p2a: Liopleurodon|Surf|p1a: Jellicent","|-resisted|p1a: Jellicent","|-damage|p1a: Jellicent|308/404","|","|-heal|p1a: Jellicent|333/404|[from] item: Leftovers","|-damage|p2a: Liopleurodon|264/463 tox|[from] psn","|turn|15","|","|switch|p2a: T-Titanic-Kun...|Avalugg, F|197/394","|-damage|p2a: T-Titanic-Kun...|99/394|[from] Stealth Rock","|move|p1a: Jellicent|Scald|p2a: T-Titanic-Kun...","|-damage|p2a: T-Titanic-Kun...|0 fnt","|faint|p2a: T-Titanic-Kun...","|","|-heal|p1a: Jellicent|358/404|[from] item: Leftovers","|","|switch|p2a: Usain|Weavile, F|281/281","|-damage|p2a: Usain|211/281|[from] Stealth Rock","|-ability|p2a: Usain|Pressure","|turn|16","|","|switch|p1a: Sableye|Sableye, M|298/298","|move|p2a: Usain|Icicle Crash|p1a: Sableye","|-crit|p1a: Sableye","|-damage|p1a: Sableye|0 fnt","|faint|p1a: Sableye","|","|","|switch|p1a: Chandelure|Chandelure, F|261/261","|turn|17","|","|switch|p2a: Liopleurodon|Lapras, M|264/463 tox","|-damage|p2a: Liopleurodon|149/463 tox|[from] Stealth Rock","|move|p1a: Chandelure|Flamethrower|p2a: Liopleurodon","|-damage|p2a: Liopleurodon|0 fnt","|faint|p2a: Liopleurodon","|","|","|switch|p2a: Bahamut|Kyurem-Black|294/391","|-damage|p2a: Bahamut|197/391|[from] Stealth Rock","|-ability|p2a: Bahamut|Teravolt","|turn|18","|","|switch|p1a: Jellicent|Jellicent, M, shiny|358/404","|move|p2a: Bahamut|Earth Power|p1a: Jellicent","|-damage|p1a: Jellicent|303/404","|","|-heal|p1a: Jellicent|328/404|[from] item: Leftovers","|turn|19","|","|switch|p2a: Usain|Weavile, F|211/281","|-damage|p2a: Usain|141/281|[from] Stealth Rock","|-ability|p2a: Usain|Pressure","|move|p1a: Jellicent|Scald|p2a: Usain","|-damage|p2a: Usain|53/281","|","|-heal|p1a: Jellicent|353/404|[from] item: Leftovers","|turn|20","|","|move|p2a: Usain|Knock Off|p1a: Jellicent","|-supereffective|p1a: Jellicent","|-damage|p1a: Jellicent|0 fnt","|-start|p2a: Usain|Disable|Knock Off","|-enditem|p1a: Jellicent|Leftovers|[from] move: Knock Off|[of] p2a: Usain","|faint|p1a: Jellicent","|","|","|switch|p1a: Chandelure|Chandelure, F|261/261","|turn|21","|","|move|p1a: Chandelure|Flamethrower|p2a: Usain","|-supereffective|p2a: Usain","|-damage|p2a: Usain|0 fnt","|faint|p2a: Usain","|","|","|switch|p2a: Bahamut|Kyurem-Black|197/391","|-damage|p2a: Bahamut|100/391|[from] Stealth Rock","|-ability|p2a: Bahamut|Teravolt","|turn|22","|","|move|p2a: Bahamut|Earth Power|p1a: Chandelure","|-crit|p1a: Chandelure","|-supereffective|p1a: Chandelure","|-damage|p1a: Chandelure|0 fnt","|faint|p1a: Chandelure","|","|","|switch|p1a: Aegislash|Aegislash, M, shiny|261/261","|turn|23","|","|move|p2a: Bahamut|Earth Power|p1a: Aegislash","|-supereffective|p1a: Aegislash","|-damage|p1a: Aegislash|145/261","|-enditem|p1a: Aegislash|Weakness Policy","|-boost|p1a: Aegislash|atk|2|[from] item: Weakness Policy","|-boost|p1a: Aegislash|spa|2|[from] item: Weakness Policy","|-formechange|p1a: Aegislash|Aegislash-Blade","|move|p1a: Aegislash|Sacred Sword|p2a: Bahamut","|-supereffective|p2a: Bahamut","|-damage|p2a: Bahamut|0 fnt","|faint|p2a: Bahamut","|","|win|Wаrden Arguѕ"],"p1rating":{"entryid":"7252450","serverid":"eos","formatid":"monotype","userid":"wrdenargu","username":"Wаrden Arguѕ","w":15,"l":"2","t":"0","gxe":74.4,"r":"1500","rd":"130","sigma":"0","rptime":"1438160400","rpr":1704.912255383,"rprd":73.333775451403,"rpsigma":"0","acre":1298.9309006956,"lacre":1298.9309006956,"oldacre":"1284.56574928"},"p2rating":{"entryid":"6141190","serverid":"eos","formatid":"monotype","userid":"allianceglacia","username":"Alliance - Glacia","w":"9","l":9,"t":"0","gxe":50.1,"r":"1561.9352382538","rd":"82.37040540344","sigma":"0","rptime":"1438160400","rpr":1500.9701505322,"rprd":77.190147713464,"rpsigma":"0","acre":1112.3747139623,"lacre":1112.3747139623,"oldacre":"1126.7398653779"},"endType":"normal"}