{"seed":[40051,11486,48573,23583],"turns":26,"p1":"MachoSalad","p2":"Wаrden Arguѕ","p1team":[{"name":"Skarmory","species":"Skarmory","item":"rockyhelmet","ability":"Sturdy","moves":["roost","stealthrock","defog","whirlwind"],"nature":"Bold","evs":{"hp":248,"atk":0,"def":252,"spa":0,"spd":0,"spe":8},"ivs":{"hp":31,"atk":0,"def":31,"spa":31,"spd":31,"spe":31}},{"name":"Charizard","species":"Charizard","item":"charizarditex","ability":"Blaze","moves":["flareblitz","dragonclaw","dragondance","earthquake"],"nature":"Adamant","evs":{"hp":0,"atk":252,"def":0,"spa":0,"spd":4,"spe":252},"ivs":{"hp":31,"atk":31,"def":31,"spa":31,"spd":31,"spe":31}},{"name":"Hawlucha","species":"Hawlucha","item":"sitrusberry","ability":"Unburden","moves":["swordsdance","highjumpkick","substitute","acrobatics"],"nature":"Adamant","evs":{"hp":0,"atk":252,"def":4,"spa":0,"spd":0,"spe":252},"ivs":{"hp":31,"atk":31,"def":31,"spa":31,"spd":31,"spe":31}},{"name":"Dragonite","species":"Dragonite","item":"weaknesspolicy","ability":"Multiscale","moves":["dragondance","extremespeed","firepunch","dragonclaw"],"nature":"Adamant","evs":{"hp":0,"atk":252,"def":4,"spa":0,"spd":0,"spe":252},"ivs":{"hp":31,"atk":31,"def":31,"spa":31,"spd":31,"spe":31}},{"name":"Landorus","species":"Landorus","item":"lifeorb","ability":"Sheer Force","moves":["sludgebomb","hiddenpowerice","earthpower","psychic"],"nature":"Timid","evs":{"hp":0,"atk":0,"def":4,"spa":252,"spd":0,"spe":252},"ivs":{"hp":31,"atk":0,"def":30,"spa":31,"spd":31,"spe":31}},{"name":"Mandibuzz","species":"Mandibuzz","item":"leftovers","ability":"Overcoat","moves":["bravebird","foulplay","roost","knockoff"],"nature":"Careful","evs":{"hp":248,"atk":0,"def":4,"spa":0,"spd":252,"spe":4},"ivs":{"hp":31,"atk":31,"def":31,"spa":31,"spd":31,"spe":31}}],"p2team":[{"name":"Sableye","species":"Sableye","item":"leftovers","ability":"Prankster","moves":["knockoff","willowisp","recover","taunt"],"nature":"Bold","evs":{"hp":228,"atk":0,"def":252,"spa":0,"spd":0,"spe":28},"gender":"M","ivs":{"hp":31,"atk":0,"def":31,"spa":31,"spd":31,"spe":31}},{"name":"Aegislash","species":"Aegislash","item":"weaknesspolicy","ability":"Stance Change","moves":["kingsshield","sacredsword","shadowball","shadowsneak"],"nature":"Lonely","evs":{"hp":0,"atk":252,"def":0,"spa":240,"spd":0,"spe":16},"gender":"M","shiny":true,"ivs":{"hp":31,"atk":31,"def":31,"spa":31,"spd":31,"spe":31}},{"name":"Jellicent","species":"Jellicent","item":"leftovers","ability":"Cursed Body","moves":["toxic","scald","recover","acidarmor"],"nature":"Calm","evs":{"hp":252,"atk":0,"def":0,"spa":0,"spd":252,"spe":4},"gender":"M","ivs":{"hp":31,"atk":0,"def":31,"spa":31,"spd":31,"spe":31},"shiny":true},{"name":"Golurk","species":"Golurk","item":"focussash","ability":"No Guard","moves":["stealthrock","stoneedge","dynamicpunch","curse"],"nature":"Adamant","evs":{"hp":0,"atk":252,"def":0,"spa":0,"spd":4,"spe":252},"shiny":true,"ivs":{"hp":31,"atk":31,"def":31,"spa":31,"spd":31,"spe":31}},{"name":"Chandelure","species":"Chandelure","item":"choicescarf","ability":"Infiltrator","moves":["flamethrower","shadowball","energyball","trick"],"nature":"Modest","evs":{"hp":0,"atk":0,"def":0,"spa":252,"spd":4,"spe":252},"gender":"F","ivs":{"hp":31,"atk":0,"def":31,"spa":31,"spd":31,"spe":31}},{"name":"Gengar","species":"Gengar","item":"focussash","ability":"Levitate","moves":["destinybond","sludgebomb","shadowball","energyball"],"nature":"Timid","evs":{"hp":0,"atk":0,"def":0,"spa":252,"spd":4,"spe":252},"gender":"F","ivs":{"hp":31,"atk":0,"def":31,"spa":31,"spd":31,"spe":31},"shiny":true}],"log":["|player|p1|MachoSalad|224","|player|p2|Wаrden Arguѕ|argus2spooky.png","|gametype|singles","|gen|6","|tier|Monotype","|rated","|rule|Baton Pass Clause: Limit one Baton Passer, can't pass Spe and other stats simultaneously","|rule|Swagger Clause: Swagger is banned","|rule|Same Type Clause: Pokémon in a team must share a type","|clearpoke","|poke|p1|Skarmory, F","|poke|p1|Charizard, F","|poke|p1|Hawlucha, M","|poke|p1|Dragonite, F","|poke|p1|Landorus, M","|poke|p1|Mandibuzz, F","|poke|p2|Sableye, M","|poke|p2|Aegislash, M, shiny","|poke|p2|Jellicent, M, shiny","|poke|p2|Golurk, shiny","|poke|p2|Chandelure, F","|poke|p2|Gengar, F, shiny","|rule|Sleep Clause Mod: Limit one foe put to sleep","|rule|Species Clause: Limit one of each Pokémon","|rule|OHKO Clause: OHKO moves are banned","|rule|Moody Clause: Moody is banned","|rule|Evasion Moves Clause: Evasion moves are banned","|rule|Endless Battle Clause: Forcing endless battles is banned","|rule|HP Percentage Mod: HP is shown in percentages","|teampreview","|","|start","|switch|p1a: Landorus|Landorus, M|319/319","|switch|p2a: Chandelure|Chandelure, F|261/261","|turn|1","|","|switch|p1a: Mandibuzz|Mandibuzz, F|423/423","|move|p2a: Chandelure|Flamethrower|p1a: Mandibuzz","|-damage|p1a: Mandibuzz|288/423","|","|-heal|p1a: Mandibuzz|314/423|[from] item: Leftovers","|turn|2","|","|switch|p2a: Sableye|Sableye, M|298/298","|switch|p1a: Charizard|Charizard, F|297/297","|","|turn|3","|","|switch|p2a: Jellicent|Jellicent, M, shiny|404/404","|detailschange|p1a: Charizard|Charizard-Mega-X, F","|-mega|p1a: Charizard|Charizard|Charizardite X","|move|p1a: Charizard|Flare Blitz|p2a: Jellicent","|-resisted|p2a: Jellicent","|-damage|p2a: Jellicent|208/404","|-status|p2a: Jellicent|brn","|-damage|p1a: Charizard|232/297|[from] recoil|[of] p2a: Jellicent","|","|-heal|p2a: Jellicent|233/404 brn|[from] item: Leftovers","|-damage|p2a: Jellicent|183/404 brn|[from] brn","|turn|4","|","|move|p1a: Charizard|Flare Blitz|p2a: Jellicent","|-resisted|p2a: Jellicent","|-damage|p2a: Jellicent|0 fnt","|-damage|p1a: Charizard|172/297|[from] recoil|[of] p2a: Jellicent","|faint|p2a: Jellicent","|","|","|switch|p2a: Gengar|Gengar, F, shiny|261/261","|turn|5","|","|switch|p1a: Mandibuzz|Mandibuzz, F|314/423","|move|p2a: Gengar|Sludge Bomb|p1a: Mandibuzz","|-damage|p1a: Mandibuzz|194/423","|","|-heal|p1a: Mandibuzz|220/423|[from] item: Leftovers","|turn|6","|","|switch|p2a: Sableye|Sableye, M|298/298","|move|p1a: Mandibuzz|Knock Off|p2a: Sableye","|-damage|p2a: Sableye|229/298","|-enditem|p2a: Sableye|Leftovers|[from] move: Knock Off|[of] p1a: Mandibuzz","|","|-heal|p1a: Mandibuzz|246/423|[from] item: Leftovers","|turn|7","|","|move|p2a: Sableye|Taunt|p1a: Mandibuzz","|-start|p1a: Mandibuzz|move: Taunt","|cant|p1a: Mandibuzz|move: Taunt|Roost","|","|-heal|p1a: Mandibuzz|272/423|[from] item: Leftovers","|turn|8","|","|switch|p1a: Landorus|Landorus, M|319/319","|move|p2a: Sableye|Knock Off|p1a: Landorus","|-damage|p1a: Landorus|244/319","|-enditem|p1a: Landorus|Life Orb|[from] move: Knock Off|[of] p2a: Sableye","|","|turn|9","|","|switch|p2a: Gengar|Gengar, F, shiny|261/261","|move|p1a: Landorus|Earth Power|p2a: Gengar","|-immune|p2a: Gengar|[msg]","|","|turn|10","|","|move|p2a: Gengar|Shadow Ball|p1a: Landorus","|-damage|p1a: Landorus|60/319","|move|p1a: Landorus|Psychic|p2a: Gengar","|-supereffective|p2a: Gengar","|-enditem|p2a: Gengar|Focus Sash","|-damage|p2a: Gengar|1/261","|","|turn|11","|","|switch|p1a: Mandibuzz|Mandibuzz, F|272/423","|move|p2a: Gengar|Sludge Bomb|p1a: Mandibuzz","|-damage|p1a: Mandibuzz|149/423","|","|-heal|p1a: Mandibuzz|175/423|[from] item: Leftovers","|turn|12","|","|move|p2a: Gengar|Sludge Bomb|p1a: Mandibuzz","|-damage|p1a: Mandibuzz|60/423","|-status|p1a: Mandibuzz|psn","|move|p1a: Mandibuzz|Roost|p1a: Mandibuzz","|-heal|p1a: Mandibuzz|272/423 psn","|","|-heal|p1a: Mandibuzz|298/423 psn|[from] item: Leftovers","|-damage|p1a: Mandibuzz|246/423 psn|[from] psn","|turn|13","|","|switch|p2a: Sableye|Sableye, M|229/298","|move|p1a: Mandibuzz|Knock Off|p2a: Sableye","|-damage|p2a: Sableye|184/298","|","|-heal|p1a: Mandibuzz|272/423 psn|[from] item: Leftovers","|-damage|p1a: Mandibuzz|220/423 psn|[from] psn","|turn|14","|","|switch|p1a: Charizard|Charizard-Mega-X, F|172/297","|switch|p2a: Chandelure|Chandelure, F|261/261","|","|turn|15","|","|move|p2a: Chandelure|Shadow Ball|p1a: Charizard","|-crit|p1a: Charizard","|-damage|p1a: Charizard|0 fnt","|faint|p1a: Charizard","|","|","|switch|p1a: Hawlucha|Hawlucha, M|297/297","|turn|16","|","|move|p2a: Chandelure|Shadow Ball|p1a: Hawlucha","|-damage|p1a: Hawlucha|35/297","|-enditem|p1a: Hawlucha|Sitrus Berry|[eat]","|-heal|p1a: Hawlucha|109/297|[from] item: Sitrus Berry","|move|p1a: Hawlucha|Swords Dance|p1a: Hawlucha","|-boost|p1a: Hawlucha|atk|2","|","|turn|17","|","|switch|p2a: Aegislash|Aegislash, M, shiny|261/261","|move|p1a: Hawlucha|Acrobatics|p2a: Aegislash","|-crit|p2a: Aegislash","|-resisted|p2a: Aegislash","|-damage|p2a: Aegislash|50/261","|","|turn|18","|","|-formechange|p2a: Aegislash|Aegislash-Blade","|move|p2a: Aegislash|Shadow Sneak|p1a: Hawlucha","|-damage|p1a: Hawlucha|0 fnt","|faint|p1a: Hawlucha","|","|","|switch|p1a: Dragonite|Dragonite, F|323/323","|turn|19","|","|move|p1a: Dragonite|Dragon Dance|p1a: Dragonite","|-boost|p1a: Dragonite|atk|1","|-boost|p1a: Dragonite|spe|1","|move|p2a: Aegislash|Shadow Ball|p1a: Dragonite","|-damage|p1a: Dragonite|241/323","|","|turn|20","|","|move|p2a: Aegislash|Shadow Sneak|p1a: Dragonite","|-damage|p1a: Dragonite|147/323","|move|p1a: Dragonite|Fire Punch|p2a: Aegislash","|-supereffective|p2a: Aegislash","|-damage|p2a: Aegislash|0 fnt","|faint|p2a: Aegislash","|","|","|switch|p2a: Golurk|Golurk, shiny|319/319","|turn|21","|","|move|p1a: Dragonite|Dragon Claw|p2a: Golurk","|-damage|p2a: Golurk|13/319","|move|p2a: Golurk|Stone Edge|p1a: Dragonite","|-crit|p1a: Dragonite","|-supereffective|p1a: Dragonite","|-damage|p1a: Dragonite|0 fnt","|faint|p1a: Dragonite","|","|","|switch|p1a: Landorus|Landorus, M|60/319","|turn|22","|","|move|p1a: Landorus|Hidden Power|p2a: Golurk","|-supereffective|p2a: Golurk","|-damage|p2a: Golurk|0 fnt","|faint|p2a: Golurk","|","|","|switch|p2a: Chandelure|Chandelure, F|261/261","|turn|23","|","|move|p2a: Chandelure|Flamethrower|p1a: Landorus","|-damage|p1a: Landorus|0 fnt","|faint|p1a: Landorus","|","|","|switch|p1a: Mandibuzz|Mandibuzz, F|220/423 psn","|turn|24","|","|move|p2a: Chandelure|Flamethrower|p1a: Mandibuzz","|-damage|p1a: Mandibuzz|75/423 psn","|move|p1a: Mandibuzz|Knock Off|p2a: Chandelure","|-supereffective|p2a: Chandelure","|-damage|p2a: Chandelure|97/261","|-enditem|p2a: Chandelure|Choice Scarf|[from] move: Knock Off|[of] p1a: Mandibuzz","|","|-heal|p1a: Mandibuzz|101/423 psn|[from] item: Leftovers","|-damage|p1a: Mandibuzz|49/423 psn|[from] psn","|turn|25","|","|move|p2a: Chandelure|Flamethrower|p1a: Mandibuzz","|-damage|p1a: Mandibuzz|0 fnt","|faint|p1a: Mandibuzz","|","|","|switch|p1a: Skarmory|Skarmory, F|333/333","|turn|26","|","|win|Wаrden Arguѕ"],"p1rating":{"entryid":"7206348","serverid":"eos","formatid":"monotype","userid":"machosalad","username":"MachoSalad","w":"21","l":13,"t":"0","gxe":59.6,"r":"1576.6964130643","rd":"59.402447105915","sigma":"0","rptime":"1438160400","rpr":1573.761869589,"rprd":57.923526485852,"rpsigma":"0","acre":1095.0752446632,"lacre":1095.0752446632,"oldacre":"1112.5622823949"},"p2rating":{"entryid":"7252450","serverid":"eos","formatid":"monotype","userid":"wrdenargu","username":"Wаrden Arguѕ","w":8,"l":"0","t":"0","gxe":71.8,"r":"1500","rd":"130","sigma":"0","rptime":"1438160400","rpr":1682.3039514085,"rprd":91.721828926098,"rpsigma":"0","acre":1237.7854372942,"lacre":1237.7854372942,"oldacre":"1220.2983995625"},"endType":"forfeit"}