{"seed":[16966,36478,568,34547],"turns":32,"p1":"MasterrSage.","p2":"MachoSalad","p1team":[{"name":"Drapion","species":"Drapion","item":"razorclaw","ability":"Sniper","moves":["nightslash","crosspoison","swordsdance","earthquake"],"nature":"Adamant","evs":{"hp":248,"atk":252,"def":0,"spa":0,"spd":8,"spe":0},"ivs":{"hp":31,"atk":31,"def":31,"spa":31,"spd":31,"spe":31}},{"name":"Gengar","species":"Gengar","item":"blacksludge","ability":"Levitate","moves":["hex","confuseray","willowisp","sludgewave"],"nature":"Timid","evs":{"hp":8,"atk":0,"def":0,"spa":248,"spd":0,"spe":252},"shiny":true,"ivs":{"hp":31,"atk":31,"def":31,"spa":31,"spd":31,"spe":31}},{"name":"Dragalge","species":"Dragalge","item":"blacksludge","ability":"Adaptability","moves":["dracometeor","sludgewave","scald","toxicspikes"],"nature":"Calm","evs":{"hp":248,"atk":0,"def":0,"spa":0,"spd":232,"spe":28},"shiny":true,"ivs":{"hp":31,"atk":31,"def":31,"spa":31,"spd":31,"spe":31}},{"name":"Venusaur","species":"Venusaur","item":"venusaurite","ability":"Chlorophyll","moves":["sludgebomb","gigadrain","earthquake","leechseed"],"nature":"Mild","evs":{"hp":0,"atk":4,"def":0,"spa":252,"spd":0,"spe":252},"ivs":{"hp":31,"atk":31,"def":31,"spa":31,"spd":31,"spe":31}},{"name":"Scolipede","species":"Scolipede","item":"lifeorb","ability":"Speed Boost","moves":["megahorn","earthquake","poisonjab","protect"],"nature":"Adamant","evs":{"hp":0,"atk":252,"def":0,"spa":0,"spd":4,"spe":252},"shiny":true,"ivs":{"hp":31,"atk":31,"def":31,"spa":31,"spd":31,"spe":31}},{"name":"Weezing","species":"Weezing","item":"blacksludge","ability":"Levitate","moves":["flamethrower","sludgebomb","painsplit","darkpulse"],"nature":"Modest","evs":{"hp":252,"atk":0,"def":0,"spa":252,"spd":4,"spe":0},"shiny":true,"ivs":{"hp":31,"atk":31,"def":31,"spa":31,"spd":31,"spe":31}}],"p2team":[{"name":"Skarmory","species":"Skarmory","item":"rockyhelmet","ability":"Sturdy","moves":["roost","stealthrock","defog","whirlwind"],"nature":"Bold","evs":{"hp":248,"atk":0,"def":252,"spa":0,"spd":0,"spe":8},"ivs":{"hp":31,"atk":0,"def":31,"spa":31,"spd":31,"spe":31}},{"name":"Charizard","species":"Charizard","item":"charizarditex","ability":"Blaze","moves":["flareblitz","dragonclaw","dragondance","earthquake"],"nature":"Adamant","evs":{"hp":0,"atk":252,"def":0,"spa":0,"spd":4,"spe":252},"ivs":{"hp":31,"atk":31,"def":31,"spa":31,"spd":31,"spe":31}},{"name":"Hawlucha","species":"Hawlucha","item":"sitrusberry","ability":"Unburden","moves":["swordsdance","highjumpkick","substitute","acrobatics"],"nature":"Adamant","evs":{"hp":0,"atk":252,"def":4,"spa":0,"spd":0,"spe":252},"ivs":{"hp":31,"atk":31,"def":31,"spa":31,"spd":31,"spe":31}},{"name":"Dragonite","species":"Dragonite","item":"weaknesspolicy","ability":"Multiscale","moves":["dragondance","extremespeed","firepunch","dragonclaw"],"nature":"Adamant","evs":{"hp":0,"atk":252,"def":4,"spa":0,"spd":0,"spe":252},"ivs":{"hp":31,"atk":31,"def":31,"spa":31,"spd":31,"spe":31}},{"name":"Landorus","species":"Landorus","item":"lifeorb","ability":"Sheer Force","moves":["sludgebomb","hiddenpowerice","earthpower","psychic"],"nature":"Timid","evs":{"hp":0,"atk":0,"def":4,"spa":252,"spd":0,"spe":252},"ivs":{"hp":31,"atk":0,"def":30,"spa":31,"spd":31,"spe":31}},{"name":"Mandibuzz","species":"Mandibuzz","item":"leftovers","ability":"Overcoat","moves":["bravebird","foulplay","roost","knockoff"],"nature":"Careful","evs":{"hp":248,"atk":0,"def":4,"spa":0,"spd":252,"spe":4},"ivs":{"hp":31,"atk":31,"def":31,"spa":31,"spd":31,"spe":31}}],"log":["|player|p1|MasterrSage.|154","|player|p2|MachoSalad|224","|gametype|singles","|gen|6","|tier|Monotype","|rated","|rule|Baton Pass Clause: Limit one Baton Passer, can't pass Spe and other stats simultaneously","|rule|Swagger Clause: Swagger is banned","|rule|Same Type Clause: Pokémon in a team must share a type","|clearpoke","|poke|p1|Drapion, F","|poke|p1|Gengar, F, shiny","|poke|p1|Dragalge, M, shiny","|poke|p1|Venusaur, F","|poke|p1|Scolipede, F, shiny","|poke|p1|Weezing, M, shiny","|poke|p2|Skarmory, M","|poke|p2|Charizard, F","|poke|p2|Hawlucha, F","|poke|p2|Dragonite, M","|poke|p2|Landorus, M","|poke|p2|Mandibuzz, F","|rule|Sleep Clause Mod: Limit one foe put to sleep","|rule|Species Clause: Limit one of each Pokémon","|rule|OHKO Clause: OHKO moves are banned","|rule|Moody Clause: Moody is banned","|rule|Evasion Moves Clause: Evasion moves are banned","|rule|Endless Battle Clause: Forcing endless battles is banned","|rule|HP Percentage Mod: HP is shown in percentages","|teampreview","|","|start","|switch|p1a: Dragalge|Dragalge, M, shiny|333/333","|switch|p2a: Landorus|Landorus, M|319/319","|turn|1","|","|switch|p2a: Mandibuzz|Mandibuzz, F|423/423","|move|p1a: Dragalge|Scald|p2a: Mandibuzz","|-damage|p2a: Mandibuzz|376/423","|","|-heal|p2a: Mandibuzz|402/423|[from] item: Leftovers","|turn|2","|","|move|p2a: Mandibuzz|Knock Off|p1a: Dragalge","|-damage|p1a: Dragalge|251/333","|-enditem|p1a: Dragalge|Black Sludge|[from] move: Knock Off|[of] p2a: Mandibuzz","|move|p1a: Dragalge|Sludge Wave|p2a: Mandibuzz","|-damage|p2a: Mandibuzz|286/423","|","|-heal|p2a: Mandibuzz|312/423|[from] item: Leftovers","|turn|3","|","|move|p2a: Mandibuzz|Brave Bird|p1a: Dragalge","|-damage|p1a: Dragalge|145/333","|-damage|p2a: Mandibuzz|277/423|[from] recoil|[of] p1a: Dragalge","|move|p1a: Dragalge|Scald|p2a: Mandibuzz","|-crit|p2a: Mandibuzz","|-damage|p2a: Mandibuzz|204/423","|","|-heal|p2a: Mandibuzz|230/423|[from] item: Leftovers","|turn|4","|","|switch|p1a: Weezing|Weezing, M, shiny|334/334","|move|p2a: Mandibuzz|Roost|p2a: Mandibuzz","|-heal|p2a: Mandibuzz|423/423","|","|turn|5","|","|switch|p2a: Skarmory|Skarmory, M|333/333","|move|p1a: Weezing|Sludge Bomb|p2a: Skarmory","|-immune|p2a: Skarmory|[msg]","|","|turn|6","|","|switch|p2a: Charizard|Charizard, F|297/297","|move|p1a: Weezing|Flamethrower|p2a: Charizard","|-resisted|p2a: Charizard","|-damage|p2a: Charizard|249/297","|","|turn|7","|","|detailschange|p2a: Charizard|Charizard-Mega-X, F","|-mega|p2a: Charizard|Charizard|Charizardite X","|move|p2a: Charizard|Flare Blitz|p1a: Weezing","|-damage|p1a: Weezing|69/334","|-status|p1a: Weezing|brn","|-damage|p2a: Charizard|162/297|[from] recoil|[of] p1a: Weezing","|move|p1a: Weezing|Pain Split|p2a: Charizard","|-sethp|p2a: Charizard|115/297|p1a: Weezing|115/334 brn|[from] move: Pain Split","|","|-heal|p1a: Weezing|135/334 brn|[from] item: Black Sludge","|-damage|p1a: Weezing|94/334 brn|[from] brn","|turn|8","|","|move|p2a: Charizard|Dragon Claw|p1a: Weezing","|-damage|p1a: Weezing|0 fnt","|faint|p1a: Weezing","|","|","|switch|p1a: Gengar|Gengar, F, shiny|263/263","|turn|9","|","|switch|p2a: Mandibuzz|Mandibuzz, F|423/423","|move|p1a: Gengar|Sludge Wave|p2a: Mandibuzz","|-damage|p2a: Mandibuzz|294/423","|","|-heal|p2a: Mandibuzz|320/423|[from] item: Leftovers","|turn|10","|","|move|p1a: Gengar|Confuse Ray|p2a: Mandibuzz","|-start|p2a: Mandibuzz|confusion","|-activate|p2a: Mandibuzz|confusion","|-damage|p2a: Mandibuzz|297/423|[from] confusion","|","|-heal|p2a: Mandibuzz|323/423|[from] item: Leftovers","|turn|11","|","|move|p1a: Gengar|Will-O-Wisp|p2a: Mandibuzz","|-status|p2a: Mandibuzz|brn","|-activate|p2a: Mandibuzz|confusion","|-damage|p2a: Mandibuzz|312/423 brn|[from] confusion","|","|-heal|p2a: Mandibuzz|338/423 brn|[from] item: Leftovers","|-damage|p2a: Mandibuzz|286/423 brn|[from] brn","|turn|12","|","|move|p1a: Gengar|Hex|p2a: Mandibuzz","|-resisted|p2a: Mandibuzz","|-damage|p2a: Mandibuzz|193/423 brn","|-activate|p2a: Mandibuzz|confusion","|move|p2a: Mandibuzz|Knock Off|p1a: Gengar","|-supereffective|p1a: Gengar","|-damage|p1a: Gengar|149/263","|-enditem|p1a: Gengar|Black Sludge|[from] move: Knock Off|[of] p2a: Mandibuzz","|","|-heal|p2a: Mandibuzz|219/423 brn|[from] item: Leftovers","|-damage|p2a: Mandibuzz|167/423 brn|[from] brn","|turn|13","|","|move|p1a: Gengar|Sludge Wave|p2a: Mandibuzz","|-damage|p2a: Mandibuzz|46/423 brn","|-activate|p2a: Mandibuzz|confusion","|move|p2a: Mandibuzz|Roost|p2a: Mandibuzz","|-heal|p2a: Mandibuzz|258/423 brn","|","|-heal|p2a: Mandibuzz|284/423 brn|[from] item: Leftovers","|-damage|p2a: Mandibuzz|232/423 brn|[from] brn","|turn|14","|","|switch|p1a: Drapion|Drapion, F|343/343","|-end|p2a: Mandibuzz|confusion","|move|p2a: Mandibuzz|Roost|p2a: Mandibuzz","|-heal|p2a: Mandibuzz|423/423 brn","|","|-damage|p2a: Mandibuzz|371/423 brn|[from] brn","|turn|15","|","|switch|p2a: Skarmory|Skarmory, M|333/333","|move|p1a: Drapion|Swords Dance|p1a: Drapion","|-boost|p1a: Drapion|atk|2","|","|turn|16","|","|move|p1a: Drapion|Night Slash|p2a: Skarmory","|-damage|p2a: Skarmory|219/333","|-damage|p1a: Drapion|286/343|[from] item: Rocky Helmet|[of] p2a: Skarmory","|move|p2a: Skarmory|Stealth Rock|p1a: Drapion","|-sidestart|p1: MasterrSage.|move: Stealth Rock","|","|turn|17","|","|move|p1a: Drapion|Swords Dance|p1a: Drapion","|-boost|p1a: Drapion|atk|2","|move|p2a: Skarmory|Roost|p2a: Skarmory","|-heal|p2a: Skarmory|333/333","|","|turn|18","|","|move|p1a: Drapion|Swords Dance|p1a: Drapion","|-boost|p1a: Drapion|atk|2","|move|p2a: Skarmory|Whirlwind|p1a: Drapion","|drag|p1a: Venusaur|Venusaur, F|301/301","|-damage|p1a: Venusaur|264/301|[from] Stealth Rock","|","|turn|19","|","|detailschange|p1a: Venusaur|Venusaur-Mega, F","|-mega|p1a: Venusaur|Venusaur|Venusaurite","|move|p1a: Venusaur|Leech Seed|p2a: Skarmory","|-start|p2a: Skarmory|move: Leech Seed","|move|p2a: Skarmory|Whirlwind|p1a: Venusaur","|drag|p1a: Scolipede|Scolipede, F, shiny|261/261","|-damage|p1a: Scolipede|196/261|[from] Stealth Rock","|","|-damage|p2a: Skarmory|292/333|[from] Leech Seed|[of] p1a: Scolipede","|-heal|p1a: Scolipede|237/261|[silent]","|turn|20","|","|switch|p2a: Charizard|Charizard-Mega-X, F|115/297","|move|p1a: Scolipede|Protect|p1a: Scolipede","|-fail|p1a: Scolipede","|","|-boost|p1a: Scolipede|spe|1|[from] ability: Speed Boost","|turn|21","|","|move|p1a: Scolipede|Protect|p1a: Scolipede","|-singleturn|p1a: Scolipede|Protect","|move|p2a: Charizard|Flare Blitz|p1a: Scolipede","|-activate|p1a: Scolipede|Protect","|","|-boost|p1a: Scolipede|spe|1|[from] ability: Speed Boost","|turn|22","|","|move|p1a: Scolipede|Earthquake|p2a: Charizard","|-supereffective|p2a: Charizard","|-damage|p2a: Charizard|0 fnt","|-damage|p1a: Scolipede|211/261|[from] item: Life Orb","|faint|p2a: Charizard","|","|-boost|p1a: Scolipede|spe|1|[from] ability: Speed Boost","|","|switch|p2a: Dragonite|Dragonite, M|323/323","|turn|23","|","|move|p1a: Scolipede|Poison Jab|p2a: Dragonite","|-damage|p2a: Dragonite|229/323","|-status|p2a: Dragonite|psn","|-damage|p1a: Scolipede|185/261|[from] item: Life Orb","|move|p2a: Dragonite|Dragon Dance|p2a: Dragonite","|-boost|p2a: Dragonite|atk|1","|-boost|p2a: Dragonite|spe|1","|","|-damage|p2a: Dragonite|189/323 psn|[from] psn","|-boost|p1a: Scolipede|spe|1|[from] ability: Speed Boost","|turn|24","|","|move|p1a: Scolipede|Protect|p1a: Scolipede","|-singleturn|p1a: Scolipede|Protect","|move|p2a: Dragonite|Extreme Speed|p1a: Scolipede","|-activate|p1a: Scolipede|Protect","|","|-damage|p2a: Dragonite|149/323 psn|[from] psn","|-boost|p1a: Scolipede|spe|1|[from] ability: Speed Boost","|turn|25","|","|switch|p1a: Gengar|Gengar, F, shiny|149/263","|-damage|p1a: Gengar|117/263|[from] Stealth Rock","|move|p2a: Dragonite|Extreme Speed|p1a: Gengar","|-immune|p1a: Gengar|[msg]","|","|-damage|p2a: Dragonite|109/323 psn|[from] psn","|turn|26","|","|move|p2a: Dragonite|Dragon Claw|p1a: Gengar","|-damage|p1a: Gengar|0 fnt","|faint|p1a: Gengar","|","|-damage|p2a: Dragonite|69/323 psn|[from] psn","|","|switch|p1a: Scolipede|Scolipede, F, shiny|185/261","|-damage|p1a: Scolipede|120/261|[from] Stealth Rock","|turn|27","|","|move|p1a: Scolipede|Protect|p1a: Scolipede","|-singleturn|p1a: Scolipede|Protect","|move|p2a: Dragonite|Dragon Dance|p2a: Dragonite","|-boost|p2a: Dragonite|atk|1","|-boost|p2a: Dragonite|spe|1","|","|-damage|p2a: Dragonite|29/323 psn|[from] psn","|-boost|p1a: Scolipede|spe|1|[from] ability: Speed Boost","|turn|28","|","|switch|p1a: Dragalge|Dragalge, M, shiny|145/333","|-damage|p1a: Dragalge|104/333|[from] Stealth Rock","|move|p2a: Dragonite|Extreme Speed|p1a: Dragalge","|-damage|p1a: Dragalge|0 fnt","|faint|p1a: Dragalge","|","|-damage|p2a: Dragonite|0 fnt|[from] psn","|faint|p2a: Dragonite","|","|switch|p2a: Landorus|Landorus, M|319/319","|switch|p1a: Venusaur|Venusaur-Mega, F|264/301","|-damage|p1a: Venusaur|227/301|[from] Stealth Rock","|turn|29","|","|move|p2a: Landorus|Psychic|p1a: Venusaur","|-supereffective|p1a: Venusaur","|-damage|p1a: Venusaur|0 fnt","|faint|p1a: Venusaur","|","|","|switch|p1a: Drapion|Drapion, F|286/343","|-damage|p1a: Drapion|244/343|[from] Stealth Rock","|turn|30","|","|move|p2a: Landorus|Earth Power|p1a: Drapion","|-supereffective|p1a: Drapion","|-damage|p1a: Drapion|0 fnt","|faint|p1a: Drapion","|","|","|switch|p1a: Scolipede|Scolipede, F, shiny|120/261","|-damage|p1a: Scolipede|55/261|[from] Stealth Rock","|turn|31","|","|move|p1a: Scolipede|Protect|p1a: Scolipede","|-singleturn|p1a: Scolipede|Protect","|move|p2a: Landorus|Earth Power|p1a: Scolipede","|-activate|p1a: Scolipede|Protect","|","|-boost|p1a: Scolipede|spe|1|[from] ability: Speed Boost","|turn|32","|","|move|p1a: Scolipede|Megahorn|p2a: Landorus","|-resisted|p2a: Landorus","|-damage|p2a: Landorus|173/319","|-damage|p1a: Scolipede|29/261|[from] item: Life Orb","|move|p2a: Landorus|Earth Power|p1a: Scolipede","|-damage|p1a: Scolipede|0 fnt","|faint|p1a: Scolipede","|","|win|MachoSalad"],"p1rating":{"entryid":"6976480","serverid":"eos","formatid":"monotype","userid":"masterrsage","username":"MasterrSage.","w":"34","l":29,"t":"0","gxe":51.5,"r":"1522.070079317","rd":"45.560351348872","sigma":"0","rptime":"1438160400","rpr":1511.5760132135,"rprd":44.87322836353,"rpsigma":"0","acre":1056.8976576834,"lacre":1056.8976576834,"oldacre":"1077.0875486307"},"p2rating":{"entryid":"7206348","serverid":"eos","formatid":"monotype","userid":"machosalad","username":"MachoSalad","w":24,"l":"15","t":"0","gxe":59.9,"r":"1576.6964130643","rd":"59.402447105915","sigma":"0","rptime":"1438160400","rpr":1576.3802750647,"rprd":54.616367923726,"rpsigma":"0","acre":1122.7579417302,"lacre":1122.7579417302,"oldacre":"1099.2438612857"},"endType":"normal"}