{"seed":[59994,64112,13767,55099],"turns":27,"p1":"Odd Cytoplasm - ⓠⓠ","p2":"alliance-c-control","p1team":[{"name":"Jirachi","species":"Jirachi","item":"choicescarf","ability":"Serene Grace","moves":["ironhead","icepunch","zenheadbutt","firepunch"],"nature":"Jolly","evs":{"hp":0,"atk":252,"def":0,"spa":0,"spd":4,"spe":252},"ivs":{"hp":31,"atk":31,"def":31,"spa":31,"spd":31,"spe":31}},{"name":"Excadrill","species":"Excadrill","item":"choicescarf","ability":"Mold Breaker","moves":["earthquake","ironhead","rockslide","xscissor"],"nature":"Jolly","evs":{"hp":0,"atk":252,"def":0,"spa":0,"spd":4,"spe":252},"ivs":{"hp":31,"atk":31,"def":31,"spa":31,"spd":31,"spe":31}},{"name":"Ferrothorn","species":"Ferrothorn","item":"leftovers","ability":"Iron Barbs","moves":["leechseed","powerwhip","gyroball","protect"],"nature":"Relaxed","evs":{"hp":252,"atk":4,"def":252,"spa":0,"spd":0,"spe":0},"ivs":{"hp":31,"atk":31,"def":31,"spa":31,"spd":31,"spe":0}},{"name":"Heatran","species":"Heatran","item":"airballoon","ability":"Flash Fire","moves":["earthpower","flashcannon","flamethrower","hiddenpowergrass"],"nature":"Modest","evs":{"hp":248,"atk":0,"def":0,"spa":252,"spd":8,"spe":0},"ivs":{"hp":31,"atk":30,"def":31,"spa":30,"spd":31,"spe":31}},{"name":"Magnezone","species":"Magnezone","item":"choicescarf","ability":"Sturdy","moves":["flashcannon","thunderbolt","hiddenpowerice","signalbeam"],"nature":"Timid","evs":{"hp":0,"atk":0,"def":0,"spa":252,"spd":4,"spe":252},"ivs":{"hp":31,"atk":30,"def":30,"spa":31,"spd":31,"spe":31}},{"name":"Scizor","species":"Scizor","item":"scizorite","ability":"Technician","moves":["bugbite","bulletpunch","swordsdance","knockoff"],"nature":"Adamant","evs":{"hp":248,"atk":252,"def":0,"spa":0,"spd":8,"spe":0},"ivs":{"hp":31,"atk":31,"def":31,"spa":31,"spd":31,"spe":31}}],"p2team":[{"name":"Jolteon","species":"Jolteon","item":"airballoon","ability":"Volt Absorb","moves":["batonpass","substitute","wish","hiddenpowerice"],"nature":"Timid","evs":{"hp":0,"atk":0,"def":0,"spa":252,"spd":4,"spe":252},"ivs":{"hp":31,"atk":30,"def":30,"spa":31,"spd":31,"spe":31}},{"name":"Pachirisu","species":"Pachirisu","item":"airballoon","ability":"Pickup","moves":["grassknot","substitute","attract","thunderbolt"],"nature":"Timid","evs":{"hp":0,"atk":0,"def":0,"spa":252,"spd":4,"spe":252},"ivs":{"hp":31,"atk":31,"def":31,"spa":31,"spd":31,"spe":31}},{"name":"Rotom-Wash","species":"Rotom-Wash","item":"rockyhelmet","ability":"Levitate","moves":["painsplit","voltswitch","hydropump","willowisp"],"nature":"Bold","evs":{"hp":248,"atk":0,"def":200,"spa":60,"spd":0,"spe":0},"ivs":{"hp":31,"atk":31,"def":31,"spa":31,"spd":31,"spe":31}},{"name":"Electivire","species":"Electivire","item":"custapberry","ability":"Vital Spirit","moves":["icepunch","thunderpunch","earthquake","firepunch"],"nature":"Adamant","evs":{"hp":248,"atk":252,"def":0,"spa":0,"spd":8,"spe":0},"ivs":{"hp":31,"atk":31,"def":31,"spa":31,"spd":31,"spe":31}},{"name":"Zapdos","species":"Zapdos","item":"leftovers","ability":"Pressure","moves":["defog","voltswitch","heatwave","roost"],"nature":"Modest","evs":{"hp":252,"atk":0,"def":0,"spa":252,"spd":4,"spe":0},"ivs":{"hp":31,"atk":31,"def":31,"spa":31,"spd":31,"spe":31}},{"name":"Ampharos","species":"Ampharos","item":"ampharosite","ability":"Static","moves":["dragonpulse","focusblast","powergem","thunderbolt"],"nature":"Modest","evs":{"hp":252,"atk":0,"def":100,"spa":56,"spd":100,"spe":0},"ivs":{"hp":31,"atk":31,"def":31,"spa":31,"spd":31,"spe":31}}],"log":["|player|p1|Odd Cytoplasm - ⓠⓠ|102","|player|p2|alliance-c-control|190","|gametype|singles","|gen|6","|tier|Monotype","|rated","|rule|Baton Pass Clause: Limit one Baton Passer, can't pass Spe and other stats simultaneously","|rule|Swagger Clause: Swagger is banned","|rule|Same Type Clause: Pokémon in a team must share a type","|clearpoke","|poke|p1|Jirachi","|poke|p1|Excadrill, F","|poke|p1|Ferrothorn, M","|poke|p1|Heatran, F","|poke|p1|Magnezone","|poke|p1|Scizor, M","|poke|p2|Jolteon, F","|poke|p2|Pachirisu, F","|poke|p2|Rotom-Wash","|poke|p2|Electivire, M","|poke|p2|Zapdos","|poke|p2|Ampharos, F","|rule|Sleep Clause Mod: Limit one foe put to sleep","|rule|Species Clause: Limit one of each Pokémon","|rule|OHKO Clause: OHKO moves are banned","|rule|Moody Clause: Moody is banned","|rule|Evasion Moves Clause: Evasion moves are banned","|rule|Endless Battle Clause: Forcing endless battles is banned","|rule|HP Percentage Mod: HP is shown in percentages","|teampreview","|","|start","|switch|p1a: Magnezone|Magnezone|281/281","|switch|p2a: Zapdos|Zapdos|384/384","|-ability|p2a: Zapdos|Pressure","|turn|1","|","|switch|p2a: Rotom-Wash|Rotom-Wash|303/303","|move|p1a: Magnezone|Hidden Power|p2a: Rotom-Wash","|-resisted|p2a: Rotom-Wash","|-damage|p2a: Rotom-Wash|271/303","|","|turn|2","|","|switch|p1a: Ferrothorn|Ferrothorn, M|352/352","|move|p2a: Rotom-Wash|Volt Switch|p1a: Ferrothorn","|-resisted|p1a: Ferrothorn","|-damage|p1a: Ferrothorn|313/352","|","|switch|p2a: Ampharos|Ampharos, F|384/384","|","|-heal|p1a: Ferrothorn|335/352|[from] item: Leftovers","|turn|3","|","|detailschange|p2a: Ampharos|Ampharos-Mega, F","|-mega|p2a: Ampharos|Ampharos|Ampharosite","|-ability|p2a: Ampharos|Mold Breaker","|move|p2a: Ampharos|Focus Blast|p1a: Ferrothorn","|-crit|p1a: Ferrothorn","|-supereffective|p1a: Ferrothorn","|-damage|p1a: Ferrothorn|0 fnt","|faint|p1a: Ferrothorn","|","|","|switch|p1a: Excadrill|Excadrill, F|361/361","|-ability|p1a: Excadrill|Mold Breaker","|turn|4","|","|switch|p2a: Pachirisu|Pachirisu, F|261/261","|-item|p2a: Pachirisu|Air Balloon","|move|p1a: Excadrill|Rock Slide|p2a: Pachirisu","|-damage|p2a: Pachirisu|129/261","|-enditem|p2a: Pachirisu|Air Balloon","|","|turn|5","|","|move|p1a: Excadrill|Rock Slide|p2a: Pachirisu","|-damage|p2a: Pachirisu|2/261","|move|p2a: Pachirisu|Attract|p1a: Excadrill","|-fail|p1a: Excadrill","|","|turn|6","|","|move|p1a: Excadrill|Rock Slide|p2a: Pachirisu","|-miss|p1a: Excadrill|p2a: Pachirisu","|move|p2a: Pachirisu|Grass Knot|p1a: Excadrill","|-damage|p1a: Excadrill|304/361","|","|turn|7","|","|move|p1a: Excadrill|Rock Slide|p2a: Pachirisu","|-crit|p2a: Pachirisu","|-damage|p2a: Pachirisu|0 fnt","|faint|p2a: Pachirisu","|","|","|switch|p2a: Electivire|Electivire, M|353/353","|turn|8","|","|switch|p1a: Heatran|Heatran, F|385/385","|-item|p1a: Heatran|Air Balloon","|move|p2a: Electivire|Ice Punch|p1a: Heatran","|-resisted|p1a: Heatran","|-damage|p1a: Heatran|361/385","|-enditem|p1a: Heatran|Air Balloon","|","|turn|9","|","|switch|p2a: Jolteon|Jolteon, F|271/271","|-item|p2a: Jolteon|Air Balloon","|move|p1a: Heatran|Earth Power|p2a: Jolteon","|-immune|p2a: Jolteon|[msg]","|","|turn|10","|","|move|p2a: Jolteon|Substitute|p2a: Jolteon","|-start|p2a: Jolteon|Substitute","|-damage|p2a: Jolteon|204/271","|move|p1a: Heatran|Flamethrower|p2a: Jolteon","|-end|p2a: Jolteon|Substitute","|-enditem|p2a: Jolteon|Air Balloon","|","|turn|11","|","|move|p2a: Jolteon|Baton Pass|p2a: Jolteon","|","|switch|p2a: Rotom-Wash|Rotom-Wash|271/303","|move|p1a: Heatran|Hidden Power|p2a: Rotom-Wash","|-supereffective|p2a: Rotom-Wash","|-damage|p2a: Rotom-Wash|109/303","|","|turn|12","|","|move|p2a: Rotom-Wash|Hydro Pump|p1a: Heatran|[miss]","|-miss|p2a: Rotom-Wash|p1a: Heatran","|move|p1a: Heatran|Hidden Power|p2a: Rotom-Wash","|-supereffective|p2a: Rotom-Wash","|-damage|p2a: Rotom-Wash|0 fnt","|faint|p2a: Rotom-Wash","|","|","|switch|p2a: Ampharos|Ampharos-Mega, F|384/384","|-ability|p2a: Ampharos|Mold Breaker","|turn|13","|","|move|p1a: Heatran|Earth Power|p2a: Ampharos","|-supereffective|p2a: Ampharos","|-damage|p2a: Ampharos|184/384","|move|p2a: Ampharos|Focus Blast|p1a: Heatran","|-supereffective|p1a: Heatran","|-damage|p1a: Heatran|35/385","|","|turn|14","|","|switch|p2a: Jolteon|Jolteon, F|204/271","|move|p1a: Heatran|Earth Power|p2a: Jolteon","|-supereffective|p2a: Jolteon","|-damage|p2a: Jolteon|0 fnt","|faint|p2a: Jolteon","|","|","|switch|p2a: Zapdos|Zapdos|384/384","|-ability|p2a: Zapdos|Pressure","|turn|15","|","|move|p2a: Zapdos|Volt Switch|p1a: Heatran","|-damage|p1a: Heatran|0 fnt","|faint|p1a: Heatran","|","|switch|p2a: Electivire|Electivire, M|353/353","|","|","|switch|p1a: Scizor|Scizor, M|343/343","|turn|16","|","|detailschange|p1a: Scizor|Scizor-Mega, M","|-mega|p1a: Scizor|Scizor|Scizorite","|move|p2a: Electivire|Fire Punch|p1a: Scizor","|-supereffective|p1a: Scizor","|-damage|p1a: Scizor|79/343","|move|p1a: Scizor|Swords Dance|p1a: Scizor","|-boost|p1a: Scizor|atk|2","|","|turn|17","|","|move|p2a: Electivire|Fire Punch|p1a: Scizor","|-supereffective|p1a: Scizor","|-damage|p1a: Scizor|0 fnt","|faint|p1a: Scizor","|","|","|switch|p1a: Excadrill|Excadrill, F|304/361","|-ability|p1a: Excadrill|Mold Breaker","|turn|18","|","|switch|p2a: Zapdos|Zapdos|384/384","|-ability|p2a: Zapdos|Pressure","|move|p1a: Excadrill|Earthquake|p2a: Zapdos","|-immune|p2a: Zapdos|[msg]","|","|turn|19","|","|switch|p1a: Magnezone|Magnezone|281/281","|move|p2a: Zapdos|Heat Wave|p1a: Magnezone","|-supereffective|p1a: Magnezone","|-damage|p1a: Magnezone|29/281","|","|turn|20","|","|move|p1a: Magnezone|Hidden Power|p2a: Zapdos","|-supereffective|p2a: Zapdos","|-damage|p2a: Zapdos|240/384","|move|p2a: Zapdos|Heat Wave|p1a: Magnezone","|-supereffective|p1a: Magnezone","|-damage|p1a: Magnezone|0 fnt","|faint|p1a: Magnezone","|","|-heal|p2a: Zapdos|264/384|[from] item: Leftovers","|","|switch|p1a: Jirachi|Jirachi|341/341","|turn|21","|","|move|p1a: Jirachi|Ice Punch|p2a: Zapdos","|-supereffective|p2a: Zapdos","|-damage|p2a: Zapdos|92/384","|move|p2a: Zapdos|Heat Wave|p1a: Jirachi","|-miss|p2a: Zapdos|p1a: Jirachi","|","|-heal|p2a: Zapdos|116/384|[from] item: Leftovers","|turn|22","|","|switch|p2a: Ampharos|Ampharos-Mega, F|184/384","|-ability|p2a: Ampharos|Mold Breaker","|move|p1a: Jirachi|Ice Punch|p2a: Ampharos","|-supereffective|p2a: Ampharos","|-damage|p2a: Ampharos|60/384","|","|turn|23","|","|move|p1a: Jirachi|Ice Punch|p2a: Ampharos","|-supereffective|p2a: Ampharos","|-damage|p2a: Ampharos|0 fnt","|faint|p2a: Ampharos","|","|","|switch|p2a: Electivire|Electivire, M|353/353","|turn|24","|","|move|p1a: Jirachi|Ice Punch|p2a: Electivire","|-damage|p2a: Electivire|244/353","|move|p2a: Electivire|Earthquake|p1a: Jirachi","|-supereffective|p1a: Jirachi","|-damage|p1a: Jirachi|75/341","|","|turn|25","|","|move|p1a: Jirachi|Ice Punch|p2a: Electivire","|-damage|p2a: Electivire|149/353","|move|p2a: Electivire|Earthquake|p1a: Jirachi","|-supereffective|p1a: Jirachi","|-damage|p1a: Jirachi|0 fnt","|faint|p1a: Jirachi","|","|","|switch|p1a: Excadrill|Excadrill, F|304/361","|-ability|p1a: Excadrill|Mold Breaker","|turn|26","|","|move|p1a: Excadrill|Rock Slide|p2a: Electivire","|-damage|p2a: Electivire|17/353","|cant|p2a: Electivire|flinch","|","|turn|27","|-enditem|p2a: Electivire|Custap Berry|[eat]","|-activate|p2a: Electivire|Custap Berry","|","|move|p2a: Electivire|Earthquake|p1a: Excadrill","|-supereffective|p1a: Excadrill","|-damage|p1a: Excadrill|0 fnt","|faint|p1a: Excadrill","|","|win|alliance-c-control"],"p1rating":{"entryid":"7187668","serverid":"eos","formatid":"monotype","userid":"oddcytoplasm","username":"Odd Cytoplasm","w":"14","l":7,"t":"0","gxe":62,"r":"1584.4471905191","rd":"77.125402597634","sigma":"0","rptime":"1438074000","rpr":1593.4743057427,"rprd":68.835405180477,"rpsigma":"0","acre":1189.8445616991,"lacre":1189.8445616991,"oldacre":"1226.3083505206"},"p2rating":{"entryid":"6440455","serverid":"eos","formatid":"monotype","userid":"allianceccontrol","username":"Alliance-C-Control","w":206,"l":"274","t":"0","gxe":41.6,"r":"1433.1371054459","rd":"25","sigma":"0","rptime":"1438074000","rpr":1435.7061483237,"rprd":25,"rpsigma":"0","acre":1100.6547282286,"lacre":1100.6547282286,"oldacre":"1054.1624819339"},"endType":"normal"}