{"seed":[52108,14750,57247,58447],"turns":22,"p1":"Cryѕtal Cash","p2":"Emg UnownMaN","p1team":[{"name":"Fairy Beast","species":"diancie","item":"diancite","ability":"Clear Body","moves":["diamondstorm","earthpower","protect","moonblast"],"nature":"Naive","evs":{"hp":4,"atk":0,"def":0,"spa":252,"spd":0,"spe":252},"ivs":{"hp":31,"atk":30,"def":31,"spa":30,"spd":31,"spe":30},"shiny":true},{"name":"Azumarill","species":"Azumarill","item":"sitrusberry","ability":"Huge Power","moves":["bellydrum","aquajet","playrough","knockoff"],"nature":"Adamant","evs":{"hp":252,"atk":252,"def":0,"spa":0,"spd":4,"spe":0},"ivs":{"hp":31,"atk":31,"def":31,"spa":31,"spd":31,"spe":31}},{"name":"Sylveon","species":"Sylveon","item":"choicespecs","ability":"Pixilate","moves":["hypervoice","shadowball","hiddenpowerfire","psyshock"],"nature":"Modest","evs":{"hp":240,"atk":0,"def":0,"spa":252,"spd":0,"spe":16},"ivs":{"hp":31,"atk":30,"def":31,"spa":30,"spd":31,"spe":30}},{"name":"Klefki","species":"Klefki","item":"lightclay","ability":"Prankster","moves":["reflect","lightscreen","thunderwave","foulplay"],"nature":"Bold","evs":{"hp":248,"atk":0,"def":252,"spa":0,"spd":8,"spe":0},"ivs":{"hp":31,"atk":31,"def":31,"spa":31,"spd":31,"spe":31}},{"name":"Toge Kiss Deez Nut","species":"togekiss","item":"leftovers","ability":"Serene Grace","moves":["thunderwave","airslash","nastyplot","roost"],"nature":"Modest","evs":{"hp":0,"atk":0,"def":4,"spa":252,"spd":0,"spe":252},"ivs":{"hp":31,"atk":31,"def":31,"spa":31,"spd":31,"spe":31}},{"name":"TROLL","species":"whimsicott","item":"leftovers","ability":"Prankster","moves":["cottonguard","substitute","stunspore","leechseed"],"nature":"Bold","evs":{"hp":252,"atk":0,"def":126,"spa":0,"spd":126,"spe":4},"happiness":0,"ivs":{"hp":31,"atk":31,"def":31,"spa":31,"spd":31,"spe":31}}],"p2team":[{"name":"Altaria","species":"Altaria","item":"altarianite","ability":"Natural Cure","moves":["dragondance","doubleedge","roost","earthquake"],"nature":"Adamant","evs":{"hp":0,"atk":252,"def":4,"spa":0,"spd":0,"spe":252},"gender":"F","shiny":true,"ivs":{"hp":31,"atk":31,"def":31,"spa":31,"spd":31,"spe":31}},{"name":"Zygarde","species":"Zygarde","item":"leftovers","ability":"Aura Break","moves":["dragondance","outrage","earthquake","extremespeed"],"nature":"Adamant","evs":{"hp":0,"atk":252,"def":4,"spa":0,"spd":0,"spe":252},"ivs":{"hp":31,"atk":31,"def":31,"spa":31,"spd":31,"spe":31}},{"name":"Noivern","species":"Noivern","item":"choicespecs","ability":"Infiltrator","moves":["dracometeor","airslash","heatwave","boomburst"],"nature":"Timid","evs":{"hp":0,"atk":0,"def":4,"spa":252,"spd":0,"spe":252},"gender":"M","shiny":true,"ivs":{"hp":31,"atk":31,"def":31,"spa":31,"spd":31,"spe":31}},{"name":"Kingdra","species":"Kingdra","item":"scopelens","ability":"Sniper","moves":["waterfall","dragondance","outrage","focusenergy"],"nature":"Adamant","evs":{"hp":0,"atk":252,"def":4,"spa":0,"spd":0,"spe":252},"gender":"M","shiny":true,"ivs":{"hp":31,"atk":31,"def":31,"spa":31,"spd":31,"spe":31}},{"name":"Kyurem-Black","species":"Kyurem-Black","item":"choicescarf","ability":"Teravolt","moves":["outrage","fusionbolt","icebeam","earthpower"],"nature":"Naive","evs":{"hp":0,"atk":252,"def":0,"spa":4,"spd":0,"spe":252},"shiny":true,"ivs":{"hp":31,"atk":31,"def":31,"spa":31,"spd":31,"spe":31}},{"name":"Garchomp","species":"Garchomp","item":"focussash","ability":"Rough Skin","moves":["stealthrock","outrage","earthquake","roar"],"nature":"Jolly","evs":{"hp":0,"atk":252,"def":4,"spa":0,"spd":0,"spe":252},"gender":"M","shiny":true,"ivs":{"hp":31,"atk":31,"def":31,"spa":31,"spd":31,"spe":31}}],"log":["|player|p1|Cryѕtal Cash|158","|player|p2|Emg UnownMaN|168","|gametype|singles","|gen|6","|tier|Monotype","|rated","|rule|Baton Pass Clause: Limit one Baton Passer, can't pass Spe and other stats simultaneously","|rule|Swagger Clause: Swagger is banned","|rule|Same Type Clause: Pokémon in a team must share a type","|clearpoke","|poke|p1|Diancie, shiny","|poke|p1|Azumarill, F","|poke|p1|Sylveon, M","|poke|p1|Klefki, F","|poke|p1|Togekiss, M","|poke|p1|Whimsicott, M","|poke|p2|Altaria, F, shiny","|poke|p2|Zygarde","|poke|p2|Noivern, M, shiny","|poke|p2|Kingdra, M, shiny","|poke|p2|Kyurem-Black, shiny","|poke|p2|Garchomp, M, shiny","|rule|Sleep Clause Mod: Limit one foe put to sleep","|rule|Species Clause: Limit one of each Pokémon","|rule|OHKO Clause: OHKO moves are banned","|rule|Moody Clause: Moody is banned","|rule|Evasion Moves Clause: Evasion moves are banned","|rule|Endless Battle Clause: Forcing endless battles is banned","|rule|HP Percentage Mod: HP is shown in percentages","|teampreview","|","|start","|switch|p1a: Azumarill|Azumarill, F|404/404","|switch|p2a: Garchomp|Garchomp, M, shiny|357/357","|turn|1","|","|move|p2a: Garchomp|Stealth Rock|p1a: Azumarill","|-sidestart|p1: Cryѕtal Cash|move: Stealth Rock","|move|p1a: Azumarill|Belly Drum|p1a: Azumarill","|-damage|p1a: Azumarill|202/404","|-setboost|p1a: Azumarill|atk|6|[from] move: Belly Drum","|-enditem|p1a: Azumarill|Sitrus Berry|[eat]","|-heal|p1a: Azumarill|303/404|[from] item: Sitrus Berry","|","|turn|2","|","|move|p1a: Azumarill|Aqua Jet|p2a: Garchomp","|-enditem|p2a: Garchomp|Focus Sash","|-damage|p2a: Garchomp|1/357","|-damage|p1a: Azumarill|253/404|[from] ability: Rough Skin|[of] p2a: Garchomp","|move|p2a: Garchomp|Roar|p1a: Azumarill","|drag|p1a: Toge Kiss Deez Nut|Togekiss, M|311/311","|-damage|p1a: Toge Kiss Deez Nut|234/311|[from] Stealth Rock","|","|-heal|p1a: Toge Kiss Deez Nut|253/311|[from] item: Leftovers","|turn|3","|","|switch|p2a: Kyurem-Black|Kyurem-Black, shiny|391/391","|-ability|p2a: Kyurem-Black|Teravolt","|move|p1a: Toge Kiss Deez Nut|Air Slash|p2a: Kyurem-Black","|-damage|p2a: Kyurem-Black|235/391","|","|-heal|p1a: Toge Kiss Deez Nut|272/311|[from] item: Leftovers","|turn|4","|","|switch|p1a: TROLL|Whimsicott, M|324/324","|-damage|p1a: TROLL|284/324|[from] Stealth Rock","|move|p2a: Kyurem-Black|Ice Beam|p1a: TROLL","|-supereffective|p1a: TROLL","|-damage|p1a: TROLL|30/324","|","|-heal|p1a: TROLL|50/324|[from] item: Leftovers","|turn|5","|","|move|p1a: TROLL|Stun Spore|p2a: Kyurem-Black|[miss]","|-miss|p1a: TROLL|p2a: Kyurem-Black","|move|p2a: Kyurem-Black|Ice Beam|p1a: TROLL","|-crit|p1a: TROLL","|-supereffective|p1a: TROLL","|-damage|p1a: TROLL|0 fnt","|faint|p1a: TROLL","|","|","|switch|p1a: Sylveon|Sylveon, M|391/391","|-damage|p1a: Sylveon|343/391|[from] Stealth Rock","|turn|6","|","|switch|p2a: Garchomp|Garchomp, M, shiny|1/357","|move|p1a: Sylveon|Hyper Voice|p2a: Garchomp","|-supereffective|p2a: Garchomp","|-damage|p2a: Garchomp|0 fnt","|faint|p2a: Garchomp","|","|","|switch|p2a: Altaria|Altaria, F, shiny|291/291","|turn|7","|","|detailschange|p2a: Altaria|Altaria-Mega, F, shiny","|-mega|p2a: Altaria|Altaria|Altarianite","|move|p2a: Altaria|Double-Edge|p1a: Sylveon","|-damage|p1a: Sylveon|0 fnt","|-damage|p2a: Altaria|178/291|[from] recoil|[of] p1a: Sylveon","|faint|p1a: Sylveon","|","|","|switch|p1a: Fairy Beast|Diancie, shiny|242/242","|-damage|p1a: Fairy Beast|212/242|[from] Stealth Rock","|turn|8","|","|detailschange|p1a: Fairy Beast|Diancie-Mega, shiny","|-mega|p1a: Fairy Beast|Diancie|Diancite","|move|p2a: Altaria|Dragon Dance|p2a: Altaria","|-boost|p2a: Altaria|atk|1","|-boost|p2a: Altaria|spe|1","|move|p1a: Fairy Beast|Moonblast|p2a: Altaria","|-crit|p2a: Altaria","|-supereffective|p2a: Altaria","|-damage|p2a: Altaria|0 fnt","|faint|p2a: Altaria","|","|","|switch|p2a: Kyurem-Black|Kyurem-Black, shiny|235/391","|-ability|p2a: Kyurem-Black|Teravolt","|turn|9","|","|move|p2a: Kyurem-Black|Earth Power|p1a: Fairy Beast","|-supereffective|p1a: Fairy Beast","|-damage|p1a: Fairy Beast|28/242","|move|p1a: Fairy Beast|Moonblast|p2a: Kyurem-Black","|-supereffective|p2a: Kyurem-Black","|-damage|p2a: Kyurem-Black|0 fnt","|faint|p2a: Kyurem-Black","|","|","|switch|p2a: Zygarde|Zygarde|357/357","|-ability|p2a: Zygarde|Aura Break","|turn|10","|","|move|p2a: Zygarde|Extreme Speed|p1a: Fairy Beast","|-resisted|p1a: Fairy Beast","|-damage|p1a: Fairy Beast|0 fnt","|faint|p1a: Fairy Beast","|","|","|switch|p1a: Klefki|Klefki, F|317/317","|-damage|p1a: Klefki|298/317|[from] Stealth Rock","|turn|11","|","|move|p1a: Klefki|Reflect|p1a: Klefki","|-sidestart|p1: Cryѕtal Cash|Reflect","|move|p2a: Zygarde|Dragon Dance|p2a: Zygarde","|-boost|p2a: Zygarde|atk|1","|-boost|p2a: Zygarde|spe|1","|","|turn|12","|","|move|p1a: Klefki|Light Screen|p1a: Klefki","|-sidestart|p1: Cryѕtal Cash|move: Light Screen","|move|p2a: Zygarde|Dragon Dance|p2a: Zygarde","|-boost|p2a: Zygarde|atk|1","|-boost|p2a: Zygarde|spe|1","|","|turn|13","|","|move|p2a: Zygarde|Earthquake|p1a: Klefki","|-supereffective|p1a: Klefki","|-damage|p1a: Klefki|48/317","|move|p1a: Klefki|Foul Play|p2a: Zygarde","|-damage|p2a: Zygarde|193/357","|","|-heal|p2a: Zygarde|215/357|[from] item: Leftovers","|turn|14","|","|switch|p1a: Toge Kiss Deez Nut|Togekiss, M|272/311","|-damage|p1a: Toge Kiss Deez Nut|195/311|[from] Stealth Rock","|move|p2a: Zygarde|Earthquake|p1a: Toge Kiss Deez Nut","|-immune|p1a: Toge Kiss Deez Nut|[msg]","|","|-heal|p2a: Zygarde|237/357|[from] item: Leftovers","|-heal|p1a: Toge Kiss Deez Nut|214/311|[from] item: Leftovers","|turn|15","|","|move|p2a: Zygarde|Extreme Speed|p1a: Toge Kiss Deez Nut","|-damage|p1a: Toge Kiss Deez Nut|127/311","|move|p1a: Toge Kiss Deez Nut|Air Slash|p2a: Zygarde","|-damage|p2a: Zygarde|80/357","|","|-heal|p2a: Zygarde|102/357|[from] item: Leftovers","|-heal|p1a: Toge Kiss Deez Nut|146/311|[from] item: Leftovers","|turn|16","|","|move|p2a: Zygarde|Extreme Speed|p1a: Toge Kiss Deez Nut","|-damage|p1a: Toge Kiss Deez Nut|60/311","|move|p1a: Toge Kiss Deez Nut|Roost|p1a: Toge Kiss Deez Nut","|-heal|p1a: Toge Kiss Deez Nut|216/311","|","|-heal|p2a: Zygarde|124/357|[from] item: Leftovers","|-heal|p1a: Toge Kiss Deez Nut|235/311|[from] item: Leftovers","|turn|17","|","|move|p2a: Zygarde|Extreme Speed|p1a: Toge Kiss Deez Nut","|-damage|p1a: Toge Kiss Deez Nut|140/311","|move|p1a: Toge Kiss Deez Nut|Air Slash|p2a: Zygarde","|-damage|p2a: Zygarde|0 fnt","|faint|p2a: Zygarde","|","|-heal|p1a: Toge Kiss Deez Nut|159/311|[from] item: Leftovers","|","|switch|p2a: Kingdra|Kingdra, M, shiny|291/291","|turn|18","|","|move|p2a: Kingdra|Dragon Dance|p2a: Kingdra","|-boost|p2a: Kingdra|atk|1","|-boost|p2a: Kingdra|spe|1","|move|p1a: Toge Kiss Deez Nut|Thunder Wave|p2a: Kingdra","|-status|p2a: Kingdra|par","|","|-heal|p1a: Toge Kiss Deez Nut|178/311|[from] item: Leftovers","|-sideend|p1: Cryѕtal Cash|Reflect","|turn|19","|","|move|p1a: Toge Kiss Deez Nut|Air Slash|p2a: Kingdra","|-damage|p2a: Kingdra|144/291 par","|move|p2a: Kingdra|Waterfall|p1a: Toge Kiss Deez Nut","|-damage|p1a: Toge Kiss Deez Nut|0 fnt","|faint|p1a: Toge Kiss Deez Nut","|","|-sideend|p1: Cryѕtal Cash|move: Light Screen","|","|switch|p1a: Klefki|Klefki, F|48/317","|-damage|p1a: Klefki|29/317|[from] Stealth Rock","|turn|20","|","|move|p1a: Klefki|Reflect|p1a: Klefki","|-sidestart|p1: Cryѕtal Cash|Reflect","|move|p2a: Kingdra|Waterfall|p1a: Klefki","|-damage|p1a: Klefki|0 fnt","|faint|p1a: Klefki","|","|","|switch|p1a: Azumarill|Azumarill, F|253/404","|-damage|p1a: Azumarill|203/404|[from] Stealth Rock","|turn|21","|","|move|p1a: Azumarill|Play Rough|p2a: Kingdra","|-supereffective|p2a: Kingdra","|-damage|p2a: Kingdra|0 fnt","|faint|p2a: Kingdra","|","|","|switch|p2a: Noivern|Noivern, M, shiny|311/311","|turn|22","|","|move|p2a: Noivern|Boomburst|p1a: Azumarill","|-damage|p1a: Azumarill|0 fnt","|faint|p1a: Azumarill","|","|win|Emg UnownMaN"],"p1rating":{"entryid":"7232943","serverid":"eos","formatid":"monotype","userid":"crytalcash","username":"Cryѕtal Cash","w":"3","l":6,"t":"0","gxe":42.5,"r":"1510.2881071863","rd":"116.25859939504","sigma":"0","rptime":"1438160400","rpr":1440.9028667571,"rprd":89.104923411503,"rpsigma":"0","acre":1064.8610047866,"lacre":1064.8610047866,"oldacre":"1077.6212168367"},"p2rating":{"entryid":"7117043","serverid":"eos","formatid":"monotype","userid":"emgunownman","username":"Emg UnownMaN","w":16,"l":"9","t":"0","gxe":62.1,"r":"1591.5100613508","rd":"67.390266554877","sigma":"0","rptime":"1438160400","rpr":1594.5285815592,"rprd":64.336002169222,"rpsigma":"0","acre":1243.8861881323,"lacre":1243.8861881323,"oldacre":"1229.1468908558"},"endType":"normal"}