{"seed":[8163,10383,4115,26498],"turns":22,"p1":"Crystal Erza","p2":"Knight♕Miku","p1team":[{"name":"Swampert","species":"Swampert","item":"leftovers","ability":"Damp","moves":["stealthrock","toxic","earthquake","waterfall"],"nature":"Careful","evs":{"hp":252,"atk":4,"def":0,"spa":0,"spd":252,"spe":0},"gender":"M","ivs":{"hp":31,"atk":31,"def":31,"spa":31,"spd":31,"spe":31}},{"name":"Azumarill","species":"Azumarill","item":"sitrusberry","ability":"Huge Power","moves":["aquajet","bellydrum","playrough","icepunch"],"nature":"Adamant","evs":{"hp":248,"atk":252,"def":0,"spa":0,"spd":8,"spe":0},"gender":"F","ivs":{"hp":31,"atk":31,"def":31,"spa":31,"spd":31,"spe":31}},{"name":"Gyarados","species":"Gyarados","item":"gyaradosite","ability":"Intimidate","moves":["dragondance","earthquake","crunch","waterfall"],"nature":"Adamant","evs":{"hp":0,"atk":252,"def":0,"spa":0,"spd":4,"spe":252},"gender":"M","shiny":true,"ivs":{"hp":31,"atk":31,"def":31,"spa":31,"spd":31,"spe":31}},{"name":"Rotom-Wash","species":"Rotom-Wash","item":"leftovers","ability":"Levitate","moves":["confuseray","discharge","willowisp","hydropump"],"nature":"Calm","evs":{"hp":252,"atk":0,"def":0,"spa":4,"spd":252,"spe":0},"ivs":{"hp":31,"atk":31,"def":31,"spa":31,"spd":31,"spe":31}},{"name":"Milotic","species":"Milotic","item":"assaultvest","ability":"Marvel Scale","moves":["scald","dragontail","icebeam","hiddenpowerground"],"nature":"Modest","evs":{"hp":248,"atk":0,"def":0,"spa":252,"spd":8,"spe":0},"gender":"F","ivs":{"hp":31,"atk":31,"def":31,"spa":30,"spd":30,"spe":31}},{"name":"Keldeo-Resolute","species":"Keldeo-Resolute","item":"leftovers","ability":"Justified","moves":["substitute","calmmind","scald","secretsword"],"nature":"Timid","evs":{"hp":0,"atk":0,"def":4,"spa":252,"spd":0,"spe":252},"ivs":{"hp":31,"atk":31,"def":31,"spa":31,"spd":31,"spe":31}}],"p2team":[{"name":"Anal Beads","species":"thundurus","item":"lifeorb","ability":"Prankster","moves":["thunderwave","grassknot","flashcannon","voltswitch"],"nature":"Timid","evs":{"hp":0,"atk":0,"def":0,"spa":252,"spd":4,"spe":252},"ivs":{"hp":31,"atk":31,"def":31,"spa":31,"spd":31,"spe":31}},{"name":"feelsgd","species":"luxray","item":"flameorb","ability":"Guts","moves":["facade","wildcharge","superpower","crunch"],"nature":"Jolly","evs":{"hp":0,"atk":252,"def":0,"spa":0,"spd":4,"spe":252},"gender":"M","shiny":true,"ivs":{"hp":31,"atk":31,"def":31,"spa":31,"spd":31,"spe":31}},{"name":"Zap","species":"zapdos","item":"leftovers","ability":"Pressure","moves":["roost","defog","heatwave","toxic"],"nature":"Calm","evs":{"hp":248,"atk":0,"def":0,"spa":8,"spd":252,"spe":0},"ivs":{"hp":31,"atk":31,"def":31,"spa":31,"spd":31,"spe":31}},{"name":"Spooky","species":"rotomwash","item":"leftovers","ability":"Levitate","moves":["hydropump","voltswitch","willowisp","painsplit"],"nature":"Bold","evs":{"hp":252,"atk":0,"def":252,"spa":4,"spd":0,"spe":0},"ivs":{"hp":31,"atk":31,"def":31,"spa":31,"spd":31,"spe":31}},{"name":"Blitz","species":"manectric","item":"manectite","ability":"Lightning Rod","moves":["hiddenpowerice","thunderbolt","voltswitch","flamethrower"],"nature":"Timid","evs":{"hp":0,"atk":0,"def":0,"spa":252,"spd":4,"spe":252},"gender":"M","ivs":{"hp":31,"atk":30,"def":30,"spa":31,"spd":31,"spe":31},"shiny":true},{"name":"Palmtop Tiger","species":"raikou","item":"choicespecs","ability":"Pressure","moves":["shadowball","thunderbolt","extrasensory","hiddenpowerice"],"nature":"Timid","evs":{"hp":0,"atk":0,"def":0,"spa":252,"spd":4,"spe":252},"ivs":{"hp":31,"atk":30,"def":30,"spa":31,"spd":31,"spe":31},"shiny":true}],"log":["|player|p1|Crystal Erza|crystalerza.gif","|player|p2|Knight♕Miku|gtxbronze.gif","|gametype|singles","|gen|6","|tier|Monotype","|rated","|rule|Baton Pass Clause: Limit one Baton Passer, can't pass Spe and other stats simultaneously","|rule|Swagger Clause: Swagger is banned","|rule|Same Type Clause: Pokémon in a team must share a type","|clearpoke","|poke|p1|Swampert, M","|poke|p1|Azumarill, F","|poke|p1|Gyarados, M, shiny","|poke|p1|Rotom-Wash","|poke|p1|Milotic, F","|poke|p1|Keldeo-Resolute","|poke|p2|Thundurus, M","|poke|p2|Luxray, M, shiny","|poke|p2|Zapdos","|poke|p2|Rotom-Wash","|poke|p2|Manectric, M, shiny","|poke|p2|Raikou, shiny","|rule|Sleep Clause Mod: Limit one foe put to sleep","|rule|Species Clause: Limit one of each Pokémon","|rule|OHKO Clause: OHKO moves are banned","|rule|Moody Clause: Moody is banned","|rule|Evasion Moves Clause: Evasion moves are banned","|rule|Endless Battle Clause: Forcing endless battles is banned","|rule|HP Percentage Mod: HP is shown in percentages","|teampreview","|","|start","|switch|p1a: Swampert|Swampert, M|404/404","|switch|p2a: Blitz|Manectric, M, shiny|281/281","|turn|1","|","|switch|p2a: Spooky|Rotom-Wash|304/304","|move|p1a: Swampert|Stealth Rock|p2a: Spooky","|-sidestart|p2: Knight♕Miku|move: Stealth Rock","|","|turn|2","|","|move|p2a: Spooky|Will-O-Wisp|p1a: Swampert","|-status|p1a: Swampert|brn","|move|p1a: Swampert|Toxic|p2a: Spooky","|-status|p2a: Spooky|tox","|","|-damage|p2a: Spooky|285/304 tox|[from] psn","|-damage|p1a: Swampert|354/404 brn|[from] brn","|turn|3","|","|move|p2a: Spooky|Volt Switch|p1a: Swampert","|-immune|p1a: Swampert|[msg]","|move|p1a: Swampert|Waterfall|p2a: Spooky","|-resisted|p2a: Spooky","|-damage|p2a: Spooky|269/304 tox","|","|-heal|p2a: Spooky|288/304 tox|[from] item: Leftovers","|-heal|p1a: Swampert|379/404 brn|[from] item: Leftovers","|-damage|p2a: Spooky|250/304 tox|[from] psn","|-damage|p1a: Swampert|329/404 brn|[from] brn","|turn|4","|","|switch|p2a: Zap|Zapdos|383/383","|-damage|p2a: Zap|288/383|[from] Stealth Rock","|-ability|p2a: Zap|Pressure","|move|p1a: Swampert|Waterfall|p2a: Zap","|-damage|p2a: Zap|234/383","|","|-heal|p2a: Zap|257/383|[from] item: Leftovers","|-heal|p1a: Swampert|354/404 brn|[from] item: Leftovers","|-damage|p1a: Swampert|304/404 brn|[from] brn","|turn|5","|","|switch|p2a: Anal Beads|Thundurus, M|299/299","|-damage|p2a: Anal Beads|225/299|[from] Stealth Rock","|move|p1a: Swampert|Toxic|p2a: Anal Beads","|-status|p2a: Anal Beads|tox","|","|-heal|p1a: Swampert|329/404 brn|[from] item: Leftovers","|-damage|p2a: Anal Beads|207/299 tox|[from] psn","|-damage|p1a: Swampert|279/404 brn|[from] brn","|turn|6","|","|move|p2a: Anal Beads|Grass Knot|p1a: Swampert","|-supereffective|p1a: Swampert","|-damage|p1a: Swampert|0 fnt","|-damage|p2a: Anal Beads|178/299 tox|[from] item: Life Orb","|faint|p1a: Swampert","|","|-damage|p2a: Anal Beads|142/299 tox|[from] psn","|","|switch|p1a: Milotic|Milotic, F|393/393","|turn|7","|","|move|p2a: Anal Beads|Thunder Wave|p1a: Milotic","|-status|p1a: Milotic|par","|move|p1a: Milotic|Ice Beam|p2a: Anal Beads","|-crit|p2a: Anal Beads","|-supereffective|p2a: Anal Beads","|-damage|p2a: Anal Beads|0 fnt","|faint|p2a: Anal Beads","|","|","|switch|p2a: Zap|Zapdos|257/383","|-damage|p2a: Zap|162/383|[from] Stealth Rock","|-ability|p2a: Zap|Pressure","|turn|8","|","|move|p2a: Zap|Roost|p2a: Zap","|-heal|p2a: Zap|354/383","|move|p1a: Milotic|Ice Beam|p2a: Zap","|-damage|p2a: Zap|275/383","|","|-heal|p2a: Zap|298/383|[from] item: Leftovers","|turn|9","|","|move|p2a: Zap|Defog|p1a: Milotic","|-unboost|p1a: Milotic|evasion|1","|-sideend|p2: Knight♕Miku|Stealth Rock|[from] move: Defog|[of] p2a: Zap","|move|p1a: Milotic|Ice Beam|p2a: Zap","|-supereffective|p2a: Zap","|-damage|p2a: Zap|146/383","|","|-heal|p2a: Zap|169/383|[from] item: Leftovers","|turn|10","|","|switch|p2a: Spooky|Rotom-Wash|250/304 tox","|move|p1a: Milotic|Ice Beam|p2a: Spooky","|-resisted|p2a: Spooky","|-damage|p2a: Spooky|202/304 tox","|","|-heal|p2a: Spooky|221/304 tox|[from] item: Leftovers","|-damage|p2a: Spooky|202/304 tox|[from] psn","|turn|11","|","|move|p2a: Spooky|Volt Switch|p1a: Milotic","|-supereffective|p1a: Milotic","|-damage|p1a: Milotic|301/393 par","|","|switch|p2a: Blitz|Manectric, M, shiny|281/281","|move|p1a: Milotic|Dragon Tail|p2a: Blitz","|-damage|p2a: Blitz|240/281","|drag|p2a: Zap|Zapdos|169/383","|-ability|p2a: Zap|Pressure","|","|-heal|p2a: Zap|192/383|[from] item: Leftovers","|turn|12","|","|move|p2a: Zap|Roost|p2a: Zap","|-heal|p2a: Zap|383/383","|move|p1a: Milotic|Ice Beam|p2a: Zap","|-damage|p2a: Zap|311/383","|","|-heal|p2a: Zap|334/383|[from] item: Leftovers","|turn|13","|","|switch|p2a: Spooky|Rotom-Wash|202/304 tox","|move|p1a: Milotic|Ice Beam|p2a: Spooky","|-resisted|p2a: Spooky","|-damage|p2a: Spooky|157/304 tox","|","|-heal|p2a: Spooky|176/304 tox|[from] item: Leftovers","|-damage|p2a: Spooky|157/304 tox|[from] psn","|turn|14","|","|move|p2a: Spooky|Pain Split|p1a: Milotic","|-sethp|p1a: Milotic|229/393 par|p2a: Spooky|229/304 tox|[from] move: Pain Split","|move|p1a: Milotic|Hidden Power|p2a: Spooky","|-immune|p2a: Spooky|[msg]","|","|-heal|p2a: Spooky|248/304 tox|[from] item: Leftovers","|-damage|p2a: Spooky|210/304 tox|[from] psn","|turn|15","|","|move|p2a: Spooky|Volt Switch|p1a: Milotic","|-supereffective|p1a: Milotic","|-damage|p1a: Milotic|139/393 par","|","|switch|p2a: Blitz|Manectric, M, shiny|240/281","|move|p1a: Milotic|Dragon Tail|p2a: Blitz|[miss]","|-miss|p1a: Milotic|p2a: Blitz","|","|turn|16","|","|detailschange|p2a: Blitz|Manectric-Mega, M, shiny","|-mega|p2a: Blitz|Manectric|Manectite","|-ability|p2a: Blitz|Intimidate","|-unboost|p1a: Milotic|atk|1","|move|p2a: Blitz|Thunderbolt|p1a: Milotic","|-supereffective|p1a: Milotic","|-damage|p1a: Milotic|0 fnt","|faint|p1a: Milotic","|","|","|switch|p1a: Rotom-Wash|Rotom-Wash|304/304","|turn|17","|","|move|p2a: Blitz|Volt Switch|p1a: Rotom-Wash","|-damage|p1a: Rotom-Wash|222/304","|","|switch|p2a: feelsgd|Luxray, M, shiny|301/301","|move|p1a: Rotom-Wash|Hydro Pump|p2a: feelsgd","|-damage|p2a: feelsgd|148/301","|","|-heal|p1a: Rotom-Wash|241/304|[from] item: Leftovers","|-status|p2a: feelsgd|brn|[from] item: Flame Orb","|turn|18","|","|move|p2a: feelsgd|Facade|p1a: Rotom-Wash","|-damage|p1a: Rotom-Wash|37/304","|move|p1a: Rotom-Wash|Hydro Pump|p2a: feelsgd","|-damage|p2a: feelsgd|0 fnt","|faint|p2a: feelsgd","|","|-heal|p1a: Rotom-Wash|56/304|[from] item: Leftovers","|","|switch|p2a: Blitz|Manectric-Mega, M, shiny|240/281","|-ability|p2a: Blitz|Intimidate","|-unboost|p1a: Rotom-Wash|atk|1","|turn|19","|","|move|p2a: Blitz|Volt Switch|p1a: Rotom-Wash","|-damage|p1a: Rotom-Wash|0 fnt","|faint|p1a: Rotom-Wash","|","|switch|p2a: Palmtop Tiger|Raikou, shiny|321/321","|-ability|p2a: Palmtop Tiger|Pressure","|","|","|switch|p1a: Keldeo-Resolute|Keldeo-Resolute|323/323","|turn|20","|","|move|p2a: Palmtop Tiger|Thunderbolt|p1a: Keldeo-Resolute","|-supereffective|p1a: Keldeo-Resolute","|-damage|p1a: Keldeo-Resolute|0 fnt","|faint|p1a: Keldeo-Resolute","|","|","|switch|p1a: Azumarill|Azumarill, F|403/403","|turn|21","|","|move|p1a: Azumarill|Aqua Jet|p2a: Palmtop Tiger","|-crit|p2a: Palmtop Tiger","|-damage|p2a: Palmtop Tiger|150/321","|move|p2a: Palmtop Tiger|Thunderbolt|p1a: Azumarill","|-supereffective|p1a: Azumarill","|-damage|p1a: Azumarill|0 fnt","|faint|p1a: Azumarill","|","|","|switch|p1a: Gyarados|Gyarados, M, shiny|331/331","|-ability|p1a: Gyarados|Intimidate","|-unboost|p2a: Palmtop Tiger|atk|1","|turn|22","|","|detailschange|p1a: Gyarados|Gyarados-Mega, M, shiny","|-mega|p1a: Gyarados|Gyarados|Gyaradosite","|-ability|p1a: Gyarados|Mold Breaker","|move|p2a: Palmtop Tiger|Thunderbolt|p1a: Gyarados","|-supereffective|p1a: Gyarados","|-damage|p1a: Gyarados|0 fnt","|faint|p1a: Gyarados","|","|win|Knight♕Miku"],"p1rating":{"entryid":"5933778","serverid":"eos","formatid":"monotype","userid":"crystalerza","username":"Crystal Erza","w":"10","l":5,"t":"0","gxe":61.1,"r":"1584.9055576258","rd":"92.36626317168","sigma":"0","rptime":"1438160400","rpr":1587.1396095339,"rprd":85.283251901516,"rpsigma":"0","acre":1193.6085077777,"lacre":1193.6085077777,"oldacre":"1224.075011462"},"p2rating":{"entryid":"7210042","serverid":"eos","formatid":"monotype","userid":"knightmiku","username":"Knight♕Miku","w":7,"l":"3","t":"0","gxe":58.5,"r":"1512.1035244739","rd":"101.88956278065","sigma":"0","rptime":"1438160400","rpr":1566.4048269521,"rprd":87.188053706624,"rpsigma":"0","acre":1177.3244620334,"lacre":1177.3244620334,"oldacre":"1146.8579583491"},"endType":"normal"}