{"seed":[33881,62707,23033,27301],"turns":34,"p1":"Deucez","p2":"Professor♅ Nyx","p1team":[{"name":"Stoutland","species":"Stoutland","item":"lifeorb","ability":"Scrappy","moves":["crunch","playrough","return","superpower"],"nature":"Jolly","evs":{"hp":4,"atk":252,"def":0,"spa":0,"spd":0,"spe":252},"gender":"M","ivs":{"hp":31,"atk":31,"def":31,"spa":31,"spd":31,"spe":31}},{"name":"Side Chick","species":"meloetta","item":"assaultvest","ability":"Serene Grace","moves":["psychic","focusblast","hypervoice","shadowball"],"nature":"Modest","evs":{"hp":248,"atk":0,"def":0,"spa":252,"spd":8,"spe":0},"ivs":{"hp":31,"atk":31,"def":31,"spa":31,"spd":31,"spe":31}},{"name":"S3x Toy","species":"porygon2","item":"eviolite","ability":"Trace","moves":["thunderwave","icebeam","foulplay","recover"],"nature":"Bold","evs":{"hp":252,"atk":0,"def":252,"spa":4,"spd":0,"spe":0},"shiny":true,"ivs":{"hp":31,"atk":31,"def":31,"spa":31,"spd":31,"spe":31}},{"name":"Fat ass hoe","species":"chansey","item":"eviolite","ability":"Natural Cure","moves":["wish","softboiled","seismictoss","healbell"],"nature":"Sassy","evs":{"hp":252,"atk":0,"def":252,"spa":0,"spd":4,"spe":0},"ivs":{"hp":31,"atk":31,"def":31,"spa":31,"spd":31,"spe":0}},{"name":"Mah Nigga","species":"staraptor","item":"leftovers","ability":"Intimidate","moves":["defog","featherdance","bravebird","roost"],"nature":"Impish","evs":{"hp":4,"atk":0,"def":252,"spa":0,"spd":0,"spe":252},"gender":"M","shiny":true,"ivs":{"hp":31,"atk":31,"def":31,"spa":31,"spd":31,"spe":31}},{"name":"Bae","species":"lopunny","item":"lopunnite","ability":"Limber","moves":["fakeout","poweruppunch","return","highjumpkick"],"nature":"Jolly","evs":{"hp":0,"atk":252,"def":0,"spa":0,"spd":4,"spe":252},"gender":"F","shiny":true,"ivs":{"hp":31,"atk":31,"def":31,"spa":31,"spd":31,"spe":31}}],"p2team":[{"name":"Hold my egg....","species":"chansey","item":"eviolite","ability":"Natural Cure","moves":["softboiled","aromatherapy","thunderwave","seismictoss"],"nature":"Bold","evs":{"hp":248,"atk":0,"def":252,"spa":0,"spd":8,"spe":0},"ivs":{"hp":31,"atk":31,"def":31,"spa":31,"spd":31,"spe":31}},{"name":"watchout comin tru","species":"staraptor","item":"choicescarf","ability":"Reckless","moves":["bravebird","uturn","closecombat","doubleedge"],"nature":"Adamant","evs":{"hp":0,"atk":252,"def":0,"spa":0,"spd":4,"spe":252},"ivs":{"hp":31,"atk":31,"def":31,"spa":31,"spd":31,"spe":31}},{"name":"Boink Boink","species":"lopunny","item":"lopunnite","ability":"Cute Charm","moves":["drainpunch","fakeout","return","teeterdance"],"nature":"Jolly","evs":{"hp":0,"atk":252,"def":0,"spa":0,"spd":4,"spe":252},"ivs":{"hp":31,"atk":31,"def":31,"spa":31,"spd":31,"spe":31}},{"name":"DEM BOOTY","species":"meloetta","item":"normalgem","ability":"Serene Grace","moves":["relicsong","drainpunch","acrobatics","icepunch"],"nature":"Hasty","evs":{"hp":0,"atk":252,"def":0,"spa":0,"spd":0,"spe":252},"ivs":{"hp":31,"atk":31,"def":31,"spa":31,"spd":31,"spe":31}},{"name":"Download Fail","species":"porygon2","item":"eviolite","ability":"Analytic","moves":["toxic","recover","thunderbolt","triattack"],"nature":"Bold","evs":{"hp":248,"atk":0,"def":176,"spa":0,"spd":84,"spe":0},"ivs":{"hp":31,"atk":31,"def":31,"spa":31,"spd":31,"spe":31}},{"name":"Diggersby","species":"Diggersby","item":"focussash","ability":"Huge Power","moves":["earthquake","return","agility","knockoff"],"nature":"Adamant","evs":{"hp":0,"atk":252,"def":0,"spa":0,"spd":4,"spe":252},"ivs":{"hp":31,"atk":31,"def":31,"spa":31,"spd":31,"spe":31}}],"log":["|player|p1|Deucez|acedeuce92.png","|player|p2|Professor♅ Nyx|132","|gametype|singles","|gen|6","|tier|Monotype","|rated","|rule|Baton Pass Clause: Limit one Baton Passer, can't pass Spe and other stats simultaneously","|rule|Swagger Clause: Swagger is banned","|rule|Same Type Clause: Pokémon in a team must share a type","|clearpoke","|poke|p1|Stoutland, M","|poke|p1|Meloetta","|poke|p1|Porygon2, shiny","|poke|p1|Chansey, F","|poke|p1|Staraptor, M, shiny","|poke|p1|Lopunny, F, shiny","|poke|p2|Chansey, F","|poke|p2|Staraptor, M","|poke|p2|Lopunny, M","|poke|p2|Meloetta","|poke|p2|Porygon2","|poke|p2|Diggersby, F","|rule|Sleep Clause Mod: Limit one foe put to sleep","|rule|Species Clause: Limit one of each Pokémon","|rule|OHKO Clause: OHKO moves are banned","|rule|Moody Clause: Moody is banned","|rule|Evasion Moves Clause: Evasion moves are banned","|rule|Endless Battle Clause: Forcing endless battles is banned","|rule|HP Percentage Mod: HP is shown in percentages","|teampreview","|","|start","|switch|p1a: Side Chick|Meloetta|403/403","|switch|p2a: DEM BOOTY|Meloetta|341/341","|turn|1","|","|move|p2a: DEM BOOTY|Relic Song|p1a: Side Chick","|-enditem|p2a: DEM BOOTY|Normal Gem|[from] gem|[move] Relic Song","|-damage|p1a: Side Chick|331/403","|-formechange|p2a: DEM BOOTY|Meloetta-Pirouette|[msg]","|move|p1a: Side Chick|Focus Blast|p2a: DEM BOOTY","|-supereffective|p2a: DEM BOOTY","|-damage|p2a: DEM BOOTY|0 fnt","|faint|p2a: DEM BOOTY","|","|","|switch|p2a: Boink Boink|Lopunny, M|271/271","|turn|2","|","|switch|p1a: Mah Nigga|Staraptor, M, shiny|312/312","|-ability|p1a: Mah Nigga|Intimidate","|-unboost|p2a: Boink Boink|atk|1","|move|p2a: Boink Boink|Fake Out|p1a: Mah Nigga","|-damage|p1a: Mah Nigga|279/312","|","|-heal|p1a: Mah Nigga|298/312|[from] item: Leftovers","|turn|3","|","|switch|p2a: Download Fail|Porygon2|373/373","|move|p1a: Mah Nigga|Brave Bird|p2a: Download Fail","|-damage|p2a: Download Fail|286/373","|-damage|p1a: Mah Nigga|269/312|[from] recoil|[of] p2a: Download Fail","|","|-heal|p1a: Mah Nigga|288/312|[from] item: Leftovers","|turn|4","|","|switch|p1a: Fat ass hoe|Chansey, F|704/704","|move|p2a: Download Fail|Toxic|p1a: Fat ass hoe","|-status|p1a: Fat ass hoe|tox","|","|-damage|p1a: Fat ass hoe|660/704 tox|[from] psn","|turn|5","|","|switch|p2a: Diggersby|Diggersby, F|311/311","|move|p1a: Fat ass hoe|Heal Bell|p1a: Fat ass hoe","|-cureteam|p1a: Fat ass hoe|[from] move: HealBell","|","|turn|6","|","|switch|p1a: S3x Toy|Porygon2, shiny|374/374","|-ability|p1a: S3x Toy|Huge Power|[from] ability: Trace|[of] p2a: Diggersby","|move|p2a: Diggersby|Agility|p2a: Diggersby","|-boost|p2a: Diggersby|spe|2","|","|turn|7","|","|move|p2a: Diggersby|Knock Off|p1a: S3x Toy","|-damage|p1a: S3x Toy|301/374","|-enditem|p1a: S3x Toy|Eviolite|[from] move: Knock Off|[of] p2a: Diggersby","|move|p1a: S3x Toy|Ice Beam|p2a: Diggersby","|-supereffective|p2a: Diggersby","|-damage|p2a: Diggersby|113/311","|","|turn|8","|","|switch|p1a: Mah Nigga|Staraptor, M, shiny|288/312","|-ability|p1a: Mah Nigga|Intimidate","|-unboost|p2a: Diggersby|atk|1","|move|p2a: Diggersby|Return|p1a: Mah Nigga","|-damage|p1a: Mah Nigga|140/312","|","|-heal|p1a: Mah Nigga|159/312|[from] item: Leftovers","|turn|9","|","|switch|p2a: Download Fail|Porygon2|286/373","|move|p1a: Mah Nigga|Roost|p1a: Mah Nigga","|-heal|p1a: Mah Nigga|312/312","|","|turn|10","|","|switch|p1a: Fat ass hoe|Chansey, F|660/704","|move|p2a: Download Fail|Tri Attack|p1a: Fat ass hoe","|-damage|p1a: Fat ass hoe|582/704","|","|turn|11","|","|switch|p2a: Diggersby|Diggersby, F|113/311","|move|p1a: Fat ass hoe|Wish|p1a: Fat ass hoe","|","|turn|12","|","|switch|p1a: Stoutland|Stoutland, M|312/312","|move|p2a: Diggersby|Return|p1a: Stoutland","|-damage|p1a: Stoutland|68/312","|","|-heal|p1a: Stoutland|312/312|[from] move: Wish|[wisher] Fat ass hoe","|turn|13","|","|move|p1a: Stoutland|Return|p2a: Diggersby","|-damage|p2a: Diggersby|0 fnt","|-damage|p1a: Stoutland|281/312|[from] item: Life Orb","|faint|p2a: Diggersby","|","|","|switch|p2a: Hold my egg....|Chansey, F|703/703","|turn|14","|","|move|p1a: Stoutland|Superpower|p2a: Hold my egg....","|-supereffective|p2a: Hold my egg....","|-damage|p2a: Hold my egg....|269/703","|-unboost|p1a: Stoutland|atk|1","|-unboost|p1a: Stoutland|def|1","|-damage|p1a: Stoutland|250/312|[from] item: Life Orb","|move|p2a: Hold my egg....|Thunder Wave|p1a: Stoutland","|-status|p1a: Stoutland|par","|","|turn|15","|","|switch|p1a: Fat ass hoe|Chansey, F|582/704","|move|p2a: Hold my egg....|Soft-Boiled|p2a: Hold my egg....","|-heal|p2a: Hold my egg....|621/703","|","|turn|16","|","|switch|p2a: watchout comin tru|Staraptor, M|311/311","|move|p1a: Fat ass hoe|Heal Bell|p1a: Fat ass hoe","|-cureteam|p1a: Fat ass hoe|[from] move: HealBell","|","|turn|17","|","|switch|p1a: S3x Toy|Porygon2, shiny|301/374","|-ability|p1a: S3x Toy|Reckless|[from] ability: Trace|[of] p2a: watchout comin tru","|move|p2a: watchout comin tru|Double-Edge|p1a: S3x Toy","|-damage|p1a: S3x Toy|100/374","|-damage|p2a: watchout comin tru|245/311|[from] recoil|[of] p1a: S3x Toy","|","|turn|18","|","|move|p2a: watchout comin tru|Double-Edge|p1a: S3x Toy","|-damage|p1a: S3x Toy|0 fnt","|-damage|p2a: watchout comin tru|212/311|[from] recoil|[of] p1a: S3x Toy","|faint|p1a: S3x Toy","|","|","|switch|p1a: Bae|Lopunny, F, shiny|271/271","|turn|19","|","|switch|p2a: Boink Boink|Lopunny, M|271/271","|detailschange|p1a: Bae|Lopunny-Mega, F, shiny","|-mega|p1a: Bae|Lopunny|Lopunnite","|move|p1a: Bae|Fake Out|p2a: Boink Boink","|-damage|p2a: Boink Boink|184/271","|","|turn|20","|","|switch|p1a: Mah Nigga|Staraptor, M, shiny|312/312","|-ability|p1a: Mah Nigga|Intimidate","|-unboost|p2a: Boink Boink|atk|1","|detailschange|p2a: Boink Boink|Lopunny-Mega, M","|-mega|p2a: Boink Boink|Lopunny|Lopunnite","|move|p2a: Boink Boink|Fake Out|p1a: Mah Nigga","|-damage|p1a: Mah Nigga|269/312","|","|-heal|p1a: Mah Nigga|288/312|[from] item: Leftovers","|turn|21","|","|switch|p2a: Download Fail|Porygon2|286/373","|switch|p1a: Stoutland|Stoutland, M|250/312","|","|turn|22","|","|move|p1a: Stoutland|Superpower|p2a: Download Fail","|-supereffective|p2a: Download Fail","|-damage|p2a: Download Fail|117/373","|-unboost|p1a: Stoutland|atk|1","|-unboost|p1a: Stoutland|def|1","|-damage|p1a: Stoutland|219/312|[from] item: Life Orb","|move|p2a: Download Fail|Toxic|p1a: Stoutland","|-status|p1a: Stoutland|tox","|","|-damage|p1a: Stoutland|200/312 tox|[from] psn","|turn|23","|","|move|p1a: Stoutland|Superpower|p2a: Download Fail","|-supereffective|p2a: Download Fail","|-damage|p2a: Download Fail|0 fnt","|-unboost|p1a: Stoutland|atk|1","|-unboost|p1a: Stoutland|def|1","|-damage|p1a: Stoutland|169/312 tox|[from] item: Life Orb","|faint|p2a: Download Fail","|","|-damage|p1a: Stoutland|131/312 tox|[from] psn","|","|switch|p2a: Boink Boink|Lopunny-Mega, M|184/271","|turn|24","|","|switch|p1a: Mah Nigga|Staraptor, M, shiny|288/312","|-ability|p1a: Mah Nigga|Intimidate","|-unboost|p2a: Boink Boink|atk|1","|move|p2a: Boink Boink|Return|p1a: Mah Nigga","|-damage|p1a: Mah Nigga|179/312","|","|-heal|p1a: Mah Nigga|198/312|[from] item: Leftovers","|turn|25","|","|switch|p2a: Hold my egg....|Chansey, F|621/703","|move|p1a: Mah Nigga|Brave Bird|p2a: Hold my egg....","|-crit|p2a: Hold my egg....","|-damage|p2a: Hold my egg....|317/703","|-damage|p1a: Mah Nigga|98/312|[from] recoil|[of] p2a: Hold my egg....","|","|-heal|p1a: Mah Nigga|117/312|[from] item: Leftovers","|turn|26","|","|switch|p1a: Stoutland|Stoutland, M|131/312 tox","|move|p2a: Hold my egg....|Soft-Boiled|p2a: Hold my egg....","|-heal|p2a: Hold my egg....|669/703","|","|-damage|p1a: Stoutland|112/312 tox|[from] psn","|turn|27","|","|move|p1a: Stoutland|Superpower|p2a: Hold my egg....","|-supereffective|p2a: Hold my egg....","|-damage|p2a: Hold my egg....|217/703","|-unboost|p1a: Stoutland|atk|1","|-unboost|p1a: Stoutland|def|1","|-damage|p1a: Stoutland|81/312 tox|[from] item: Life Orb","|move|p2a: Hold my egg....|Soft-Boiled|p2a: Hold my egg....","|-heal|p2a: Hold my egg....|569/703","|","|-damage|p1a: Stoutland|43/312 tox|[from] psn","|turn|28","|","|move|p1a: Stoutland|Superpower|p2a: Hold my egg....","|-supereffective|p2a: Hold my egg....","|-damage|p2a: Hold my egg....|291/703","|-unboost|p1a: Stoutland|atk|1","|-unboost|p1a: Stoutland|def|1","|-damage|p1a: Stoutland|12/312 tox|[from] item: Life Orb","|move|p2a: Hold my egg....|Thunder Wave|p1a: Stoutland","|-fail|p1a: Stoutland","|","|-damage|p1a: Stoutland|0 fnt|[from] psn","|faint|p1a: Stoutland","|","|switch|p1a: Bae|Lopunny-Mega, F, shiny|271/271","|turn|29","|","|switch|p2a: watchout comin tru|Staraptor, M|212/311","|move|p1a: Bae|Fake Out|p2a: watchout comin tru","|-damage|p2a: watchout comin tru|109/311","|","|turn|30","|","|move|p2a: watchout comin tru|U-turn|p1a: Bae","|-resisted|p1a: Bae","|-damage|p1a: Bae|222/271","|","|switch|p2a: Boink Boink|Lopunny-Mega, M|184/271","|move|p1a: Bae|Return|p2a: Boink Boink","|-damage|p2a: Boink Boink|0 fnt","|faint|p2a: Boink Boink","|","|","|switch|p2a: watchout comin tru|Staraptor, M|109/311","|turn|31","|","|switch|p1a: Mah Nigga|Staraptor, M, shiny|117/312","|-ability|p1a: Mah Nigga|Intimidate","|-unboost|p2a: watchout comin tru|atk|1","|move|p2a: watchout comin tru|Brave Bird|p1a: Mah Nigga","|-damage|p1a: Mah Nigga|0 fnt","|-damage|p2a: watchout comin tru|70/311|[from] recoil|[of] p1a: Mah Nigga","|faint|p1a: Mah Nigga","|","|","|switch|p1a: Bae|Lopunny-Mega, F, shiny|222/271","|turn|32","|","|switch|p2a: Hold my egg....|Chansey, F|291/703","|move|p1a: Bae|Fake Out|p2a: Hold my egg....","|-damage|p2a: Hold my egg....|194/703","|","|turn|33","|","|move|p1a: Bae|High Jump Kick|p2a: Hold my egg....","|-supereffective|p2a: Hold my egg....","|-damage|p2a: Hold my egg....|0 fnt","|faint|p2a: Hold my egg....","|","|","|switch|p2a: watchout comin tru|Staraptor, M|70/311","|turn|34","|","|switch|p1a: Fat ass hoe|Chansey, F|582/704","|move|p2a: watchout comin tru|Brave Bird|p1a: Fat ass hoe","|-damage|p1a: Fat ass hoe|191/704","|-damage|p2a: watchout comin tru|0 fnt|[from] recoil|[of] p1a: Fat ass hoe","|faint|p2a: watchout comin tru","|","|win|Deucez"],"p1rating":{"entryid":"7192012","serverid":"eos","formatid":"monotype","userid":"deucez","username":"Deucez","w":7,"l":"5","t":"0","gxe":53.8,"r":"1485.2410492934","rd":"107.35986327311","sigma":"0","rptime":"1438160400","rpr":1529.4959393891,"rprd":82.74775874254,"rpsigma":"0","acre":1149.13453006,"lacre":1149.13453006,"oldacre":"1118.7886013245"},"p2rating":{"entryid":"6674868","serverid":"eos","formatid":"monotype","userid":"professornyx","username":"Professor ♅ ☯ Nyx","w":"48","l":36,"t":"0","gxe":55,"r":"1535.3837270982","rd":"42.319395529688","sigma":"0","rptime":"1438160400","rpr":1538.0843688448,"rprd":41.47598512648,"rpsigma":"0","acre":1163.9018354462,"lacre":1163.9018354462,"oldacre":"1194.2477641817"},"endType":"normal"}