{"seed":[24310,23374,21768,35197],"turns":27,"p1":"Guard Darkrai","p2":"SovereignAltair","p1team":[{"name":"Toxicmurk","species":"toxicroak","item":"airballoon","ability":"Dry Skin","moves":["swordsdance","gunkshot","drainpunch","suckerpunch"],"nature":"Adamant","evs":{"hp":248,"atk":252,"def":0,"spa":0,"spd":8,"spe":0},"ivs":{"hp":31,"atk":31,"def":31,"spa":31,"spd":31,"spe":31}},{"name":"Not Darkrai ;-;","species":"drapion","item":"blacksludge","ability":"Battle Armor","moves":["knockoff","poisonjab","rockslide","earthquake"],"nature":"Adamant","evs":{"hp":252,"atk":252,"def":0,"spa":0,"spd":4,"spe":0},"ivs":{"hp":31,"atk":31,"def":31,"spa":31,"spd":31,"spe":31}},{"name":"How am I a Dragon?","species":"dragalge","item":"choicespecs","ability":"Adaptability","moves":["dracometeor","sludgewave","scald","hiddenpowerfire"],"nature":"Modest","evs":{"hp":248,"atk":0,"def":0,"spa":252,"spd":8,"spe":0},"ivs":{"hp":31,"atk":30,"def":31,"spa":30,"spd":31,"spe":30}},{"name":"Mac","species":"muk","item":"assaultvest","ability":"Poison Touch","moves":["gunkshot","poweruppunch","shadowsneak","icepunch"],"nature":"Adamant","evs":{"hp":248,"atk":252,"def":0,"spa":0,"spd":8,"spe":0},"ivs":{"hp":31,"atk":31,"def":31,"spa":31,"spd":31,"spe":31}},{"name":"Hi","species":"gengar","item":"lifeorb","ability":"Levitate","moves":["hex","sludgewave","focusblast","psychic"],"nature":"Timid","evs":{"hp":0,"atk":0,"def":0,"spa":252,"spd":4,"spe":252},"ivs":{"hp":31,"atk":31,"def":31,"spa":31,"spd":31,"spe":31}},{"name":"O god Im Sick","species":"weezing","item":"blacksludge","ability":"Levitate","moves":["painsplit","willowisp","toxicspikes","thunderbolt"],"nature":"Calm","evs":{"hp":252,"atk":0,"def":0,"spa":4,"spd":252,"spe":0},"ivs":{"hp":31,"atk":31,"def":31,"spa":31,"spd":31,"spe":31}}],"p2team":[{"name":"Mandibuzz","species":"Mandibuzz","item":"rockyhelmet","ability":"Overcoat","moves":["knockoff","foulplay","roost","defog"],"nature":"Impish","evs":{"hp":248,"atk":8,"def":252,"spa":0,"spd":0,"spe":0},"ivs":{"hp":31,"atk":31,"def":31,"spa":31,"spd":31,"spe":31}},{"name":"Bisharp","species":"Bisharp","item":"lifeorb","ability":"Defiant","moves":["knockoff","suckerpunch","ironhead","swordsdance"],"nature":"Jolly","evs":{"hp":0,"atk":252,"def":0,"spa":0,"spd":4,"spe":252},"ivs":{"hp":31,"atk":31,"def":31,"spa":31,"spd":31,"spe":31}},{"name":"Weavile","species":"Weavile","item":"lifeorb","ability":"Pressure","moves":["iciclecrash","knockoff","iceshard","lowkick"],"nature":"Jolly","evs":{"hp":0,"atk":252,"def":0,"spa":0,"spd":4,"spe":252},"ivs":{"hp":31,"atk":31,"def":31,"spa":31,"spd":31,"spe":31}},{"name":"Hydreigon","species":"Hydreigon","item":"lifeorb","ability":"Levitate","moves":["flashcannon","darkpulse","fireblast","roost"],"nature":"Timid","evs":{"hp":0,"atk":0,"def":0,"spa":252,"spd":4,"spe":252},"ivs":{"hp":31,"atk":31,"def":31,"spa":31,"spd":31,"spe":31}},{"name":"Hoopa-Unbound","species":"Hoopa-Unbound","item":"lifeorb","ability":"Magician","moves":["firepunch","hyperspacefury","gunkshot","grassknot"],"nature":"Jolly","evs":{"hp":4,"atk":252,"def":0,"spa":0,"spd":0,"spe":252},"ivs":{"hp":31,"atk":31,"def":31,"spa":31,"spd":31,"spe":31}},{"name":"Sharpedo","species":"Sharpedo","item":"sharpedonite","ability":"Speed Boost","moves":["protect","crunch","waterfall","poisonjab"],"nature":"Jolly","evs":{"hp":0,"atk":252,"def":4,"spa":0,"spd":0,"spe":252},"ivs":{"hp":31,"atk":31,"def":31,"spa":31,"spd":31,"spe":31}}],"log":["|player|p1|Guard Darkrai|guarddarkrai.png","|player|p2|SovereignAltair|209","|gametype|singles","|gen|6","|tier|Monotype","|rated","|rule|Baton Pass Clause: Limit one Baton Passer, can't pass Spe and other stats simultaneously","|rule|Swagger Clause: Swagger is banned","|rule|Same Type Clause: Pokémon in a team must share a type","|clearpoke","|poke|p1|Toxicroak, F","|poke|p1|Drapion, M","|poke|p1|Dragalge, F","|poke|p1|Muk, F","|poke|p1|Gengar, M","|poke|p1|Weezing, M","|poke|p2|Mandibuzz, F","|poke|p2|Bisharp, M","|poke|p2|Weavile, M","|poke|p2|Hydreigon, M","|poke|p2|Hoopa-Unbound","|poke|p2|Sharpedo, M","|rule|Sleep Clause Mod: Limit one foe put to sleep","|rule|Species Clause: Limit one of each Pokémon","|rule|OHKO Clause: OHKO moves are banned","|rule|Moody Clause: Moody is banned","|rule|Evasion Moves Clause: Evasion moves are banned","|rule|Endless Battle Clause: Forcing endless battles is banned","|rule|HP Percentage Mod: HP is shown in percentages","|teampreview","|","|start","|switch|p1a: Mac|Muk, F|413/413","|switch|p2a: Bisharp|Bisharp, M|271/271","|turn|1","|","|move|p2a: Bisharp|Knock Off|p1a: Mac","|-damage|p1a: Mac|132/413","|-enditem|p1a: Mac|Assault Vest|[from] move: Knock Off|[of] p2a: Bisharp","|-damage|p2a: Bisharp|244/271|[from] item: Life Orb","|move|p1a: Mac|Power-Up Punch|p2a: Bisharp","|-supereffective|p2a: Bisharp","|-damage|p2a: Bisharp|52/271","|-boost|p1a: Mac|atk|1","|","|turn|2","|","|move|p2a: Bisharp|Sucker Punch|p1a: Mac","|-damage|p1a: Mac|0 fnt","|-damage|p2a: Bisharp|25/271|[from] item: Life Orb","|faint|p1a: Mac","|","|","|switch|p1a: Not Darkrai ;-;|Drapion, M|344/344","|turn|3","|","|move|p2a: Bisharp|Knock Off|p1a: Not Darkrai ;-;","|-resisted|p1a: Not Darkrai ;-;","|-damage|p1a: Not Darkrai ;-;|239/344","|-enditem|p1a: Not Darkrai ;-;|Black Sludge|[from] move: Knock Off|[of] p2a: Bisharp","|-damage|p2a: Bisharp|0 fnt|[from] item: Life Orb","|faint|p2a: Bisharp","|move|p1a: Not Darkrai ;-;|Earthquake|p2: Bisharp|[notarget]","|-notarget","|","|","|switch|p2a: Weavile|Weavile, M|281/281","|-ability|p2a: Weavile|Pressure","|turn|4","|","|move|p2a: Weavile|Low Kick|p1a: Not Darkrai ;-;","|-damage|p1a: Not Darkrai ;-;|135/344","|-damage|p2a: Weavile|253/281|[from] item: Life Orb","|move|p1a: Not Darkrai ;-;|Rock Slide|p2a: Weavile","|-supereffective|p2a: Weavile","|-damage|p2a: Weavile|39/281","|","|turn|5","|","|move|p2a: Weavile|Icicle Crash|p1a: Not Darkrai ;-;","|-damage|p1a: Not Darkrai ;-;|0 fnt","|-damage|p2a: Weavile|11/281|[from] item: Life Orb","|faint|p1a: Not Darkrai ;-;","|","|","|switch|p1a: Toxicmurk|Toxicroak, F|369/369","|-item|p1a: Toxicmurk|Air Balloon","|turn|6","|","|move|p1a: Toxicmurk|Sucker Punch|p2a: Weavile","|-resisted|p2a: Weavile","|-damage|p2a: Weavile|0 fnt","|faint|p2a: Weavile","|","|","|switch|p2a: Sharpedo|Sharpedo, M|281/281","|turn|7","|","|move|p2a: Sharpedo|Protect|p2a: Sharpedo","|-singleturn|p2a: Sharpedo|Protect","|move|p1a: Toxicmurk|Drain Punch|p2a: Sharpedo","|-activate|p2a: Sharpedo|Protect","|","|-boost|p2a: Sharpedo|spe|1|[from] ability: Speed Boost","|turn|8","|","|detailschange|p2a: Sharpedo|Sharpedo-Mega, M","|-mega|p2a: Sharpedo|Sharpedo|Sharpedonite","|move|p2a: Sharpedo|Waterfall|p1a: Toxicmurk","|-immune|p1a: Toxicmurk|[msg]","|move|p1a: Toxicmurk|Drain Punch|p2a: Sharpedo","|-supereffective|p2a: Sharpedo","|-damage|p2a: Sharpedo|0 fnt","|faint|p2a: Sharpedo","|","|","|switch|p2a: Hoopa-Unbound|Hoopa-Unbound|302/302","|turn|9","|","|move|p2a: Hoopa-Unbound|Fire Punch|p1a: Toxicmurk","|-crit|p1a: Toxicmurk","|-damage|p1a: Toxicmurk|34/369","|-enditem|p1a: Toxicmurk|Air Balloon","|-damage|p2a: Hoopa-Unbound|272/302|[from] item: Life Orb","|move|p1a: Toxicmurk|Drain Punch|p2a: Hoopa-Unbound","|-damage|p2a: Hoopa-Unbound|76/302","|-heal|p1a: Toxicmurk|132/369|[from] drain|[of] p2a: Hoopa-Unbound","|","|turn|10","|","|move|p1a: Toxicmurk|Sucker Punch|p2a: Hoopa-Unbound","|-damage|p2a: Hoopa-Unbound|0 fnt","|faint|p2a: Hoopa-Unbound","|","|","|switch|p2a: Hydreigon|Hydreigon, M|325/325","|turn|11","|","|move|p2a: Hydreigon|Flash Cannon|p1a: Toxicmurk","|-damage|p1a: Toxicmurk|0 fnt","|-damage|p2a: Hydreigon|293/325|[from] item: Life Orb","|faint|p1a: Toxicmurk","|","|","|switch|p1a: How am I a Dragon?|Dragalge, F|333/333","|turn|12","|","|move|p2a: Hydreigon|Dark Pulse|p1a: How am I a Dragon?","|-damage|p1a: How am I a Dragon?|180/333","|-damage|p2a: Hydreigon|261/325|[from] item: Life Orb","|cant|p1a: How am I a Dragon?|flinch","|","|turn|13","|","|move|p2a: Hydreigon|Dark Pulse|p1a: How am I a Dragon?","|-damage|p1a: How am I a Dragon?|28/333","|-damage|p2a: Hydreigon|229/325|[from] item: Life Orb","|cant|p1a: How am I a Dragon?|flinch","|","|turn|14","|","|move|p2a: Hydreigon|Flash Cannon|p1a: How am I a Dragon?","|-damage|p1a: How am I a Dragon?|0 fnt","|-damage|p2a: Hydreigon|197/325|[from] item: Life Orb","|faint|p1a: How am I a Dragon?","|","|","|switch|p1a: Hi|Gengar, M|261/261","|turn|15","|","|move|p1a: Hi|Sludge Wave|p2a: Hydreigon","|-damage|p2a: Hydreigon|0 fnt","|-damage|p1a: Hi|235/261|[from] item: Life Orb","|faint|p2a: Hydreigon","|","|","|switch|p2a: Mandibuzz|Mandibuzz, F|423/423","|turn|16","|","|move|p1a: Hi|Sludge Wave|p2a: Mandibuzz","|-damage|p2a: Mandibuzz|192/423","|-damage|p1a: Hi|209/261|[from] item: Life Orb","|move|p2a: Mandibuzz|Knock Off|p1a: Hi","|-supereffective|p1a: Hi","|-damage|p1a: Hi|0 fnt","|-enditem|p1a: Hi|Life Orb|[from] move: Knock Off|[of] p2a: Mandibuzz","|faint|p1a: Hi","|","|","|switch|p1a: O god Im Sick|Weezing, M|334/334","|turn|17","|","|move|p2a: Mandibuzz|Knock Off|p1a: O god Im Sick","|-damage|p1a: O god Im Sick|262/334","|-enditem|p1a: O god Im Sick|Black Sludge|[from] move: Knock Off|[of] p2a: Mandibuzz","|move|p1a: O god Im Sick|Thunderbolt|p2a: Mandibuzz","|-supereffective|p2a: Mandibuzz","|-damage|p2a: Mandibuzz|60/423","|","|turn|18","|","|move|p2a: Mandibuzz|Roost|p2a: Mandibuzz","|-heal|p2a: Mandibuzz|272/423","|move|p1a: O god Im Sick|Thunderbolt|p2a: Mandibuzz","|-damage|p2a: Mandibuzz|202/423","|","|turn|19","|","|move|p2a: Mandibuzz|Foul Play|p1a: O god Im Sick","|-damage|p1a: O god Im Sick|177/334","|move|p1a: O god Im Sick|Thunderbolt|p2a: Mandibuzz","|-supereffective|p2a: Mandibuzz","|-damage|p2a: Mandibuzz|66/423","|","|turn|20","|","|move|p2a: Mandibuzz|Roost|p2a: Mandibuzz","|-heal|p2a: Mandibuzz|278/423","|move|p1a: O god Im Sick|Thunderbolt|p2a: Mandibuzz","|-damage|p2a: Mandibuzz|215/423","|","|turn|21","|","|move|p2a: Mandibuzz|Foul Play|p1a: O god Im Sick","|-damage|p1a: O god Im Sick|98/334","|move|p1a: O god Im Sick|Thunderbolt|p2a: Mandibuzz","|-supereffective|p2a: Mandibuzz","|-damage|p2a: Mandibuzz|93/423","|","|turn|22","|","|move|p2a: Mandibuzz|Roost|p2a: Mandibuzz","|-heal|p2a: Mandibuzz|305/423","|move|p1a: O god Im Sick|Thunderbolt|p2a: Mandibuzz","|-damage|p2a: Mandibuzz|241/423","|","|turn|23","|","|move|p2a: Mandibuzz|Foul Play|p1a: O god Im Sick","|-damage|p1a: O god Im Sick|14/334","|move|p1a: O god Im Sick|Pain Split|p2a: Mandibuzz","|-sethp|p2a: Mandibuzz|127/423|p1a: O god Im Sick|127/334|[from] move: Pain Split","|","|turn|24","|","|move|p2a: Mandibuzz|Roost|p2a: Mandibuzz","|-heal|p2a: Mandibuzz|339/423","|move|p1a: O god Im Sick|Thunderbolt|p2a: Mandibuzz","|-damage|p2a: Mandibuzz|271/423","|","|turn|25","|","|move|p2a: Mandibuzz|Foul Play|p1a: O god Im Sick","|-damage|p1a: O god Im Sick|42/334","|move|p1a: O god Im Sick|Pain Split|p2a: Mandibuzz","|-sethp|p2a: Mandibuzz|156/423|p1a: O god Im Sick|156/334|[from] move: Pain Split","|","|turn|26","|","|move|p2a: Mandibuzz|Foul Play|p1a: O god Im Sick","|-crit|p1a: O god Im Sick","|-damage|p1a: O god Im Sick|30/334","|move|p1a: O god Im Sick|Thunderbolt|p2a: Mandibuzz","|-supereffective|p2a: Mandibuzz","|-damage|p2a: Mandibuzz|32/423","|","|turn|27","|","|move|p2a: Mandibuzz|Foul Play|p1a: O god Im Sick","|-damage|p1a: O god Im Sick|0 fnt","|faint|p1a: O god Im Sick","|","|win|SovereignAltair"],"p1rating":{"entryid":"6034648","serverid":"eos","formatid":"monotype","userid":"guarddarkrai","username":"Guard Darkrai","w":"46","l":51,"t":"0","gxe":47.9,"r":"1505.3573432245","rd":"40.605443945392","sigma":"0","rptime":"1438160400","rpr":1484.3432440543,"rprd":38.531245286248,"rpsigma":"0","acre":1037.4806692512,"lacre":1037.4806692512,"oldacre":"1056.7106785463"},"p2rating":{"entryid":"7245784","serverid":"eos","formatid":"monotype","userid":"sovereignaltair","username":"SovereignAltair","w":2,"l":"0","t":"0","gxe":59.3,"r":"1500","rd":"130","sigma":"0","rptime":"1438160400","rpr":1574.7193253219,"rprd":115.93647708292,"rpsigma":"0","acre":1077.9650928716,"lacre":1077.9650928716,"oldacre":"1043.1227900312"},"endType":"normal"}