{"seed":[25568,2985,26082,19426],"turns":19,"p1":"Carnie Marx","p2":"alliance-c-control","p1team":[{"name":"Darude Hailstorm","species":"abomasnow","item":"focussash","ability":"Snow Warning","moves":["blizzard","gigadrain","iceshard","shadowball"],"nature":"Mild","evs":{"hp":248,"atk":8,"def":0,"spa":252,"spd":0,"spe":0},"gender":"M","shiny":true,"ivs":{"hp":31,"atk":31,"def":31,"spa":31,"spd":31,"spe":31}},{"name":"Froslass","species":"Froslass","item":"focussash","ability":"Cursed Body","moves":["destinybond","icebeam","taunt","shadowball"],"nature":"Timid","evs":{"hp":0,"atk":0,"def":0,"spa":252,"spd":4,"spe":252},"ivs":{"hp":31,"atk":31,"def":31,"spa":31,"spd":31,"spe":31}},{"name":"Ice Age","species":"mamoswine","item":"choicescarf","ability":"Thick Fat","moves":["superpower","earthquake","iciclecrash","stoneedge"],"nature":"Jolly","evs":{"hp":0,"atk":252,"def":0,"spa":0,"spd":4,"spe":252},"gender":"M","shiny":true,"ivs":{"hp":31,"atk":31,"def":31,"spa":31,"spd":31,"spe":31}},{"name":"The Titanic","species":"avalugg","item":"rockyhelmet","ability":"Sturdy","moves":["rapidspin","toxic","recover","avalanche"],"nature":"Bold","evs":{"hp":248,"atk":0,"def":252,"spa":0,"spd":8,"spe":0},"gender":"M","shiny":true,"ivs":{"hp":31,"atk":31,"def":31,"spa":31,"spd":31,"spe":31}},{"name":"Kyurem-Black","species":"Kyurem-Black","item":"muscleband","ability":"Teravolt","moves":["fusionbolt","outrage","icebeam","shadowclaw"],"nature":"Naughty","evs":{"hp":248,"atk":252,"def":0,"spa":8,"spd":0,"spe":0},"ivs":{"hp":31,"atk":31,"def":31,"spa":31,"spd":31,"spe":31}},{"name":"King Kold","species":"rotomfrost","item":"leftovers","ability":"Levitate","moves":["discharge","willowisp","painsplit","charge"],"nature":"Calm","evs":{"hp":248,"atk":0,"def":0,"spa":252,"spd":8,"spe":0},"shiny":true,"ivs":{"hp":31,"atk":31,"def":31,"spa":31,"spd":31,"spe":31}}],"p2team":[{"name":"Medicham","species":"Medicham","item":"leftovers","ability":"Pure Power","moves":["batonpass","drainpunch","substitute","acupressure"],"nature":"Jolly","evs":{"hp":248,"atk":8,"def":0,"spa":0,"spd":0,"spe":252},"ivs":{"hp":31,"atk":31,"def":31,"spa":31,"spd":31,"spe":31}},{"name":"Heracross","species":"Heracross","item":"heracronite","ability":"Moxie","moves":["bulletseed","closecombat","rockblast","pinmissile"],"nature":"Adamant","evs":{"hp":248,"atk":252,"def":0,"spa":0,"spd":8,"spe":0},"ivs":{"hp":31,"atk":31,"def":31,"spa":31,"spd":31,"spe":31}},{"name":"Chesnaught","species":"Chesnaught","item":"sitrusberry","ability":"Bulletproof","moves":["drainpunch","ironhead","earthquake","bellydrum"],"nature":"Adamant","evs":{"hp":252,"atk":252,"def":0,"spa":0,"spd":4,"spe":0},"ivs":{"hp":31,"atk":31,"def":31,"spa":31,"spd":31,"spe":31}},{"name":"Gallade","species":"Gallade","item":"galladite","ability":"Steadfast","moves":["drainpunch","psychocut","icepunch","knockoff"],"nature":"Adamant","evs":{"hp":248,"atk":252,"def":0,"spa":0,"spd":8,"spe":0},"ivs":{"hp":31,"atk":31,"def":31,"spa":31,"spd":31,"spe":31}},{"name":"Infernape","species":"Infernape","item":"focussash","ability":"Iron Fist","moves":["closecombat","flareblitz","machpunch","endeavor"],"nature":"Jolly","evs":{"hp":0,"atk":252,"def":0,"spa":0,"spd":4,"spe":252},"ivs":{"hp":31,"atk":31,"def":31,"spa":31,"spd":31,"spe":31}},{"name":"Cobalion","species":"Cobalion","item":"leftovers","ability":"Justified","moves":["flashcannon","stealthrock","thunderwave","voltswitch"],"nature":"Timid","evs":{"hp":0,"atk":0,"def":0,"spa":252,"spd":4,"spe":252},"ivs":{"hp":31,"atk":31,"def":31,"spa":31,"spd":31,"spe":31}}],"log":["|player|p1|Carnie Marx|238","|player|p2|alliance-c-control|190","|gametype|singles","|gen|6","|tier|Monotype","|rated","|rule|Baton Pass Clause: Limit one Baton Passer, can't pass Spe and other stats simultaneously","|rule|Swagger Clause: Swagger is banned","|rule|Same Type Clause: Pokémon in a team must share a type","|clearpoke","|poke|p1|Abomasnow, M, shiny","|poke|p1|Froslass, F","|poke|p1|Mamoswine, M, shiny","|poke|p1|Avalugg, M, shiny","|poke|p1|Kyurem-Black","|poke|p1|Rotom-Frost, shiny","|poke|p2|Medicham, F","|poke|p2|Heracross, F","|poke|p2|Chesnaught, F","|poke|p2|Gallade, M","|poke|p2|Infernape, F","|poke|p2|Cobalion","|rule|Sleep Clause Mod: Limit one foe put to sleep","|rule|Species Clause: Limit one of each Pokémon","|rule|OHKO Clause: OHKO moves are banned","|rule|Moody Clause: Moody is banned","|rule|Evasion Moves Clause: Evasion moves are banned","|rule|Endless Battle Clause: Forcing endless battles is banned","|rule|HP Percentage Mod: HP is shown in percentages","|teampreview","|","|start","|switch|p1a: Kyurem-Black|Kyurem-Black|453/453","|switch|p2a: Gallade|Gallade, M|339/339","|-ability|p1a: Kyurem-Black|Teravolt","|turn|1","|","|move|p1a: Kyurem-Black|Shadow Claw|p2a: Gallade","|-supereffective|p2a: Gallade","|-damage|p2a: Gallade|0 fnt","|faint|p2a: Gallade","|","|","|switch|p2a: Heracross|Heracross, F|363/363","|turn|2","|","|detailschange|p2a: Heracross|Heracross-Mega, F","|-mega|p2a: Heracross|Heracross|Heracronite","|move|p1a: Kyurem-Black|Outrage|p2a: Heracross","|-damage|p2a: Heracross|107/363","|move|p2a: Heracross|Rock Blast|p1a: Kyurem-Black","|-supereffective|p1a: Kyurem-Black","|-damage|p1a: Kyurem-Black|375/453","|-supereffective|p1a: Kyurem-Black","|-damage|p1a: Kyurem-Black|291/453","|-supereffective|p1a: Kyurem-Black","|-damage|p1a: Kyurem-Black|205/453","|-supereffective|p1a: Kyurem-Black","|-damage|p1a: Kyurem-Black|111/453","|-supereffective|p1a: Kyurem-Black","|-damage|p1a: Kyurem-Black|29/453","|-hitcount|p1a: Kyurem-Black|5","|","|turn|3","|","|switch|p2a: Infernape|Infernape, F|293/293","|move|p1a: Kyurem-Black|Outrage|p2a: Infernape","|-enditem|p2a: Infernape|Focus Sash","|-damage|p2a: Infernape|1/293","|","|turn|4","|","|move|p2a: Infernape|Mach Punch|p1a: Kyurem-Black","|-supereffective|p1a: Kyurem-Black","|-damage|p1a: Kyurem-Black|0 fnt","|faint|p1a: Kyurem-Black","|","|","|switch|p1a: Froslass|Froslass, F|281/281","|turn|5","|","|switch|p2a: Cobalion|Cobalion|323/323","|move|p1a: Froslass|Ice Beam|p2a: Cobalion","|-resisted|p2a: Cobalion","|-damage|p2a: Cobalion|251/323","|","|-heal|p2a: Cobalion|271/323|[from] item: Leftovers","|turn|6","|","|move|p1a: Froslass|Taunt|p2a: Cobalion","|-start|p2a: Cobalion|move: Taunt","|cant|p2a: Cobalion|move: Taunt|Stealth Rock","|","|-heal|p2a: Cobalion|291/323|[from] item: Leftovers","|turn|7","|","|move|p1a: Froslass|Shadow Ball|p2a: Cobalion","|-damage|p2a: Cobalion|144/323","|-unboost|p2a: Cobalion|spd|1","|move|p2a: Cobalion|Flash Cannon|p1a: Froslass","|-supereffective|p1a: Froslass","|-enditem|p1a: Froslass|Focus Sash","|-damage|p1a: Froslass|1/281","|","|-heal|p2a: Cobalion|164/323|[from] item: Leftovers","|turn|8","|","|switch|p2a: Chesnaught|Chesnaught, F|380/380","|move|p1a: Froslass|Shadow Ball|p2a: Chesnaught","|-immune|p2a: Chesnaught|[msg]|[from] Bulletproof","|","|turn|9","|","|move|p1a: Froslass|Destiny Bond|p1a: Froslass","|-singlemove|p1a: Froslass|Destiny Bond","|move|p2a: Chesnaught|Iron Head|p1a: Froslass","|-supereffective|p1a: Froslass","|-damage|p1a: Froslass|0 fnt","|-start|p2a: Chesnaught|Disable|Iron Head","|faint|p1a: Froslass","|-activate|p1a: Froslass|Destiny Bond","|faint|p2a: Chesnaught","|","|","|switch|p2a: Medicham|Medicham, F|323/323","|switch|p1a: Darude Hailstorm|Abomasnow, M, shiny|383/383","|-weather|Hail","|turn|10","|","|switch|p1a: The Titanic|Avalugg, M, shiny|393/393","|move|p2a: Medicham|Substitute|p2a: Medicham","|-start|p2a: Medicham|Substitute","|-damage|p2a: Medicham|243/323","|","|-weather|Hail|[upkeep]","|-damage|p2a: Medicham|223/323|[from] hail","|-heal|p2a: Medicham|243/323|[from] item: Leftovers","|turn|11","|","|move|p2a: Medicham|Acupressure|p2a: Medicham","|-boost|p2a: Medicham|atk|2","|move|p1a: The Titanic|Avalanche|p2a: Medicham","|-crit|p2a: Medicham","|-end|p2a: Medicham|Substitute","|","|-weather|Hail|[upkeep]","|-damage|p2a: Medicham|223/323|[from] hail","|-heal|p2a: Medicham|243/323|[from] item: Leftovers","|turn|12","|","|move|p2a: Medicham|Substitute|p2a: Medicham","|-start|p2a: Medicham|Substitute","|-damage|p2a: Medicham|163/323","|move|p1a: The Titanic|Avalanche|p2a: Medicham","|-end|p2a: Medicham|Substitute","|","|-weather|Hail|[upkeep]","|-damage|p2a: Medicham|143/323|[from] hail","|-heal|p2a: Medicham|163/323|[from] item: Leftovers","|turn|13","|","|move|p2a: Medicham|Acupressure|p2a: Medicham","|-boost|p2a: Medicham|accuracy|2","|move|p1a: The Titanic|Avalanche|p2a: Medicham","|-damage|p2a: Medicham|70/323","|","|-weather|Hail|[upkeep]","|-damage|p2a: Medicham|50/323|[from] hail","|-heal|p2a: Medicham|70/323|[from] item: Leftovers","|turn|14","|","|move|p2a: Medicham|Drain Punch|p1a: The Titanic","|-supereffective|p1a: The Titanic","|-damage|p1a: The Titanic|159/393","|-heal|p2a: Medicham|187/323|[from] drain|[of] p1a: The Titanic","|-damage|p2a: Medicham|134/323|[from] item: Rocky Helmet|[of] p1a: The Titanic","|move|p1a: The Titanic|Avalanche|p2a: Medicham","|-damage|p2a: Medicham|0 fnt","|faint|p2a: Medicham","|","|-weather|none","|","|switch|p2a: Heracross|Heracross-Mega, F|107/363","|turn|15","|","|move|p2a: Heracross|Rock Blast|p1a: The Titanic","|-supereffective|p1a: The Titanic","|-damage|p1a: The Titanic|119/393","|-supereffective|p1a: The Titanic","|-damage|p1a: The Titanic|75/393","|-supereffective|p1a: The Titanic","|-damage|p1a: The Titanic|31/393","|-supereffective|p1a: The Titanic","|-damage|p1a: The Titanic|0 fnt","|-hitcount|p1a: The Titanic|4","|faint|p1a: The Titanic","|","|","|switch|p1a: Ice Age|Mamoswine, M, shiny|361/361","|turn|16","|","|move|p1a: Ice Age|Earthquake|p2a: Heracross","|-resisted|p2a: Heracross","|-damage|p2a: Heracross|21/363","|move|p2a: Heracross|Rock Blast|p1a: Ice Age","|-damage|p1a: Ice Age|310/361","|-damage|p1a: Ice Age|255/361","|-damage|p1a: Ice Age|204/361","|-damage|p1a: Ice Age|153/361","|-damage|p1a: Ice Age|100/361","|-hitcount|p1a: Ice Age|5","|","|turn|17","|","|move|p1a: Ice Age|Earthquake|p2a: Heracross","|-resisted|p2a: Heracross","|-damage|p2a: Heracross|0 fnt","|faint|p2a: Heracross","|","|","|switch|p2a: Infernape|Infernape, F|1/293","|turn|18","|","|switch|p2a: Cobalion|Cobalion|164/323","|move|p1a: Ice Age|Earthquake|p2a: Cobalion","|-supereffective|p2a: Cobalion","|-damage|p2a: Cobalion|0 fnt","|faint|p2a: Cobalion","|","|","|switch|p2a: Infernape|Infernape, F|1/293","|turn|19","|","|switch|p1a: Darude Hailstorm|Abomasnow, M, shiny|383/383","|-weather|Hail","|move|p2a: Infernape|Mach Punch|p1a: Darude Hailstorm","|-supereffective|p1a: Darude Hailstorm","|-damage|p1a: Darude Hailstorm|165/383","|","|-weather|Hail|[upkeep]","|-damage|p2a: Infernape|0 fnt|[from] hail","|faint|p2a: Infernape","|","|win|Carnie Marx"],"p1rating":{"entryid":"5821777","serverid":"eos","formatid":"monotype","userid":"carniemarx","username":"Carnie Marx","w":56,"l":"63","t":"0","gxe":47.5,"r":"1477.5908915915","rd":"39.560501039045","sigma":"0","rptime":"1438160400","rpr":1481.310816473,"rprd":38.856960866953,"rpsigma":"0","acre":1105.701713333,"lacre":1105.701713333,"oldacre":"1074.4180103477"},"p2rating":{"entryid":"6440455","serverid":"eos","formatid":"monotype","userid":"allianceccontrol","username":"Alliance-C-Control","w":"208","l":277,"t":"0","gxe":41.5,"r":"1438.3988224777","rd":"25","sigma":"0","rptime":"1438160400","rpr":1435.496818872,"rprd":25,"rpsigma":"0","acre":1076.842763236,"lacre":1076.842763236,"oldacre":"1103.9636315811"},"endType":"normal"}