{"seed":[23574,14345,54294,34293],"turns":25,"p1":"knigkt","p2":"MrNyanNyanz","p1team":[{"name":"Charizard","species":"Charizard","item":"charizarditey","ability":"Solar Power","moves":["flamethrower","roost","solarbeam","focusblast"],"nature":"Timid","evs":{"hp":0,"atk":0,"def":0,"spa":252,"spd":4,"spe":252},"ivs":{"hp":31,"atk":0,"def":31,"spa":31,"spd":31,"spe":31}},{"name":"Landorus-Therian","species":"Landorus-Therian","item":"choiceband","ability":"Intimidate","moves":["earthquake","uturn","knockoff","stoneedge"],"nature":"Adamant","evs":{"hp":4,"atk":252,"def":0,"spa":0,"spd":0,"spe":252},"ivs":{"hp":31,"atk":31,"def":31,"spa":31,"spd":31,"spe":31}},{"name":"Skarmory","species":"Skarmory","item":"rockyhelmet","ability":"Sturdy","moves":["stealthrock","roost","whirlwind","bravebird"],"nature":"Impish","evs":{"hp":248,"atk":0,"def":236,"spa":0,"spd":0,"spe":24},"ivs":{"hp":31,"atk":31,"def":31,"spa":31,"spd":31,"spe":31}},{"name":"Mandibuzz","species":"Mandibuzz","item":"leftovers","ability":"Overcoat","moves":["roost","foulplay","toxic","defog"],"nature":"Bold","evs":{"hp":252,"atk":0,"def":252,"spa":0,"spd":4,"spe":0},"ivs":{"hp":31,"atk":31,"def":31,"spa":31,"spd":31,"spe":31}},{"name":"Dragonite","species":"Dragonite","item":"lumberry","ability":"Multiscale","moves":["outrage","earthquake","extremespeed","dragondance"],"nature":"Adamant","evs":{"hp":0,"atk":252,"def":0,"spa":0,"spd":4,"spe":252},"ivs":{"hp":31,"atk":31,"def":31,"spa":31,"spd":31,"spe":31}},{"name":"Thundurus","species":"Thundurus","item":"lifeorb","ability":"Prankster","moves":["grassknot","hiddenpowerice","thunderbolt","thunderwave"],"nature":"Timid","evs":{"hp":0,"atk":0,"def":0,"spa":252,"spd":4,"spe":252},"ivs":{"hp":31,"atk":31,"def":30,"spa":31,"spd":31,"spe":31}}],"p2team":[{"name":"DragonLord","species":"kyuremblack","item":"choicescarf","ability":"Teravolt","moves":["fly","outrage","fusionbolt","ironhead"],"nature":"Jolly","evs":{"hp":0,"atk":252,"def":0,"spa":0,"spd":4,"spe":252},"ivs":{"hp":31,"atk":31,"def":31,"spa":31,"spd":31,"spe":31}},{"name":"Blu","species":"latios","item":"latiosite","ability":"Levitate","moves":["dragondance","earthquake","dragonclaw","zenheadbutt"],"nature":"Adamant","evs":{"hp":0,"atk":252,"def":0,"spa":0,"spd":4,"spe":252},"ivs":{"hp":31,"atk":31,"def":31,"spa":31,"spd":31,"spe":31}},{"name":"Fish","species":"garchomp","item":"rockyhelmet","ability":"Rough Skin","moves":["earthquake","fireblast","stoneedge","stealthrock"],"nature":"Rash","evs":{"hp":252,"atk":0,"def":252,"spa":4,"spd":0,"spe":0},"ivs":{"hp":31,"atk":31,"def":31,"spa":31,"spd":31,"spe":31}},{"name":"BabyWings","species":"dragonite","item":"weaknesspolicy","ability":"Multiscale","moves":["hurricane","agility","dracometeor","icebeam"],"nature":"Modest","evs":{"hp":252,"atk":0,"def":0,"spa":252,"spd":0,"spe":4},"ivs":{"hp":31,"atk":31,"def":31,"spa":31,"spd":31,"spe":31}},{"name":"Slow?!","species":"goodra","item":"damprock","ability":"Hydration","moves":["rest","curse","dragontail","raindance"],"nature":"Careful","evs":{"hp":248,"atk":8,"def":0,"spa":0,"spd":252,"spe":0},"ivs":{"hp":31,"atk":31,"def":31,"spa":31,"spd":31,"spe":31}},{"name":"Palkia-Fish Form","species":"kingdra","item":"razorclaw","ability":"Swift Swim","moves":["dracometeor","focusenergy","scald","flashcannon"],"nature":"Modest","evs":{"hp":0,"atk":0,"def":0,"spa":252,"spd":4,"spe":252},"ivs":{"hp":31,"atk":31,"def":31,"spa":31,"spd":31,"spe":31}}],"log":["|player|p1|knigkt|knigkt.png","|player|p2|MrNyanNyanz|mrnyannyanz.png","|gametype|singles","|gen|6","|tier|Monotype","|rated","|rule|Baton Pass Clause: Limit one Baton Passer, can't pass Spe and other stats simultaneously","|rule|Swagger Clause: Swagger is banned","|rule|Same Type Clause: Pokémon in a team must share a type","|clearpoke","|poke|p1|Charizard, F","|poke|p1|Landorus-Therian, M","|poke|p1|Skarmory, F","|poke|p1|Mandibuzz, F","|poke|p1|Dragonite, M","|poke|p1|Thundurus, M","|poke|p2|Kyurem-Black","|poke|p2|Latios, M","|poke|p2|Garchomp, F","|poke|p2|Dragonite, M","|poke|p2|Goodra, F","|poke|p2|Kingdra, F","|rule|Sleep Clause Mod: Limit one foe put to sleep","|rule|Species Clause: Limit one of each Pokémon","|rule|OHKO Clause: OHKO moves are banned","|rule|Moody Clause: Moody is banned","|rule|Evasion Moves Clause: Evasion moves are banned","|rule|Endless Battle Clause: Forcing endless battles is banned","|rule|HP Percentage Mod: HP is shown in percentages","|teampreview","|","|start","|switch|p1a: Landorus-Therian|Landorus-Therian, M|320/320","|switch|p2a: Fish|Garchomp, F|420/420","|-ability|p1a: Landorus-Therian|Intimidate","|-unboost|p2a: Fish|atk|1","|turn|1","|","|move|p1a: Landorus-Therian|Earthquake|p2a: Fish","|-damage|p2a: Fish|173/420","|move|p2a: Fish|Stealth Rock|p1a: Landorus-Therian","|-sidestart|p1: knigkt|move: Stealth Rock","|","|turn|2","|","|switch|p1a: Mandibuzz|Mandibuzz, F|424/424","|-damage|p1a: Mandibuzz|318/424|[from] Stealth Rock","|switch|p2a: BabyWings|Dragonite, M|386/386","|","|-heal|p1a: Mandibuzz|344/424|[from] item: Leftovers","|turn|3","|","|move|p2a: BabyWings|Ice Beam|p1a: Mandibuzz","|-supereffective|p1a: Mandibuzz","|-damage|p1a: Mandibuzz|152/424","|move|p1a: Mandibuzz|Defog|p2a: BabyWings","|-unboost|p2a: BabyWings|evasion|1","|-sideend|p1: knigkt|Stealth Rock|[from] move: Defog|[of] p1a: Mandibuzz","|","|-heal|p1a: Mandibuzz|178/424|[from] item: Leftovers","|turn|4","|","|switch|p1a: Charizard|Charizard, F|297/297","|move|p2a: BabyWings|Ice Beam|p1a: Charizard","|-damage|p1a: Charizard|190/297","|","|turn|5","|","|detailschange|p1a: Charizard|Charizard-Mega-Y, F","|-mega|p1a: Charizard|Charizard|Charizardite Y","|-weather|SunnyDay","|move|p1a: Charizard|Roost|p1a: Charizard","|-heal|p1a: Charizard|297/297","|move|p2a: BabyWings|Draco Meteor|p1a: Charizard","|-damage|p1a: Charizard|110/297","|-unboost|p2a: BabyWings|spa|2","|","|-weather|SunnyDay|[upkeep]","|turn|6","|","|switch|p2a: Fish|Garchomp, F|173/420","|move|p1a: Charizard|Roost|p1a: Charizard","|-heal|p1a: Charizard|259/297","|","|-weather|SunnyDay|[upkeep]","|turn|7","|","|move|p1a: Charizard|Solar Beam|p2a: Fish|[still]","|-prepare|p1a: Charizard|Solar Beam|p2a: Fish","|-anim|p1a: Charizard|Solar Beam|p2a: Fish","|-damage|p2a: Fish|0 fnt","|faint|p2a: Fish","|","|-weather|SunnyDay|[upkeep]","|","|switch|p2a: Slow?!|Goodra, F|383/383","|turn|8","|","|move|p1a: Charizard|Focus Blast|p2a: Slow?!|[miss]","|-miss|p1a: Charizard|p2a: Slow?!","|move|p2a: Slow?!|Rain Dance|p2a: Slow?!","|-weather|RainDance","|","|-weather|RainDance|[upkeep]","|turn|9","|","|move|p1a: Charizard|Focus Blast|p2a: Slow?!","|-damage|p2a: Slow?!|288/383","|move|p2a: Slow?!|Dragon Tail|p1a: Charizard","|-damage|p1a: Charizard|175/297","|drag|p1a: Thundurus|Thundurus, M|299/299","|","|-weather|RainDance|[upkeep]","|turn|10","|","|move|p1a: Thundurus|Hidden Power|p2a: Slow?!","|-supereffective|p2a: Slow?!","|-damage|p2a: Slow?!|181/383","|-damage|p1a: Thundurus|270/299|[from] item: Life Orb","|move|p2a: Slow?!|Dragon Tail|p1a: Thundurus","|-damage|p1a: Thundurus|173/299","|drag|p1a: Landorus-Therian|Landorus-Therian, M|320/320","|-ability|p1a: Landorus-Therian|Intimidate","|-unboost|p2a: Slow?!|atk|1","|","|-weather|RainDance|[upkeep]","|turn|11","|","|switch|p2a: BabyWings|Dragonite, M|386/386","|move|p1a: Landorus-Therian|Knock Off|p2a: BabyWings","|-crit|p2a: BabyWings","|-damage|p2a: BabyWings|228/386","|-enditem|p2a: BabyWings|Weakness Policy|[from] move: Knock Off|[of] p1a: Landorus-Therian","|","|-weather|RainDance|[upkeep]","|turn|12","|","|switch|p1a: Charizard|Charizard-Mega-Y, F|175/297","|-weather|SunnyDay","|move|p2a: BabyWings|Agility|p2a: BabyWings","|-boost|p2a: BabyWings|spe|2","|","|-weather|SunnyDay|[upkeep]","|turn|13","|","|move|p2a: BabyWings|Draco Meteor|p1a: Charizard","|-crit|p1a: Charizard","|-damage|p1a: Charizard|0 fnt","|-unboost|p2a: BabyWings|spa|2","|faint|p1a: Charizard","|","|-weather|SunnyDay|[upkeep]","|","|switch|p1a: Dragonite|Dragonite, M|323/323","|turn|14","|","|switch|p2a: Slow?!|Goodra, F|181/383","|move|p1a: Dragonite|Dragon Dance|p1a: Dragonite","|-boost|p1a: Dragonite|atk|1","|-boost|p1a: Dragonite|spe|1","|","|-weather|SunnyDay|[upkeep]","|turn|15","|","|move|p1a: Dragonite|Earthquake|p2a: Slow?!","|-damage|p2a: Slow?!|0 fnt","|faint|p2a: Slow?!","|","|-weather|SunnyDay|[upkeep]","|","|switch|p2a: DragonLord|Kyurem-Black|391/391","|-ability|p2a: DragonLord|Teravolt","|turn|16","|","|switch|p1a: Skarmory|Skarmory, F|333/333","|move|p2a: DragonLord|Outrage|p1a: Skarmory","|-resisted|p1a: Skarmory","|-damage|p1a: Skarmory|256/333","|-damage|p2a: DragonLord|326/391|[from] item: Rocky Helmet|[of] p1a: Skarmory","|","|-weather|none","|turn|17","|","|move|p2a: DragonLord|Outrage|p1a: Skarmory","|-resisted|p1a: Skarmory","|-damage|p1a: Skarmory|181/333","|-damage|p2a: DragonLord|261/391|[from] item: Rocky Helmet|[of] p1a: Skarmory","|move|p1a: Skarmory|Stealth Rock|p2a: DragonLord","|-sidestart|p2: MrNyanNyanz|move: Stealth Rock","|","|turn|18","|","|move|p2a: DragonLord|Outrage|p1a: Skarmory","|-resisted|p1a: Skarmory","|-damage|p1a: Skarmory|106/333","|-damage|p2a: DragonLord|196/391|[from] item: Rocky Helmet|[of] p1a: Skarmory","|-start|p2a: DragonLord|confusion|[fatigue]","|move|p1a: Skarmory|Roost|p1a: Skarmory","|-heal|p1a: Skarmory|273/333","|","|turn|19","|","|switch|p2a: Palkia-Fish Form|Kingdra, F|291/291","|-damage|p2a: Palkia-Fish Form|255/291|[from] Stealth Rock","|move|p1a: Skarmory|Whirlwind|p2a: Palkia-Fish Form","|drag|p2a: BabyWings|Dragonite, M|228/386","|-damage|p2a: BabyWings|132/386|[from] Stealth Rock","|","|turn|20","|","|switch|p1a: Mandibuzz|Mandibuzz, F|178/424","|move|p2a: BabyWings|Ice Beam|p1a: Mandibuzz","|-supereffective|p1a: Mandibuzz","|-damage|p1a: Mandibuzz|0 fnt","|faint|p1a: Mandibuzz","|","|","|switch|p1a: Thundurus|Thundurus, M|173/299","|turn|21","|","|move|p1a: Thundurus|Thunderbolt|p2a: BabyWings","|-damage|p2a: BabyWings|0 fnt","|-damage|p1a: Thundurus|144/299|[from] item: Life Orb","|faint|p2a: BabyWings","|","|","|switch|p2a: Palkia-Fish Form|Kingdra, F|255/291","|-damage|p2a: Palkia-Fish Form|219/291|[from] Stealth Rock","|turn|22","|","|move|p1a: Thundurus|Thunderbolt|p2a: Palkia-Fish Form","|-damage|p2a: Palkia-Fish Form|5/291","|-damage|p1a: Thundurus|115/299|[from] item: Life Orb","|move|p2a: Palkia-Fish Form|Scald|p1a: Thundurus","|-damage|p1a: Thundurus|0 fnt","|faint|p1a: Thundurus","|","|","|switch|p1a: Dragonite|Dragonite, M|323/323","|turn|23","|","|move|p1a: Dragonite|Extreme Speed|p2a: Palkia-Fish Form","|-damage|p2a: Palkia-Fish Form|0 fnt","|faint|p2a: Palkia-Fish Form","|","|","|switch|p2a: DragonLord|Kyurem-Black|196/391","|-damage|p2a: DragonLord|99/391|[from] Stealth Rock","|-ability|p2a: DragonLord|Teravolt","|turn|24","|","|move|p1a: Dragonite|Extreme Speed|p2a: DragonLord","|-damage|p2a: DragonLord|0 fnt","|faint|p2a: DragonLord","|","|","|switch|p2a: Blu|Latios, M|301/301","|-damage|p2a: Blu|264/301|[from] Stealth Rock","|turn|25","|","|detailschange|p2a: Blu|Latios-Mega, M","|-mega|p2a: Blu|Latios|Latiosite","|move|p2a: Blu|Dragon Dance|p2a: Blu","|-boost|p2a: Blu|atk|1","|-boost|p2a: Blu|spe|1","|move|p1a: Dragonite|Outrage|p2a: Blu","|-crit|p2a: Blu","|-supereffective|p2a: Blu","|-damage|p2a: Blu|0 fnt","|faint|p2a: Blu","|","|win|knigkt"],"p1rating":{"entryid":"7028899","serverid":"eos","formatid":"monotype","userid":"knigkt","username":"Knigkt","w":23,"l":"1","t":"0","gxe":80.2,"r":"1762.224222403","rd":"69.812330221414","sigma":"0","rptime":"1438160400","rpr":1768.2279948602,"rprd":68.892191711543,"rpsigma":"0","acre":1412.3825402042,"lacre":1412.3825402042,"oldacre":"1406.0875828007"},"p2rating":{"entryid":"6703862","serverid":"eos","formatid":"monotype","userid":"mrnyannyanz","username":"MrNyanNyanz","w":"16","l":12,"t":"0","gxe":52.6,"r":"1542.2359024055","rd":"68.065334661196","sigma":"0","rptime":"1438160400","rpr":1519.9735811847,"rprd":64.26098983325,"rpsigma":"0","acre":1106.7380521851,"lacre":1106.7380521851,"oldacre":"1114.6067489395"},"endType":"normal"}