{"seed":[12483,51062,23374,29227],"turns":23,"p1":"SeviperM","p2":"xNailz","p1team":[{"name":"Swampert","species":"Swampert","item":"swampertite","ability":"Torrent","moves":["raindance","earthquake","waterfall","poweruppunch"],"nature":"Adamant","evs":{"hp":0,"atk":252,"def":0,"spa":0,"spd":4,"spe":252},"ivs":{"hp":31,"atk":31,"def":31,"spa":31,"spd":31,"spe":31}},{"name":"Politoed","species":"Politoed","item":"leftovers","ability":"Drizzle","moves":["scald","toxic","perishsong","icebeam"],"nature":"Bold","evs":{"hp":252,"atk":0,"def":252,"spa":4,"spd":0,"spe":0},"ivs":{"hp":31,"atk":31,"def":31,"spa":31,"spd":31,"spe":31}},{"name":"Manaphy","species":"Manaphy","item":"wacanberry","ability":"Hydration","moves":["tailglow","surf","icebeam","energyball"],"nature":"Modest","evs":{"hp":96,"atk":0,"def":0,"spa":252,"spd":0,"spe":160},"ivs":{"hp":31,"atk":31,"def":31,"spa":31,"spd":31,"spe":31}},{"name":"Ludicolo","species":"Ludicolo","item":"lifeorb","ability":"Swift Swim","moves":["icebeam","raindance","surf","scald"],"nature":"Modest","evs":{"hp":0,"atk":0,"def":0,"spa":252,"spd":4,"spe":252},"ivs":{"hp":31,"atk":31,"def":31,"spa":31,"spd":31,"spe":31}},{"name":"Azumarill","species":"Azumarill","item":"assaultvest","ability":"Huge Power","moves":["knockoff","aquajet","playrough","icepunch"],"nature":"Adamant","evs":{"hp":240,"atk":252,"def":0,"spa":0,"spd":16,"spe":0},"ivs":{"hp":31,"atk":31,"def":31,"spa":31,"spd":31,"spe":31}},{"name":"Gyarados","species":"Gyarados","item":"lumberry","ability":"Moxie","moves":["dragondance","waterfall","bounce","stoneedge"],"nature":"Adamant","evs":{"hp":0,"atk":252,"def":4,"spa":0,"spd":0,"spe":252},"ivs":{"hp":31,"atk":31,"def":31,"spa":31,"spd":31,"spe":31}}],"p2team":[{"name":"Charizard","species":"Charizard","item":"charizarditey","ability":"Blaze","moves":["solarbeam","flamethrower","dragonpulse","defog"],"nature":"Timid","evs":{"hp":0,"atk":0,"def":0,"spa":252,"spd":4,"spe":252},"ivs":{"hp":31,"atk":0,"def":31,"spa":31,"spd":31,"spe":31}},{"name":"Infernape","species":"Infernape","item":"focussash","ability":"Iron Fist","moves":["closecombat","overheat","machpunch","stealthrock"],"nature":"Naive","evs":{"hp":0,"atk":252,"def":4,"spa":0,"spd":0,"spe":252},"ivs":{"hp":31,"atk":30,"def":30,"spa":31,"spd":31,"spe":31}},{"name":"Victini","species":"Victini","item":"choicescarf","ability":"Victory Star","moves":["vcreate","boltstrike","uturn","zenheadbutt"],"nature":"Naive","evs":{"hp":0,"atk":252,"def":0,"spa":4,"spd":0,"spe":252},"ivs":{"hp":31,"atk":31,"def":31,"spa":31,"spd":31,"spe":31}},{"name":"Arcanine","species":"Arcanine","item":"leftovers","ability":"Intimidate","moves":["willowisp","extremespeed","morningsun","ironhead"],"nature":"Impish","evs":{"hp":240,"atk":0,"def":252,"spa":0,"spd":0,"spe":16},"ivs":{"hp":31,"atk":30,"def":30,"spa":31,"spd":31,"spe":31}},{"name":"Rotom-Heat","species":"Rotom-Heat","item":"leftovers","ability":"Levitate","moves":["thunderwave","overheat","hiddenpowerice","voltswitch"],"nature":"Modest","evs":{"hp":248,"atk":0,"def":0,"spa":8,"spd":252,"spe":0},"ivs":{"hp":31,"atk":30,"def":30,"spa":31,"spd":31,"spe":31}},{"name":"Chandelure","species":"Chandelure","item":"lifeorb","ability":"Infiltrator","moves":["flamethrower","energyball","trickroom","shadowball"],"nature":"Quiet","evs":{"hp":248,"atk":0,"def":8,"spa":252,"spd":0,"spe":0},"ivs":{"hp":31,"atk":30,"def":30,"spa":31,"spd":31,"spe":31}}],"log":["|player|p1|SeviperM|70","|player|p2|xNailz|160","|gametype|singles","|gen|6","|tier|Monotype","|rated","|rule|Baton Pass Clause: Limit one Baton Passer, can't pass Spe and other stats simultaneously","|rule|Swagger Clause: Swagger is banned","|rule|Same Type Clause: Pokémon in a team must share a type","|clearpoke","|poke|p1|Swampert, M","|poke|p1|Politoed, F","|poke|p1|Manaphy","|poke|p1|Ludicolo, F","|poke|p1|Azumarill, M","|poke|p1|Gyarados, M","|poke|p2|Charizard, F","|poke|p2|Infernape, M","|poke|p2|Victini","|poke|p2|Arcanine, M","|poke|p2|Rotom-Heat","|poke|p2|Chandelure, F","|rule|Sleep Clause Mod: Limit one foe put to sleep","|rule|Species Clause: Limit one of each Pokémon","|rule|OHKO Clause: OHKO moves are banned","|rule|Moody Clause: Moody is banned","|rule|Evasion Moves Clause: Evasion moves are banned","|rule|Endless Battle Clause: Forcing endless battles is banned","|rule|HP Percentage Mod: HP is shown in percentages","|teampreview","|","|start","|switch|p1a: Politoed|Politoed, F|384/384","|switch|p2a: Charizard|Charizard, F|297/297","|-weather|RainDance","|turn|1","|","|switch|p1a: Ludicolo|Ludicolo, F|301/301","|detailschange|p2a: Charizard|Charizard-Mega-Y, F","|-mega|p2a: Charizard|Charizard|Charizardite Y","|-weather|SunnyDay","|move|p2a: Charizard|Solar Beam|p1a: Ludicolo|[still]","|-prepare|p2a: Charizard|Solar Beam|p1a: Ludicolo","|-anim|p2a: Charizard|Solar Beam|p1a: Ludicolo","|-crit|p1a: Ludicolo","|-damage|p1a: Ludicolo|68/301","|","|-weather|SunnyDay|[upkeep]","|turn|2","|","|switch|p2a: Rotom-Heat|Rotom-Heat|303/303","|move|p1a: Ludicolo|Rain Dance|p1a: Ludicolo","|-weather|RainDance","|","|-weather|RainDance|[upkeep]","|turn|3","|","|move|p1a: Ludicolo|Surf|p2a: Rotom-Heat","|-supereffective|p2a: Rotom-Heat","|-damage|p2a: Rotom-Heat|0 fnt","|-damage|p1a: Ludicolo|38/301|[from] item: Life Orb","|faint|p2a: Rotom-Heat","|","|-weather|RainDance|[upkeep]","|","|switch|p2a: Arcanine|Arcanine, M|381/381","|-ability|p2a: Arcanine|Intimidate","|-unboost|p1a: Ludicolo|atk|1","|turn|4","|","|move|p2a: Arcanine|Extreme Speed|p1a: Ludicolo","|-damage|p1a: Ludicolo|0 fnt","|faint|p1a: Ludicolo","|","|-weather|RainDance|[upkeep]","|","|switch|p1a: Swampert|Swampert, M|341/341","|turn|5","|","|switch|p2a: Charizard|Charizard-Mega-Y, F|297/297","|-weather|SunnyDay","|detailschange|p1a: Swampert|Swampert-Mega, M","|-mega|p1a: Swampert|Swampert|Swampertite","|move|p1a: Swampert|Rain Dance|p1a: Swampert","|-weather|RainDance","|","|-weather|RainDance|[upkeep]","|turn|6","|","|switch|p2a: Infernape|Infernape, M|293/293","|move|p1a: Swampert|Waterfall|p2a: Infernape","|-supereffective|p2a: Infernape","|-enditem|p2a: Infernape|Focus Sash","|-damage|p2a: Infernape|1/293","|","|-weather|RainDance|[upkeep]","|turn|7","|","|move|p2a: Infernape|Mach Punch|p1a: Swampert","|-damage|p1a: Swampert|269/341","|move|p1a: Swampert|Power-Up Punch|p2a: Infernape","|-crit|p2a: Infernape","|-damage|p2a: Infernape|0 fnt","|-boost|p1a: Swampert|atk|1","|faint|p2a: Infernape","|","|-weather|RainDance|[upkeep]","|","|switch|p2a: Charizard|Charizard-Mega-Y, F|297/297","|-weather|SunnyDay","|turn|8","|","|switch|p2a: Victini|Victini|341/341","|switch|p1a: Politoed|Politoed, F|384/384","|-weather|RainDance","|","|-weather|RainDance|[upkeep]","|turn|9","|","|move|p2a: Victini|U-turn|p1a: Politoed","|-damage|p1a: Politoed|320/384","|","|switch|p2a: Charizard|Charizard-Mega-Y, F|297/297","|-weather|SunnyDay","|move|p1a: Politoed|Toxic|p2a: Charizard","|-status|p2a: Charizard|tox","|","|-weather|SunnyDay|[upkeep]","|-heal|p1a: Politoed|344/384|[from] item: Leftovers","|-damage|p2a: Charizard|279/297 tox|[from] psn","|turn|10","|","|switch|p1a: Azumarill|Azumarill, M|401/401","|move|p2a: Charizard|Solar Beam|p1a: Azumarill|[still]","|-prepare|p2a: Charizard|Solar Beam|p1a: Azumarill","|-anim|p2a: Charizard|Solar Beam|p1a: Azumarill","|-supereffective|p1a: Azumarill","|-damage|p1a: Azumarill|135/401","|","|-weather|SunnyDay|[upkeep]","|-damage|p2a: Charizard|243/297 tox|[from] psn","|turn|11","|","|move|p1a: Azumarill|Aqua Jet|p2a: Charizard","|-supereffective|p2a: Charizard","|-damage|p2a: Charizard|133/297 tox","|move|p2a: Charizard|Flamethrower|p1a: Azumarill","|-resisted|p1a: Azumarill","|-damage|p1a: Azumarill|28/401","|","|-weather|SunnyDay|[upkeep]","|-damage|p2a: Charizard|79/297 tox|[from] psn","|turn|12","|","|switch|p2a: Arcanine|Arcanine, M|381/381","|-ability|p2a: Arcanine|Intimidate","|-unboost|p1a: Azumarill|atk|1","|move|p1a: Azumarill|Aqua Jet|p2a: Arcanine","|-supereffective|p2a: Arcanine","|-damage|p2a: Arcanine|333/381","|","|-weather|SunnyDay|[upkeep]","|-heal|p2a: Arcanine|356/381|[from] item: Leftovers","|turn|13","|","|move|p2a: Arcanine|Will-O-Wisp|p1a: Azumarill","|-status|p1a: Azumarill|brn","|move|p1a: Azumarill|Knock Off|p2a: Arcanine","|-damage|p2a: Arcanine|315/381","|-enditem|p2a: Arcanine|Leftovers|[from] move: Knock Off|[of] p1a: Azumarill","|","|-weather|none","|-damage|p1a: Azumarill|0 fnt|[from] brn","|faint|p1a: Azumarill","|","|switch|p1a: Gyarados|Gyarados, M|331/331","|turn|14","|","|move|p1a: Gyarados|Dragon Dance|p1a: Gyarados","|-boost|p1a: Gyarados|atk|1","|-boost|p1a: Gyarados|spe|1","|move|p2a: Arcanine|Will-O-Wisp|p1a: Gyarados","|-status|p1a: Gyarados|brn","|-enditem|p1a: Gyarados|Lum Berry|[eat]","|-curestatus|p1a: Gyarados|brn","|","|turn|15","|","|move|p1a: Gyarados|Waterfall|p2a: Arcanine","|-supereffective|p2a: Arcanine","|-damage|p2a: Arcanine|0 fnt","|faint|p2a: Arcanine","|-boost|p1a: Gyarados|atk|1|[from] ability: Moxie","|","|","|switch|p2a: Victini|Victini|341/341","|turn|16","|","|move|p2a: Victini|Bolt Strike|p1a: Gyarados","|-supereffective|p1a: Gyarados","|-damage|p1a: Gyarados|0 fnt","|faint|p1a: Gyarados","|","|","|switch|p1a: Swampert|Swampert-Mega, M|269/341","|turn|17","|","|move|p2a: Victini|Bolt Strike|p1a: Swampert","|-immune|p1a: Swampert|[msg]","|move|p1a: Swampert|Rain Dance|p1a: Swampert","|-weather|RainDance","|","|-weather|RainDance|[upkeep]","|turn|18","|","|switch|p2a: Charizard|Charizard-Mega-Y, F|79/297 tox","|-weather|SunnyDay","|move|p1a: Swampert|Waterfall|p2a: Charizard","|-supereffective|p2a: Charizard","|-damage|p2a: Charizard|0 fnt","|faint|p2a: Charizard","|","|-weather|SunnyDay|[upkeep]","|","|switch|p2a: Chandelure|Chandelure, F|323/323","|turn|19","|","|switch|p1a: Politoed|Politoed, F|344/384","|-weather|RainDance","|move|p2a: Chandelure|Trick Room|p2a: Chandelure","|-fieldstart|move: Trick Room|[of] p2a: Chandelure","|","|-weather|RainDance|[upkeep]","|-heal|p1a: Politoed|368/384|[from] item: Leftovers","|turn|20","|","|move|p2a: Chandelure|Energy Ball|p1a: Politoed","|-supereffective|p1a: Politoed","|-damage|p1a: Politoed|64/384","|-unboost|p1a: Politoed|spd|1","|-damage|p2a: Chandelure|291/323|[from] item: Life Orb","|move|p1a: Politoed|Scald|p2a: Chandelure","|-supereffective|p2a: Chandelure","|-damage|p2a: Chandelure|27/323","|","|-weather|RainDance|[upkeep]","|-heal|p1a: Politoed|88/384|[from] item: Leftovers","|turn|21","|","|move|p1a: Politoed|Scald|p2a: Chandelure","|-supereffective|p2a: Chandelure","|-damage|p2a: Chandelure|0 fnt","|faint|p2a: Chandelure","|","|-weather|RainDance|[upkeep]","|-heal|p1a: Politoed|112/384|[from] item: Leftovers","|","|switch|p2a: Victini|Victini|341/341","|turn|22","|","|move|p1a: Politoed|Scald|p2a: Victini","|-supereffective|p2a: Victini","|-damage|p2a: Victini|33/341","|move|p2a: Victini|Zen Headbutt|p1a: Politoed","|-crit|p1a: Politoed","|-damage|p1a: Politoed|0 fnt","|faint|p1a: Politoed","|","|-weather|RainDance|[upkeep]","|","|switch|p1a: Swampert|Swampert-Mega, M|269/341","|turn|23","|","|move|p1a: Swampert|Earthquake|p2a: Victini","|-supereffective|p2a: Victini","|-damage|p2a: Victini|0 fnt","|faint|p2a: Victini","|","|win|SeviperM"],"p1rating":{"entryid":"6047332","serverid":"eos","formatid":"monotype","userid":"seviperm","username":"SeviperM","w":63,"l":"22","t":"0","gxe":72.6,"r":"1706.3142691533","rd":"48.682122327406","sigma":"0","rptime":"1438074000","rpr":1685.0570810164,"rprd":47.209439882612,"rpsigma":"0","acre":1304.5214529096,"lacre":1304.5214529096,"oldacre":"1277.6113339631"},"p2rating":{"entryid":"6782407","serverid":"eos","formatid":"monotype","userid":"xnailz","username":"xNailz","w":"20","l":5,"t":"0","gxe":73.6,"r":"1702.2998887404","rd":"75.126016450248","sigma":"0","rptime":"1438074000","rpr":1696.6129574281,"rprd":69.017426261894,"rpsigma":"0","acre":1282.6808075002,"lacre":1282.6808075002,"oldacre":"1304.2089026574"},"endType":"normal"}