{"seed":[51012,25876,4131,61042],"turns":26,"p1":"GothAzam123","p2":"Hershey Bot","p1team":[{"name":"Mavis xD","species":"audino","item":"audinite","ability":"Regenerator","moves":["dazzlinggleam","calmmind","rest","sleeptalk"],"nature":"Bold","evs":{"hp":252,"atk":0,"def":252,"spa":4,"spd":0,"spe":0},"ivs":{"hp":31,"atk":31,"def":31,"spa":31,"spd":31,"spe":31}},{"name":"Sona :3","species":"meloetta","item":"leftovers","ability":"Serene Grace","moves":["substitute","calmmind","psyshock","thunderbolt"],"nature":"Bold","evs":{"hp":252,"atk":0,"def":252,"spa":0,"spd":4,"spe":0},"ivs":{"hp":31,"atk":31,"def":31,"spa":31,"spd":31,"spe":31}},{"name":"Gemini o3o","species":"ditto","item":"choicescarf","ability":"Imposter","moves":["transform"],"nature":"Naive","evs":{"hp":252,"atk":4,"def":0,"spa":0,"spd":0,"spe":252},"happiness":0,"ivs":{"hp":31,"atk":31,"def":31,"spa":31,"spd":31,"spe":31}},{"name":"Aladdin :D","species":"porygon2","item":"eviolite","ability":"Trace","moves":["thunderbolt","toxic","icebeam","recover"],"nature":"Bold","evs":{"hp":252,"atk":0,"def":252,"spa":0,"spd":4,"spe":0},"ivs":{"hp":31,"atk":31,"def":31,"spa":31,"spd":31,"spe":31}},{"name":"Wendy >.<","species":"chansey","item":"eviolite","ability":"Natural Cure","moves":["softboiled","stealthrock","seismictoss","toxic"],"nature":"Bold","evs":{"hp":4,"atk":0,"def":252,"spa":0,"spd":252,"spe":0},"ivs":{"hp":31,"atk":31,"def":31,"spa":31,"spd":31,"spe":31}},{"name":"Alibaba 0_o","species":"staraptor","item":"leftovers","ability":"Intimidate","moves":["bravebird","closecombat","uturn","roost"],"nature":"Impish","evs":{"hp":252,"atk":4,"def":252,"spa":0,"spd":0,"spe":0},"ivs":{"hp":31,"atk":31,"def":31,"spa":31,"spd":31,"spe":31}}],"p2team":[{"name":"Ferrothorn","species":"Ferrothorn","item":"choiceband","ability":"Iron Barbs","moves":["powerwhip","knockoff","ironhead","poisonjab"],"nature":"Adamant","evs":{"hp":248,"atk":252,"def":0,"spa":0,"spd":8,"spe":0},"ivs":{"hp":31,"atk":31,"def":31,"spa":31,"spd":31,"spe":0}},{"name":"Aggron","species":"Aggron","item":"aggronite","ability":"Sturdy","moves":["headsmash","heavyslam","earthquake","icepunch"],"nature":"Adamant","evs":{"hp":248,"atk":252,"def":0,"spa":0,"spd":8,"spe":0},"ivs":{"hp":31,"atk":31,"def":31,"spa":31,"spd":31,"spe":31}},{"name":"Skarmory","species":"Skarmory","item":"weaknesspolicy","ability":"Weak Armor","moves":["swordsdance","drillpeck","ironhead","rockslide"],"nature":"Jolly","evs":{"hp":4,"atk":252,"def":0,"spa":0,"spd":0,"spe":252},"ivs":{"hp":31,"atk":31,"def":31,"spa":31,"spd":31,"spe":31}},{"name":"Doublade","species":"Doublade","item":"lifeorb","ability":"No Guard","moves":["ironhead","shadowsneak","swordsdance","sacredsword"],"nature":"Adamant","evs":{"hp":248,"atk":252,"def":0,"spa":0,"spd":8,"spe":0},"ivs":{"hp":31,"atk":31,"def":31,"spa":31,"spd":31,"spe":31}},{"name":"Empoleon","species":"Empoleon","item":"assaultvest","ability":"Torrent","moves":["icebeam","hydropump","flashcannon","grassknot"],"nature":"Modest","evs":{"hp":248,"atk":0,"def":0,"spa":252,"spd":8,"spe":0},"ivs":{"hp":31,"atk":31,"def":31,"spa":31,"spd":31,"spe":31}},{"name":"Cobalion","species":"Cobalion","item":"choicescarf","ability":"Justified","moves":["closecombat","ironhead","stoneedge","zenheadbutt"],"nature":"Jolly","evs":{"hp":0,"atk":252,"def":0,"spa":0,"spd":4,"spe":252},"ivs":{"hp":31,"atk":31,"def":31,"spa":31,"spd":31,"spe":31}}],"log":["|player|p1|GothAzam123|266","|player|p2|Hershey Bot|4","|gametype|singles","|gen|6","|tier|Monotype","|rated","|rule|Baton Pass Clause: Limit one Baton Passer, can't pass Spe and other stats simultaneously","|rule|Swagger Clause: Swagger is banned","|rule|Same Type Clause: Pokémon in a team must share a type","|clearpoke","|poke|p1|Audino, F","|poke|p1|Meloetta","|poke|p1|Ditto","|poke|p1|Porygon2","|poke|p1|Chansey, F","|poke|p1|Staraptor, F","|poke|p2|Ferrothorn, F","|poke|p2|Aggron, F","|poke|p2|Skarmory, M","|poke|p2|Doublade, F","|poke|p2|Empoleon, M","|poke|p2|Cobalion","|rule|Sleep Clause Mod: Limit one foe put to sleep","|rule|Species Clause: Limit one of each Pokémon","|rule|OHKO Clause: OHKO moves are banned","|rule|Moody Clause: Moody is banned","|rule|Evasion Moves Clause: Evasion moves are banned","|rule|Endless Battle Clause: Forcing endless battles is banned","|rule|HP Percentage Mod: HP is shown in percentages","|teampreview","|","|start","|switch|p1a: Alibaba 0_o|Staraptor, F|374/374","|switch|p2a: Aggron|Aggron, F|343/343","|-ability|p1a: Alibaba 0_o|Intimidate","|-unboost|p2a: Aggron|atk|1","|turn|1","|","|detailschange|p2a: Aggron|Aggron-Mega, F","|-mega|p2a: Aggron|Aggron|Aggronite","|move|p1a: Alibaba 0_o|Close Combat|p2a: Aggron","|-supereffective|p2a: Aggron","|-damage|p2a: Aggron|256/343","|-unboost|p1a: Alibaba 0_o|def|1","|-unboost|p1a: Alibaba 0_o|spd|1","|move|p2a: Aggron|Heavy Slam|p1a: Alibaba 0_o","|-damage|p1a: Alibaba 0_o|164/374","|","|-heal|p1a: Alibaba 0_o|187/374|[from] item: Leftovers","|turn|2","|","|move|p1a: Alibaba 0_o|Close Combat|p2a: Aggron","|-supereffective|p2a: Aggron","|-damage|p2a: Aggron|180/343","|-unboost|p1a: Alibaba 0_o|def|1","|-unboost|p1a: Alibaba 0_o|spd|1","|move|p2a: Aggron|Ice Punch|p1a: Alibaba 0_o","|-supereffective|p1a: Alibaba 0_o","|-damage|p1a: Alibaba 0_o|0 fnt","|faint|p1a: Alibaba 0_o","|","|","|switch|p1a: Gemini o3o|Ditto|300/300","|-transform|p1a: Gemini o3o|p2a: Aggron","|turn|3","|","|move|p1a: Gemini o3o|Earthquake|p2a: Aggron","|-supereffective|p2a: Aggron","|-damage|p2a: Aggron|114/343","|move|p2a: Aggron|Earthquake|p1a: Gemini o3o","|-supereffective|p1a: Gemini o3o","|-damage|p1a: Gemini o3o|231/300","|","|turn|4","|","|move|p1a: Gemini o3o|Earthquake|p2a: Aggron","|-supereffective|p2a: Aggron","|-damage|p2a: Aggron|51/343","|move|p2a: Aggron|Earthquake|p1a: Gemini o3o","|-supereffective|p1a: Gemini o3o","|-damage|p1a: Gemini o3o|164/300","|","|turn|5","|","|move|p1a: Gemini o3o|Earthquake|p2a: Aggron","|-supereffective|p2a: Aggron","|-damage|p2a: Aggron|0 fnt","|faint|p2a: Aggron","|","|","|switch|p2a: Empoleon|Empoleon, M|371/371","|turn|6","|","|move|p1a: Gemini o3o|Earthquake|p2a: Empoleon","|-supereffective|p2a: Empoleon","|-damage|p2a: Empoleon|159/371","|move|p2a: Empoleon|Hydro Pump|p1a: Gemini o3o","|-damage|p1a: Gemini o3o|0 fnt","|faint|p1a: Gemini o3o","|","|","|switch|p1a: Aladdin :D|Porygon2|374/374","|-ability|p1a: Aladdin :D|Torrent|[from] ability: Trace|[of] p2a: Empoleon","|turn|7","|","|move|p2a: Empoleon|Hydro Pump|p1a: Aladdin :D","|-damage|p1a: Aladdin :D|250/374","|move|p1a: Aladdin :D|Thunderbolt|p2a: Empoleon","|-supereffective|p2a: Empoleon","|-damage|p2a: Empoleon|69/371","|-status|p2a: Empoleon|par","|","|turn|8","|","|move|p1a: Aladdin :D|Thunderbolt|p2a: Empoleon","|-supereffective|p2a: Empoleon","|-damage|p2a: Empoleon|0 fnt","|faint|p2a: Empoleon","|","|","|switch|p2a: Doublade|Doublade, F|321/321","|turn|9","|","|move|p1a: Aladdin :D|Thunderbolt|p2a: Doublade","|-damage|p2a: Doublade|193/321","|move|p2a: Doublade|Swords Dance|p2a: Doublade","|-boost|p2a: Doublade|atk|2","|","|turn|10","|","|move|p1a: Aladdin :D|Thunderbolt|p2a: Doublade","|-damage|p2a: Doublade|73/321","|-status|p2a: Doublade|par","|cant|p2a: Doublade|par","|","|turn|11","|","|move|p1a: Aladdin :D|Thunderbolt|p2a: Doublade","|-damage|p2a: Doublade|0 fnt","|faint|p2a: Doublade","|","|","|switch|p2a: Skarmory|Skarmory, M|272/272","|turn|12","|","|move|p2a: Skarmory|Swords Dance|p2a: Skarmory","|-boost|p2a: Skarmory|atk|2","|move|p1a: Aladdin :D|Thunderbolt|p2a: Skarmory","|-supereffective|p2a: Skarmory","|-damage|p2a: Skarmory|78/272","|-enditem|p2a: Skarmory|Weakness Policy","|-boost|p2a: Skarmory|atk|2|[from] item: Weakness Policy","|-boost|p2a: Skarmory|spa|2|[from] item: Weakness Policy","|","|turn|13","|","|move|p2a: Skarmory|Iron Head|p1a: Aladdin :D","|-damage|p1a: Aladdin :D|100/374","|move|p1a: Aladdin :D|Thunderbolt|p2a: Skarmory","|-supereffective|p2a: Skarmory","|-damage|p2a: Skarmory|0 fnt","|faint|p2a: Skarmory","|","|","|switch|p2a: Ferrothorn|Ferrothorn, F|351/351","|turn|14","|","|move|p1a: Aladdin :D|Thunderbolt|p2a: Ferrothorn","|-resisted|p2a: Ferrothorn","|-damage|p2a: Ferrothorn|320/351","|move|p2a: Ferrothorn|Iron Head|p1a: Aladdin :D","|-damage|p1a: Aladdin :D|4/374","|","|turn|15","|","|move|p1a: Aladdin :D|Recover|p1a: Aladdin :D","|-heal|p1a: Aladdin :D|191/374","|move|p2a: Ferrothorn|Iron Head|p1a: Aladdin :D","|-damage|p1a: Aladdin :D|86/374","|","|turn|16","|","|move|p1a: Aladdin :D|Recover|p1a: Aladdin :D","|-heal|p1a: Aladdin :D|273/374","|move|p2a: Ferrothorn|Iron Head|p1a: Aladdin :D","|-damage|p1a: Aladdin :D|171/374","|","|turn|17","|","|move|p1a: Aladdin :D|Thunderbolt|p2a: Ferrothorn","|-resisted|p2a: Ferrothorn","|-damage|p2a: Ferrothorn|287/351","|move|p2a: Ferrothorn|Iron Head|p1a: Aladdin :D","|-damage|p1a: Aladdin :D|71/374","|","|turn|18","|","|move|p1a: Aladdin :D|Thunderbolt|p2a: Ferrothorn","|-resisted|p2a: Ferrothorn","|-damage|p2a: Ferrothorn|254/351","|move|p2a: Ferrothorn|Iron Head|p1a: Aladdin :D","|-damage|p1a: Aladdin :D|0 fnt","|faint|p1a: Aladdin :D","|","|","|switch|p1a: Sona :3|Meloetta|404/404","|turn|19","|","|move|p1a: Sona :3|Calm Mind|p1a: Sona :3","|-boost|p1a: Sona :3|spa|1","|-boost|p1a: Sona :3|spd|1","|move|p2a: Ferrothorn|Iron Head|p1a: Sona :3","|-damage|p1a: Sona :3|251/404","|","|-heal|p1a: Sona :3|276/404|[from] item: Leftovers","|turn|20","|","|move|p1a: Sona :3|Calm Mind|p1a: Sona :3","|-boost|p1a: Sona :3|spa|1","|-boost|p1a: Sona :3|spd|1","|move|p2a: Ferrothorn|Iron Head|p1a: Sona :3","|-damage|p1a: Sona :3|122/404","|","|-heal|p1a: Sona :3|147/404|[from] item: Leftovers","|turn|21","|","|move|p1a: Sona :3|Thunderbolt|p2a: Ferrothorn","|-resisted|p2a: Ferrothorn","|-damage|p2a: Ferrothorn|173/351","|-status|p2a: Ferrothorn|par","|cant|p2a: Ferrothorn|par","|","|-heal|p1a: Sona :3|172/404|[from] item: Leftovers","|turn|22","|","|move|p1a: Sona :3|Psyshock|p2a: Ferrothorn","|-resisted|p2a: Ferrothorn","|-damage|p2a: Ferrothorn|82/351 par","|cant|p2a: Ferrothorn|par","|","|-heal|p1a: Sona :3|197/404|[from] item: Leftovers","|turn|23","|","|move|p1a: Sona :3|Psyshock|p2a: Ferrothorn","|-resisted|p2a: Ferrothorn","|-damage|p2a: Ferrothorn|0 fnt","|faint|p2a: Ferrothorn","|","|-heal|p1a: Sona :3|222/404|[from] item: Leftovers","|","|switch|p2a: Cobalion|Cobalion|323/323","|turn|24","|","|move|p2a: Cobalion|Close Combat|p1a: Sona :3","|-damage|p1a: Sona :3|74/404","|-unboost|p2a: Cobalion|def|1","|-unboost|p2a: Cobalion|spd|1","|move|p1a: Sona :3|Psyshock|p2a: Cobalion","|-damage|p2a: Cobalion|58/323","|","|-heal|p1a: Sona :3|99/404|[from] item: Leftovers","|turn|25","|","|move|p2a: Cobalion|Close Combat|p1a: Sona :3","|-damage|p1a: Sona :3|0 fnt","|-unboost|p2a: Cobalion|def|1","|-unboost|p2a: Cobalion|spd|1","|faint|p1a: Sona :3","|","|","|switch|p1a: Mavis xD|Audino, F|410/410","|turn|26","|","|move|p2a: Cobalion|Close Combat|p1a: Mavis xD","|-supereffective|p1a: Mavis xD","|-damage|p1a: Mavis xD|158/410","|-unboost|p2a: Cobalion|def|1","|-unboost|p2a: Cobalion|spd|1","|move|p1a: Mavis xD|Dazzling Gleam|p2a: Cobalion","|-damage|p2a: Cobalion|0 fnt","|faint|p2a: Cobalion","|","|win|GothAzam123"],"p1rating":{"entryid":7249467,"formatid":"monotype","userid":"gothazam123","username":"GothAzam123","r":1500,"rd":130,"sigma":0,"rpr":1540.1606143388,"rprd":122.8583080769,"rpsigma":0,"rptime":1438160400,"w":1,"l":0,"t":0,"gxe":55,"acre":1044.6009573369,"lacre":1044.6009573369,"oldacre":1000},"p2rating":{"entryid":"7247948","serverid":"eos","formatid":"monotype","userid":"hersheybot","username":"Hershey Bot","w":"6","l":13,"t":"0","gxe":35.8,"r":"1500","rd":"130","sigma":"0","rptime":"1438160400","rpr":1388.187586561,"rprd":71.129275557878,"rpsigma":"0","acre":1022.2770888244,"lacre":1022.2770888244,"oldacre":"1040.1410654645"},"endType":"normal"}