{"seed":[23444,50322,4826,53609],"turns":21,"p1":"Leade✘ Viewz","p2":"Crystal Bronze0re","p1team":[{"name":"Ferrothorn","species":"Ferrothorn","item":"leftovers","ability":"Iron Barbs","moves":["stealthrock","leechseed","gyroball","protect"],"nature":"Relaxed","evs":{"hp":252,"atk":4,"def":252,"spa":0,"spd":0,"spe":0},"ivs":{"hp":31,"atk":31,"def":31,"spa":31,"spd":31,"spe":0}},{"name":"Heatran","species":"Heatran","item":"choicespecs","ability":"Flash Fire","moves":["fireblast","flamethrower","earthpower","flashcannon"],"nature":"Modest","evs":{"hp":248,"atk":0,"def":0,"spa":252,"spd":8,"spe":0},"ivs":{"hp":31,"atk":31,"def":31,"spa":31,"spd":31,"spe":31}},{"name":"Lucario","species":"Lucario","item":"focussash","ability":"Inner Focus","moves":["swordsdance","closecombat","extremespeed","icepunch"],"nature":"Jolly","evs":{"hp":0,"atk":252,"def":0,"spa":0,"spd":4,"spe":252},"ivs":{"hp":31,"atk":31,"def":31,"spa":31,"spd":31,"spe":31}},{"name":"Magnezone","species":"Magnezone","item":"choicescarf","ability":"Sturdy","moves":["voltswitch","thunderbolt","flashcannon","signalbeam"],"nature":"Timid","evs":{"hp":0,"atk":0,"def":0,"spa":252,"spd":4,"spe":252},"ivs":{"hp":31,"atk":31,"def":31,"spa":31,"spd":31,"spe":31}},{"name":"Scizor","species":"Scizor","item":"scizorite","ability":"Technician","moves":["swordsdance","bulletpunch","knockoff","roost"],"nature":"Adamant","evs":{"hp":248,"atk":252,"def":0,"spa":0,"spd":8,"spe":0},"ivs":{"hp":31,"atk":31,"def":31,"spa":31,"spd":31,"spe":31}},{"name":"Empoleon","species":"Empoleon","item":"leftovers","ability":"Torrent","moves":["defog","scald","knockoff","roar"],"nature":"Calm","evs":{"hp":252,"atk":0,"def":0,"spa":4,"spd":252,"spe":0},"ivs":{"hp":31,"atk":31,"def":31,"spa":31,"spd":31,"spe":31}}],"p2team":[{"name":"Heatran","species":"Heatran","item":"choicescarf","ability":"Flash Fire","moves":["earthpower","fireblast","flashcannon","solarbeam"],"nature":"Timid","evs":{"hp":0,"atk":0,"def":0,"spa":252,"spd":4,"spe":252},"ivs":{"hp":31,"atk":31,"def":31,"spa":31,"spd":31,"spe":31}},{"name":"Charizard","species":"Charizard","item":"charizarditex","ability":"Blaze","moves":["dragondance","dragonrush","thunderpunch","firepunch"],"nature":"Adamant","evs":{"hp":0,"atk":252,"def":0,"spa":0,"spd":4,"spe":252},"ivs":{"hp":31,"atk":31,"def":31,"spa":31,"spd":31,"spe":31}},{"name":"Infernape","species":"Infernape","item":"focussash","ability":"Iron Fist","moves":["swordsdance","machpunch","thunderpunch","firepunch"],"nature":"Jolly","evs":{"hp":0,"atk":252,"def":0,"spa":0,"spd":4,"spe":252},"ivs":{"hp":31,"atk":31,"def":31,"spa":31,"spd":31,"spe":31}},{"name":"Victini","species":"Victini","item":"choicescarf","ability":"Victory Star","moves":["boltstrike","vcreate","uturn","poweruppunch"],"nature":"Jolly","evs":{"hp":0,"atk":252,"def":0,"spa":0,"spd":4,"spe":252},"ivs":{"hp":31,"atk":31,"def":31,"spa":31,"spd":31,"spe":31}},{"name":"Magmortar","species":"Magmortar","item":"heatrock","ability":"Vital Spirit","moves":["sunnyday","clearsmog","flamethrower","taunt"],"nature":"Timid","evs":{"hp":0,"atk":0,"def":0,"spa":252,"spd":8,"spe":248},"ivs":{"hp":31,"atk":31,"def":31,"spa":31,"spd":31,"spe":31}},{"name":"Emboar","species":"Emboar","item":"choiceband","ability":"Reckless","moves":["wildcharge","flareblitz","earthquake","headsmash"],"nature":"Adamant","evs":{"hp":248,"atk":252,"def":0,"spa":0,"spd":8,"spe":0},"ivs":{"hp":31,"atk":31,"def":31,"spa":31,"spd":31,"spe":31}}],"log":["|player|p1|Leade✘ Viewz|169","|player|p2|Crystal Bronze0re|274","|gametype|singles","|gen|6","|tier|Monotype","|rated","|rule|Baton Pass Clause: Limit one Baton Passer, can't pass Spe and other stats simultaneously","|rule|Swagger Clause: Swagger is banned","|rule|Same Type Clause: Pokémon in a team must share a type","|clearpoke","|poke|p1|Ferrothorn, M","|poke|p1|Heatran, M","|poke|p1|Lucario, M","|poke|p1|Magnezone","|poke|p1|Scizor, M","|poke|p1|Empoleon, F","|poke|p2|Heatran, F","|poke|p2|Charizard, F","|poke|p2|Infernape, F","|poke|p2|Victini","|poke|p2|Magmortar, F","|poke|p2|Emboar, M","|rule|Sleep Clause Mod: Limit one foe put to sleep","|rule|Species Clause: Limit one of each Pokémon","|rule|OHKO Clause: OHKO moves are banned","|rule|Moody Clause: Moody is banned","|rule|Evasion Moves Clause: Evasion moves are banned","|rule|Endless Battle Clause: Forcing endless battles is banned","|rule|HP Percentage Mod: HP is shown in percentages","|teampreview","|","|start","|switch|p1a: Magnezone|Magnezone|281/281","|switch|p2a: Emboar|Emboar, M|423/423","|turn|1","|","|move|p1a: Magnezone|Volt Switch|p2a: Emboar","|-damage|p2a: Emboar|249/423","|","|switch|p1a: Ferrothorn|Ferrothorn, M|352/352","|move|p2a: Emboar|Earthquake|p1a: Ferrothorn","|-damage|p1a: Ferrothorn|243/352","|","|-heal|p1a: Ferrothorn|265/352|[from] item: Leftovers","|turn|2","|","|switch|p2a: Magmortar|Magmortar, F|291/291","|move|p1a: Ferrothorn|Stealth Rock|p2a: Magmortar","|-sidestart|p2: Crystal Bronze0re|move: Stealth Rock","|","|-heal|p1a: Ferrothorn|287/352|[from] item: Leftovers","|turn|3","|","|move|p1a: Ferrothorn|Protect|p1a: Ferrothorn","|-singleturn|p1a: Ferrothorn|Protect","|move|p2a: Magmortar|Flamethrower|p1a: Ferrothorn","|-activate|p1a: Ferrothorn|Protect","|","|-heal|p1a: Ferrothorn|309/352|[from] item: Leftovers","|turn|4","|","|switch|p1a: Empoleon|Empoleon, F|372/372","|move|p2a: Magmortar|Taunt|p1a: Empoleon","|-start|p1a: Empoleon|move: Taunt","|","|turn|5","|","|move|p2a: Magmortar|Sunny Day|p2a: Magmortar","|-weather|SunnyDay","|move|p1a: Empoleon|Scald|p2a: Magmortar","|-supereffective|p2a: Magmortar","|-damage|p2a: Magmortar|189/291","|","|-weather|SunnyDay|[upkeep]","|turn|6","|","|switch|p2a: Charizard|Charizard, F|297/297","|-damage|p2a: Charizard|149/297|[from] Stealth Rock","|move|p1a: Empoleon|Knock Off|p2a: Charizard","|-damage|p2a: Charizard|97/297","|","|-weather|SunnyDay|[upkeep]","|-end|p1a: Empoleon|move: Taunt","|turn|7","|","|detailschange|p2a: Charizard|Charizard-Mega-X, F","|-mega|p2a: Charizard|Charizard|Charizardite X","|move|p2a: Charizard|Dragon Dance|p2a: Charizard","|-boost|p2a: Charizard|atk|1","|-boost|p2a: Charizard|spe|1","|move|p1a: Empoleon|Roar|p2a: Charizard","|drag|p2a: Victini|Victini|341/341","|-damage|p2a: Victini|256/341|[from] Stealth Rock","|","|-weather|SunnyDay|[upkeep]","|turn|8","|","|switch|p1a: Heatran|Heatran, M|385/385","|move|p2a: Victini|Bolt Strike|p1a: Heatran","|-damage|p1a: Heatran|259/385","|-status|p1a: Heatran|par","|","|-weather|SunnyDay|[upkeep]","|turn|9","|","|switch|p2a: Heatran|Heatran, F|323/323","|-damage|p2a: Heatran|283/323|[from] Stealth Rock","|move|p1a: Heatran|Fire Blast|p2a: Heatran","|-start|p2a: Heatran|ability: Flash Fire","|","|-weather|SunnyDay|[upkeep]","|turn|10","|","|switch|p1a: Ferrothorn|Ferrothorn, M|309/352","|move|p2a: Heatran|Earth Power|p1a: Ferrothorn","|-damage|p1a: Ferrothorn|211/352","|","|-weather|SunnyDay|[upkeep]","|-heal|p1a: Ferrothorn|233/352|[from] item: Leftovers","|turn|11","|","|-end|p2a: Heatran|ability: Flash Fire|[silent]","|switch|p2a: Infernape|Infernape, F|293/293","|-damage|p2a: Infernape|257/293|[from] Stealth Rock","|move|p1a: Ferrothorn|Protect|p1a: Ferrothorn","|-fail|p1a: Ferrothorn","|","|-weather|SunnyDay|[upkeep]","|-heal|p1a: Ferrothorn|255/352|[from] item: Leftovers","|turn|12","|","|move|p2a: Infernape|Swords Dance|p2a: Infernape","|-boost|p2a: Infernape|atk|2","|move|p1a: Ferrothorn|Gyro Ball|p2a: Infernape","|-resisted|p2a: Infernape","|-damage|p2a: Infernape|155/293","|","|-weather|none","|-heal|p1a: Ferrothorn|277/352|[from] item: Leftovers","|turn|13","|","|move|p2a: Infernape|Mach Punch|p1a: Ferrothorn","|-supereffective|p1a: Ferrothorn","|-damage|p1a: Ferrothorn|101/352","|-damage|p2a: Infernape|119/293|[from] ability: Iron Barbs|[of] p1a: Ferrothorn","|move|p1a: Ferrothorn|Gyro Ball|p2a: Infernape","|-resisted|p2a: Infernape","|-damage|p2a: Infernape|10/293","|","|-heal|p1a: Ferrothorn|123/352|[from] item: Leftovers","|turn|14","|","|move|p2a: Infernape|Mach Punch|p1a: Ferrothorn","|-supereffective|p1a: Ferrothorn","|-damage|p1a: Ferrothorn|0 fnt","|-damage|p2a: Infernape|0 fnt|[from] ability: Iron Barbs|[of] p1a: Ferrothorn","|faint|p2a: Infernape","|faint|p1a: Ferrothorn","|","|","|switch|p1a: Magnezone|Magnezone|281/281","|switch|p2a: Emboar|Emboar, M|249/423","|-damage|p2a: Emboar|197/423|[from] Stealth Rock","|turn|15","|","|move|p1a: Magnezone|Thunderbolt|p2a: Emboar","|-damage|p2a: Emboar|0 fnt","|faint|p2a: Emboar","|","|","|switch|p2a: Heatran|Heatran, F|283/323","|-damage|p2a: Heatran|243/323|[from] Stealth Rock","|turn|16","|","|switch|p1a: Empoleon|Empoleon, F|372/372","|move|p2a: Heatran|Earth Power|p1a: Empoleon","|-supereffective|p1a: Empoleon","|-damage|p1a: Empoleon|224/372","|","|-heal|p1a: Empoleon|247/372|[from] item: Leftovers","|turn|17","|","|move|p2a: Heatran|Earth Power|p1a: Empoleon","|-supereffective|p1a: Empoleon","|-damage|p1a: Empoleon|95/372","|move|p1a: Empoleon|Scald|p2a: Heatran","|-crit|p2a: Heatran","|-supereffective|p2a: Heatran","|-damage|p2a: Heatran|0 fnt","|faint|p2a: Heatran","|","|-heal|p1a: Empoleon|118/372|[from] item: Leftovers","|","|switch|p2a: Charizard|Charizard-Mega-X, F|97/297","|-damage|p2a: Charizard|23/297|[from] Stealth Rock","|turn|18","|","|move|p2a: Charizard|Thunder Punch|p1a: Empoleon","|-supereffective|p1a: Empoleon","|-damage|p1a: Empoleon|0 fnt","|faint|p1a: Empoleon","|","|","|switch|p1a: Magnezone|Magnezone|281/281","|turn|19","|","|move|p1a: Magnezone|Thunderbolt|p2a: Charizard","|-resisted|p2a: Charizard","|-damage|p2a: Charizard|0 fnt","|faint|p2a: Charizard","|","|","|switch|p2a: Magmortar|Magmortar, F|189/291","|-damage|p2a: Magmortar|117/291|[from] Stealth Rock","|turn|20","|","|move|p1a: Magnezone|Thunderbolt|p2a: Magmortar","|-damage|p2a: Magmortar|0 fnt","|faint|p2a: Magmortar","|","|","|switch|p2a: Victini|Victini|256/341","|-damage|p2a: Victini|171/341|[from] Stealth Rock","|turn|21","|","|move|p2a: Victini|V-create|p1a: Magnezone","|-supereffective|p1a: Magnezone","|-activate|p1a: Magnezone|Sturdy","|-damage|p1a: Magnezone|1/281","|-unboost|p2a: Victini|def|1","|-unboost|p2a: Victini|spd|1","|-unboost|p2a: Victini|spe|1","|move|p1a: Magnezone|Thunderbolt|p2a: Victini","|-damage|p2a: Victini|0 fnt","|faint|p2a: Victini","|","|win|Leade✘ Viewz"],"p1rating":{"entryid":"6898543","serverid":"eos","formatid":"monotype","userid":"leadeviewz","username":"Leade✘ Viewz","w":87,"l":"38","t":"0","gxe":71.3,"r":"1669.6286558183","rd":"37.065176608989","sigma":"0","rptime":"1438160400","rpr":1672.013327084,"rprd":36.889512417246,"rpsigma":"0","acre":1400.4482679541,"lacre":1400.4482679541,"oldacre":"1391.5008556159"},"p2rating":{"entryid":"6377401","serverid":"eos","formatid":"monotype","userid":"crystalbronze0re","username":"Crystal Bronze0re","w":"107","l":87,"t":"0","gxe":54.3,"r":"1526.8023710237","rd":"36.718765812802","sigma":"0","rptime":"1438160400","rpr":1532.5969384993,"rprd":35.681350897922,"rpsigma":"0","acre":1164.1564524448,"lacre":1164.1564524448,"oldacre":"1175.3407178675"},"endType":"normal"}