{"seed":[23927,38569,3864,35354],"turns":34,"p1":"Wаrden Arguѕ","p2":"MasterrSage.","p1team":[{"name":"Sableye","species":"Sableye","item":"leftovers","ability":"Prankster","moves":["knockoff","willowisp","recover","taunt"],"nature":"Bold","evs":{"hp":228,"atk":0,"def":252,"spa":0,"spd":0,"spe":28},"gender":"M","ivs":{"hp":31,"atk":0,"def":31,"spa":31,"spd":31,"spe":31}},{"name":"Aegislash","species":"Aegislash","item":"weaknesspolicy","ability":"Stance Change","moves":["kingsshield","sacredsword","shadowball","shadowsneak"],"nature":"Lonely","evs":{"hp":0,"atk":252,"def":0,"spa":240,"spd":0,"spe":16},"gender":"M","shiny":true,"ivs":{"hp":31,"atk":31,"def":31,"spa":31,"spd":31,"spe":31}},{"name":"Jellicent","species":"Jellicent","item":"leftovers","ability":"Cursed Body","moves":["toxic","scald","recover","acidarmor"],"nature":"Calm","evs":{"hp":252,"atk":0,"def":0,"spa":0,"spd":252,"spe":4},"gender":"M","ivs":{"hp":31,"atk":0,"def":31,"spa":31,"spd":31,"spe":31},"shiny":true},{"name":"Golurk","species":"Golurk","item":"focussash","ability":"No Guard","moves":["stealthrock","stoneedge","dynamicpunch","curse"],"nature":"Adamant","evs":{"hp":0,"atk":252,"def":0,"spa":0,"spd":4,"spe":252},"shiny":true,"ivs":{"hp":31,"atk":31,"def":31,"spa":31,"spd":31,"spe":31}},{"name":"Chandelure","species":"Chandelure","item":"choicescarf","ability":"Infiltrator","moves":["flamethrower","shadowball","energyball","trick"],"nature":"Modest","evs":{"hp":0,"atk":0,"def":0,"spa":252,"spd":4,"spe":252},"gender":"F","ivs":{"hp":31,"atk":0,"def":31,"spa":31,"spd":31,"spe":31}},{"name":"Gengar","species":"Gengar","item":"focussash","ability":"Levitate","moves":["destinybond","sludgebomb","shadowball","energyball"],"nature":"Timid","evs":{"hp":0,"atk":0,"def":0,"spa":252,"spd":4,"spe":252},"gender":"F","ivs":{"hp":31,"atk":0,"def":31,"spa":31,"spd":31,"spe":31},"shiny":true}],"p2team":[{"name":"Aegislash","species":"Aegislash","item":"leftovers","ability":"Stance Change","moves":["kingsshield","shadowsneak","swordsdance","sacredsword"],"nature":"Adamant","evs":{"hp":248,"atk":252,"def":0,"spa":0,"spd":8,"spe":0},"shiny":true,"ivs":{"hp":31,"atk":31,"def":31,"spa":31,"spd":31,"spe":31}},{"name":"Spiritomb","species":"Spiritomb","item":"leftovers","ability":"Infiltrator","moves":["darkpulse","willowisp","shadowsneak","confuseray"],"nature":"Gentle","evs":{"hp":252,"atk":4,"def":0,"spa":0,"spd":252,"spe":0},"shiny":true,"ivs":{"hp":31,"atk":31,"def":31,"spa":31,"spd":31,"spe":31}},{"name":"Cofagrigus","species":"Cofagrigus","item":"leftovers","ability":"Mummy","moves":["infestation","toxicspikes","hex","willowisp"],"nature":"Calm","evs":{"hp":252,"atk":0,"def":0,"spa":4,"spd":252,"spe":0},"shiny":true,"ivs":{"hp":31,"atk":31,"def":31,"spa":31,"spd":31,"spe":31}},{"name":"Dusknoir","species":"Dusknoir","item":"leftovers","ability":"Frisk","moves":["infestation","curse","shadowsneak","poweruppunch"],"nature":"Lonely","evs":{"hp":248,"atk":252,"def":0,"spa":8,"spd":0,"spe":0},"shiny":true,"ivs":{"hp":31,"atk":31,"def":31,"spa":31,"spd":31,"spe":31}},{"name":"Golurk","species":"Golurk","item":"choicescarf","ability":"No Guard","moves":["dynamicpunch","earthquake","icepunch","shadowpunch"],"nature":"Jolly","evs":{"hp":0,"atk":252,"def":0,"spa":0,"spd":4,"spe":252},"shiny":true,"ivs":{"hp":31,"atk":31,"def":31,"spa":31,"spd":31,"spe":31}},{"name":"Gengar","species":"Gengar","item":"choicescarf","ability":"Levitate","moves":["sludgewave","dazzlinggleam","darkpulse","destinybond"],"nature":"Timid","evs":{"hp":0,"atk":0,"def":0,"spa":252,"spd":4,"spe":252},"shiny":true,"ivs":{"hp":31,"atk":31,"def":31,"spa":31,"spd":31,"spe":31}}],"log":["|player|p1|Wаrden Arguѕ|144","|player|p2|MasterrSage.|154","|gametype|singles","|gen|6","|tier|Monotype","|rated","|rule|Baton Pass Clause: Limit one Baton Passer, can't pass Spe and other stats simultaneously","|rule|Swagger Clause: Swagger is banned","|rule|Same Type Clause: Pokémon in a team must share a type","|clearpoke","|poke|p1|Sableye, M","|poke|p1|Aegislash, M, shiny","|poke|p1|Jellicent, M, shiny","|poke|p1|Golurk, shiny","|poke|p1|Chandelure, F","|poke|p1|Gengar, F, shiny","|poke|p2|Aegislash, F, shiny","|poke|p2|Spiritomb, M, shiny","|poke|p2|Cofagrigus, F, shiny","|poke|p2|Dusknoir, M, shiny","|poke|p2|Golurk, shiny","|poke|p2|Gengar, F, shiny","|rule|Sleep Clause Mod: Limit one foe put to sleep","|rule|Species Clause: Limit one of each Pokémon","|rule|OHKO Clause: OHKO moves are banned","|rule|Moody Clause: Moody is banned","|rule|Evasion Moves Clause: Evasion moves are banned","|rule|Endless Battle Clause: Forcing endless battles is banned","|rule|HP Percentage Mod: HP is shown in percentages","|teampreview","|","|start","|switch|p1a: Sableye|Sableye, M|298/298","|switch|p2a: Spiritomb|Spiritomb, M, shiny|304/304","|turn|1","|","|move|p1a: Sableye|Taunt|p2a: Spiritomb","|-start|p2a: Spiritomb|move: Taunt","|move|p2a: Spiritomb|Dark Pulse|p1a: Sableye","|-damage|p1a: Sableye|171/298","|","|-heal|p1a: Sableye|189/298|[from] item: Leftovers","|turn|2","|","|move|p1a: Sableye|Will-O-Wisp|p2a: Spiritomb","|-status|p2a: Spiritomb|brn","|move|p2a: Spiritomb|Dark Pulse|p1a: Sableye","|-damage|p1a: Sableye|60/298","|","|-heal|p1a: Sableye|78/298|[from] item: Leftovers","|-damage|p2a: Spiritomb|266/304 brn|[from] brn","|turn|3","|","|move|p1a: Sableye|Recover|p1a: Sableye","|-heal|p1a: Sableye|227/298","|move|p2a: Spiritomb|Dark Pulse|p1a: Sableye","|-damage|p1a: Sableye|100/298","|","|-heal|p1a: Sableye|118/298|[from] item: Leftovers","|-heal|p2a: Spiritomb|285/304 brn|[from] item: Leftovers","|-damage|p2a: Spiritomb|247/304 brn|[from] brn","|-end|p2a: Spiritomb|move: Taunt","|turn|4","|","|move|p1a: Sableye|Recover|p1a: Sableye","|-heal|p1a: Sableye|267/298","|move|p2a: Spiritomb|Shadow Sneak|p1a: Sableye","|-damage|p1a: Sableye|249/298","|","|-heal|p1a: Sableye|267/298|[from] item: Leftovers","|-heal|p2a: Spiritomb|266/304 brn|[from] item: Leftovers","|-damage|p2a: Spiritomb|228/304 brn|[from] brn","|turn|5","|","|switch|p1a: Jellicent|Jellicent, M, shiny|404/404","|move|p2a: Spiritomb|Confuse Ray|p1a: Jellicent","|-start|p1a: Jellicent|confusion","|","|-heal|p2a: Spiritomb|247/304 brn|[from] item: Leftovers","|-damage|p2a: Spiritomb|209/304 brn|[from] brn","|turn|6","|","|-activate|p1a: Jellicent|confusion","|move|p1a: Jellicent|Acid Armor|p1a: Jellicent","|-boost|p1a: Jellicent|def|2","|move|p2a: Spiritomb|Dark Pulse|p1a: Jellicent","|-supereffective|p1a: Jellicent","|-damage|p1a: Jellicent|272/404","|","|-heal|p1a: Jellicent|297/404|[from] item: Leftovers","|-heal|p2a: Spiritomb|228/304 brn|[from] item: Leftovers","|-damage|p2a: Spiritomb|190/304 brn|[from] brn","|turn|7","|","|-activate|p1a: Jellicent|confusion","|-damage|p1a: Jellicent|286/404|[from] confusion","|move|p2a: Spiritomb|Will-O-Wisp|p1a: Jellicent|[miss]","|-miss|p2a: Spiritomb|p1a: Jellicent","|","|-heal|p1a: Jellicent|311/404|[from] item: Leftovers","|-heal|p2a: Spiritomb|209/304 brn|[from] item: Leftovers","|-damage|p2a: Spiritomb|171/304 brn|[from] brn","|turn|8","|","|switch|p1a: Chandelure|Chandelure, F|261/261","|move|p2a: Spiritomb|Will-O-Wisp|p1a: Chandelure","|-immune|p1a: Chandelure|[msg]","|","|-heal|p2a: Spiritomb|190/304 brn|[from] item: Leftovers","|-damage|p2a: Spiritomb|152/304 brn|[from] brn","|turn|9","|","|move|p1a: Chandelure|Flamethrower|p2a: Spiritomb","|-damage|p2a: Spiritomb|29/304 brn","|move|p2a: Spiritomb|Dark Pulse|p1a: Chandelure","|-supereffective|p1a: Chandelure","|-damage|p1a: Chandelure|67/261","|","|-heal|p2a: Spiritomb|48/304 brn|[from] item: Leftovers","|-damage|p2a: Spiritomb|10/304 brn|[from] brn","|turn|10","|","|switch|p1a: Sableye|Sableye, M|267/298","|move|p2a: Spiritomb|Shadow Sneak|p1a: Sableye","|-damage|p1a: Sableye|247/298","|","|-heal|p1a: Sableye|265/298|[from] item: Leftovers","|-heal|p2a: Spiritomb|29/304 brn|[from] item: Leftovers","|-damage|p2a: Spiritomb|0 fnt|[from] brn","|faint|p2a: Spiritomb","|","|switch|p2a: Gengar|Gengar, F, shiny|261/261","|turn|11","|","|switch|p1a: Jellicent|Jellicent, M, shiny|311/404","|move|p2a: Gengar|Dazzling Gleam|p1a: Jellicent","|-damage|p1a: Jellicent|247/404","|-start|p2a: Gengar|Disable|Dazzling Gleam","|","|-heal|p1a: Jellicent|272/404|[from] item: Leftovers","|turn|12","|","|switch|p2a: Cofagrigus|Cofagrigus, F, shiny|320/320","|move|p1a: Jellicent|Scald|p2a: Cofagrigus","|-damage|p2a: Cofagrigus|265/320","|-status|p2a: Cofagrigus|brn","|","|-heal|p1a: Jellicent|297/404|[from] item: Leftovers","|-heal|p2a: Cofagrigus|285/320 brn|[from] item: Leftovers","|-damage|p2a: Cofagrigus|245/320 brn|[from] brn","|turn|13","|","|move|p1a: Jellicent|Scald|p2a: Cofagrigus","|-crit|p2a: Cofagrigus","|-damage|p2a: Cofagrigus|163/320 brn","|move|p2a: Cofagrigus|Will-O-Wisp|p1a: Jellicent","|-status|p1a: Jellicent|brn","|","|-heal|p1a: Jellicent|322/404 brn|[from] item: Leftovers","|-heal|p2a: Cofagrigus|183/320 brn|[from] item: Leftovers","|-damage|p1a: Jellicent|272/404 brn|[from] brn","|-damage|p2a: Cofagrigus|143/320 brn|[from] brn","|turn|14","|","|move|p1a: Jellicent|Recover|p1a: Jellicent","|-heal|p1a: Jellicent|404/404 brn","|move|p2a: Cofagrigus|Hex|p1a: Jellicent","|-supereffective|p1a: Jellicent","|-damage|p1a: Jellicent|200/404 brn","|","|-heal|p1a: Jellicent|225/404 brn|[from] item: Leftovers","|-heal|p2a: Cofagrigus|163/320 brn|[from] item: Leftovers","|-damage|p1a: Jellicent|175/404 brn|[from] brn","|-damage|p2a: Cofagrigus|123/320 brn|[from] brn","|turn|15","|","|move|p1a: Jellicent|Recover|p1a: Jellicent","|-heal|p1a: Jellicent|377/404 brn","|move|p2a: Cofagrigus|Toxic Spikes|p1a: Jellicent","|-sidestart|p1: Wаrden Arguѕ|move: Toxic Spikes","|","|-heal|p1a: Jellicent|402/404 brn|[from] item: Leftovers","|-heal|p2a: Cofagrigus|143/320 brn|[from] item: Leftovers","|-damage|p1a: Jellicent|352/404 brn|[from] brn","|-damage|p2a: Cofagrigus|103/320 brn|[from] brn","|turn|16","|","|move|p1a: Jellicent|Scald|p2a: Cofagrigus","|-damage|p2a: Cofagrigus|42/320 brn","|move|p2a: Cofagrigus|Toxic Spikes|p1a: Jellicent","|-sidestart|p1: Wаrden Arguѕ|move: Toxic Spikes","|","|-heal|p1a: Jellicent|377/404 brn|[from] item: Leftovers","|-heal|p2a: Cofagrigus|62/320 brn|[from] item: Leftovers","|-damage|p1a: Jellicent|327/404 brn|[from] brn","|-damage|p2a: Cofagrigus|22/320 brn|[from] brn","|turn|17","|","|move|p1a: Jellicent|Scald|p2a: Cofagrigus","|-damage|p2a: Cofagrigus|0 fnt","|faint|p2a: Cofagrigus","|","|-heal|p1a: Jellicent|352/404 brn|[from] item: Leftovers","|-damage|p1a: Jellicent|302/404 brn|[from] brn","|","|switch|p2a: Gengar|Gengar, F, shiny|261/261","|turn|18","|","|move|p2a: Gengar|Dark Pulse|p1a: Jellicent","|-supereffective|p1a: Jellicent","|-damage|p1a: Jellicent|178/404 brn","|move|p1a: Jellicent|Scald|p2a: Gengar","|-damage|p2a: Gengar|155/261","|-status|p2a: Gengar|brn","|","|-heal|p1a: Jellicent|203/404 brn|[from] item: Leftovers","|-damage|p2a: Gengar|123/261 brn|[from] brn","|-damage|p1a: Jellicent|153/404 brn|[from] brn","|turn|19","|","|move|p2a: Gengar|Dark Pulse|p1a: Jellicent","|-supereffective|p1a: Jellicent","|-damage|p1a: Jellicent|15/404 brn","|move|p1a: Jellicent|Recover|p1a: Jellicent","|-heal|p1a: Jellicent|217/404 brn","|","|-heal|p1a: Jellicent|242/404 brn|[from] item: Leftovers","|-damage|p2a: Gengar|91/261 brn|[from] brn","|-damage|p1a: Jellicent|192/404 brn|[from] brn","|turn|20","|","|move|p2a: Gengar|Dark Pulse|p1a: Jellicent","|-supereffective|p1a: Jellicent","|-damage|p1a: Jellicent|64/404 brn","|move|p1a: Jellicent|Recover|p1a: Jellicent","|-heal|p1a: Jellicent|266/404 brn","|","|-heal|p1a: Jellicent|291/404 brn|[from] item: Leftovers","|-damage|p2a: Gengar|59/261 brn|[from] brn","|-damage|p1a: Jellicent|241/404 brn|[from] brn","|turn|21","|","|switch|p2a: Dusknoir|Dusknoir, M, shiny|293/293","|-item|p1a: Jellicent|Leftovers|[from] ability: Frisk|[of] p2a: Dusknoir|[identify]","|move|p1a: Jellicent|Recover|p1a: Jellicent","|-heal|p1a: Jellicent|404/404 brn","|","|-damage|p1a: Jellicent|354/404 brn|[from] brn","|turn|22","|","|move|p1a: Jellicent|Acid Armor|p1a: Jellicent","|-boost|p1a: Jellicent|def|2","|move|p2a: Dusknoir|Infestation|p1a: Jellicent","|-resisted|p1a: Jellicent","|-damage|p1a: Jellicent|350/404 brn","|-start|p2a: Dusknoir|Disable|Infestation","|-activate|p1a: Jellicent|move: Infestation|[of] p2a: Dusknoir","|","|-heal|p1a: Jellicent|375/404 brn|[from] item: Leftovers","|-damage|p1a: Jellicent|325/404 brn|[from] brn","|-damage|p1a: Jellicent|275/404 brn|[from] move: Infestation|[partiallytrapped]","|turn|23","|","|move|p1a: Jellicent|Toxic|p2a: Dusknoir|[miss]","|-miss|p1a: Jellicent|p2a: Dusknoir","|move|p2a: Dusknoir|Curse|p1a: Jellicent","|-start|p1a: Jellicent|Curse|[of] p2a: Dusknoir","|-damage|p2a: Dusknoir|147/293","|","|-heal|p1a: Jellicent|300/404 brn|[from] item: Leftovers","|-heal|p2a: Dusknoir|165/293|[from] item: Leftovers","|-damage|p1a: Jellicent|250/404 brn|[from] brn","|-damage|p1a: Jellicent|149/404 brn|[from] Curse","|-damage|p1a: Jellicent|99/404 brn|[from] move: Infestation|[partiallytrapped]","|turn|24","|","|move|p2a: Dusknoir|Shadow Sneak|p1a: Jellicent","|-supereffective|p1a: Jellicent","|-damage|p1a: Jellicent|15/404 brn","|move|p1a: Jellicent|Scald|p2a: Dusknoir","|-damage|p2a: Dusknoir|102/293","|-status|p2a: Dusknoir|brn","|","|-heal|p1a: Jellicent|40/404 brn|[from] item: Leftovers","|-heal|p2a: Dusknoir|120/293 brn|[from] item: Leftovers","|-damage|p1a: Jellicent|0 fnt|[from] brn","|-damage|p2a: Dusknoir|84/293 brn|[from] brn","|faint|p1a: Jellicent","|","|switch|p1a: Gengar|Gengar, F, shiny|261/261","|turn|25","|","|move|p2a: Dusknoir|Shadow Sneak|p1a: Gengar","|-supereffective|p1a: Gengar","|-damage|p1a: Gengar|165/261","|move|p1a: Gengar|Shadow Ball|p2a: Dusknoir","|-supereffective|p2a: Dusknoir","|-damage|p2a: Dusknoir|0 fnt","|faint|p2a: Dusknoir","|","|","|switch|p2a: Gengar|Gengar, F, shiny|59/261 brn","|turn|26","|","|move|p2a: Gengar|Dark Pulse|p1a: Gengar","|-supereffective|p1a: Gengar","|-damage|p1a: Gengar|0 fnt","|faint|p1a: Gengar","|","|-damage|p2a: Gengar|27/261 brn|[from] brn","|","|switch|p1a: Aegislash|Aegislash, M, shiny|261/261","|turn|27","|","|-formechange|p1a: Aegislash|Aegislash-Blade","|move|p1a: Aegislash|Shadow Sneak|p2a: Gengar","|-supereffective|p2a: Gengar","|-damage|p2a: Gengar|0 fnt","|faint|p2a: Gengar","|","|","|switch|p2a: Golurk|Golurk, shiny|319/319","|turn|28","|","|switch|p1a: Golurk|Golurk, shiny|319/319","|-status|p1a: Golurk|tox","|move|p2a: Golurk|Dynamic Punch|p1a: Golurk","|-immune|p1a: Golurk|[msg]","|","|-damage|p1a: Golurk|300/319 tox|[from] psn","|turn|29","|","|switch|p2a: Aegislash|Aegislash, F, shiny|323/323","|move|p1a: Golurk|Curse|p2a: Aegislash","|-start|p2a: Aegislash|Curse|[of] p1a: Golurk","|-damage|p1a: Golurk|141/319 tox","|","|-damage|p1a: Golurk|103/319 tox|[from] psn","|-damage|p2a: Aegislash|243/323|[from] Curse","|turn|30","|","|-formechange|p2a: Aegislash|Aegislash-Blade","|move|p2a: Aegislash|Shadow Sneak|p1a: Golurk","|-supereffective|p1a: Golurk","|-damage|p1a: Golurk|0 fnt","|faint|p1a: Golurk","|","|-heal|p2a: Aegislash|263/323|[from] item: Leftovers","|-damage|p2a: Aegislash|183/323|[from] Curse","|","|switch|p1a: Aegislash|Aegislash, M, shiny|261/261","|turn|31","|","|-formechange|p2a: Aegislash|Aegislash","|move|p2a: Aegislash|King's Shield|p2a: Aegislash","|-singleturn|p2a: Aegislash|Protect","|-formechange|p1a: Aegislash|Aegislash-Blade","|move|p1a: Aegislash|Shadow Ball|p2a: Aegislash","|-activate|p2a: Aegislash|Protect","|","|-heal|p2a: Aegislash|203/323|[from] item: Leftovers","|-damage|p2a: Aegislash|123/323|[from] Curse","|turn|32","|","|-formechange|p1a: Aegislash|Aegislash","|move|p1a: Aegislash|King's Shield|p1a: Aegislash","|-singleturn|p1a: Aegislash|Protect","|-formechange|p2a: Aegislash|Aegislash-Blade","|move|p2a: Aegislash|Shadow Sneak|p1a: Aegislash","|-activate|p1a: Aegislash|Protect","|-unboost|p2a: Aegislash|atk|2","|","|-heal|p2a: Aegislash|143/323|[from] item: Leftovers","|-damage|p2a: Aegislash|63/323|[from] Curse","|turn|33","|","|switch|p2a: Golurk|Golurk, shiny|319/319","|-formechange|p1a: Aegislash|Aegislash-Blade","|move|p1a: Aegislash|Shadow Ball|p2a: Golurk","|-supereffective|p2a: Golurk","|-damage|p2a: Golurk|0 fnt","|faint|p2a: Golurk","|","|","|switch|p2a: Aegislash|Aegislash, F, shiny|63/323","|turn|34","|","|move|p1a: Aegislash|Shadow Sneak|p2a: Aegislash","|-supereffective|p2a: Aegislash","|-damage|p2a: Aegislash|0 fnt","|faint|p2a: Aegislash","|","|win|Wаrden Arguѕ"],"p1rating":{"entryid":"7252450","serverid":"eos","formatid":"monotype","userid":"wrdenargu","username":"Wаrden Arguѕ","w":16,"l":"2","t":"0","gxe":75.1,"r":"1500","rd":"130","sigma":"0","rptime":"1438160400","rpr":1711.9793939879,"rprd":71.790128144987,"rpsigma":"0","acre":1310.0712190682,"lacre":1310.0712190682,"oldacre":"1298.9309006956"},"p2rating":{"entryid":"6976480","serverid":"eos","formatid":"monotype","userid":"masterrsage","username":"MasterrSage.","w":"35","l":31,"t":"0","gxe":50.4,"r":"1522.070079317","rd":"45.560351348872","sigma":"0","rptime":"1438160400","rpr":1502.7733708908,"rprd":44.032666482956,"rpsigma":"0","acre":1071.9604185686,"lacre":1071.9604185686,"oldacre":"1081.8902464179"},"endType":"normal"}