{"seed":[8565,23730,34502,5342],"turns":23,"p1":"Scraftionite","p2":"Recruiter♕Kingdra","p1team":[{"name":"Torkoal","species":"Torkoal","item":"leftovers","ability":"Shell Armor","moves":["stealthrock","rapidspin","yawn","lavaplume"],"nature":"Bold","evs":{"hp":252,"atk":0,"def":252,"spa":0,"spd":4,"spe":0},"ivs":{"hp":31,"atk":0,"def":31,"spa":31,"spd":31,"spe":31}},{"name":"Entei","species":"Entei","item":"lifeorb","ability":"Pressure","moves":["sacredfire","extremespeed","stoneedge","bulldoze"],"nature":"Adamant","evs":{"hp":0,"atk":252,"def":0,"spa":0,"spd":4,"spe":252},"shiny":true,"ivs":{"hp":31,"atk":31,"def":31,"spa":31,"spd":31,"spe":31}},{"name":"Charizard","species":"Charizard","item":"charizarditey","ability":"Blaze","moves":["fireblast","roost","focusblast","solarbeam"],"nature":"Timid","evs":{"hp":0,"atk":0,"def":0,"spa":252,"spd":4,"spe":252},"ivs":{"hp":31,"atk":0,"def":31,"spa":31,"spd":31,"spe":31},"shiny":true},{"name":"Darmanitan","species":"Darmanitan","item":"choicescarf","ability":"Sheer Force","moves":["flareblitz","superpower","rockslide","uturn"],"nature":"Jolly","evs":{"hp":0,"atk":252,"def":0,"spa":0,"spd":4,"spe":252},"ivs":{"hp":31,"atk":31,"def":31,"spa":31,"spd":31,"spe":31}},{"name":"Heatran","species":"Heatran","item":"airballoon","ability":"Flash Fire","moves":["lavaplume","earthpower","toxic","flashcannon"],"nature":"Calm","evs":{"hp":248,"atk":0,"def":0,"spa":8,"spd":252,"spe":0},"ivs":{"hp":31,"atk":0,"def":31,"spa":31,"spd":31,"spe":31}},{"name":"Rotom-Heat","species":"Rotom-Heat","item":"sitrusberry","ability":"Levitate","moves":["reflect","thunderbolt","overheat","lightscreen"],"nature":"Timid","evs":{"hp":0,"atk":0,"def":0,"spa":252,"spd":4,"spe":252},"ivs":{"hp":31,"atk":0,"def":30,"spa":31,"spd":31,"spe":31}}],"p2team":[{"name":"Smeargle","species":"Smeargle","item":"focussash","ability":"Own Tempo","moves":["darkvoid","stealthrock","stickyweb","transform"],"nature":"Timid","evs":{"hp":252,"atk":0,"def":4,"spa":0,"spd":0,"spe":252},"shiny":true,"ivs":{"hp":31,"atk":31,"def":31,"spa":31,"spd":31,"spe":31}},{"name":"Lopunny","species":"Lopunny","item":"lopunnite","ability":"Cute Charm","moves":["fakeout","quickattack","drainpunch","return"],"nature":"Jolly","evs":{"hp":4,"atk":252,"def":0,"spa":0,"spd":0,"spe":252},"shiny":true,"ivs":{"hp":31,"atk":31,"def":31,"spa":31,"spd":31,"spe":31}},{"name":"Meloetta","species":"Meloetta","item":"leftovers","ability":"Serene Grace","moves":["hypervoice","calmmind","dazzlinggleam","psyshock"],"nature":"","evs":{"hp":252,"atk":0,"def":0,"spa":4,"spd":252,"spe":0},"ivs":{"hp":31,"atk":31,"def":31,"spa":31,"spd":31,"spe":31}},{"name":"Ditto","species":"Ditto","item":"choicescarf","ability":"Imposter","moves":["transform"],"nature":"","evs":{"hp":252,"atk":4,"def":0,"spa":0,"spd":0,"spe":252},"shiny":true,"ivs":{"hp":31,"atk":31,"def":31,"spa":31,"spd":31,"spe":31}},{"name":"Diggersby","species":"Diggersby","item":"lifeorb","ability":"Huge Power","moves":["return","earthquake","quickattack","firepunch"],"nature":"Adamant","evs":{"hp":4,"atk":252,"def":0,"spa":0,"spd":0,"spe":252},"shiny":true,"ivs":{"hp":31,"atk":31,"def":31,"spa":31,"spd":31,"spe":31}},{"name":"Porygon-Z","species":"Porygon-Z","item":"focussash","ability":"Adaptability","moves":["triattack","icebeam","hiddenpowerfire","nastyplot"],"nature":"Modest","evs":{"hp":0,"atk":0,"def":4,"spa":252,"spd":0,"spe":252},"ivs":{"hp":31,"atk":30,"def":31,"spa":30,"spd":31,"spe":30},"shiny":true}],"log":["|player|p1|Scraftionite|150","|player|p2|Recruiter♕Kingdra|3","|gametype|singles","|gen|6","|tier|Monotype","|rated","|rule|Baton Pass Clause: Limit one Baton Passer, can't pass Spe and other stats simultaneously","|rule|Swagger Clause: Swagger is banned","|rule|Same Type Clause: Pokémon in a team must share a type","|clearpoke","|poke|p1|Torkoal, F","|poke|p1|Entei, shiny","|poke|p1|Charizard, F, shiny","|poke|p1|Darmanitan, M","|poke|p1|Heatran, M","|poke|p1|Rotom-Heat","|poke|p2|Smeargle, F, shiny","|poke|p2|Lopunny, M, shiny","|poke|p2|Meloetta","|poke|p2|Ditto, shiny","|poke|p2|Diggersby, F, shiny","|poke|p2|Porygon-Z, shiny","|rule|Sleep Clause Mod: Limit one foe put to sleep","|rule|Species Clause: Limit one of each Pokémon","|rule|OHKO Clause: OHKO moves are banned","|rule|Moody Clause: Moody is banned","|rule|Evasion Moves Clause: Evasion moves are banned","|rule|Endless Battle Clause: Forcing endless battles is banned","|rule|HP Percentage Mod: HP is shown in percentages","|teampreview","|","|start","|switch|p1a: Torkoal|Torkoal, F|344/344","|switch|p2a: Smeargle|Smeargle, F, shiny|314/314","|turn|1","|","|move|p2a: Smeargle|Dark Void|p1a: Torkoal","|-status|p1a: Torkoal|slp","|cant|p1a: Torkoal|slp","|","|turn|2","|","|move|p2a: Smeargle|Stealth Rock|p1a: Torkoal","|-sidestart|p1: Scraftionite|move: Stealth Rock","|cant|p1a: Torkoal|slp","|","|turn|3","|","|move|p2a: Smeargle|Sticky Web|p1a: Torkoal","|-sidestart|p1: Scraftionite|move: Sticky Web","|-curestatus|p1a: Torkoal|slp","|move|p1a: Torkoal|Lava Plume|p2a: Smeargle","|-damage|p2a: Smeargle|154/314","|-status|p2a: Smeargle|brn","|","|-damage|p2a: Smeargle|115/314 brn|[from] brn","|turn|4","|","|move|p2a: Smeargle|Transform|p1a: Torkoal","|-transform|p2a: Smeargle|p1a: Torkoal","|move|p1a: Torkoal|Rapid Spin|p2a: Smeargle","|-damage|p2a: Smeargle|108/314 brn","|-sideend|p1: Scraftionite|Stealth Rock|[from] move: Rapid Spin|[of] p1a: Torkoal","|-sideend|p1: Scraftionite|Sticky Web|[from] move: Rapid Spin|[of] p1a: Torkoal","|","|-damage|p2a: Smeargle|69/314 brn|[from] brn","|turn|5","|","|move|p1a: Torkoal|Stealth Rock|p2a: Smeargle","|-sidestart|p2: Recruiter♕Kingdra|move: Stealth Rock","|move|p2a: Smeargle|Yawn|p1a: Torkoal","|-start|p1a: Torkoal|move: Yawn|[of] p2a: Smeargle","|","|-damage|p2a: Smeargle|30/314 brn|[from] brn","|turn|6","|","|move|p1a: Torkoal|Lava Plume|p2a: Smeargle","|-resisted|p2a: Smeargle","|-damage|p2a: Smeargle|0 fnt","|faint|p2a: Smeargle","|","|-end|p1a: Torkoal|move: Yawn|[silent]","|-status|p1a: Torkoal|slp","|","|switch|p2a: Porygon-Z|Porygon-Z, shiny|311/311","|-damage|p2a: Porygon-Z|273/311|[from] Stealth Rock","|turn|7","|","|move|p2a: Porygon-Z|Nasty Plot|p2a: Porygon-Z","|-boost|p2a: Porygon-Z|spa|2","|cant|p1a: Torkoal|slp","|","|turn|8","|","|move|p2a: Porygon-Z|Tri Attack|p1a: Torkoal","|-damage|p1a: Torkoal|0 fnt","|faint|p1a: Torkoal","|","|","|switch|p1a: Darmanitan|Darmanitan, M|351/351","|turn|9","|","|move|p1a: Darmanitan|Superpower|p2a: Porygon-Z","|-supereffective|p2a: Porygon-Z","|-damage|p2a: Porygon-Z|0 fnt","|-unboost|p1a: Darmanitan|atk|1","|-unboost|p1a: Darmanitan|def|1","|faint|p2a: Porygon-Z","|","|","|switch|p2a: Diggersby|Diggersby, F, shiny|312/312","|-damage|p2a: Diggersby|293/312|[from] Stealth Rock","|turn|10","|","|switch|p1a: Rotom-Heat|Rotom-Heat|241/241","|move|p2a: Diggersby|Earthquake|p1a: Rotom-Heat","|-immune|p1a: Rotom-Heat|[msg]","|","|turn|11","|","|move|p1a: Rotom-Heat|Reflect|p1a: Rotom-Heat","|-sidestart|p1: Scraftionite|Reflect","|move|p2a: Diggersby|Return|p1a: Rotom-Heat","|-damage|p1a: Rotom-Heat|105/241","|-damage|p2a: Diggersby|262/312|[from] item: Life Orb","|-enditem|p1a: Rotom-Heat|Sitrus Berry|[eat]","|-heal|p1a: Rotom-Heat|165/241|[from] item: Sitrus Berry","|","|turn|12","|","|switch|p2a: Ditto|Ditto, shiny|300/300","|-damage|p2a: Ditto|263/300|[from] Stealth Rock","|-transform|p2a: Ditto|p1a: Rotom-Heat","|move|p1a: Rotom-Heat|Overheat|p2a: Ditto","|-crit|p2a: Ditto","|-resisted|p2a: Ditto","|-damage|p2a: Ditto|134/300","|-unboost|p1a: Rotom-Heat|spa|2","|","|turn|13","|","|switch|p1a: Darmanitan|Darmanitan, M|351/351","|move|p2a: Ditto|Light Screen|p2a: Ditto","|-sidestart|p2: Recruiter♕Kingdra|move: Light Screen","|","|turn|14","|","|move|p1a: Darmanitan|Superpower|p2a: Ditto","|-crit|p2a: Ditto","|-damage|p2a: Ditto|0 fnt","|-unboost|p1a: Darmanitan|atk|1","|-unboost|p1a: Darmanitan|def|1","|faint|p2a: Ditto","|","|","|switch|p2a: Lopunny|Lopunny, M, shiny|272/272","|-damage|p2a: Lopunny|238/272|[from] Stealth Rock","|turn|15","|","|switch|p1a: Heatran|Heatran, M|385/385","|-item|p1a: Heatran|Air Balloon","|detailschange|p2a: Lopunny|Lopunny-Mega, M, shiny","|-mega|p2a: Lopunny|Lopunny|Lopunnite","|move|p2a: Lopunny|Fake Out|p1a: Heatran","|-resisted|p1a: Heatran","|-damage|p1a: Heatran|368/385","|-enditem|p1a: Heatran|Air Balloon","|","|-sideend|p1: Scraftionite|Reflect","|turn|16","|","|move|p2a: Lopunny|Drain Punch|p1a: Heatran","|-supereffective|p1a: Heatran","|-damage|p1a: Heatran|84/385","|-heal|p2a: Lopunny|272/272|[from] drain|[of] p1a: Heatran","|move|p1a: Heatran|Lava Plume|p2a: Lopunny","|-damage|p2a: Lopunny|212/272","|","|turn|17","|","|move|p2a: Lopunny|Drain Punch|p1a: Heatran","|-supereffective|p1a: Heatran","|-damage|p1a: Heatran|0 fnt","|-heal|p2a: Lopunny|254/272|[from] drain|[of] p1a: Heatran","|faint|p1a: Heatran","|","|-sideend|p2: Recruiter♕Kingdra|move: Light Screen","|","|switch|p1a: Rotom-Heat|Rotom-Heat|165/241","|turn|18","|","|move|p2a: Lopunny|Return|p1a: Rotom-Heat","|-damage|p1a: Rotom-Heat|2/241","|move|p1a: Rotom-Heat|Reflect|p1a: Rotom-Heat","|-sidestart|p1: Scraftionite|Reflect","|","|turn|19","|","|move|p2a: Lopunny|Quick Attack|p1a: Rotom-Heat","|-damage|p1a: Rotom-Heat|0 fnt","|faint|p1a: Rotom-Heat","|","|","|switch|p1a: Charizard|Charizard, F, shiny|297/297","|turn|20","|","|detailschange|p1a: Charizard|Charizard-Mega-Y, F, shiny","|-mega|p1a: Charizard|Charizard|Charizardite Y","|-weather|SunnyDay","|move|p2a: Lopunny|Return|p1a: Charizard","|-damage|p1a: Charizard|186/297","|move|p1a: Charizard|Focus Blast|p2a: Lopunny","|-supereffective|p2a: Lopunny","|-damage|p2a: Lopunny|0 fnt","|faint|p2a: Lopunny","|","|-weather|SunnyDay|[upkeep]","|","|switch|p2a: Diggersby|Diggersby, F, shiny|262/312","|-damage|p2a: Diggersby|243/312|[from] Stealth Rock","|turn|21","|","|move|p1a: Charizard|Fire Blast|p2a: Diggersby","|-damage|p2a: Diggersby|0 fnt","|faint|p2a: Diggersby","|","|-weather|SunnyDay|[upkeep]","|","|switch|p2a: Meloetta|Meloetta|404/404","|-damage|p2a: Meloetta|354/404|[from] Stealth Rock","|turn|22","|","|move|p1a: Charizard|Fire Blast|p2a: Meloetta","|-damage|p2a: Meloetta|116/404","|move|p2a: Meloetta|Dazzling Gleam|p1a: Charizard","|-resisted|p1a: Charizard","|-damage|p1a: Charizard|150/297","|","|-weather|SunnyDay|[upkeep]","|-heal|p2a: Meloetta|141/404|[from] item: Leftovers","|-sideend|p1: Scraftionite|Reflect","|turn|23","|","|move|p1a: Charizard|Fire Blast|p2a: Meloetta","|-damage|p2a: Meloetta|0 fnt","|faint|p2a: Meloetta","|","|win|Scraftionite"],"p1rating":{"entryid":"7211730","serverid":"eos","formatid":"monotype","userid":"scraftionite","username":"Scraftionite","w":11,"l":"4","t":"0","gxe":64.2,"r":"1518.973469514","rd":"94.867607355499","sigma":"0","rptime":"1438160400","rpr":1612.2837166783,"rprd":76.148403648434,"rpsigma":"0","acre":1226.2098042763,"lacre":1226.2098042763,"oldacre":"1209.7816980417"},"p2rating":{"entryid":"7080447","serverid":"eos","formatid":"monotype","userid":"recruiterkingdra","username":"Recruiter♕Kingdra","w":"50","l":47,"t":"0","gxe":52.5,"r":"1531.8743260607","rd":"39.562679061502","sigma":"0","rptime":"1438160400","rpr":1518.812529371,"rprd":38.465461260819,"rpsigma":"0","acre":1070.6150465982,"lacre":1070.6150465982,"oldacre":"1085.6263630212"},"endType":"normal"}