{"seed":[50718,43590,9667,37725],"turns":49,"p1":"carnieTBOT - ⓑⓤⓢⓨ","p2":"Dead Rabbit","p1team":[{"name":"Furfrou","species":"Furfrou","item":"assaultvest","ability":"Fur Coat","moves":["retaliate","suckerpunch","uturn","wildcharge"],"nature":"Jolly","evs":{"hp":0,"atk":252,"def":0,"spa":0,"spd":4,"spe":252},"ivs":{"hp":31,"atk":31,"def":31,"spa":31,"spd":31,"spe":31}},{"name":"Smeargle","species":"Smeargle","item":"choicescarf","ability":"Own Tempo","moves":["trick","spore","rapidspin","stickyweb"],"nature":"Timid","evs":{"hp":252,"atk":0,"def":0,"spa":0,"spd":4,"spe":252},"ivs":{"hp":31,"atk":31,"def":31,"spa":31,"spd":31,"spe":31}},{"name":"Porygon2","species":"Porygon2","item":"eviolite","ability":"Download","moves":["thunderbolt","icebeam","thunderwave","recover"],"nature":"Calm","evs":{"hp":248,"atk":0,"def":0,"spa":8,"spd":252,"spe":0},"ivs":{"hp":31,"atk":31,"def":31,"spa":31,"spd":31,"spe":31}},{"name":"Snorlax","species":"Snorlax","item":"leftovers","ability":"Immunity","moves":["curse","firepunch","return","rest"],"nature":"Adamant","evs":{"hp":252,"atk":252,"def":0,"spa":0,"spd":4,"spe":0},"ivs":{"hp":31,"atk":31,"def":31,"spa":31,"spd":31,"spe":31}},{"name":"Miltank","species":"Miltank","item":"leftovers","ability":"Scrappy","moves":["milkdrink","healbell","counter","stealthrock"],"nature":"Bold","evs":{"hp":252,"atk":0,"def":252,"spa":0,"spd":4,"spe":0},"ivs":{"hp":31,"atk":31,"def":31,"spa":31,"spd":31,"spe":31}},{"name":"Staraptor","species":"Staraptor","item":"choiceband","ability":"Intimidate","moves":["bravebird","quickattack","closecombat","uturn"],"nature":"Jolly","evs":{"hp":0,"atk":252,"def":0,"spa":0,"spd":4,"spe":252},"ivs":{"hp":31,"atk":31,"def":31,"spa":31,"spd":31,"spe":31}}],"p2team":[{"name":"Heatran","species":"Heatran","item":"leftovers","ability":"Flash Fire","moves":["substitute","earthpower","lavaplume","toxic"],"nature":"Calm","evs":{"hp":252,"atk":0,"def":0,"spa":4,"spd":252,"spe":0},"ivs":{"hp":31,"atk":0,"def":31,"spa":31,"spd":31,"spe":31}},{"name":"Skarmory","species":"Skarmory","item":"leftovers","ability":"Sturdy","moves":["spikes","roost","roar","bravebird"],"nature":"Impish","evs":{"hp":252,"atk":0,"def":252,"spa":0,"spd":4,"spe":0},"ivs":{"hp":31,"atk":31,"def":31,"spa":31,"spd":31,"spe":31}},{"name":"Scizor","species":"Scizor","item":"choiceband","ability":"Technician","moves":["uturn","superpower","bulletpunch","pursuit"],"nature":"Adamant","evs":{"hp":248,"atk":252,"def":0,"spa":0,"spd":8,"spe":0},"ivs":{"hp":31,"atk":31,"def":31,"spa":31,"spd":31,"spe":31}},{"name":"Bronzong","species":"Bronzong","item":"leftovers","ability":"Heatproof","moves":["earthquake","toxic","psyshock","stealthrock"],"nature":"Gentle","evs":{"hp":252,"atk":4,"def":0,"spa":0,"spd":252,"spe":0},"ivs":{"hp":31,"atk":31,"def":31,"spa":31,"spd":31,"spe":31}},{"name":"Empoleon","species":"Empoleon","item":"choicescarf","ability":"Defiant","moves":["icebeam","hydropump","hiddenpowerfire","grassknot"],"nature":"Timid","evs":{"hp":4,"atk":0,"def":0,"spa":252,"spd":0,"spe":252},"ivs":{"hp":31,"atk":0,"def":31,"spa":30,"spd":31,"spe":30}},{"name":"Ferrothorn","species":"Ferrothorn","item":"leftovers","ability":"Iron Barbs","moves":["stealthrock","leechseed","powerwhip","thunderwave"],"nature":"Impish","evs":{"hp":252,"atk":4,"def":252,"spa":0,"spd":0,"spe":0},"ivs":{"hp":31,"atk":31,"def":31,"spa":31,"spd":31,"spe":0}}],"log":["|player|p1|carnieTBOT - ⓑⓤⓢⓨ|15","|player|p2|Dead Rabbit|161","|gametype|singles","|gen|6","|tier|Monotype","|rated","|rule|Baton Pass Clause: Limit one Baton Passer, can't pass Spe and other stats simultaneously","|rule|Swagger Clause: Swagger is banned","|rule|Same Type Clause: Pokémon in a team must share a type","|clearpoke","|poke|p1|Furfrou, F","|poke|p1|Smeargle, F","|poke|p1|Porygon2","|poke|p1|Snorlax, F","|poke|p1|Miltank, F","|poke|p1|Staraptor, F","|poke|p2|Heatran, M","|poke|p2|Skarmory, F","|poke|p2|Scizor, M","|poke|p2|Bronzong","|poke|p2|Empoleon, F","|poke|p2|Ferrothorn, M","|rule|Sleep Clause Mod: Limit one foe put to sleep","|rule|Species Clause: Limit one of each Pokémon","|rule|OHKO Clause: OHKO moves are banned","|rule|Moody Clause: Moody is banned","|rule|Evasion Moves Clause: Evasion moves are banned","|rule|Endless Battle Clause: Forcing endless battles is banned","|rule|HP Percentage Mod: HP is shown in percentages","|teampreview","|","|start","|switch|p1a: Smeargle|Smeargle, F|314/314","|switch|p2a: Ferrothorn|Ferrothorn, M|352/352","|turn|1","|","|move|p1a: Smeargle|Trick|p2a: Ferrothorn","|-activate|p1a: Smeargle|move: Trick|[of] p2a: Ferrothorn","|-item|p2a: Ferrothorn|Choice Scarf|[from] move: Trick","|-item|p1a: Smeargle|Leftovers|[from] move: Trick","|move|p2a: Ferrothorn|Stealth Rock|p1a: Smeargle","|-sidestart|p1: carnieTBOT - ⓑⓤⓢⓨ|move: Stealth Rock","|","|turn|2","|","|switch|p2a: Heatran|Heatran, M|386/386","|move|p1a: Smeargle|Rapid Spin|p2a: Heatran","|-resisted|p2a: Heatran","|-damage|p2a: Heatran|383/386","|-sideend|p1: carnieTBOT - ⓑⓤⓢⓨ|Stealth Rock|[from] move: Rapid Spin|[of] p1a: Smeargle","|","|-heal|p2a: Heatran|386/386|[from] item: Leftovers","|turn|3","|","|move|p1a: Smeargle|Spore|p2a: Heatran","|-status|p2a: Heatran|slp","|cant|p2a: Heatran|slp","|","|turn|4","|","|move|p1a: Smeargle|Sticky Web|p2a: Heatran","|-sidestart|p2: Dead Rabbit|move: Sticky Web","|-curestatus|p2a: Heatran|slp","|move|p2a: Heatran|Substitute|p2a: Heatran","|-start|p2a: Heatran|Substitute","|-damage|p2a: Heatran|290/386","|","|-heal|p2a: Heatran|314/386|[from] item: Leftovers","|turn|5","|","|switch|p1a: Snorlax|Snorlax, F|524/524","|move|p2a: Heatran|Lava Plume|p1a: Snorlax","|-damage|p1a: Snorlax|418/524","|-status|p1a: Snorlax|brn","|","|-heal|p2a: Heatran|338/386|[from] item: Leftovers","|-heal|p1a: Snorlax|450/524 brn|[from] item: Leftovers","|-damage|p1a: Snorlax|385/524 brn|[from] brn","|turn|6","|","|switch|p2a: Skarmory|Skarmory, F|334/334","|move|p1a: Snorlax|Curse|p1a: Snorlax","|-boost|p1a: Snorlax|atk|1","|-boost|p1a: Snorlax|def|1","|-unboost|p1a: Snorlax|spe|1","|","|-heal|p1a: Snorlax|417/524 brn|[from] item: Leftovers","|-damage|p1a: Snorlax|352/524 brn|[from] brn","|turn|7","|","|move|p2a: Skarmory|Spikes|p1a: Snorlax","|-sidestart|p1: carnieTBOT - ⓑⓤⓢⓨ|Spikes","|move|p1a: Snorlax|Rest|p1a: Snorlax","|-status|p1a: Snorlax|slp","|-heal|p1a: Snorlax|524/524 slp|[silent]","|-status|p1a: Snorlax|slp|[from] move: Rest","|","|turn|8","|","|move|p2a: Skarmory|Spikes|p1a: Snorlax","|-sidestart|p1: carnieTBOT - ⓑⓤⓢⓨ|Spikes","|cant|p1a: Snorlax|slp","|","|turn|9","|","|cant|p1a: Snorlax|slp","|move|p2a: Skarmory|Roar|p1a: Snorlax","|drag|p1a: Miltank|Miltank, F|394/394","|-damage|p1a: Miltank|329/394|[from] Spikes","|","|-heal|p1a: Miltank|353/394|[from] item: Leftovers","|turn|10","|","|move|p1a: Miltank|Stealth Rock|p2a: Skarmory","|-sidestart|p2: Dead Rabbit|move: Stealth Rock","|move|p2a: Skarmory|Spikes|p1a: Miltank","|-sidestart|p1: carnieTBOT - ⓑⓤⓢⓨ|Spikes","|","|-heal|p1a: Miltank|377/394|[from] item: Leftovers","|turn|11","|","|move|p1a: Miltank|Heal Bell|p1a: Miltank","|-cureteam|p1a: Miltank|[from] move: HealBell","|move|p2a: Skarmory|Roar|p1a: Miltank","|drag|p1a: Furfrou|Furfrou, F|291/291","|-damage|p1a: Furfrou|219/291|[from] Spikes","|","|turn|12","|","|move|p1a: Furfrou|Wild Charge|p2a: Skarmory","|-supereffective|p2a: Skarmory","|-damage|p2a: Skarmory|250/334","|-damage|p1a: Furfrou|198/291|[from] recoil|[of] p2a: Skarmory","|move|p2a: Skarmory|Roar|p1a: Furfrou","|drag|p1a: Porygon2|Porygon2|373/373","|-damage|p1a: Porygon2|280/373|[from] Spikes","|-boost|p1a: Porygon2|spa|1|[from] ability: Download","|","|-heal|p2a: Skarmory|270/334|[from] item: Leftovers","|turn|13","|","|switch|p2a: Bronzong|Bronzong|338/338","|-damage|p2a: Bronzong|317/338|[from] Stealth Rock","|-activate|p2a: Bronzong|move: Sticky Web","|-unboost|p2a: Bronzong|spe|1","|move|p1a: Porygon2|Thunderbolt|p2a: Bronzong","|-damage|p2a: Bronzong|242/338","|","|-heal|p2a: Bronzong|263/338|[from] item: Leftovers","|turn|14","|","|switch|p1a: Smeargle|Smeargle, F|314/314","|-damage|p1a: Smeargle|236/314|[from] Spikes","|move|p2a: Bronzong|Stealth Rock|p1a: Smeargle","|-sidestart|p1: carnieTBOT - ⓑⓤⓢⓨ|move: Stealth Rock","|","|-heal|p1a: Smeargle|255/314|[from] item: Leftovers","|-heal|p2a: Bronzong|284/338|[from] item: Leftovers","|turn|15","|","|switch|p2a: Ferrothorn|Ferrothorn, M|352/352","|-activate|p2a: Ferrothorn|move: Sticky Web","|-unboost|p2a: Ferrothorn|spe|1","|-damage|p2a: Ferrothorn|330/352|[from] Stealth Rock","|move|p1a: Smeargle|Rapid Spin|p2a: Ferrothorn","|-resisted|p2a: Ferrothorn","|-damage|p2a: Ferrothorn|328/352","|-damage|p1a: Smeargle|216/314|[from] ability: Iron Barbs|[of] p2a: Ferrothorn","|-sideend|p1: carnieTBOT - ⓑⓤⓢⓨ|Spikes|[from] move: Rapid Spin|[of] p1a: Smeargle","|-sideend|p1: carnieTBOT - ⓑⓤⓢⓨ|Stealth Rock|[from] move: Rapid Spin|[of] p1a: Smeargle","|","|-heal|p1a: Smeargle|235/314|[from] item: Leftovers","|turn|16","|","|switch|p1a: Porygon2|Porygon2|280/373","|-boost|p1a: Porygon2|spa|1|[from] ability: Download","|move|p2a: Ferrothorn|Power Whip|p1a: Porygon2","|-damage|p1a: Porygon2|181/373","|","|turn|17","|","|switch|p2a: Heatran|Heatran, M|338/386","|-damage|p2a: Heatran|290/386|[from] Stealth Rock","|-activate|p2a: Heatran|move: Sticky Web","|-unboost|p2a: Heatran|spe|1","|move|p1a: Porygon2|Recover|p1a: Porygon2","|-heal|p1a: Porygon2|368/373","|","|-heal|p2a: Heatran|314/386|[from] item: Leftovers","|turn|18","|","|move|p1a: Porygon2|Thunder Wave|p2a: Heatran","|-status|p2a: Heatran|par","|move|p2a: Heatran|Toxic|p1a: Porygon2","|-status|p1a: Porygon2|tox","|","|-heal|p2a: Heatran|338/386 par|[from] item: Leftovers","|-damage|p1a: Porygon2|345/373 tox|[from] psn","|turn|19","|","|switch|p1a: Smeargle|Smeargle, F|235/314","|move|p2a: Heatran|Substitute|p2a: Heatran","|-start|p2a: Heatran|Substitute","|-damage|p2a: Heatran|242/386 par","|","|-heal|p1a: Smeargle|254/314|[from] item: Leftovers","|-heal|p2a: Heatran|266/386 par|[from] item: Leftovers","|turn|20","|","|switch|p1a: Snorlax|Snorlax, F|524/524","|move|p2a: Heatran|Lava Plume|p1a: Snorlax","|-damage|p1a: Snorlax|407/524","|-status|p1a: Snorlax|brn","|","|-heal|p1a: Snorlax|439/524 brn|[from] item: Leftovers","|-heal|p2a: Heatran|290/386 par|[from] item: Leftovers","|-damage|p1a: Snorlax|374/524 brn|[from] brn","|turn|21","|","|switch|p1a: Miltank|Miltank, F|377/394","|move|p2a: Heatran|Earth Power|p1a: Miltank","|-damage|p1a: Miltank|249/394","|","|-heal|p1a: Miltank|273/394|[from] item: Leftovers","|-heal|p2a: Heatran|314/386 par|[from] item: Leftovers","|turn|22","|","|move|p1a: Miltank|Heal Bell|p1a: Miltank","|-cureteam|p1a: Miltank|[from] move: HealBell","|move|p2a: Heatran|Lava Plume|p1a: Miltank","|-damage|p1a: Miltank|114/394","|","|-heal|p1a: Miltank|138/394|[from] item: Leftovers","|-heal|p2a: Heatran|338/386 par|[from] item: Leftovers","|turn|23","|","|switch|p1a: Snorlax|Snorlax, F|374/524","|move|p2a: Heatran|Toxic|p1a: Snorlax","|-immune|p1a: Snorlax|[msg]","|","|-heal|p1a: Snorlax|406/524|[from] item: Leftovers","|-heal|p2a: Heatran|362/386 par|[from] item: Leftovers","|turn|24","|","|switch|p2a: Scizor|Scizor, M|343/343","|-damage|p2a: Scizor|301/343|[from] Stealth Rock","|-activate|p2a: Scizor|move: Sticky Web","|-unboost|p2a: Scizor|spe|1","|move|p1a: Snorlax|Curse|p1a: Snorlax","|-boost|p1a: Snorlax|atk|1","|-boost|p1a: Snorlax|def|1","|-unboost|p1a: Snorlax|spe|1","|","|-heal|p1a: Snorlax|438/524|[from] item: Leftovers","|turn|25","|","|move|p2a: Scizor|Superpower|p1a: Snorlax","|-supereffective|p1a: Snorlax","|-damage|p1a: Snorlax|0 fnt","|-unboost|p2a: Scizor|atk|1","|-unboost|p2a: Scizor|def|1","|faint|p1a: Snorlax","|","|","|switch|p1a: Furfrou|Furfrou, F|198/291","|turn|26","|","|switch|p2a: Ferrothorn|Ferrothorn, M|328/352","|-activate|p2a: Ferrothorn|move: Sticky Web","|-unboost|p2a: Ferrothorn|spe|1","|-damage|p2a: Ferrothorn|306/352|[from] Stealth Rock","|move|p1a: Furfrou|Retaliate|p2a: Ferrothorn","|-resisted|p2a: Ferrothorn","|-damage|p2a: Ferrothorn|256/352","|-damage|p1a: Furfrou|162/291|[from] ability: Iron Barbs|[of] p2a: Ferrothorn","|","|turn|27","|","|switch|p1a: Miltank|Miltank, F|138/394","|move|p2a: Ferrothorn|Stealth Rock|p1a: Miltank","|-sidestart|p1: carnieTBOT - ⓑⓤⓢⓨ|move: Stealth Rock","|","|-heal|p1a: Miltank|162/394|[from] item: Leftovers","|turn|28","|","|switch|p2a: Scizor|Scizor, M|301/343","|-activate|p2a: Scizor|move: Sticky Web","|-unboost|p2a: Scizor|spe|1","|-damage|p2a: Scizor|259/343|[from] Stealth Rock","|move|p1a: Miltank|Milk Drink|p1a: Miltank","|-heal|p1a: Miltank|359/394","|","|-heal|p1a: Miltank|383/394|[from] item: Leftovers","|turn|29","|","|move|p2a: Scizor|Superpower|p1a: Miltank","|-supereffective|p1a: Miltank","|-damage|p1a: Miltank|29/394","|-unboost|p2a: Scizor|atk|1","|-unboost|p2a: Scizor|def|1","|move|p1a: Miltank|Counter|p2a: Scizor","|-damage|p2a: Scizor|0 fnt","|faint|p2a: Scizor","|","|-heal|p1a: Miltank|53/394|[from] item: Leftovers","|","|switch|p2a: Empoleon|Empoleon, F|310/310","|-activate|p2a: Empoleon|move: Sticky Web","|-unboost|p2a: Empoleon|spe|1","|-boost|p2a: Empoleon|atk|2|[from] ability: Defiant","|-damage|p2a: Empoleon|291/310|[from] Stealth Rock","|turn|30","|","|move|p2a: Empoleon|Hydro Pump|p1a: Miltank|[miss]","|-miss|p2a: Empoleon|p1a: Miltank","|move|p1a: Miltank|Milk Drink|p1a: Miltank","|-heal|p1a: Miltank|250/394","|","|-heal|p1a: Miltank|274/394|[from] item: Leftovers","|turn|31","|","|switch|p1a: Porygon2|Porygon2|345/373","|-damage|p1a: Porygon2|299/373|[from] Stealth Rock","|-boost|p1a: Porygon2|atk|1|[from] ability: Download","|move|p2a: Empoleon|Hydro Pump|p1a: Porygon2|[miss]","|-miss|p2a: Empoleon|p1a: Porygon2","|","|turn|32","|","|switch|p2a: Bronzong|Bronzong|284/338","|-damage|p2a: Bronzong|263/338|[from] Stealth Rock","|-activate|p2a: Bronzong|move: Sticky Web","|-unboost|p2a: Bronzong|spe|1","|move|p1a: Porygon2|Thunder Wave|p2a: Bronzong","|-status|p2a: Bronzong|par","|","|-heal|p2a: Bronzong|284/338 par|[from] item: Leftovers","|turn|33","|","|switch|p1a: Smeargle|Smeargle, F|254/314","|-damage|p1a: Smeargle|215/314|[from] Stealth Rock","|move|p2a: Bronzong|Psyshock|p1a: Smeargle","|-damage|p1a: Smeargle|56/314","|","|-heal|p1a: Smeargle|75/314|[from] item: Leftovers","|-heal|p2a: Bronzong|305/338 par|[from] item: Leftovers","|turn|34","|","|move|p1a: Smeargle|Rapid Spin|p2a: Bronzong","|-resisted|p2a: Bronzong","|-damage|p2a: Bronzong|302/338 par","|-sideend|p1: carnieTBOT - ⓑⓤⓢⓨ|Stealth Rock|[from] move: Rapid Spin|[of] p1a: Smeargle","|move|p2a: Bronzong|Psyshock|p1a: Smeargle","|-damage|p1a: Smeargle|0 fnt","|faint|p1a: Smeargle","|","|-heal|p2a: Bronzong|323/338 par|[from] item: Leftovers","|","|switch|p1a: Furfrou|Furfrou, F|162/291","|turn|35","|","|switch|p2a: Skarmory|Skarmory, F|270/334","|-damage|p2a: Skarmory|229/334|[from] Stealth Rock","|move|p1a: Furfrou|Sucker Punch|p2a: Skarmory","|-fail|p1a: Furfrou","|","|-heal|p2a: Skarmory|249/334|[from] item: Leftovers","|turn|36","|","|switch|p1a: Porygon2|Porygon2|299/373","|-boost|p1a: Porygon2|spa|1|[from] ability: Download","|move|p2a: Skarmory|Spikes|p1a: Porygon2","|-sidestart|p1: carnieTBOT - ⓑⓤⓢⓨ|Spikes","|","|-heal|p2a: Skarmory|269/334|[from] item: Leftovers","|turn|37","|","|switch|p2a: Heatran|Heatran, M|362/386 par","|-activate|p2a: Heatran|move: Sticky Web","|-unboost|p2a: Heatran|spe|1","|-damage|p2a: Heatran|314/386 par|[from] Stealth Rock","|move|p1a: Porygon2|Thunderbolt|p2a: Heatran","|-damage|p2a: Heatran|240/386 par","|","|-heal|p2a: Heatran|264/386 par|[from] item: Leftovers","|turn|38","|","|move|p1a: Porygon2|Ice Beam|p2a: Heatran","|-crit|p2a: Heatran","|-resisted|p2a: Heatran","|-damage|p2a: Heatran|233/386 par","|move|p2a: Heatran|Toxic|p1a: Porygon2","|-status|p1a: Porygon2|tox","|","|-heal|p2a: Heatran|257/386 par|[from] item: Leftovers","|-damage|p1a: Porygon2|276/373 tox|[from] psn","|turn|39","|","|move|p1a: Porygon2|Thunderbolt|p2a: Heatran","|-damage|p2a: Heatran|186/386 par","|move|p2a: Heatran|Lava Plume|p1a: Porygon2","|-damage|p1a: Porygon2|221/373 tox","|","|-heal|p2a: Heatran|210/386 par|[from] item: Leftovers","|-damage|p1a: Porygon2|175/373 tox|[from] psn","|turn|40","|","|move|p1a: Porygon2|Recover|p1a: Porygon2","|-heal|p1a: Porygon2|362/373 tox","|move|p2a: Heatran|Earth Power|p1a: Porygon2","|-damage|p1a: Porygon2|319/373 tox","|","|-heal|p2a: Heatran|234/386 par|[from] item: Leftovers","|-damage|p1a: Porygon2|250/373 tox|[from] psn","|turn|41","|","|switch|p1a: Miltank|Miltank, F|274/394","|-damage|p1a: Miltank|225/394|[from] Spikes","|move|p2a: Heatran|Earth Power|p1a: Miltank","|-damage|p1a: Miltank|113/394","|","|-heal|p1a: Miltank|137/394|[from] item: Leftovers","|-heal|p2a: Heatran|258/386 par|[from] item: Leftovers","|turn|42","|","|move|p1a: Miltank|Milk Drink|p1a: Miltank","|-heal|p1a: Miltank|334/394","|move|p2a: Heatran|Lava Plume|p1a: Miltank","|-crit|p1a: Miltank","|-damage|p1a: Miltank|114/394","|","|-heal|p1a: Miltank|138/394|[from] item: Leftovers","|-heal|p2a: Heatran|282/386 par|[from] item: Leftovers","|turn|43","|","|move|p1a: Miltank|Milk Drink|p1a: Miltank","|-heal|p1a: Miltank|335/394","|move|p2a: Heatran|Lava Plume|p1a: Miltank","|-damage|p1a: Miltank|191/394","|","|-heal|p1a: Miltank|215/394|[from] item: Leftovers","|-heal|p2a: Heatran|306/386 par|[from] item: Leftovers","|turn|44","|","|move|p1a: Miltank|Heal Bell|p1a: Miltank","|-cureteam|p1a: Miltank|[from] move: HealBell","|move|p2a: Heatran|Lava Plume|p1a: Miltank","|-damage|p1a: Miltank|71/394","|","|-heal|p1a: Miltank|95/394|[from] item: Leftovers","|-heal|p2a: Heatran|330/386 par|[from] item: Leftovers","|turn|45","|","|move|p1a: Miltank|Milk Drink|p1a: Miltank","|-heal|p1a: Miltank|292/394","|move|p2a: Heatran|Lava Plume|p1a: Miltank","|-damage|p1a: Miltank|138/394","|","|-heal|p1a: Miltank|162/394|[from] item: Leftovers","|-heal|p2a: Heatran|354/386 par|[from] item: Leftovers","|turn|46","|","|switch|p1a: Porygon2|Porygon2|250/373","|-damage|p1a: Porygon2|204/373|[from] Spikes","|-boost|p1a: Porygon2|atk|1|[from] ability: Download","|move|p2a: Heatran|Lava Plume|p1a: Porygon2","|-damage|p1a: Porygon2|146/373","|-status|p1a: Porygon2|brn","|","|-heal|p2a: Heatran|378/386 par|[from] item: Leftovers","|-damage|p1a: Porygon2|100/373 brn|[from] brn","|turn|47","|","|move|p1a: Porygon2|Thunderbolt|p2a: Heatran","|-damage|p2a: Heatran|325/386 par","|move|p2a: Heatran|Earth Power|p1a: Porygon2","|-damage|p1a: Porygon2|52/373 brn","|","|-heal|p2a: Heatran|349/386 par|[from] item: Leftovers","|-damage|p1a: Porygon2|6/373 brn|[from] brn","|turn|48","|","|move|p1a: Porygon2|Thunderbolt|p2a: Heatran","|-damage|p2a: Heatran|295/386 par","|move|p2a: Heatran|Substitute|p2a: Heatran","|-start|p2a: Heatran|Substitute","|-damage|p2a: Heatran|199/386 par","|","|-heal|p2a: Heatran|223/386 par|[from] item: Leftovers","|-damage|p1a: Porygon2|0 fnt|[from] brn","|faint|p1a: Porygon2","|","|switch|p1a: Furfrou|Furfrou, F|162/291","|-damage|p1a: Furfrou|126/291|[from] Spikes","|turn|49","|player|p1","|","|win|Dead Rabbit"],"p1rating":{"entryid":"6578599","serverid":"eos","formatid":"monotype","userid":"carnietbot","username":"Carnie ϟ TBOT","w":"6","l":8,"t":"1","gxe":47.1,"r":1495.1292443299,"rd":82.555550342673,"sigma":"0","rptime":1438160400,"rpr":1477.8064315131,"rprd":80.588532072716,"rpsigma":"0","acre":1059.6507335226,"lacre":1059.6507335226,"oldacre":"1084.2829820928"},"p2rating":{"entryid":"6892770","serverid":"eos","formatid":"monotype","userid":"deadrabbit","username":"Dead Rabbit","w":3,"l":"2","t":"0","gxe":54.1,"r":"1498.6338727451","rd":"118.96096632202","sigma":"0","rptime":"1438160400","rpr":1532.2237850475,"rprd":103.69947018036,"rpsigma":"0","acre":1088.4285700873,"lacre":1088.4285700873,"oldacre":"1053.671639585"},"endType":"forfeit"}