{"seed":[19418,16101,27883,33684],"turns":21,"p1":"Alliance-Verde","p2":"xDomri","p1team":[{"name":"Charizard","species":"Charizard","item":"charizarditey","ability":"Blaze","moves":["solarbeam","flamethrower","roost","defog"],"nature":"Modest","evs":{"hp":252,"atk":0,"def":0,"spa":128,"spd":128,"spe":0},"ivs":{"hp":31,"atk":31,"def":31,"spa":31,"spd":31,"spe":31}},{"name":"Arcanine","species":"Arcanine","item":"rockyhelmet","ability":"Intimidate","moves":["closecombat","flareblitz","willowisp","morningsun"],"nature":"Careful","evs":{"hp":248,"atk":4,"def":0,"spa":0,"spd":252,"spe":0},"ivs":{"hp":31,"atk":31,"def":31,"spa":31,"spd":31,"spe":31}},{"name":"Torkoal","species":"Torkoal","item":"leftovers","ability":"White Smoke","moves":["rapidspin","stealthrock","yawn","lavaplume"],"nature":"Bold","evs":{"hp":252,"atk":0,"def":4,"spa":0,"spd":0,"spe":0},"ivs":{"hp":31,"atk":31,"def":31,"spa":31,"spd":31,"spe":31}},{"name":"Darmanitan","species":"Darmanitan","item":"choicescarf","ability":"Sheer Force","moves":["flareblitz","rockslide","uturn","earthquake"],"nature":"Jolly","evs":{"hp":0,"atk":252,"def":0,"spa":0,"spd":4,"spe":252},"ivs":{"hp":31,"atk":31,"def":31,"spa":31,"spd":31,"spe":31}},{"name":"Victini","species":"Victini","item":"assaultvest","ability":"Victory Star","moves":["blueflare","energyball","thunderbolt","glaciate"],"nature":"Modest","evs":{"hp":248,"atk":0,"def":0,"spa":252,"spd":8,"spe":0},"ivs":{"hp":31,"atk":31,"def":31,"spa":31,"spd":31,"spe":31}},{"name":"Infernape","species":"Infernape","item":"expertbelt","ability":"Blaze","moves":["closecombat","vacuumwave","flamethrower","hiddenpowerice"],"nature":"Hasty","evs":{"hp":0,"atk":0,"def":4,"spa":0,"spd":8,"spe":0},"ivs":{"hp":31,"atk":30,"def":30,"spa":31,"spd":31,"spe":31}}],"p2team":[{"name":"Breloom","species":"Breloom","item":"focussash","ability":"Technician","moves":["bulletseed","machpunch","spore","rocktomb"],"nature":"Jolly","evs":{"hp":0,"atk":252,"def":0,"spa":0,"spd":4,"spe":252},"ivs":{"hp":31,"atk":31,"def":31,"spa":31,"spd":31,"spe":31}},{"name":"Gallade","species":"Gallade","item":"galladite","ability":"Justified","moves":["swordsdance","drainpunch","shadowsneak","knockoff"],"nature":"Jolly","evs":{"hp":0,"atk":252,"def":4,"spa":0,"spd":0,"spe":252},"ivs":{"hp":31,"atk":31,"def":31,"spa":31,"spd":31,"spe":31}},{"name":"Conkeldurr","species":"Conkeldurr","item":"assaultvest","ability":"Guts","moves":["drainpunch","knockoff","machpunch","icepunch"],"nature":"Adamant","evs":{"hp":248,"atk":252,"def":0,"spa":0,"spd":8,"spe":0},"ivs":{"hp":31,"atk":31,"def":31,"spa":31,"spd":31,"spe":31}},{"name":"Keldeo","species":"Keldeo","item":"leftovers","ability":"Justified","moves":["secretsword","scald","calmmind","substitute"],"nature":"Timid","evs":{"hp":0,"atk":0,"def":0,"spa":252,"spd":4,"spe":252},"ivs":{"hp":31,"atk":30,"def":31,"spa":30,"spd":31,"spe":30}},{"name":"Cobalion","species":"Cobalion","item":"leftovers","ability":"Justified","moves":["stealthrock","voltswitch","flashcannon","thunderwave"],"nature":"Bold","evs":{"hp":252,"atk":0,"def":252,"spa":0,"spd":4,"spe":0},"ivs":{"hp":31,"atk":0,"def":31,"spa":31,"spd":31,"spe":31}},{"name":"Terrakion","species":"Terrakion","item":"choicescarf","ability":"Justified","moves":["stoneedge","closecombat","earthquake","ironhead"],"nature":"Jolly","evs":{"hp":0,"atk":252,"def":0,"spa":0,"spd":4,"spe":252},"ivs":{"hp":31,"atk":31,"def":31,"spa":31,"spd":31,"spe":31}}],"log":["|player|p1|Alliance-Verde|80","|player|p2|xDomri|180","|gametype|singles","|gen|6","|tier|Monotype","|rated","|rule|Baton Pass Clause: Limit one Baton Passer, can't pass Spe and other stats simultaneously","|rule|Swagger Clause: Swagger is banned","|rule|Same Type Clause: Pokémon in a team must share a type","|clearpoke","|poke|p1|Charizard, M","|poke|p1|Arcanine, F","|poke|p1|Torkoal, F","|poke|p1|Darmanitan, M","|poke|p1|Victini","|poke|p1|Infernape, F","|poke|p2|Breloom, M","|poke|p2|Gallade, M","|poke|p2|Conkeldurr, M","|poke|p2|Keldeo","|poke|p2|Cobalion","|poke|p2|Terrakion","|rule|Sleep Clause Mod: Limit one foe put to sleep","|rule|Species Clause: Limit one of each Pokémon","|rule|OHKO Clause: OHKO moves are banned","|rule|Moody Clause: Moody is banned","|rule|Evasion Moves Clause: Evasion moves are banned","|rule|Endless Battle Clause: Forcing endless battles is banned","|rule|HP Percentage Mod: HP is shown in percentages","|teampreview","|","|start","|switch|p1a: Charizard|Charizard, M|360/360","|switch|p2a: Breloom|Breloom, M|261/261","|turn|1","|","|detailschange|p1a: Charizard|Charizard-Mega-Y, M","|-mega|p1a: Charizard|Charizard|Charizardite Y","|-weather|SunnyDay","|move|p2a: Breloom|Spore|p1a: Charizard","|-status|p1a: Charizard|slp","|cant|p1a: Charizard|slp","|","|-weather|SunnyDay|[upkeep]","|turn|2","|","|switch|p1a: Torkoal|Torkoal, F|344/344","|move|p2a: Breloom|Rock Tomb|p1a: Torkoal","|-supereffective|p1a: Torkoal","|-damage|p1a: Torkoal|210/344","|","|-weather|SunnyDay|[upkeep]","|-heal|p1a: Torkoal|231/344|[from] item: Leftovers","|turn|3","|","|move|p2a: Breloom|Rock Tomb|p1a: Torkoal","|-supereffective|p1a: Torkoal","|-damage|p1a: Torkoal|97/344","|move|p1a: Torkoal|Stealth Rock|p2a: Breloom","|-sidestart|p2: xDomri|move: Stealth Rock","|","|-weather|SunnyDay|[upkeep]","|-heal|p1a: Torkoal|118/344|[from] item: Leftovers","|turn|4","|","|move|p2a: Breloom|Rock Tomb|p1a: Torkoal","|-supereffective|p1a: Torkoal","|-damage|p1a: Torkoal|0 fnt","|faint|p1a: Torkoal","|","|-weather|SunnyDay|[upkeep]","|","|switch|p1a: Arcanine|Arcanine, F|383/383","|-ability|p1a: Arcanine|Intimidate","|-unboost|p2a: Breloom|atk|1","|turn|5","|","|move|p2a: Breloom|Rock Tomb|p1a: Arcanine","|-crit|p1a: Arcanine","|-supereffective|p1a: Arcanine","|-damage|p1a: Arcanine|27/383","|-unboost|p1a: Arcanine|spe|1","|move|p1a: Arcanine|Flare Blitz|p2a: Breloom","|-supereffective|p2a: Breloom","|-enditem|p2a: Breloom|Focus Sash","|-damage|p2a: Breloom|1/261","|-damage|p1a: Arcanine|0 fnt|[from] recoil|[of] p2a: Breloom","|faint|p1a: Arcanine","|","|-weather|none","|","|switch|p1a: Infernape|Infernape, F|293/293","|turn|6","|","|move|p1a: Infernape|Vacuum Wave|p2a: Breloom","|-damage|p2a: Breloom|0 fnt","|faint|p2a: Breloom","|","|","|switch|p2a: Conkeldurr|Conkeldurr, M|413/413","|-damage|p2a: Conkeldurr|388/413|[from] Stealth Rock","|turn|7","|","|switch|p1a: Victini|Victini|403/403","|move|p2a: Conkeldurr|Knock Off|p1a: Victini","|-supereffective|p1a: Victini","|-damage|p1a: Victini|143/403","|-enditem|p1a: Victini|Assault Vest|[from] move: Knock Off|[of] p2a: Conkeldurr","|","|turn|8","|","|move|p1a: Victini|Blue Flare|p2a: Conkeldurr","|-damage|p2a: Conkeldurr|189/413","|move|p2a: Conkeldurr|Knock Off|p1a: Victini","|-supereffective|p1a: Victini","|-damage|p1a: Victini|0 fnt","|faint|p1a: Victini","|","|","|switch|p1a: Darmanitan|Darmanitan, M|351/351","|turn|9","|","|move|p1a: Darmanitan|Flare Blitz|p2a: Conkeldurr","|-damage|p2a: Conkeldurr|0 fnt","|-damage|p1a: Darmanitan|289/351|[from] recoil|[of] p2a: Conkeldurr","|faint|p2a: Conkeldurr","|","|","|switch|p2a: Keldeo|Keldeo|323/323","|-damage|p2a: Keldeo|303/323|[from] Stealth Rock","|turn|10","|","|switch|p1a: Charizard|Charizard-Mega-Y, M|360/360 slp","|-weather|SunnyDay","|move|p2a: Keldeo|Scald|p1a: Charizard","|-supereffective|p1a: Charizard","|-damage|p1a: Charizard|240/360 slp","|","|-weather|SunnyDay|[upkeep]","|-heal|p2a: Keldeo|323/323|[from] item: Leftovers","|turn|11","|","|move|p2a: Keldeo|Substitute|p2a: Keldeo","|-start|p2a: Keldeo|Substitute","|-damage|p2a: Keldeo|243/323","|-curestatus|p1a: Charizard|slp","|move|p1a: Charizard|Roost|p1a: Charizard","|-heal|p1a: Charizard|360/360","|","|-weather|SunnyDay|[upkeep]","|-heal|p2a: Keldeo|263/323|[from] item: Leftovers","|turn|12","|","|move|p2a: Keldeo|Calm Mind|p2a: Keldeo","|-boost|p2a: Keldeo|spa|1","|-boost|p2a: Keldeo|spd|1","|move|p1a: Charizard|Solar Beam|p2a: Keldeo|[still]","|-prepare|p1a: Charizard|Solar Beam|p2a: Keldeo","|-anim|p1a: Charizard|Solar Beam|p2a: Keldeo","|-supereffective|p2a: Keldeo","|-end|p2a: Keldeo|Substitute","|","|-weather|SunnyDay|[upkeep]","|-heal|p2a: Keldeo|283/323|[from] item: Leftovers","|turn|13","|","|move|p2a: Keldeo|Substitute|p2a: Keldeo","|-start|p2a: Keldeo|Substitute","|-damage|p2a: Keldeo|203/323","|move|p1a: Charizard|Solar Beam|p2a: Keldeo|[still]","|-prepare|p1a: Charizard|Solar Beam|p2a: Keldeo","|-anim|p1a: Charizard|Solar Beam|p2a: Keldeo","|-supereffective|p2a: Keldeo","|-end|p2a: Keldeo|Substitute","|","|-weather|SunnyDay|[upkeep]","|-heal|p2a: Keldeo|223/323|[from] item: Leftovers","|turn|14","|","|move|p2a: Keldeo|Substitute|p2a: Keldeo","|-start|p2a: Keldeo|Substitute","|-damage|p2a: Keldeo|143/323","|move|p1a: Charizard|Solar Beam|p2a: Keldeo|[still]","|-prepare|p1a: Charizard|Solar Beam|p2a: Keldeo","|-anim|p1a: Charizard|Solar Beam|p2a: Keldeo","|-supereffective|p2a: Keldeo","|-end|p2a: Keldeo|Substitute","|","|-weather|none","|-heal|p2a: Keldeo|163/323|[from] item: Leftovers","|turn|15","|","|switch|p1a: Darmanitan|Darmanitan, M|289/351","|move|p2a: Keldeo|Substitute|p2a: Keldeo","|-start|p2a: Keldeo|Substitute","|-damage|p2a: Keldeo|83/323","|","|-heal|p2a: Keldeo|103/323|[from] item: Leftovers","|turn|16","|","|move|p1a: Darmanitan|Earthquake|p2a: Keldeo","|-end|p2a: Keldeo|Substitute","|move|p2a: Keldeo|Scald|p1a: Darmanitan","|-supereffective|p1a: Darmanitan","|-damage|p1a: Darmanitan|0 fnt","|faint|p1a: Darmanitan","|","|-heal|p2a: Keldeo|123/323|[from] item: Leftovers","|","|switch|p1a: Charizard|Charizard-Mega-Y, M|360/360","|-weather|SunnyDay","|turn|17","|","|move|p2a: Keldeo|Substitute|p2a: Keldeo","|-start|p2a: Keldeo|Substitute","|-damage|p2a: Keldeo|43/323","|move|p1a: Charizard|Solar Beam|p2a: Keldeo|[still]","|-prepare|p1a: Charizard|Solar Beam|p2a: Keldeo","|-anim|p1a: Charizard|Solar Beam|p2a: Keldeo","|-supereffective|p2a: Keldeo","|-end|p2a: Keldeo|Substitute","|","|-weather|SunnyDay|[upkeep]","|-heal|p2a: Keldeo|63/323|[from] item: Leftovers","|turn|18","|","|move|p2a: Keldeo|Scald|p1a: Charizard","|-supereffective|p1a: Charizard","|-damage|p1a: Charizard|192/360","|move|p1a: Charizard|Solar Beam|p2a: Keldeo|[still]","|-prepare|p1a: Charizard|Solar Beam|p2a: Keldeo","|-anim|p1a: Charizard|Solar Beam|p2a: Keldeo","|-supereffective|p2a: Keldeo","|-damage|p2a: Keldeo|0 fnt","|faint|p2a: Keldeo","|","|-weather|SunnyDay|[upkeep]","|","|switch|p2a: Cobalion|Cobalion|386/386","|-damage|p2a: Cobalion|374/386|[from] Stealth Rock","|turn|19","|","|move|p2a: Cobalion|Thunder Wave|p1a: Charizard","|-status|p1a: Charizard|par","|move|p1a: Charizard|Flamethrower|p2a: Cobalion","|-supereffective|p2a: Cobalion","|-damage|p2a: Cobalion|0 fnt","|faint|p2a: Cobalion","|","|-weather|SunnyDay|[upkeep]","|","|switch|p2a: Terrakion|Terrakion|323/323","|-damage|p2a: Terrakion|303/323|[from] Stealth Rock","|turn|20","|","|move|p2a: Terrakion|Stone Edge|p1a: Charizard|[miss]","|-miss|p2a: Terrakion|p1a: Charizard","|move|p1a: Charizard|Solar Beam|p2a: Terrakion|[still]","|-prepare|p1a: Charizard|Solar Beam|p2a: Terrakion","|-anim|p1a: Charizard|Solar Beam|p2a: Terrakion","|-supereffective|p2a: Terrakion","|-damage|p2a: Terrakion|0 fnt","|faint|p2a: Terrakion","|","|-weather|SunnyDay|[upkeep]","|","|switch|p2a: Gallade|Gallade, M|277/277","|-damage|p2a: Gallade|260/277|[from] Stealth Rock","|turn|21","|","|detailschange|p2a: Gallade|Gallade-Mega, M","|-mega|p2a: Gallade|Gallade|Galladite","|move|p2a: Gallade|Knock Off|p1a: Charizard","|-damage|p1a: Charizard|79/360 par","|move|p1a: Charizard|Flamethrower|p2a: Gallade","|-damage|p2a: Gallade|7/277","|-status|p2a: Gallade|brn","|","|-weather|none","|-damage|p2a: Gallade|0 fnt|[from] brn","|faint|p2a: Gallade","|","|win|Alliance-Verde"],"p1rating":{"entryid":7245119,"formatid":"monotype","userid":"allianceverde","username":"Alliance-Verde","r":1500,"rd":130,"sigma":0,"rpr":1535.5536028654,"rprd":122.72944818573,"rpsigma":0,"rptime":1438160400,"w":1,"l":0,"t":0,"gxe":54.4,"acre":1049.5934466709,"lacre":1049.5934466709,"oldacre":1000},"p2rating":{"entryid":"7127910","serverid":"eos","formatid":"monotype","userid":"xdomri","username":"xDomri","w":"3","l":3,"t":"0","gxe":48.1,"r":"1452.2074449201","rd":"113.00669417984","sigma":"0","rptime":"1438160400","rpr":1485.4200833863,"rprd":99.962152207098,"rpsigma":"0","acre":1056.7797578166,"lacre":1056.7797578166,"oldacre":"1084.9828391062"},"endType":"normal"}