{"seed":[39833,26752,17378,33733],"turns":22,"p1":"DJ Biggie","p2":"opal boltrider","p1team":[{"name":"Faildra","species":"kingdra","item":"scopelens","ability":"Sniper","moves":["focusenergy","dracometeor","hydropump","agility"],"nature":"Modest","evs":{"hp":0,"atk":0,"def":4,"spa":252,"spd":0,"spe":252},"ivs":{"hp":31,"atk":31,"def":31,"spa":31,"spd":31,"spe":31}},{"name":"Hen + Tie","species":"tentacruel","item":"blacksludge","ability":"Liquid Ooze","moves":["scald","rapidspin","acidspray","knockoff"],"nature":"Timid","evs":{"hp":248,"atk":0,"def":216,"spa":0,"spd":28,"spe":16},"ivs":{"hp":31,"atk":31,"def":31,"spa":31,"spd":31,"spe":31}},{"name":"Kenny (The Bae)","species":"azumarill","item":"assaultvest","ability":"Sap Sipper","moves":["playrough","waterfall","aquajet","knockoff"],"nature":"Adamant","evs":{"hp":240,"atk":252,"def":0,"spa":0,"spd":16,"spe":0},"gender":"F","ivs":{"hp":31,"atk":31,"def":31,"spa":31,"spd":31,"spe":31}},{"name":"Slippy","species":"politoed","item":"choicespecs","ability":"Drizzle","moves":["scald","hydropump","hiddenpowergrass","mudbomb"],"nature":"Modest","evs":{"hp":248,"atk":0,"def":0,"spa":252,"spd":8,"spe":0},"ivs":{"hp":31,"atk":30,"def":31,"spa":30,"spd":31,"spe":31}},{"name":"Samba de Amigo","species":"ludicolo","item":"lifeorb","ability":"Swift Swim","moves":["hydropump","gigadrain","icebeam","focusblast"],"nature":"Modest","evs":{"hp":0,"atk":0,"def":0,"spa":252,"spd":4,"spe":252},"ivs":{"hp":31,"atk":31,"def":31,"spa":31,"spd":31,"spe":31}},{"name":"JUST DO IT!","species":"swampert","item":"swampertite","ability":"Damp","moves":["waterfall","earthquake","icepunch","poweruppunch"],"nature":"Adamant","evs":{"hp":0,"atk":252,"def":4,"spa":0,"spd":0,"spe":252},"ivs":{"hp":31,"atk":31,"def":31,"spa":31,"spd":31,"spe":31}}],"p2team":[{"name":"Cloyster","species":"Cloyster","item":"focussash","ability":"Skill Link","moves":["explosion","shellsmash","iciclespear","rockblast"],"nature":"Careful","evs":{"hp":0,"atk":156,"def":0,"spa":0,"spd":100,"spe":252},"gender":"F","ivs":{"hp":31,"atk":31,"def":31,"spa":31,"spd":31,"spe":31}},{"name":"Slowking","species":"Slowking","item":"assaultvest","ability":"Regenerator","moves":["flamethrower","psyshock","scald","focusblast"],"nature":"Modest","evs":{"hp":0,"atk":0,"def":136,"spa":252,"spd":120,"spe":0},"gender":"M","ivs":{"hp":31,"atk":31,"def":31,"spa":31,"spd":31,"spe":31}},{"name":"Swampert","species":"Swampert","item":"swampertite","ability":"Torrent","moves":["earthquake","refresh","waterfall","icepunch"],"nature":"","gender":"F","evs":{"hp":0,"atk":0,"def":0,"spa":0,"spd":0,"spe":0},"ivs":{"hp":31,"atk":31,"def":31,"spa":31,"spd":31,"spe":31}},{"name":"Tentacruel","species":"Tentacruel","item":"blacksludge","ability":"Liquid Ooze","moves":["toxicspikes","scald","rapidspin","sludgebomb"],"nature":"Modest","evs":{"hp":0,"atk":0,"def":152,"spa":156,"spd":0,"spe":200},"gender":"M","ivs":{"hp":31,"atk":31,"def":31,"spa":31,"spd":31,"spe":31}},{"name":"Azumarill","species":"Azumarill","item":"sitrusberry","ability":"Huge Power","moves":["aquajet","knockoff","playrough","bellydrum"],"nature":"Adamant","evs":{"hp":0,"atk":160,"def":92,"spa":0,"spd":116,"spe":140},"gender":"F","ivs":{"hp":31,"atk":31,"def":31,"spa":31,"spd":31,"spe":31}},{"name":"Keldeo","species":"Keldeo","item":"choicespecs","ability":"Justified","moves":["secretsword","hydropump","hiddenpowerelectric","icywind"],"nature":"Modest","evs":{"hp":0,"atk":0,"def":100,"spa":5,"spd":100,"spe":252},"ivs":{"hp":31,"atk":31,"def":31,"spa":30,"spd":31,"spe":31}}],"log":["|player|p1|DJ Biggie|109","|player|p2|opal boltrider|93","|gametype|singles","|gen|6","|tier|Monotype","|rated","|rule|Baton Pass Clause: Limit one Baton Passer, can't pass Spe and other stats simultaneously","|rule|Swagger Clause: Swagger is banned","|rule|Same Type Clause: Pokémon in a team must share a type","|clearpoke","|poke|p1|Kingdra, F","|poke|p1|Tentacruel, F","|poke|p1|Azumarill, F","|poke|p1|Politoed, F","|poke|p1|Ludicolo, M","|poke|p1|Swampert, F","|poke|p2|Cloyster, F","|poke|p2|Slowking, M","|poke|p2|Swampert, F","|poke|p2|Tentacruel, M","|poke|p2|Azumarill, F","|poke|p2|Keldeo","|rule|Sleep Clause Mod: Limit one foe put to sleep","|rule|Species Clause: Limit one of each Pokémon","|rule|OHKO Clause: OHKO moves are banned","|rule|Moody Clause: Moody is banned","|rule|Evasion Moves Clause: Evasion moves are banned","|rule|Endless Battle Clause: Forcing endless battles is banned","|rule|HP Percentage Mod: HP is shown in percentages","|teampreview","|","|start","|switch|p1a: Slippy|Politoed, F|383/383","|switch|p2a: Azumarill|Azumarill, F|341/341","|-weather|RainDance","|turn|1","|","|move|p1a: Slippy|Scald|p2a: Azumarill","|-resisted|p2a: Azumarill","|-damage|p2a: Azumarill|191/341","|move|p2a: Azumarill|Belly Drum|p2a: Azumarill","|-damage|p2a: Azumarill|21/341","|-setboost|p2a: Azumarill|atk|6|[from] move: Belly Drum","|-enditem|p2a: Azumarill|Sitrus Berry|[eat]","|-heal|p2a: Azumarill|106/341|[from] item: Sitrus Berry","|","|-weather|RainDance|[upkeep]","|turn|2","|","|move|p1a: Slippy|Scald|p2a: Azumarill","|-resisted|p2a: Azumarill","|-damage|p2a: Azumarill|0 fnt","|faint|p2a: Azumarill","|","|-weather|RainDance|[upkeep]","|","|switch|p2a: Tentacruel|Tentacruel, M|301/301","|turn|3","|","|move|p2a: Tentacruel|Toxic Spikes|p1a: Slippy","|-sidestart|p1: DJ Biggie|move: Toxic Spikes","|move|p1a: Slippy|Scald|p2a: Tentacruel","|-resisted|p2a: Tentacruel","|-damage|p2a: Tentacruel|184/301","|-status|p2a: Tentacruel|brn","|","|-weather|RainDance|[upkeep]","|-heal|p2a: Tentacruel|202/301 brn|[from] item: Black Sludge","|-damage|p2a: Tentacruel|165/301 brn|[from] brn","|turn|4","|","|move|p2a: Tentacruel|Sludge Bomb|p1a: Slippy","|-damage|p1a: Slippy|272/383","|move|p1a: Slippy|Scald|p2a: Tentacruel","|-resisted|p2a: Tentacruel","|-damage|p2a: Tentacruel|50/301 brn","|","|-weather|RainDance|[upkeep]","|-heal|p2a: Tentacruel|68/301 brn|[from] item: Black Sludge","|-damage|p2a: Tentacruel|31/301 brn|[from] brn","|turn|5","|","|switch|p1a: Hen + Tie|Tentacruel, F|363/363","|-sideend|p1: DJ Biggie|move: Toxic Spikes|[of] p1a: Hen + Tie","|move|p2a: Tentacruel|Sludge Bomb|p1a: Hen + Tie","|-resisted|p1a: Hen + Tie","|-damage|p1a: Hen + Tie|315/363","|","|-weather|none","|-heal|p2a: Tentacruel|49/301 brn|[from] item: Black Sludge","|-heal|p1a: Hen + Tie|337/363|[from] item: Black Sludge","|-damage|p2a: Tentacruel|12/301 brn|[from] brn","|turn|6","|","|switch|p2a: Slowking|Slowking, M|331/331","|move|p1a: Hen + Tie|Rapid Spin|p2a: Slowking","|-damage|p2a: Slowking|319/331","|","|-heal|p1a: Hen + Tie|359/363|[from] item: Black Sludge","|turn|7","|","|move|p1a: Hen + Tie|Knock Off|p2a: Slowking","|-supereffective|p2a: Slowking","|-damage|p2a: Slowking|209/331","|-enditem|p2a: Slowking|Assault Vest|[from] move: Knock Off|[of] p1a: Hen + Tie","|move|p2a: Slowking|Psyshock|p1a: Hen + Tie","|-supereffective|p1a: Hen + Tie","|-damage|p1a: Hen + Tie|89/363","|","|-heal|p1a: Hen + Tie|111/363|[from] item: Black Sludge","|turn|8","|","|switch|p1a: Slippy|Politoed, F|272/383","|-weather|RainDance","|move|p2a: Slowking|Psyshock|p1a: Slippy","|-damage|p1a: Slippy|106/383","|","|-weather|RainDance|[upkeep]","|turn|9","|","|move|p1a: Slippy|Hidden Power|p2a: Slowking","|-supereffective|p2a: Slowking","|-damage|p2a: Slowking|55/331","|move|p2a: Slowking|Psyshock|p1a: Slippy","|-damage|p1a: Slippy|0 fnt","|faint|p1a: Slippy","|","|-weather|RainDance|[upkeep]","|","|switch|p1a: Samba de Amigo|Ludicolo, M|301/301","|turn|10","|","|move|p1a: Samba de Amigo|Giga Drain|p2a: Slowking","|-supereffective|p2a: Slowking","|-damage|p2a: Slowking|0 fnt","|-damage|p1a: Samba de Amigo|271/301|[from] item: Life Orb","|faint|p2a: Slowking","|","|-weather|RainDance|[upkeep]","|","|switch|p2a: Tentacruel|Tentacruel, M|12/301 brn","|turn|11","|","|switch|p1a: Hen + Tie|Tentacruel, F|111/363","|move|p2a: Tentacruel|Sludge Bomb|p1a: Hen + Tie","|-resisted|p1a: Hen + Tie","|-damage|p1a: Hen + Tie|59/363","|","|-weather|RainDance|[upkeep]","|-heal|p2a: Tentacruel|30/301 brn|[from] item: Black Sludge","|-heal|p1a: Hen + Tie|81/363|[from] item: Black Sludge","|-damage|p2a: Tentacruel|0 fnt|[from] brn","|faint|p2a: Tentacruel","|","|switch|p2a: Swampert|Swampert, F|341/341","|turn|12","|","|detailschange|p2a: Swampert|Swampert-Mega, F","|-mega|p2a: Swampert|Swampert|Swampertite","|move|p1a: Hen + Tie|Acid Spray|p2a: Swampert","|-resisted|p2a: Swampert","|-damage|p2a: Swampert|324/341","|-unboost|p2a: Swampert|spd|2","|move|p2a: Swampert|Earthquake|p1a: Hen + Tie","|-supereffective|p1a: Hen + Tie","|-damage|p1a: Hen + Tie|0 fnt","|faint|p1a: Hen + Tie","|","|-weather|none","|","|switch|p1a: Samba de Amigo|Ludicolo, M|271/301","|turn|13","|","|switch|p2a: Cloyster|Cloyster, F|241/241","|move|p1a: Samba de Amigo|Giga Drain|p2a: Cloyster","|-supereffective|p2a: Cloyster","|-enditem|p2a: Cloyster|Focus Sash","|-damage|p2a: Cloyster|1/241","|-heal|p1a: Samba de Amigo|301/301|[from] drain|[of] p2a: Cloyster","|-damage|p1a: Samba de Amigo|271/301|[from] item: Life Orb","|","|turn|14","|","|move|p1a: Samba de Amigo|Giga Drain|p2a: Cloyster","|-supereffective|p2a: Cloyster","|-damage|p2a: Cloyster|0 fnt","|-heal|p1a: Samba de Amigo|272/301|[from] drain|[of] p2a: Cloyster","|-damage|p1a: Samba de Amigo|242/301|[from] item: Life Orb","|faint|p2a: Cloyster","|","|","|switch|p2a: Keldeo|Keldeo|323/323","|turn|15","|","|move|p2a: Keldeo|Secret Sword|p1a: Samba de Amigo","|-damage|p1a: Samba de Amigo|0 fnt","|faint|p1a: Samba de Amigo","|","|","|switch|p1a: Kenny (The Bae)|Azumarill, F|401/401","|turn|16","|","|move|p2a: Keldeo|Secret Sword|p1a: Kenny (The Bae)","|-resisted|p1a: Kenny (The Bae)","|-damage|p1a: Kenny (The Bae)|279/401","|move|p1a: Kenny (The Bae)|Play Rough|p2a: Keldeo","|-supereffective|p2a: Keldeo","|-damage|p2a: Keldeo|123/323","|","|turn|17","|","|switch|p2a: Swampert|Swampert-Mega, F|324/341","|move|p1a: Kenny (The Bae)|Play Rough|p2a: Swampert","|-damage|p2a: Swampert|237/341","|-unboost|p2a: Swampert|atk|1","|","|turn|18","|","|switch|p1a: Faildra|Kingdra, F|291/291","|move|p2a: Swampert|Earthquake|p1a: Faildra","|-damage|p1a: Faildra|168/291","|","|turn|19","|","|move|p1a: Faildra|Draco Meteor|p2a: Swampert","|-damage|p2a: Swampert|42/341","|-unboost|p1a: Faildra|spa|2","|move|p2a: Swampert|Earthquake|p1a: Faildra","|-damage|p1a: Faildra|59/291","|","|turn|20","|","|move|p1a: Faildra|Draco Meteor|p2a: Swampert","|-damage|p2a: Swampert|0 fnt","|-unboost|p1a: Faildra|spa|2","|faint|p2a: Swampert","|","|","|switch|p2a: Keldeo|Keldeo|123/323","|turn|21","|","|move|p2a: Keldeo|Hidden Power|p1a: Faildra","|-damage|p1a: Faildra|0 fnt","|faint|p1a: Faildra","|","|","|switch|p1a: Kenny (The Bae)|Azumarill, F|279/401","|turn|22","|","|move|p2a: Keldeo|Hidden Power|p1a: Kenny (The Bae)","|-crit|p1a: Kenny (The Bae)","|-supereffective|p1a: Kenny (The Bae)","|-damage|p1a: Kenny (The Bae)|51/401","|move|p1a: Kenny (The Bae)|Play Rough|p2a: Keldeo","|-supereffective|p2a: Keldeo","|-damage|p2a: Keldeo|0 fnt","|faint|p2a: Keldeo","|","|win|DJ Biggie"],"p1rating":{"entryid":"7236327","serverid":"eos","formatid":"monotype","userid":"djbiggie","username":"DJ Biggie","w":1,"l":"1","t":"0","gxe":49.4,"r":"1500","rd":"130","sigma":"0","rptime":"1438074000","rpr":1495.4386995849,"rprd":116.20594566497,"rpsigma":"0","acre":1056.7244802676,"lacre":1056.7244802676,"oldacre":"1000"},"p2rating":{"entryid":"6940424","serverid":"eos","formatid":"monotype","userid":"opalboltrider","username":"opal boltrider","w":"21","l":29,"t":"0","gxe":41.5,"r":"1435.091389344","rd":"51.254839612376","sigma":"0","rptime":"1438074000","rpr":1434.5393043228,"rprd":49.803483098808,"rpsigma":"0","acre":1119.2956550425,"lacre":1119.2956550425,"oldacre":"1154.7484552098"},"endType":"normal"}