{"seed":[35998,18072,3789,35420],"turns":54,"p1":"Wаrden Arguѕ","p2":"Deucez","p1team":[{"name":"Sableye","species":"Sableye","item":"leftovers","ability":"Prankster","moves":["knockoff","willowisp","recover","taunt"],"nature":"Bold","evs":{"hp":228,"atk":0,"def":252,"spa":0,"spd":0,"spe":28},"gender":"M","ivs":{"hp":31,"atk":0,"def":31,"spa":31,"spd":31,"spe":31}},{"name":"Aegislash","species":"Aegislash","item":"weaknesspolicy","ability":"Stance Change","moves":["kingsshield","sacredsword","shadowball","shadowsneak"],"nature":"Lonely","evs":{"hp":0,"atk":252,"def":0,"spa":240,"spd":0,"spe":16},"gender":"M","shiny":true,"ivs":{"hp":31,"atk":31,"def":31,"spa":31,"spd":31,"spe":31}},{"name":"Jellicent","species":"Jellicent","item":"leftovers","ability":"Cursed Body","moves":["toxic","scald","recover","acidarmor"],"nature":"Calm","evs":{"hp":252,"atk":0,"def":0,"spa":0,"spd":252,"spe":4},"gender":"M","ivs":{"hp":31,"atk":0,"def":31,"spa":31,"spd":31,"spe":31},"shiny":true},{"name":"Golurk","species":"Golurk","item":"focussash","ability":"No Guard","moves":["stealthrock","stoneedge","dynamicpunch","curse"],"nature":"Adamant","evs":{"hp":0,"atk":252,"def":0,"spa":0,"spd":4,"spe":252},"shiny":true,"ivs":{"hp":31,"atk":31,"def":31,"spa":31,"spd":31,"spe":31}},{"name":"Chandelure","species":"Chandelure","item":"choicescarf","ability":"Infiltrator","moves":["flamethrower","shadowball","energyball","trick"],"nature":"Modest","evs":{"hp":0,"atk":0,"def":0,"spa":252,"spd":4,"spe":252},"gender":"F","ivs":{"hp":31,"atk":0,"def":31,"spa":31,"spd":31,"spe":31}},{"name":"Gengar","species":"Gengar","item":"focussash","ability":"Levitate","moves":["destinybond","sludgebomb","shadowball","energyball"],"nature":"Timid","evs":{"hp":0,"atk":0,"def":0,"spa":252,"spd":4,"spe":252},"gender":"F","ivs":{"hp":31,"atk":0,"def":31,"spa":31,"spd":31,"spe":31},"shiny":true}],"p2team":[{"name":"Exploud","species":"Exploud","item":"choicespecs","ability":"Scrappy","moves":["boomburst","overheat","focusblast","surf"],"nature":"Modest","evs":{"hp":248,"atk":0,"def":0,"spa":252,"spd":8,"spe":0},"gender":"M","ivs":{"hp":31,"atk":31,"def":31,"spa":31,"spd":31,"spe":31}},{"name":"Side Chick","species":"meloetta","item":"assaultvest","ability":"Serene Grace","moves":["psychic","focusblast","hypervoice","shadowball"],"nature":"Modest","evs":{"hp":248,"atk":0,"def":0,"spa":252,"spd":8,"spe":0},"ivs":{"hp":31,"atk":31,"def":31,"spa":31,"spd":31,"spe":31}},{"name":"S3x Toy","species":"porygon2","item":"eviolite","ability":"Trace","moves":["thunderwave","icebeam","foulplay","recover"],"nature":"Bold","evs":{"hp":252,"atk":0,"def":252,"spa":4,"spd":0,"spe":0},"shiny":true,"ivs":{"hp":31,"atk":31,"def":31,"spa":31,"spd":31,"spe":31}},{"name":"Fat ass hoe","species":"chansey","item":"eviolite","ability":"Natural Cure","moves":["wish","softboiled","seismictoss","healbell"],"nature":"Sassy","evs":{"hp":252,"atk":0,"def":252,"spa":0,"spd":4,"spe":0},"ivs":{"hp":31,"atk":31,"def":31,"spa":31,"spd":31,"spe":0}},{"name":"Mah Nigga","species":"staraptor","item":"leftovers","ability":"Intimidate","moves":["defog","featherdance","bravebird","roost"],"nature":"Impish","evs":{"hp":4,"atk":0,"def":252,"spa":0,"spd":0,"spe":252},"gender":"M","shiny":true,"ivs":{"hp":31,"atk":31,"def":31,"spa":31,"spd":31,"spe":31}},{"name":"Bae","species":"lopunny","item":"lopunnite","ability":"Limber","moves":["fakeout","poweruppunch","return","highjumpkick"],"nature":"Jolly","evs":{"hp":0,"atk":252,"def":0,"spa":0,"spd":4,"spe":252},"gender":"F","shiny":true,"ivs":{"hp":31,"atk":31,"def":31,"spa":31,"spd":31,"spe":31}}],"log":["|player|p1|Wаrden Arguѕ|argus2spooky.png","|player|p2|Deucez|acedeuce92.png","|gametype|singles","|gen|6","|tier|Monotype","|rated","|rule|Baton Pass Clause: Limit one Baton Passer, can't pass Spe and other stats simultaneously","|rule|Swagger Clause: Swagger is banned","|rule|Same Type Clause: Pokémon in a team must share a type","|clearpoke","|poke|p1|Sableye, M","|poke|p1|Aegislash, M, shiny","|poke|p1|Jellicent, M, shiny","|poke|p1|Golurk, shiny","|poke|p1|Chandelure, F","|poke|p1|Gengar, F, shiny","|poke|p2|Exploud, M","|poke|p2|Meloetta","|poke|p2|Porygon2, shiny","|poke|p2|Chansey, F","|poke|p2|Staraptor, M, shiny","|poke|p2|Lopunny, F, shiny","|rule|Sleep Clause Mod: Limit one foe put to sleep","|rule|Species Clause: Limit one of each Pokémon","|rule|OHKO Clause: OHKO moves are banned","|rule|Moody Clause: Moody is banned","|rule|Evasion Moves Clause: Evasion moves are banned","|rule|Endless Battle Clause: Forcing endless battles is banned","|rule|HP Percentage Mod: HP is shown in percentages","|teampreview","|","|start","|switch|p1a: Aegislash|Aegislash, M, shiny|261/261","|switch|p2a: Exploud|Exploud, M|411/411","|turn|1","|","|switch|p1a: Jellicent|Jellicent, M, shiny|404/404","|move|p2a: Exploud|Focus Blast|p1a: Jellicent","|-damage|p1a: Jellicent|281/404","|-unboost|p1a: Jellicent|spd|1","|","|-heal|p1a: Jellicent|306/404|[from] item: Leftovers","|turn|2","|","|switch|p2a: Fat ass hoe|Chansey, F|704/704","|switch|p1a: Golurk|Golurk, shiny|319/319","|","|turn|3","|","|move|p1a: Golurk|Dynamic Punch|p2a: Fat ass hoe","|-supereffective|p2a: Fat ass hoe","|-damage|p2a: Fat ass hoe|312/704","|-start|p2a: Fat ass hoe|confusion","|-activate|p2a: Fat ass hoe|confusion","|-damage|p2a: Fat ass hoe|302/704|[from] confusion","|","|turn|4","|","|switch|p2a: Mah Nigga|Staraptor, M, shiny|312/312","|-ability|p2a: Mah Nigga|Intimidate","|-unboost|p1a: Golurk|atk|1","|move|p1a: Golurk|Dynamic Punch|p2a: Mah Nigga","|-damage|p2a: Mah Nigga|233/312","|-start|p2a: Mah Nigga|confusion","|","|-heal|p2a: Mah Nigga|252/312|[from] item: Leftovers","|turn|5","|","|switch|p1a: Sableye|Sableye, M|298/298","|-activate|p2a: Mah Nigga|confusion","|move|p2a: Mah Nigga|Feather Dance|p1a: Sableye","|-unboost|p1a: Sableye|atk|2","|","|-heal|p2a: Mah Nigga|271/312|[from] item: Leftovers","|turn|6","|","|switch|p2a: S3x Toy|Porygon2, shiny|374/374","|-ability|p2a: S3x Toy|Prankster|[from] ability: Trace|[of] p1a: Sableye","|move|p1a: Sableye|Knock Off|p2a: S3x Toy","|-damage|p2a: S3x Toy|355/374","|-enditem|p2a: S3x Toy|Eviolite|[from] move: Knock Off|[of] p1a: Sableye","|","|turn|7","|","|move|p1a: Sableye|Taunt|p2a: S3x Toy","|-start|p2a: S3x Toy|move: Taunt","|move|p2a: S3x Toy|Ice Beam|p1a: Sableye","|-damage|p1a: Sableye|192/298","|","|-heal|p1a: Sableye|210/298|[from] item: Leftovers","|turn|8","|","|switch|p1a: Aegislash|Aegislash, M, shiny|261/261","|move|p2a: S3x Toy|Ice Beam|p1a: Aegislash","|-resisted|p1a: Aegislash","|-damage|p1a: Aegislash|233/261","|","|turn|9","|","|switch|p2a: Mah Nigga|Staraptor, M, shiny|271/312","|-ability|p2a: Mah Nigga|Intimidate","|-unboost|p1a: Aegislash|atk|1","|-formechange|p1a: Aegislash|Aegislash-Blade","|move|p1a: Aegislash|Sacred Sword|p2a: Mah Nigga","|-damage|p2a: Mah Nigga|191/312","|","|-heal|p2a: Mah Nigga|210/312|[from] item: Leftovers","|turn|10","|","|-formechange|p1a: Aegislash|Aegislash","|move|p1a: Aegislash|King's Shield|p1a: Aegislash","|-singleturn|p1a: Aegislash|Protect","|move|p2a: Mah Nigga|Brave Bird|p1a: Aegislash","|-activate|p1a: Aegislash|Protect","|-unboost|p2a: Mah Nigga|atk|2","|","|-heal|p2a: Mah Nigga|229/312|[from] item: Leftovers","|turn|11","|","|switch|p1a: Sableye|Sableye, M|210/298","|move|p2a: Mah Nigga|Feather Dance|p1a: Sableye","|-unboost|p1a: Sableye|atk|2","|","|-heal|p2a: Mah Nigga|248/312|[from] item: Leftovers","|-heal|p1a: Sableye|228/298|[from] item: Leftovers","|turn|12","|","|move|p1a: Sableye|Will-O-Wisp|p2a: Mah Nigga","|-status|p2a: Mah Nigga|brn","|move|p2a: Mah Nigga|Roost|p2a: Mah Nigga","|-heal|p2a: Mah Nigga|312/312 brn","|","|-heal|p1a: Sableye|246/298|[from] item: Leftovers","|-damage|p2a: Mah Nigga|273/312 brn|[from] brn","|turn|13","|","|switch|p2a: Bae|Lopunny, F, shiny|271/271","|move|p1a: Sableye|Knock Off|p2a: Bae","|-damage|p2a: Bae|246/271","|","|-heal|p1a: Sableye|264/298|[from] item: Leftovers","|turn|14","|","|detailschange|p2a: Bae|Lopunny-Mega, F, shiny","|-mega|p2a: Bae|Lopunny|Lopunnite","|move|p2a: Bae|Fake Out|p1a: Sableye","|-damage|p1a: Sableye|206/298","|cant|p1a: Sableye|flinch","|","|-heal|p1a: Sableye|224/298|[from] item: Leftovers","|turn|15","|","|move|p1a: Sableye|Will-O-Wisp|p2a: Bae","|-status|p2a: Bae|brn","|move|p2a: Bae|High Jump Kick|p1a: Sableye","|-supereffective|p1a: Sableye","|-damage|p1a: Sableye|11/298","|","|-heal|p1a: Sableye|29/298|[from] item: Leftovers","|-damage|p2a: Bae|213/271 brn|[from] brn","|turn|16","|","|switch|p2a: Fat ass hoe|Chansey, F|302/704","|switch|p1a: Chandelure|Chandelure, F|261/261","|","|turn|17","|","|switch|p1a: Golurk|Golurk, shiny|319/319","|move|p2a: Fat ass hoe|Soft-Boiled|p2a: Fat ass hoe","|-heal|p2a: Fat ass hoe|654/704","|","|turn|18","|","|switch|p2a: Mah Nigga|Staraptor, M, shiny|273/312 brn","|-ability|p2a: Mah Nigga|Intimidate","|-unboost|p1a: Golurk|atk|1","|move|p1a: Golurk|Dynamic Punch|p2a: Mah Nigga","|-damage|p2a: Mah Nigga|193/312 brn","|-start|p2a: Mah Nigga|confusion","|","|-heal|p2a: Mah Nigga|212/312 brn|[from] item: Leftovers","|-damage|p2a: Mah Nigga|173/312 brn|[from] brn","|turn|19","|","|switch|p2a: Fat ass hoe|Chansey, F|654/704","|move|p1a: Golurk|Stone Edge|p2a: Fat ass hoe","|-damage|p2a: Fat ass hoe|525/704","|","|turn|20","|","|move|p1a: Golurk|Dynamic Punch|p2a: Fat ass hoe","|-supereffective|p2a: Fat ass hoe","|-damage|p2a: Fat ass hoe|293/704","|-start|p2a: Fat ass hoe|confusion","|-activate|p2a: Fat ass hoe|confusion","|move|p2a: Fat ass hoe|Heal Bell|p2a: Fat ass hoe","|-cureteam|p2a: Fat ass hoe|[from] move: HealBell","|","|turn|21","|","|switch|p2a: Mah Nigga|Staraptor, M, shiny|173/312","|-ability|p2a: Mah Nigga|Intimidate","|-unboost|p1a: Golurk|atk|1","|move|p1a: Golurk|Stealth Rock|p2a: Mah Nigga","|-sidestart|p2: Deucez|move: Stealth Rock","|","|-heal|p2a: Mah Nigga|192/312|[from] item: Leftovers","|turn|22","|","|switch|p1a: Chandelure|Chandelure, F|261/261","|move|p2a: Mah Nigga|Roost|p2a: Mah Nigga","|-heal|p2a: Mah Nigga|312/312","|","|turn|23","|","|switch|p1a: Aegislash|Aegislash, M, shiny|233/261","|move|p2a: Mah Nigga|Defog|p1a: Aegislash","|-unboost|p1a: Aegislash|evasion|1","|-sideend|p2: Deucez|Stealth Rock|[from] move: Defog|[of] p2a: Mah Nigga","|","|turn|24","|","|switch|p2a: Side Chick|Meloetta|403/403","|-formechange|p1a: Aegislash|Aegislash-Blade","|move|p1a: Aegislash|Sacred Sword|p2a: Side Chick","|-damage|p2a: Side Chick|245/403","|","|turn|25","|","|-formechange|p1a: Aegislash|Aegislash","|move|p1a: Aegislash|King's Shield|p1a: Aegislash","|-singleturn|p1a: Aegislash|Protect","|move|p2a: Side Chick|Shadow Ball|p1a: Aegislash","|-activate|p1a: Aegislash|Protect","|","|turn|26","|","|move|p2a: Side Chick|Shadow Ball|p1a: Aegislash","|-supereffective|p1a: Aegislash","|-damage|p1a: Aegislash|91/261","|-enditem|p1a: Aegislash|Weakness Policy","|-boost|p1a: Aegislash|atk|2|[from] item: Weakness Policy","|-boost|p1a: Aegislash|spa|2|[from] item: Weakness Policy","|-formechange|p1a: Aegislash|Aegislash-Blade","|move|p1a: Aegislash|Sacred Sword|p2a: Side Chick","|-damage|p2a: Side Chick|0 fnt","|faint|p2a: Side Chick","|","|","|switch|p2a: Bae|Lopunny-Mega, F, shiny|213/271","|turn|27","|","|switch|p2a: Exploud|Exploud, M|411/411","|-formechange|p1a: Aegislash|Aegislash","|move|p1a: Aegislash|King's Shield|p1a: Aegislash","|-fail|p1a: Aegislash","|","|turn|28","|","|move|p1a: Aegislash|King's Shield|p1a: Aegislash","|-singleturn|p1a: Aegislash|Protect","|move|p2a: Exploud|Boomburst|p1a: Aegislash","|-activate|p1a: Aegislash|Protect","|","|turn|29","|","|move|p2a: Exploud|Boomburst|p1a: Aegislash","|-resisted|p1a: Aegislash","|-damage|p1a: Aegislash|0 fnt","|faint|p1a: Aegislash","|","|","|switch|p1a: Jellicent|Jellicent, M, shiny|306/404","|turn|30","|","|move|p2a: Exploud|Boomburst|p1a: Jellicent","|-damage|p1a: Jellicent|74/404","|move|p1a: Jellicent|Recover|p1a: Jellicent","|-heal|p1a: Jellicent|276/404","|","|-heal|p1a: Jellicent|301/404|[from] item: Leftovers","|turn|31","|","|move|p2a: Exploud|Boomburst|p1a: Jellicent","|-damage|p1a: Jellicent|78/404","|move|p1a: Jellicent|Recover|p1a: Jellicent","|-heal|p1a: Jellicent|280/404","|","|-heal|p1a: Jellicent|305/404|[from] item: Leftovers","|turn|32","|","|move|p2a: Exploud|Boomburst|p1a: Jellicent","|-damage|p1a: Jellicent|68/404","|move|p1a: Jellicent|Recover|p1a: Jellicent","|-heal|p1a: Jellicent|270/404","|","|-heal|p1a: Jellicent|295/404|[from] item: Leftovers","|turn|33","|","|move|p2a: Exploud|Boomburst|p1a: Jellicent","|-damage|p1a: Jellicent|60/404","|move|p1a: Jellicent|Recover|p1a: Jellicent","|-heal|p1a: Jellicent|262/404","|","|-heal|p1a: Jellicent|287/404|[from] item: Leftovers","|turn|34","|","|switch|p2a: Bae|Lopunny-Mega, F, shiny|213/271","|move|p1a: Jellicent|Recover|p1a: Jellicent","|-heal|p1a: Jellicent|404/404","|","|turn|35","|","|move|p2a: Bae|Power-Up Punch|p1a: Jellicent","|-damage|p1a: Jellicent|299/404","|-boost|p2a: Bae|atk|1","|move|p1a: Jellicent|Acid Armor|p1a: Jellicent","|-boost|p1a: Jellicent|def|2","|","|-heal|p1a: Jellicent|324/404|[from] item: Leftovers","|turn|36","|","|move|p2a: Bae|Return|p1a: Jellicent","|-damage|p1a: Jellicent|119/404","|move|p1a: Jellicent|Recover|p1a: Jellicent","|-heal|p1a: Jellicent|321/404","|","|-heal|p1a: Jellicent|346/404|[from] item: Leftovers","|turn|37","|","|switch|p2a: Fat ass hoe|Chansey, F|293/704","|move|p1a: Jellicent|Acid Armor|p1a: Jellicent","|-boost|p1a: Jellicent|def|2","|","|-heal|p1a: Jellicent|371/404|[from] item: Leftovers","|turn|38","|","|switch|p1a: Golurk|Golurk, shiny|319/319","|move|p2a: Fat ass hoe|Soft-Boiled|p2a: Fat ass hoe","|-heal|p2a: Fat ass hoe|645/704","|","|turn|39","|","|switch|p2a: Mah Nigga|Staraptor, M, shiny|312/312","|-ability|p2a: Mah Nigga|Intimidate","|-unboost|p1a: Golurk|atk|1","|move|p1a: Golurk|Stone Edge|p2a: Mah Nigga","|-supereffective|p2a: Mah Nigga","|-damage|p2a: Mah Nigga|160/312","|","|-heal|p2a: Mah Nigga|179/312|[from] item: Leftovers","|turn|40","|","|switch|p2a: Exploud|Exploud, M|411/411","|move|p1a: Golurk|Stealth Rock|p2a: Exploud","|-sidestart|p2: Deucez|move: Stealth Rock","|","|turn|41","|","|move|p1a: Golurk|Dynamic Punch|p2a: Exploud","|-supereffective|p2a: Exploud","|-damage|p2a: Exploud|177/411","|-start|p2a: Exploud|confusion","|-activate|p2a: Exploud|confusion","|move|p2a: Exploud|Boomburst|p1a: Golurk","|-enditem|p1a: Golurk|Focus Sash","|-damage|p1a: Golurk|1/319","|","|turn|42","|","|switch|p2a: Mah Nigga|Staraptor, M, shiny|179/312","|-damage|p2a: Mah Nigga|101/312|[from] Stealth Rock","|-ability|p2a: Mah Nigga|Intimidate","|-unboost|p1a: Golurk|atk|1","|move|p1a: Golurk|Dynamic Punch|p2a: Mah Nigga","|-damage|p2a: Mah Nigga|42/312","|-start|p2a: Mah Nigga|confusion","|","|-heal|p2a: Mah Nigga|61/312|[from] item: Leftovers","|turn|43","|","|switch|p1a: Sableye|Sableye, M|29/298","|-activate|p2a: Mah Nigga|confusion","|move|p2a: Mah Nigga|Defog|p1a: Sableye","|-unboost|p1a: Sableye|evasion|1","|-sideend|p2: Deucez|Stealth Rock|[from] move: Defog|[of] p2a: Mah Nigga","|","|-heal|p2a: Mah Nigga|80/312|[from] item: Leftovers","|-heal|p1a: Sableye|47/298|[from] item: Leftovers","|turn|44","|","|switch|p2a: Bae|Lopunny-Mega, F, shiny|213/271","|move|p1a: Sableye|Will-O-Wisp|p2a: Bae","|-status|p2a: Bae|brn","|","|-heal|p1a: Sableye|65/298|[from] item: Leftovers","|-damage|p2a: Bae|180/271 brn|[from] brn","|turn|45","|","|switch|p1a: Chandelure|Chandelure, F|261/261","|move|p2a: Bae|Power-Up Punch|p1a: Chandelure","|-crit|p1a: Chandelure","|-damage|p1a: Chandelure|197/261","|-boost|p2a: Bae|atk|1","|","|-damage|p2a: Bae|147/271 brn|[from] brn","|turn|46","|","|switch|p1a: Golurk|Golurk, shiny|1/319","|move|p2a: Bae|High Jump Kick|p1a: Golurk","|-damage|p1a: Golurk|0 fnt","|faint|p1a: Golurk","|","|-damage|p2a: Bae|114/271 brn|[from] brn","|","|switch|p1a: Gengar|Gengar, F, shiny|261/261","|turn|47","|","|switch|p2a: Fat ass hoe|Chansey, F|645/704","|move|p1a: Gengar|Sludge Bomb|p2a: Fat ass hoe","|-damage|p2a: Fat ass hoe|546/704","|","|turn|48","|","|switch|p1a: Chandelure|Chandelure, F|197/261","|move|p2a: Fat ass hoe|Heal Bell|p2a: Fat ass hoe","|-cureteam|p2a: Fat ass hoe|[from] move: HealBell","|","|turn|49","|","|move|p1a: Chandelure|Trick|p2a: Fat ass hoe","|-activate|p1a: Chandelure|move: Trick|[of] p2a: Fat ass hoe","|-item|p2a: Fat ass hoe|Choice Scarf|[from] move: Trick","|-item|p1a: Chandelure|Eviolite|[from] move: Trick","|move|p2a: Fat ass hoe|Wish|p2a: Fat ass hoe","|","|turn|50","|","|switch|p2a: Bae|Lopunny-Mega, F, shiny|114/271","|move|p1a: Chandelure|Flamethrower|p2a: Bae","|-damage|p2a: Bae|0 fnt","|faint|p2a: Bae","|","|","|switch|p2a: Exploud|Exploud, M|177/411","|turn|51","|","|move|p1a: Chandelure|Flamethrower|p2a: Exploud","|-damage|p2a: Exploud|0 fnt","|faint|p2a: Exploud","|","|","|switch|p2a: S3x Toy|Porygon2, shiny|355/374","|-ability|p2a: S3x Toy|Infiltrator|[from] ability: Trace|[of] p1a: Chandelure","|turn|52","|","|switch|p1a: Jellicent|Jellicent, M, shiny|371/404","|move|p2a: S3x Toy|Thunder Wave|p1a: Jellicent","|-status|p1a: Jellicent|par","|","|-heal|p1a: Jellicent|396/404 par|[from] item: Leftovers","|turn|53","|","|move|p2a: S3x Toy|Foul Play|p1a: Jellicent","|-supereffective|p1a: Jellicent","|-damage|p1a: Jellicent|308/404 par","|move|p1a: Jellicent|Toxic|p2a: S3x Toy","|-status|p2a: S3x Toy|tox","|","|-heal|p1a: Jellicent|333/404 par|[from] item: Leftovers","|-damage|p2a: S3x Toy|332/374 tox|[from] psn","|turn|54","|","|win|Wаrden Arguѕ"],"p1rating":{"entryid":"7252450","serverid":"eos","formatid":"monotype","userid":"wrdenargu","username":"Wаrden Arguѕ","w":4,"l":"0","t":"0","gxe":63.7,"r":"1500","rd":"130","sigma":"0","rptime":"1438160400","rpr":1610.7225184827,"rprd":106.65734946254,"rpsigma":"0","acre":1146.0596554878,"lacre":1146.0596554878,"oldacre":"1119.153575739"},"p2rating":{"entryid":"7192012","serverid":"eos","formatid":"monotype","userid":"deucez","username":"Deucez","w":"6","l":5,"t":"0","gxe":51.1,"r":"1485.2410492934","rd":"107.35986327311","sigma":"0","rptime":"1438160400","rpr":1508.4559380466,"rprd":85.103424599719,"rpsigma":"0","acre":1118.7886013245,"lacre":1118.7886013245,"oldacre":"1145.6946810733"},"endType":"forfeit"}