{"seed":[32435,51863,51082,6598],"turns":29,"p1":"Nеowսlf","p2":"Defender of Sinnoh","p1team":[{"name":"Landorus-Therian","species":"Landorus-Therian","item":"choicescarf","ability":"Intimidate","moves":["earthquake","stoneedge","knockoff","uturn"],"nature":"Jolly","evs":{"hp":0,"atk":252,"def":0,"spa":0,"spd":4,"spe":252},"ivs":{"hp":31,"atk":31,"def":31,"spa":31,"spd":31,"spe":31}},{"name":"Skarmory","species":"Skarmory","item":"leftovers","ability":"Sturdy","moves":["ironhead","roost","stealthrock","whirlwind"],"nature":"Impish","evs":{"hp":252,"atk":0,"def":232,"spa":0,"spd":0,"spe":24},"ivs":{"hp":31,"atk":31,"def":31,"spa":31,"spd":31,"spe":31}},{"name":"Mandibuzz","species":"Mandibuzz","item":"leftovers","ability":"Overcoat","moves":["toxic","roost","foulplay","defog"],"nature":"Careful","evs":{"hp":240,"atk":0,"def":16,"spa":0,"spd":252,"spe":0},"ivs":{"hp":31,"atk":31,"def":31,"spa":31,"spd":31,"spe":31}},{"name":"Tornadus-Therian","species":"Tornadus-Therian","item":"assaultvest","ability":"Regenerator","moves":["hurricane","heatwave","uturn","focusblast"],"nature":"Hasty","evs":{"hp":132,"atk":0,"def":0,"spa":160,"spd":0,"spe":216},"ivs":{"hp":31,"atk":31,"def":31,"spa":31,"spd":31,"spe":31}},{"name":"Charizard","species":"Charizard","item":"charizarditex","ability":"Blaze","moves":["dragondance","dragonclaw","firepunch","roost"],"nature":"Jolly","evs":{"hp":0,"atk":252,"def":0,"spa":0,"spd":4,"spe":252},"ivs":{"hp":31,"atk":31,"def":31,"spa":31,"spd":31,"spe":31}},{"name":"Thundurus","species":"Thundurus","item":"leftovers","ability":"Prankster","moves":["taunt","thunderwave","thunderbolt","hiddenpowerice"],"nature":"Timid","evs":{"hp":0,"atk":0,"def":0,"spa":252,"spd":4,"spe":252},"ivs":{"hp":31,"atk":30,"def":30,"spa":31,"spd":31,"spe":31}}],"p2team":[{"name":"Torterra","species":"Torterra","item":"assaultvest","ability":"Overgrow","moves":["earthquake","stoneedge","seedbomb","crunch"],"nature":"Adamant","evs":{"hp":248,"atk":252,"def":0,"spa":0,"spd":8,"spe":0},"ivs":{"hp":31,"atk":31,"def":31,"spa":31,"spd":31,"spe":31}},{"name":"Garchomp","species":"Garchomp","item":"rockyhelmet","ability":"Rough Skin","moves":["earthquake","dragonclaw","swordsdance","stoneedge"],"nature":"Jolly","evs":{"hp":0,"atk":252,"def":0,"spa":0,"spd":4,"spe":252},"ivs":{"hp":31,"atk":31,"def":31,"spa":31,"spd":31,"spe":31}},{"name":"Krookodile","species":"Krookodile","item":"choicescarf","ability":"Moxie","moves":["crunch","earthquake","firefang","stoneedge"],"nature":"Jolly","evs":{"hp":0,"atk":252,"def":0,"spa":0,"spd":4,"spe":252},"ivs":{"hp":31,"atk":31,"def":31,"spa":31,"spd":31,"spe":31}},{"name":"Excadrill","species":"Excadrill","item":"airballoon","ability":"Mold Breaker","moves":["earthquake","ironhead","rockslide","rapidspin"],"nature":"Jolly","evs":{"hp":0,"atk":252,"def":0,"spa":0,"spd":8,"spe":248},"ivs":{"hp":31,"atk":31,"def":31,"spa":31,"spd":31,"spe":31}},{"name":"Gastrodon","species":"Gastrodon","item":"leftovers","ability":"Storm Drain","moves":["earthpower","scald","recover","toxic"],"nature":"Bold","evs":{"hp":248,"atk":0,"def":252,"spa":8,"spd":0,"spe":0},"ivs":{"hp":31,"atk":31,"def":31,"spa":31,"spd":31,"spe":31}},{"name":"Steelix","species":"Steelix","item":"steelixite","ability":"Sturdy","moves":["heavyslam","explosion","rockblast","earthquake"],"nature":"Adamant","evs":{"hp":0,"atk":252,"def":0,"spa":0,"spd":4,"spe":252},"ivs":{"hp":31,"atk":31,"def":31,"spa":31,"spd":31,"spe":31}}],"log":["|player|p1|Nеowսlf|143","|player|p2|Defender of Sinnoh|25","|gametype|singles","|gen|6","|tier|Monotype","|rated","|rule|Baton Pass Clause: Limit one Baton Passer, can't pass Spe and other stats simultaneously","|rule|Swagger Clause: Swagger is banned","|rule|Same Type Clause: Pokémon in a team must share a type","|clearpoke","|poke|p1|Landorus-Therian, M","|poke|p1|Skarmory, F","|poke|p1|Mandibuzz, F","|poke|p1|Tornadus-Therian, M","|poke|p1|Charizard, F","|poke|p1|Thundurus, M","|poke|p2|Torterra, F","|poke|p2|Garchomp, M","|poke|p2|Krookodile, M","|poke|p2|Excadrill, M","|poke|p2|Gastrodon, M","|poke|p2|Steelix, M","|rule|Sleep Clause Mod: Limit one foe put to sleep","|rule|Species Clause: Limit one of each Pokémon","|rule|OHKO Clause: OHKO moves are banned","|rule|Moody Clause: Moody is banned","|rule|Evasion Moves Clause: Evasion moves are banned","|rule|Endless Battle Clause: Forcing endless battles is banned","|rule|HP Percentage Mod: HP is shown in percentages","|teampreview","|","|start","|switch|p1a: Tornadus-Therian|Tornadus-Therian, M|332/332","|switch|p2a: Steelix|Steelix, M|291/291","|turn|1","|","|detailschange|p2a: Steelix|Steelix-Mega, M","|-mega|p2a: Steelix|Steelix|Steelixite","|move|p1a: Tornadus-Therian|Heat Wave|p2a: Steelix","|-supereffective|p2a: Steelix","|-damage|p2a: Steelix|105/291","|move|p2a: Steelix|Rock Blast|p1a: Tornadus-Therian","|-supereffective|p1a: Tornadus-Therian","|-damage|p1a: Tornadus-Therian|240/332","|-supereffective|p1a: Tornadus-Therian","|-damage|p1a: Tornadus-Therian|152/332","|-supereffective|p1a: Tornadus-Therian","|-damage|p1a: Tornadus-Therian|66/332","|-supereffective|p1a: Tornadus-Therian","|-damage|p1a: Tornadus-Therian|0 fnt","|-hitcount|p1a: Tornadus-Therian|4","|faint|p1a: Tornadus-Therian","|","|","|switch|p1a: Charizard|Charizard, F|297/297","|turn|2","|","|detailschange|p1a: Charizard|Charizard-Mega-X, F","|-mega|p1a: Charizard|Charizard|Charizardite X","|move|p1a: Charizard|Fire Punch|p2a: Steelix","|-supereffective|p2a: Steelix","|-damage|p2a: Steelix|0 fnt","|faint|p2a: Steelix","|","|","|switch|p2a: Garchomp|Garchomp, M|357/357","|turn|3","|","|switch|p1a: Skarmory|Skarmory, F|334/334","|move|p2a: Garchomp|Dragon Claw|p1a: Skarmory","|-resisted|p1a: Skarmory","|-damage|p1a: Skarmory|292/334","|","|-heal|p1a: Skarmory|312/334|[from] item: Leftovers","|turn|4","|","|switch|p1a: Mandibuzz|Mandibuzz, F|421/421","|move|p2a: Garchomp|Stone Edge|p1a: Mandibuzz","|-supereffective|p1a: Mandibuzz","|-damage|p1a: Mandibuzz|183/421","|","|-heal|p1a: Mandibuzz|209/421|[from] item: Leftovers","|turn|5","|","|switch|p1a: Skarmory|Skarmory, F|312/334","|move|p2a: Garchomp|Stone Edge|p1a: Skarmory","|-crit|p1a: Skarmory","|-damage|p1a: Skarmory|211/334","|","|-heal|p1a: Skarmory|231/334|[from] item: Leftovers","|turn|6","|","|move|p2a: Garchomp|Swords Dance|p2a: Garchomp","|-boost|p2a: Garchomp|atk|2","|move|p1a: Skarmory|Roost|p1a: Skarmory","|-heal|p1a: Skarmory|334/334","|","|turn|7","|","|move|p2a: Garchomp|Stone Edge|p1a: Skarmory","|-damage|p1a: Skarmory|186/334","|move|p1a: Skarmory|Whirlwind|p2a: Garchomp","|drag|p2a: Gastrodon|Gastrodon, M|425/425","|","|-heal|p1a: Skarmory|206/334|[from] item: Leftovers","|turn|8","|","|switch|p1a: Mandibuzz|Mandibuzz, F|209/421","|move|p2a: Gastrodon|Scald|p1a: Mandibuzz","|-damage|p1a: Mandibuzz|146/421","|-status|p1a: Mandibuzz|brn","|","|-heal|p1a: Mandibuzz|172/421 brn|[from] item: Leftovers","|-damage|p1a: Mandibuzz|120/421 brn|[from] brn","|turn|9","|","|move|p1a: Mandibuzz|Toxic|p2a: Gastrodon","|-status|p2a: Gastrodon|tox","|move|p2a: Gastrodon|Scald|p1a: Mandibuzz","|-damage|p1a: Mandibuzz|47/421 brn","|","|-heal|p1a: Mandibuzz|73/421 brn|[from] item: Leftovers","|-damage|p1a: Mandibuzz|21/421 brn|[from] brn","|-damage|p2a: Gastrodon|399/425 tox|[from] psn","|turn|10","|","|move|p1a: Mandibuzz|Roost|p1a: Mandibuzz","|-heal|p1a: Mandibuzz|232/421 brn","|move|p2a: Gastrodon|Scald|p1a: Mandibuzz","|-damage|p1a: Mandibuzz|163/421 brn","|","|-heal|p1a: Mandibuzz|189/421 brn|[from] item: Leftovers","|-heal|p2a: Gastrodon|425/425 tox|[from] item: Leftovers","|-damage|p1a: Mandibuzz|137/421 brn|[from] brn","|-damage|p2a: Gastrodon|373/425 tox|[from] psn","|turn|11","|","|move|p1a: Mandibuzz|Roost|p1a: Mandibuzz","|-heal|p1a: Mandibuzz|348/421 brn","|move|p2a: Gastrodon|Scald|p1a: Mandibuzz","|-damage|p1a: Mandibuzz|279/421 brn","|","|-heal|p1a: Mandibuzz|305/421 brn|[from] item: Leftovers","|-heal|p2a: Gastrodon|399/425 tox|[from] item: Leftovers","|-damage|p1a: Mandibuzz|253/421 brn|[from] brn","|-damage|p2a: Gastrodon|321/425 tox|[from] psn","|turn|12","|","|move|p1a: Mandibuzz|Defog|p2a: Gastrodon","|-unboost|p2a: Gastrodon|evasion|1","|move|p2a: Gastrodon|Scald|p1a: Mandibuzz","|-crit|p1a: Mandibuzz","|-damage|p1a: Mandibuzz|156/421 brn","|","|-heal|p1a: Mandibuzz|182/421 brn|[from] item: Leftovers","|-heal|p2a: Gastrodon|347/425 tox|[from] item: Leftovers","|-damage|p1a: Mandibuzz|130/421 brn|[from] brn","|-damage|p2a: Gastrodon|243/425 tox|[from] psn","|turn|13","|","|move|p1a: Mandibuzz|Roost|p1a: Mandibuzz","|-heal|p1a: Mandibuzz|341/421 brn","|move|p2a: Gastrodon|Scald|p1a: Mandibuzz","|-damage|p1a: Mandibuzz|280/421 brn","|","|-heal|p1a: Mandibuzz|306/421 brn|[from] item: Leftovers","|-heal|p2a: Gastrodon|269/425 tox|[from] item: Leftovers","|-damage|p1a: Mandibuzz|254/421 brn|[from] brn","|-damage|p2a: Gastrodon|139/425 tox|[from] psn","|turn|14","|","|move|p1a: Mandibuzz|Roost|p1a: Mandibuzz","|-heal|p1a: Mandibuzz|421/421 brn","|move|p2a: Gastrodon|Scald|p1a: Mandibuzz","|-damage|p1a: Mandibuzz|348/421 brn","|","|-heal|p1a: Mandibuzz|374/421 brn|[from] item: Leftovers","|-heal|p2a: Gastrodon|165/425 tox|[from] item: Leftovers","|-damage|p1a: Mandibuzz|322/421 brn|[from] brn","|-damage|p2a: Gastrodon|9/425 tox|[from] psn","|turn|15","|","|move|p1a: Mandibuzz|Roost|p1a: Mandibuzz","|-heal|p1a: Mandibuzz|421/421 brn","|move|p2a: Gastrodon|Scald|p1a: Mandibuzz","|-damage|p1a: Mandibuzz|357/421 brn","|","|-heal|p1a: Mandibuzz|383/421 brn|[from] item: Leftovers","|-heal|p2a: Gastrodon|35/425 tox|[from] item: Leftovers","|-damage|p1a: Mandibuzz|331/421 brn|[from] brn","|-damage|p2a: Gastrodon|0 fnt|[from] psn","|faint|p2a: Gastrodon","|","|switch|p2a: Krookodile|Krookodile, M|331/331","|turn|16","|","|switch|p1a: Skarmory|Skarmory, F|206/334","|move|p2a: Krookodile|Stone Edge|p1a: Skarmory","|-damage|p1a: Skarmory|136/334","|","|-heal|p1a: Skarmory|156/334|[from] item: Leftovers","|turn|17","|","|switch|p2a: Garchomp|Garchomp, M|357/357","|move|p1a: Skarmory|Roost|p1a: Skarmory","|-heal|p1a: Skarmory|323/334","|","|-heal|p1a: Skarmory|334/334|[from] item: Leftovers","|turn|18","|","|move|p2a: Garchomp|Swords Dance|p2a: Garchomp","|-boost|p2a: Garchomp|atk|2","|move|p1a: Skarmory|Whirlwind|p2a: Garchomp","|drag|p2a: Torterra|Torterra, F|393/393","|","|turn|19","|","|move|p1a: Skarmory|Stealth Rock|p2a: Torterra","|-sidestart|p2: Defender of Sinnoh|move: Stealth Rock","|move|p2a: Torterra|Stone Edge|p1a: Skarmory","|-damage|p1a: Skarmory|262/334","|","|-heal|p1a: Skarmory|282/334|[from] item: Leftovers","|turn|20","|","|move|p2a: Torterra|Crunch|p1a: Skarmory","|-crit|p1a: Skarmory","|-damage|p1a: Skarmory|207/334","|move|p1a: Skarmory|Whirlwind|p2a: Torterra","|drag|p2a: Excadrill|Excadrill, M|361/361","|-damage|p2a: Excadrill|350/361|[from] Stealth Rock","|-ability|p2a: Excadrill|Mold Breaker","|-item|p2a: Excadrill|Air Balloon","|","|-heal|p1a: Skarmory|227/334|[from] item: Leftovers","|turn|21","|","|move|p2a: Excadrill|Rapid Spin|p1a: Skarmory","|-resisted|p1a: Skarmory","|-damage|p1a: Skarmory|220/334","|-sideend|p2: Defender of Sinnoh|Stealth Rock|[from] move: Rapid Spin|[of] p2a: Excadrill","|move|p1a: Skarmory|Roost|p1a: Skarmory","|-heal|p1a: Skarmory|334/334","|","|turn|22","|","|move|p2a: Excadrill|Rock Slide|p1a: Skarmory","|-damage|p1a: Skarmory|285/334","|move|p1a: Skarmory|Stealth Rock|p2a: Excadrill","|-sidestart|p2: Defender of Sinnoh|move: Stealth Rock","|","|-heal|p1a: Skarmory|305/334|[from] item: Leftovers","|turn|23","|","|move|p2a: Excadrill|Rapid Spin|p1a: Skarmory","|-resisted|p1a: Skarmory","|-damage|p1a: Skarmory|298/334","|-sideend|p2: Defender of Sinnoh|Stealth Rock|[from] move: Rapid Spin|[of] p2a: Excadrill","|move|p1a: Skarmory|Whirlwind|p2a: Excadrill","|drag|p2a: Krookodile|Krookodile, M|331/331","|","|-heal|p1a: Skarmory|318/334|[from] item: Leftovers","|turn|24","|","|move|p2a: Krookodile|Fire Fang|p1a: Skarmory","|-supereffective|p1a: Skarmory","|-damage|p1a: Skarmory|226/334","|move|p1a: Skarmory|Stealth Rock|p2a: Krookodile","|-sidestart|p2: Defender of Sinnoh|move: Stealth Rock","|","|-heal|p1a: Skarmory|246/334|[from] item: Leftovers","|turn|25","|","|move|p2a: Krookodile|Fire Fang|p1a: Skarmory","|-supereffective|p1a: Skarmory","|-damage|p1a: Skarmory|156/334","|move|p1a: Skarmory|Roost|p1a: Skarmory","|-heal|p1a: Skarmory|323/334","|","|-heal|p1a: Skarmory|334/334|[from] item: Leftovers","|turn|26","|","|move|p2a: Krookodile|Fire Fang|p1a: Skarmory","|-supereffective|p1a: Skarmory","|-damage|p1a: Skarmory|256/334","|move|p1a: Skarmory|Whirlwind|p2a: Krookodile","|drag|p2a: Torterra|Torterra, F|393/393","|-damage|p2a: Torterra|369/393|[from] Stealth Rock","|","|-heal|p1a: Skarmory|276/334|[from] item: Leftovers","|turn|27","|","|move|p2a: Torterra|Crunch|p1a: Skarmory","|-damage|p1a: Skarmory|223/334","|-unboost|p1a: Skarmory|def|1","|move|p1a: Skarmory|Whirlwind|p2a: Torterra","|drag|p2a: Krookodile|Krookodile, M|331/331","|-damage|p2a: Krookodile|311/331|[from] Stealth Rock","|","|-heal|p1a: Skarmory|243/334|[from] item: Leftovers","|turn|28","|","|switch|p1a: Landorus-Therian|Landorus-Therian, M|319/319","|-ability|p1a: Landorus-Therian|Intimidate","|-unboost|p2a: Krookodile|atk|1","|move|p2a: Krookodile|Fire Fang|p1a: Landorus-Therian","|-damage|p1a: Landorus-Therian|266/319","|","|turn|29","|","|win|Nеowսlf"],"p1rating":{"entryid":"7254104","serverid":"eos","formatid":"monotype","userid":"nowlf","username":"Nеowսlf","w":2,"l":"0","t":"0","gxe":56.6,"r":"1500","rd":"130","sigma":"0","rptime":"1438160400","rpr":1552.8735926955,"rprd":116.5642577522,"rpsigma":"0","acre":1096.0609195474,"lacre":1096.0609195474,"oldacre":"1050.481617603"},"p2rating":{"entryid":"6083148","serverid":"eos","formatid":"monotype","userid":"defenderofsinnoh","username":"Defender Of Sinnoh","w":"33","l":46,"t":"0","gxe":42,"r":"1404.4304529194","rd":"48.019117152128","sigma":"0","rptime":"1438160400","rpr":1438.5770959053,"rprd":43.574667916304,"rpsigma":"0","acre":1164.8408903616,"lacre":1164.8408903616,"oldacre":"1199.9800008457"},"endType":"forfeit"}