{"seed":[20909,1949,33859,46210],"turns":22,"p1":"Alliance - Mxy","p2":"Adviser♕Boo","p1team":[{"name":"Durant","species":"Durant","item":"widelens","ability":"Hustle","moves":["ironhead","superpower","thunderfang","xscissor"],"nature":"Jolly","evs":{"hp":0,"atk":252,"def":0,"spa":0,"spd":4,"spe":252},"ivs":{"hp":31,"atk":31,"def":31,"spa":31,"spd":31,"spe":31}},{"name":"Klefki","species":"Klefki","item":"lightclay","ability":"Prankster","moves":["lightscreen","reflect","thunderwave","spikes"],"nature":"Calm","evs":{"hp":248,"atk":0,"def":60,"spa":0,"spd":200,"spe":0},"ivs":{"hp":31,"atk":0,"def":31,"spa":31,"spd":31,"spe":31}},{"name":"Bisharp","species":"Bisharp","item":"focussash","ability":"Defiant","moves":["knockoff","suckerpunch","psychocut","swordsdance"],"nature":"Adamant","evs":{"hp":0,"atk":252,"def":0,"spa":0,"spd":4,"spe":252},"ivs":{"hp":31,"atk":31,"def":31,"spa":31,"spd":31,"spe":31}},{"name":"Skarmory","species":"Skarmory","item":"custapberry","ability":"Sturdy","moves":["defog","drillpeck","stealthrock","tailwind"],"nature":"Impish","evs":{"hp":248,"atk":0,"def":196,"spa":0,"spd":0,"spe":64},"ivs":{"hp":31,"atk":31,"def":31,"spa":31,"spd":31,"spe":31}},{"name":"Heatran","species":"Heatran","item":"airballoon","ability":"Flash Fire","moves":["lavaplume","earthpower","stoneedge","flashcannon"],"nature":"Modest","evs":{"hp":0,"atk":0,"def":4,"spa":252,"spd":0,"spe":252},"ivs":{"hp":31,"atk":31,"def":31,"spa":31,"spd":31,"spe":31}},{"name":"Jirachi","species":"Jirachi","item":"choicescarf","ability":"Serene Grace","moves":["ironhead","playrough","icepunch","healingwish"],"nature":"Adamant","evs":{"hp":0,"atk":252,"def":0,"spa":0,"spd":4,"spe":252},"ivs":{"hp":31,"atk":31,"def":31,"spa":31,"spd":31,"spe":31}}],"p2team":[{"name":"Link to the Past","species":"doublade","item":"eviolite","ability":"No Guard","moves":["swordsdance","gyroball","sacredsword","shadowsneak"],"nature":"Brave","evs":{"hp":248,"atk":252,"def":0,"spa":0,"spd":8,"spe":0},"ivs":{"hp":31,"atk":31,"def":31,"spa":31,"spd":31,"spe":0}},{"name":"Magne Ace","species":"magnezone","item":"choicescarf","ability":"Sturdy","moves":["voltswitch","thunderbolt","hiddenpowerice","flashcannon"],"nature":"Timid","evs":{"hp":0,"atk":0,"def":0,"spa":252,"spd":4,"spe":252},"ivs":{"hp":31,"atk":30,"def":30,"spa":31,"spd":31,"spe":31}},{"name":"Star Powa","species":"jirachi","item":"choicescarf","ability":"Serene Grace","moves":["ironhead","trick","icepunch","firepunch"],"nature":"Jolly","evs":{"hp":0,"atk":252,"def":0,"spa":0,"spd":4,"spe":252},"ivs":{"hp":31,"atk":31,"def":31,"spa":31,"spd":31,"spe":31}},{"name":"Excadrill","species":"Excadrill","item":"choiceband","ability":"Mold Breaker","moves":["earthquake","ironhead","rapidspin","rockslide"],"nature":"Adamant","evs":{"hp":252,"atk":252,"def":0,"spa":0,"spd":0,"spe":4},"ivs":{"hp":31,"atk":31,"def":31,"spa":31,"spd":31,"spe":31}},{"name":"Ultron","species":"heatran","item":"airballoon","ability":"Flash Fire","moves":["flashcannon","flamethrower","earthpower","ancientpower"],"nature":"Modest","evs":{"hp":248,"atk":0,"def":0,"spa":252,"spd":8,"spe":0},"ivs":{"hp":31,"atk":31,"def":31,"spa":31,"spd":31,"spe":31}},{"name":"Hokey Pokey","species":"ferrothorn","item":"leftovers","ability":"Iron Barbs","moves":["leechseed","powerwhip","gyroball","thunderwave"],"nature":"Relaxed","evs":{"hp":252,"atk":4,"def":252,"spa":0,"spd":0,"spe":0},"ivs":{"hp":31,"atk":31,"def":31,"spa":31,"spd":31,"spe":0}}],"log":["|player|p1|Alliance - Mxy|270","|player|p2|Adviser♕Boo|290","|gametype|singles","|gen|6","|tier|Monotype","|rated","|rule|Baton Pass Clause: Limit one Baton Passer, can't pass Spe and other stats simultaneously","|rule|Swagger Clause: Swagger is banned","|rule|Same Type Clause: Pokémon in a team must share a type","|clearpoke","|poke|p1|Durant, F","|poke|p1|Klefki, M","|poke|p1|Bisharp, M","|poke|p1|Skarmory, M","|poke|p1|Heatran, F","|poke|p1|Jirachi","|poke|p2|Doublade, M","|poke|p2|Magnezone","|poke|p2|Jirachi","|poke|p2|Excadrill, M","|poke|p2|Heatran, F","|poke|p2|Ferrothorn, F","|rule|Sleep Clause Mod: Limit one foe put to sleep","|rule|Species Clause: Limit one of each Pokémon","|rule|OHKO Clause: OHKO moves are banned","|rule|Moody Clause: Moody is banned","|rule|Evasion Moves Clause: Evasion moves are banned","|rule|Endless Battle Clause: Forcing endless battles is banned","|rule|HP Percentage Mod: HP is shown in percentages","|teampreview","|","|start","|switch|p1a: Durant|Durant, F|257/257","|switch|p2a: Star Powa|Jirachi|341/341","|turn|1","|","|move|p2a: Star Powa|Fire Punch|p1a: Durant","|-supereffective|p1a: Durant","|-damage|p1a: Durant|0 fnt","|faint|p1a: Durant","|","|","|switch|p1a: Heatran|Heatran, F|323/323","|-item|p1a: Heatran|Air Balloon","|turn|2","|","|switch|p2a: Ultron|Heatran, F|385/385","|-item|p2a: Ultron|Air Balloon","|move|p1a: Heatran|Flash Cannon|p2a: Ultron","|-resisted|p2a: Ultron","|-damage|p2a: Ultron|350/385","|-enditem|p2a: Ultron|Air Balloon","|","|turn|3","|","|move|p1a: Heatran|Earth Power|p2a: Ultron","|-supereffective|p2a: Ultron","|-damage|p2a: Ultron|0 fnt","|faint|p2a: Ultron","|","|","|switch|p2a: Magne Ace|Magnezone|281/281","|turn|4","|","|move|p2a: Magne Ace|Volt Switch|p1a: Heatran","|-damage|p1a: Heatran|197/323","|-enditem|p1a: Heatran|Air Balloon","|","|switch|p2a: Excadrill|Excadrill, M|424/424","|-ability|p2a: Excadrill|Mold Breaker","|move|p1a: Heatran|Earth Power|p2a: Excadrill","|-supereffective|p2a: Excadrill","|-damage|p2a: Excadrill|102/424","|","|turn|5","|","|switch|p1a: Skarmory|Skarmory, M|333/333","|move|p2a: Excadrill|Earthquake|p1a: Skarmory","|-immune|p1a: Skarmory|[msg]","|","|turn|6","|","|switch|p2a: Magne Ace|Magnezone|281/281","|move|p1a: Skarmory|Stealth Rock|p2a: Magne Ace","|-sidestart|p2: Adviser♕Boo|move: Stealth Rock","|","|turn|7","|","|move|p2a: Magne Ace|Volt Switch|p1a: Skarmory","|-supereffective|p1a: Skarmory","|-activate|p1a: Skarmory|Sturdy","|-damage|p1a: Skarmory|1/333","|","|switch|p2a: Link to the Past|Doublade, M|321/321","|-damage|p2a: Link to the Past|301/321|[from] Stealth Rock","|move|p1a: Skarmory|Drill Peck|p2a: Link to the Past","|-resisted|p2a: Link to the Past","|-damage|p2a: Link to the Past|282/321","|","|turn|8","|","|switch|p1a: Heatran|Heatran, F|197/323","|move|p2a: Link to the Past|Swords Dance|p2a: Link to the Past","|-boost|p2a: Link to the Past|atk|2","|","|turn|9","|","|move|p2a: Link to the Past|Shadow Sneak|p1a: Heatran","|-damage|p1a: Heatran|64/323","|move|p1a: Heatran|Lava Plume|p2a: Link to the Past","|-crit|p2a: Link to the Past","|-supereffective|p2a: Link to the Past","|-damage|p2a: Link to the Past|0 fnt","|faint|p2a: Link to the Past","|","|","|switch|p2a: Magne Ace|Magnezone|281/281","|-damage|p2a: Magne Ace|264/281|[from] Stealth Rock","|turn|10","|","|move|p2a: Magne Ace|Volt Switch|p1a: Heatran","|-damage|p1a: Heatran|0 fnt","|faint|p1a: Heatran","|","|switch|p2a: Star Powa|Jirachi|341/341","|-damage|p2a: Star Powa|320/341|[from] Stealth Rock","|","|","|switch|p1a: Klefki|Klefki, M|317/317","|turn|11","|","|move|p1a: Klefki|Spikes|p2a: Star Powa","|-sidestart|p2: Adviser♕Boo|Spikes","|move|p2a: Star Powa|Trick|p1a: Klefki","|-activate|p2a: Star Powa|move: Trick|[of] p1a: Klefki","|-item|p1a: Klefki|Choice Scarf|[from] move: Trick","|-item|p2a: Star Powa|Light Clay|[from] move: Trick","|","|turn|12","|","|move|p1a: Klefki|Spikes|p2a: Star Powa","|-sidestart|p2: Adviser♕Boo|Spikes","|move|p2a: Star Powa|Fire Punch|p1a: Klefki","|-supereffective|p1a: Klefki","|-damage|p1a: Klefki|173/317","|","|turn|13","|","|move|p1a: Klefki|Spikes|p2a: Star Powa","|-sidestart|p2: Adviser♕Boo|Spikes","|move|p2a: Star Powa|Fire Punch|p1a: Klefki","|-supereffective|p1a: Klefki","|-damage|p1a: Klefki|19/317","|","|turn|14","|","|switch|p2a: Excadrill|Excadrill, M|102/424","|-damage|p2a: Excadrill|89/424|[from] Stealth Rock","|-damage|p2a: Excadrill|0 fnt|[from] Spikes","|faint|p2a: Excadrill","|move|p1a: Klefki|Spikes|p2: Excadrill","|-fail|p2: Excadrill","|","|","|switch|p2a: Star Powa|Jirachi|320/341","|-damage|p2a: Star Powa|235/341|[from] Spikes","|-damage|p2a: Star Powa|214/341|[from] Stealth Rock","|turn|15","|","|move|p1a: Klefki|Spikes|p2a: Star Powa","|-fail|p2a: Star Powa","|move|p2a: Star Powa|Fire Punch|p1a: Klefki","|-supereffective|p1a: Klefki","|-damage|p1a: Klefki|0 fnt","|faint|p1a: Klefki","|","|","|switch|p1a: Skarmory|Skarmory, M|1/333","|turn|16","|-enditem|p1a: Skarmory|Custap Berry|[eat]","|-activate|p1a: Skarmory|Custap Berry","|","|move|p1a: Skarmory|Tailwind|p1a: Skarmory","|-sidestart|p1: Alliance - Mxy|move: Tailwind","|move|p2a: Star Powa|Fire Punch|p1a: Skarmory","|-supereffective|p1a: Skarmory","|-damage|p1a: Skarmory|0 fnt","|faint|p1a: Skarmory","|","|","|switch|p1a: Bisharp|Bisharp, M|271/271","|turn|17","|","|move|p1a: Bisharp|Knock Off|p2a: Star Powa","|-supereffective|p2a: Star Powa","|-damage|p2a: Star Powa|0 fnt","|-enditem|p2a: Star Powa|Light Clay|[from] move: Knock Off|[of] p1a: Bisharp","|faint|p2a: Star Powa","|","|","|switch|p2a: Hokey Pokey|Ferrothorn, F|352/352","|-damage|p2a: Hokey Pokey|330/352|[from] Stealth Rock","|-damage|p2a: Hokey Pokey|242/352|[from] Spikes","|turn|18","|","|move|p1a: Bisharp|Swords Dance|p1a: Bisharp","|-boost|p1a: Bisharp|atk|2","|move|p2a: Hokey Pokey|Leech Seed|p1a: Bisharp","|-start|p1a: Bisharp|move: Leech Seed","|","|-heal|p2a: Hokey Pokey|264/352|[from] item: Leftovers","|-damage|p1a: Bisharp|238/271|[from] Leech Seed|[of] p2a: Hokey Pokey","|-heal|p2a: Hokey Pokey|297/352|[silent]","|turn|19","|","|move|p1a: Bisharp|Swords Dance|p1a: Bisharp","|-boost|p1a: Bisharp|atk|2","|move|p2a: Hokey Pokey|Thunder Wave|p1a: Bisharp","|-status|p1a: Bisharp|par","|","|-heal|p2a: Hokey Pokey|319/352|[from] item: Leftovers","|-damage|p1a: Bisharp|205/271 par|[from] Leech Seed|[of] p2a: Hokey Pokey","|-heal|p2a: Hokey Pokey|352/352|[silent]","|-sideend|p1: Alliance - Mxy|move: Tailwind","|turn|20","|","|move|p1a: Bisharp|Knock Off|p2a: Hokey Pokey","|-damage|p2a: Hokey Pokey|22/352","|-damage|p1a: Bisharp|172/271 par|[from] ability: Iron Barbs|[of] p2a: Hokey Pokey","|-enditem|p2a: Hokey Pokey|Leftovers|[from] move: Knock Off|[of] p1a: Bisharp","|move|p2a: Hokey Pokey|Gyro Ball|p1a: Bisharp","|-resisted|p1a: Bisharp","|-damage|p1a: Bisharp|149/271 par","|","|-damage|p1a: Bisharp|116/271 par|[from] Leech Seed|[of] p2a: Hokey Pokey","|-heal|p2a: Hokey Pokey|55/352|[silent]","|turn|21","|","|move|p1a: Bisharp|Knock Off|p2a: Hokey Pokey","|-damage|p2a: Hokey Pokey|0 fnt","|-damage|p1a: Bisharp|83/271 par|[from] ability: Iron Barbs|[of] p2a: Hokey Pokey","|faint|p2a: Hokey Pokey","|","|","|switch|p2a: Magne Ace|Magnezone|264/281","|-damage|p2a: Magne Ace|247/281|[from] Stealth Rock","|-damage|p2a: Magne Ace|177/281|[from] Spikes","|turn|22","|","|move|p1a: Bisharp|Sucker Punch|p2a: Magne Ace","|-damage|p2a: Magne Ace|0 fnt","|faint|p2a: Magne Ace","|","|win|Alliance - Mxy"],"p1rating":{"entryid":"6690851","serverid":"eos","formatid":"monotype","userid":"alliancemxy","username":"Alliance - Mxy","w":45,"l":"19","t":"0","gxe":68.9,"r":"1635.0576432478","rd":"47.392869790681","sigma":"0","rptime":"1438160400","rpr":1651.0291653747,"rprd":46.234645933286,"rpsigma":"0","acre":1355.6888815441,"lacre":1355.6888815441,"oldacre":"1341.7976780432"},"p2rating":{"entryid":"7083956","serverid":"eos","formatid":"monotype","userid":"adviserboo","username":"Adviser♕Boo","w":"64","l":37,"t":"0","gxe":61.8,"r":"1594.8155345523","rd":"37.531523203031","sigma":"0","rptime":"1438160400","rpr":1591.3030810204,"rprd":37.321938547223,"rpsigma":"0","acre":1214.8148818259,"lacre":1214.8148818259,"oldacre":"1232.1788862021"},"endType":"normal"}