{"seed":[33348,17381,24855,15781],"turns":35,"p1":"Traine✘ Infernape","p2":"Hershey Bot","p1team":[{"name":"Gardevoir","species":"Gardevoir","item":"gardevoirite","ability":"Trace","moves":["hypervoice","protect","psyshock","focusblast"],"nature":"Timid","evs":{"hp":4,"atk":0,"def":0,"spa":252,"spd":0,"spe":252},"shiny":true,"ivs":{"hp":31,"atk":31,"def":31,"spa":31,"spd":31,"spe":31}},{"name":"Azumarill","species":"Azumarill","item":"choiceband","ability":"Huge Power","moves":["waterfall","aquajet","playrough","knockoff"],"nature":"Adamant","evs":{"hp":4,"atk":252,"def":0,"spa":252,"spd":0,"spe":0},"shiny":true,"ivs":{"hp":31,"atk":31,"def":31,"spa":31,"spd":31,"spe":31}},{"name":"Sylveon","species":"Sylveon","item":"choicespecs","ability":"Pixilate","moves":["hypervoice","psyshock","hiddenpowerground","shadowball"],"nature":"Modest","evs":{"hp":248,"atk":0,"def":0,"spa":252,"spd":8,"spe":0},"ivs":{"hp":31,"atk":31,"def":31,"spa":30,"spd":30,"spe":31},"shiny":true},{"name":"Togekiss","species":"Togekiss","item":"leftovers","ability":"Serene Grace","moves":["thunderwave","airslash","roost","flamethrower"],"nature":"Calm","evs":{"hp":252,"atk":0,"def":0,"spa":4,"spd":252,"spe":0},"ivs":{"hp":31,"atk":31,"def":31,"spa":31,"spd":31,"spe":31}},{"name":"Slurpuff","species":"Slurpuff","item":"sitrusberry","ability":"Unburden","moves":["bellydrum","playrough","thief","drainpunch"],"nature":"Adamant","evs":{"hp":4,"atk":252,"def":0,"spa":0,"spd":0,"spe":252},"ivs":{"hp":31,"atk":31,"def":31,"spa":31,"spd":31,"spe":31}},{"name":"Whimsicott","species":"Whimsicott","item":"leftovers","ability":"Prankster","moves":["moonblast","leechseed","substitute","encore"],"nature":"Bold","evs":{"hp":248,"atk":0,"def":200,"spa":8,"spd":5,"spe":0},"ivs":{"hp":31,"atk":31,"def":31,"spa":31,"spd":31,"spe":31}}],"p2team":[{"name":"Noivern","species":"Noivern","item":"choicespecs","ability":"Infiltrator","moves":["flamethrower","uturn","hurricane","dracometeor"],"nature":"Timid","evs":{"hp":0,"atk":0,"def":0,"spa":252,"spd":4,"spe":252},"ivs":{"hp":31,"atk":31,"def":31,"spa":31,"spd":31,"spe":31}},{"name":"Garchomp","species":"Garchomp","item":"rockyhelmet","ability":"Rough Skin","moves":["dragonclaw","earthquake","stealthrock","poisonjab"],"nature":"Jolly","evs":{"hp":0,"atk":0,"def":4,"spa":0,"spd":0,"spe":0},"ivs":{"hp":31,"atk":31,"def":31,"spa":31,"spd":31,"spe":31}},{"name":"Altaria","species":"Altaria","item":"altarianite","ability":"Natural Cure","moves":["dragondance","frustration","roost","earthquake"],"nature":"Adamant","evs":{"hp":0,"atk":216,"def":96,"spa":0,"spd":0,"spe":196},"happiness":0,"ivs":{"hp":31,"atk":31,"def":31,"spa":31,"spd":31,"spe":31}},{"name":"Latias","species":"Latias","item":"lifeorb","ability":"Levitate","moves":["defog","psyshock","healingwish","roost"],"nature":"Timid","evs":{"hp":0,"atk":0,"def":0,"spa":252,"spd":4,"spe":252},"ivs":{"hp":31,"atk":31,"def":31,"spa":31,"spd":31,"spe":31}},{"name":"Kyurem-Black","species":"Kyurem-Black","item":"choicescarf","ability":"Teravolt","moves":["icebeam","fusionbolt","ironhead","earthpower"],"nature":"Rash","evs":{"hp":0,"atk":0,"def":0,"spa":252,"spd":0,"spe":252},"ivs":{"hp":31,"atk":31,"def":31,"spa":31,"spd":31,"spe":31}},{"name":"Goodra","species":"Goodra","item":"assaultvest","ability":"Sap Sipper","moves":["sludgebomb","dragontail","fireblast","earthquake"],"nature":"Relaxed","evs":{"hp":216,"atk":0,"def":252,"spa":40,"spd":0,"spe":0},"ivs":{"hp":31,"atk":31,"def":31,"spa":31,"spd":31,"spe":31}}],"log":["|player|p1|Traine✘ Infernape|209","|player|p2|Hershey Bot|4","|gametype|singles","|gen|6","|tier|Monotype","|rated","|rule|Baton Pass Clause: Limit one Baton Passer, can't pass Spe and other stats simultaneously","|rule|Swagger Clause: Swagger is banned","|rule|Same Type Clause: Pokémon in a team must share a type","|clearpoke","|poke|p1|Gardevoir, M, shiny","|poke|p1|Azumarill, F, shiny","|poke|p1|Sylveon, M, shiny","|poke|p1|Togekiss, F","|poke|p1|Slurpuff, F","|poke|p1|Whimsicott, M","|poke|p2|Noivern, M","|poke|p2|Garchomp, F","|poke|p2|Altaria, M","|poke|p2|Latias, F","|poke|p2|Kyurem-Black","|poke|p2|Goodra, M","|rule|Sleep Clause Mod: Limit one foe put to sleep","|rule|Species Clause: Limit one of each Pokémon","|rule|OHKO Clause: OHKO moves are banned","|rule|Moody Clause: Moody is banned","|rule|Evasion Moves Clause: Evasion moves are banned","|rule|Endless Battle Clause: Forcing endless battles is banned","|rule|HP Percentage Mod: HP is shown in percentages","|teampreview","|","|start","|switch|p1a: Slurpuff|Slurpuff, F|306/306","|switch|p2a: Kyurem-Black|Kyurem-Black|391/391","|-ability|p2a: Kyurem-Black|Teravolt","|turn|1","|","|move|p2a: Kyurem-Black|Iron Head|p1a: Slurpuff","|-supereffective|p1a: Slurpuff","|-damage|p1a: Slurpuff|88/306","|-enditem|p1a: Slurpuff|Sitrus Berry|[eat]","|-heal|p1a: Slurpuff|164/306|[from] item: Sitrus Berry","|move|p1a: Slurpuff|Play Rough|p2a: Kyurem-Black","|-supereffective|p2a: Kyurem-Black","|-damage|p2a: Kyurem-Black|137/391","|","|turn|2","|","|move|p1a: Slurpuff|Play Rough|p2a: Kyurem-Black","|-supereffective|p2a: Kyurem-Black","|-damage|p2a: Kyurem-Black|0 fnt","|faint|p2a: Kyurem-Black","|","|","|switch|p2a: Latias|Latias, F|301/301","|turn|3","|","|move|p1a: Slurpuff|Play Rough|p2a: Latias|[miss]","|-miss|p1a: Slurpuff|p2a: Latias","|move|p2a: Latias|Psyshock|p1a: Slurpuff","|-damage|p1a: Slurpuff|0 fnt","|-damage|p2a: Latias|271/301|[from] item: Life Orb","|faint|p1a: Slurpuff","|","|","|switch|p1a: Sylveon|Sylveon, M, shiny|393/393","|turn|4","|","|move|p2a: Latias|Roost|p2a: Latias","|-heal|p2a: Latias|301/301","|move|p1a: Sylveon|Psyshock|p2a: Latias","|-resisted|p2a: Latias","|-damage|p2a: Latias|226/301","|","|turn|5","|","|move|p2a: Latias|Roost|p2a: Latias","|-heal|p2a: Latias|301/301","|move|p1a: Sylveon|Psyshock|p2a: Latias","|-resisted|p2a: Latias","|-damage|p2a: Latias|231/301","|","|turn|6","|","|move|p2a: Latias|Psyshock|p1a: Sylveon","|-damage|p1a: Sylveon|138/393","|-damage|p2a: Latias|201/301|[from] item: Life Orb","|move|p1a: Sylveon|Psyshock|p2a: Latias","|-resisted|p2a: Latias","|-damage|p2a: Latias|127/301","|","|turn|7","|","|move|p2a: Latias|Roost|p2a: Latias","|-heal|p2a: Latias|278/301","|move|p1a: Sylveon|Psyshock|p2a: Latias","|-resisted|p2a: Latias","|-damage|p2a: Latias|205/301","|","|turn|8","|","|switch|p1a: Togekiss|Togekiss, F|374/374","|move|p2a: Latias|Psyshock|p1a: Togekiss","|-damage|p1a: Togekiss|201/374","|-damage|p2a: Latias|175/301|[from] item: Life Orb","|","|-heal|p1a: Togekiss|224/374|[from] item: Leftovers","|turn|9","|","|move|p2a: Latias|Roost|p2a: Latias","|-heal|p2a: Latias|301/301","|move|p1a: Togekiss|Thunder Wave|p2a: Latias","|-status|p2a: Latias|par","|","|-heal|p1a: Togekiss|247/374|[from] item: Leftovers","|turn|10","|","|move|p1a: Togekiss|Air Slash|p2a: Latias","|-damage|p2a: Latias|225/301 par","|cant|p2a: Latias|flinch","|","|-heal|p1a: Togekiss|270/374|[from] item: Leftovers","|turn|11","|","|move|p1a: Togekiss|Air Slash|p2a: Latias","|-damage|p2a: Latias|143/301 par","|cant|p2a: Latias|par","|","|-heal|p1a: Togekiss|293/374|[from] item: Leftovers","|turn|12","|","|move|p1a: Togekiss|Air Slash|p2a: Latias","|-damage|p2a: Latias|64/301 par","|cant|p2a: Latias|par","|","|-heal|p1a: Togekiss|316/374|[from] item: Leftovers","|turn|13","|","|move|p1a: Togekiss|Air Slash|p2a: Latias","|-damage|p2a: Latias|0 fnt","|faint|p2a: Latias","|","|-heal|p1a: Togekiss|339/374|[from] item: Leftovers","|","|switch|p2a: Goodra|Goodra, M|375/375","|turn|14","|","|move|p1a: Togekiss|Thunder Wave|p2a: Goodra","|-status|p2a: Goodra|par","|move|p2a: Goodra|Sludge Bomb|p1a: Togekiss","|-supereffective|p1a: Togekiss","|-damage|p1a: Togekiss|239/374","|-status|p1a: Togekiss|psn","|","|-heal|p1a: Togekiss|262/374 psn|[from] item: Leftovers","|-damage|p1a: Togekiss|216/374 psn|[from] psn","|turn|15","|","|move|p1a: Togekiss|Air Slash|p2a: Goodra","|-damage|p2a: Goodra|329/375 par","|cant|p2a: Goodra|flinch","|","|-heal|p1a: Togekiss|239/374 psn|[from] item: Leftovers","|-damage|p1a: Togekiss|193/374 psn|[from] psn","|turn|16","|","|move|p1a: Togekiss|Roost|p1a: Togekiss","|-heal|p1a: Togekiss|374/374 psn","|cant|p2a: Goodra|par","|","|-damage|p1a: Togekiss|328/374 psn|[from] psn","|turn|17","|","|move|p1a: Togekiss|Air Slash|p2a: Goodra","|-damage|p2a: Goodra|278/375 par","|cant|p2a: Goodra|flinch","|","|-heal|p1a: Togekiss|351/374 psn|[from] item: Leftovers","|-damage|p1a: Togekiss|305/374 psn|[from] psn","|turn|18","|","|move|p1a: Togekiss|Air Slash|p2a: Goodra","|-damage|p2a: Goodra|226/375 par","|cant|p2a: Goodra|flinch","|","|-heal|p1a: Togekiss|328/374 psn|[from] item: Leftovers","|-damage|p1a: Togekiss|282/374 psn|[from] psn","|turn|19","|","|move|p1a: Togekiss|Air Slash|p2a: Goodra","|-damage|p2a: Goodra|181/375 par","|cant|p2a: Goodra|flinch","|","|-heal|p1a: Togekiss|305/374 psn|[from] item: Leftovers","|-damage|p1a: Togekiss|259/374 psn|[from] psn","|turn|20","|","|move|p1a: Togekiss|Air Slash|p2a: Goodra|[miss]","|-miss|p1a: Togekiss|p2a: Goodra","|move|p2a: Goodra|Sludge Bomb|p1a: Togekiss","|-supereffective|p1a: Togekiss","|-damage|p1a: Togekiss|147/374 psn","|","|-heal|p1a: Togekiss|170/374 psn|[from] item: Leftovers","|-damage|p1a: Togekiss|124/374 psn|[from] psn","|turn|21","|","|move|p1a: Togekiss|Air Slash|p2a: Goodra","|-damage|p2a: Goodra|130/375 par","|cant|p2a: Goodra|flinch","|","|-heal|p1a: Togekiss|147/374 psn|[from] item: Leftovers","|-damage|p1a: Togekiss|101/374 psn|[from] psn","|turn|22","|","|move|p1a: Togekiss|Air Slash|p2a: Goodra","|-damage|p2a: Goodra|79/375 par","|cant|p2a: Goodra|flinch","|","|-heal|p1a: Togekiss|124/374 psn|[from] item: Leftovers","|-damage|p1a: Togekiss|78/374 psn|[from] psn","|turn|23","|","|move|p1a: Togekiss|Air Slash|p2a: Goodra","|-damage|p2a: Goodra|33/375 par","|cant|p2a: Goodra|flinch","|","|-heal|p1a: Togekiss|101/374 psn|[from] item: Leftovers","|-damage|p1a: Togekiss|55/374 psn|[from] psn","|turn|24","|","|move|p1a: Togekiss|Air Slash|p2a: Goodra","|-crit|p2a: Goodra","|-damage|p2a: Goodra|0 fnt","|faint|p2a: Goodra","|","|-heal|p1a: Togekiss|78/374 psn|[from] item: Leftovers","|-damage|p1a: Togekiss|32/374 psn|[from] psn","|","|switch|p2a: Garchomp|Garchomp, F|357/357","|turn|25","|","|move|p2a: Garchomp|Stealth Rock|p1a: Togekiss","|-sidestart|p1: Traine✘ Infernape|move: Stealth Rock","|move|p1a: Togekiss|Roost|p1a: Togekiss","|-heal|p1a: Togekiss|219/374 psn","|","|-heal|p1a: Togekiss|242/374 psn|[from] item: Leftovers","|-damage|p1a: Togekiss|196/374 psn|[from] psn","|turn|26","|","|move|p2a: Garchomp|Poison Jab|p1a: Togekiss","|-supereffective|p1a: Togekiss","|-damage|p1a: Togekiss|20/374 psn","|move|p1a: Togekiss|Roost|p1a: Togekiss","|-heal|p1a: Togekiss|207/374 psn","|","|-heal|p1a: Togekiss|230/374 psn|[from] item: Leftovers","|-damage|p1a: Togekiss|184/374 psn|[from] psn","|turn|27","|","|move|p2a: Garchomp|Poison Jab|p1a: Togekiss","|-crit|p1a: Togekiss","|-supereffective|p1a: Togekiss","|-damage|p1a: Togekiss|0 fnt","|faint|p1a: Togekiss","|","|","|switch|p1a: Sylveon|Sylveon, M, shiny|138/393","|-damage|p1a: Sylveon|89/393|[from] Stealth Rock","|turn|28","|","|move|p2a: Garchomp|Poison Jab|p1a: Sylveon","|-supereffective|p1a: Sylveon","|-damage|p1a: Sylveon|0 fnt","|faint|p1a: Sylveon","|","|","|switch|p1a: Whimsicott|Whimsicott, M|323/323","|-damage|p1a: Whimsicott|283/323|[from] Stealth Rock","|turn|29","|","|move|p1a: Whimsicott|Moonblast|p2a: Garchomp","|-supereffective|p2a: Garchomp","|-damage|p2a: Garchomp|159/357","|move|p2a: Garchomp|Poison Jab|p1a: Whimsicott","|-supereffective|p1a: Whimsicott","|-damage|p1a: Whimsicott|19/323","|","|-heal|p1a: Whimsicott|39/323|[from] item: Leftovers","|turn|30","|","|move|p1a: Whimsicott|Moonblast|p2a: Garchomp","|-supereffective|p2a: Garchomp","|-damage|p2a: Garchomp|0 fnt","|faint|p2a: Garchomp","|","|-heal|p1a: Whimsicott|59/323|[from] item: Leftovers","|","|switch|p2a: Noivern|Noivern, M|311/311","|turn|31","|","|move|p2a: Noivern|Hurricane|p1a: Whimsicott|[miss]","|-miss|p2a: Noivern|p1a: Whimsicott","|move|p1a: Whimsicott|Moonblast|p2a: Noivern","|-supereffective|p2a: Noivern","|-damage|p2a: Noivern|83/311","|","|-heal|p1a: Whimsicott|79/323|[from] item: Leftovers","|turn|32","|","|move|p2a: Noivern|Hurricane|p1a: Whimsicott","|-supereffective|p1a: Whimsicott","|-damage|p1a: Whimsicott|0 fnt","|faint|p1a: Whimsicott","|","|","|switch|p1a: Azumarill|Azumarill, F, shiny|342/342","|-damage|p1a: Azumarill|300/342|[from] Stealth Rock","|turn|33","|","|move|p2a: Noivern|Hurricane|p1a: Azumarill","|-crit|p1a: Azumarill","|-damage|p1a: Azumarill|0 fnt","|faint|p1a: Azumarill","|","|","|switch|p1a: Gardevoir|Gardevoir, M, shiny|278/278","|-damage|p1a: Gardevoir|244/278|[from] Stealth Rock","|-ability|p1a: Gardevoir|Infiltrator|[from] ability: Trace|[of] p2a: Noivern","|turn|34","|","|detailschange|p1a: Gardevoir|Gardevoir-Mega, M, shiny","|-mega|p1a: Gardevoir|Gardevoir|Gardevoirite","|move|p2a: Noivern|Hurricane|p1a: Gardevoir|[miss]","|-miss|p2a: Noivern|p1a: Gardevoir","|move|p1a: Gardevoir|Hyper Voice|p2a: Noivern","|-crit|p2a: Noivern","|-supereffective|p2a: Noivern","|-damage|p2a: Noivern|0 fnt","|faint|p2a: Noivern","|","|","|switch|p2a: Altaria|Altaria, M|291/291","|turn|35","|","|detailschange|p2a: Altaria|Altaria-Mega, M","|-mega|p2a: Altaria|Altaria|Altarianite","|move|p1a: Gardevoir|Hyper Voice|p2a: Altaria","|-supereffective|p2a: Altaria","|-damage|p2a: Altaria|0 fnt","|faint|p2a: Altaria","|","|win|Traine✘ Infernape"],"p1rating":{"entryid":"7206994","serverid":"eos","formatid":"monotype","userid":"traineinfernape","username":"Traine✘ Infernape","w":1,"l":"2","t":"0","gxe":45.7,"r":1425.9989748023,"rd":116.60821746077,"sigma":"0","rptime":1438160400,"rpr":1465.5470062344,"rprd":111.55634058403,"rpsigma":"0","acre":1045.8407647447,"lacre":1045.8407647447,"oldacre":"1000"},"p2rating":{"entryid":"7247948","serverid":"eos","formatid":"monotype","userid":"hersheybot","username":"Hershey Bot","w":"8","l":17,"t":"0","gxe":34.5,"r":"1500","rd":"130","sigma":"0","rptime":"1438160400","rpr":1377.4678849507,"rprd":64.471515494855,"rpsigma":"0","acre":1030.8534903996,"lacre":1030.8534903996,"oldacre":"1051.0974859591"},"endType":"normal"}