{"seed":[762,37885,16049,340],"turns":27,"p1":"alliance-c-control","p2":"LTIL-Annihilation","p1team":[{"name":"Zapdos","species":"Zapdos","item":"choicespecs","ability":"Pressure","moves":["heatwave","voltswitch","hyperbeam","defog"],"nature":"Modest","evs":{"hp":252,"atk":0,"def":0,"spa":252,"spd":4,"spe":0},"ivs":{"hp":31,"atk":31,"def":31,"spa":31,"spd":31,"spe":31}},{"name":"Jolteon","species":"Jolteon","item":"airballoon","ability":"Volt Absorb","moves":["wish","batonpass","hiddenpowerice","thunderbolt"],"nature":"Modest","evs":{"hp":0,"atk":0,"def":0,"spa":252,"spd":4,"spe":252},"ivs":{"hp":31,"atk":30,"def":30,"spa":31,"spd":31,"spe":31}},{"name":"Rotom-Mow","species":"Rotom-Mow","item":"choicescarf","ability":"Levitate","moves":["willowisp","voltswitch","leafstorm","trick"],"nature":"Timid","evs":{"hp":0,"atk":0,"def":0,"spa":252,"spd":4,"spe":252},"ivs":{"hp":31,"atk":31,"def":31,"spa":31,"spd":31,"spe":31}},{"name":"Ampharos","species":"Ampharos","item":"ampharosite","ability":"Static","moves":["focusblast","powergem","thunderbolt","dragonpulse"],"nature":"Modest","evs":{"hp":252,"atk":0,"def":154,"spa":56,"spd":48,"spe":0},"ivs":{"hp":31,"atk":31,"def":31,"spa":31,"spd":31,"spe":31}},{"name":"Electivire","species":"Electivire","item":"custapberry","ability":"Vital Spirit","moves":["firepunch","earthquake","brickbreak","thunderpunch"],"nature":"Adamant","evs":{"hp":248,"atk":252,"def":0,"spa":0,"spd":8,"spe":0},"ivs":{"hp":31,"atk":31,"def":31,"spa":31,"spd":31,"spe":31}},{"name":"Stunfisk","species":"Stunfisk","item":"leftovers","ability":"Static","moves":["reflecttype","painsplit","stealthrock","scald"],"nature":"Bold","evs":{"hp":252,"atk":0,"def":252,"spa":0,"spd":4,"spe":0},"ivs":{"hp":31,"atk":31,"def":31,"spa":31,"spd":31,"spe":31}}],"p2team":[{"name":"Heracross","species":"Heracross","item":"choicescarf","ability":"Moxie","moves":["closecombat","megahorn","knockoff","stoneedge"],"nature":"Jolly","evs":{"hp":0,"atk":252,"def":0,"spa":0,"spd":0,"spe":252},"happiness":0,"ivs":{"hp":31,"atk":31,"def":31,"spa":31,"spd":31,"spe":31}},{"name":"Shuckle","species":"Shuckle","item":"mentalherb","ability":"Contrary","moves":["stealthrock","stickyweb","toxic","protect"],"nature":"Bold","evs":{"hp":252,"atk":0,"def":128,"spa":0,"spd":128,"spe":0},"ivs":{"hp":31,"atk":31,"def":31,"spa":31,"spd":31,"spe":0}},{"name":"Forretress","species":"Forretress","item":"redcard","ability":"Sturdy","moves":["rapidspin","explosion","voltswitch","spikes"],"nature":"Sassy","evs":{"hp":72,"atk":184,"def":0,"spa":0,"spd":252,"spe":0},"ivs":{"hp":31,"atk":31,"def":31,"spa":31,"spd":31,"spe":31}},{"name":"Scizor","species":"Scizor","item":"scizorite","ability":"Technician","moves":["bulletpunch","agility","swordsdance","knockoff"],"nature":"Adamant","evs":{"hp":196,"atk":252,"def":0,"spa":0,"spd":0,"spe":60},"ivs":{"hp":31,"atk":31,"def":31,"spa":31,"spd":31,"spe":31}},{"name":"Genesect","species":"Genesect","item":"choicescarf","ability":"Download","moves":["flamethrower","icebeam","thunderbolt","bugbuzz"],"nature":"Modest","evs":{"hp":0,"atk":0,"def":0,"spa":252,"spd":4,"spe":252},"ivs":{"hp":31,"atk":31,"def":31,"spa":30,"spd":30,"spe":31}},{"name":"Volcarona","species":"Volcarona","item":"focussash","ability":"Flame Body","moves":["gigadrain","quiverdance","fierydance","hiddenpowerground"],"nature":"Modest","evs":{"hp":4,"atk":0,"def":252,"spa":252,"spd":0,"spe":0},"ivs":{"hp":31,"atk":31,"def":31,"spa":30,"spd":30,"spe":31}}],"log":["|player|p1|alliance-c-control|190","|player|p2|LTIL-Annihilation|238","|gametype|singles","|gen|6","|tier|Monotype","|rated","|rule|Baton Pass Clause: Limit one Baton Passer, can't pass Spe and other stats simultaneously","|rule|Swagger Clause: Swagger is banned","|rule|Same Type Clause: Pokémon in a team must share a type","|clearpoke","|poke|p1|Zapdos","|poke|p1|Jolteon, F","|poke|p1|Rotom-Mow","|poke|p1|Ampharos, M","|poke|p1|Electivire, F","|poke|p1|Stunfisk, M","|poke|p2|Heracross, M","|poke|p2|Shuckle, M","|poke|p2|Forretress, M","|poke|p2|Scizor, F","|poke|p2|Genesect-*","|poke|p2|Volcarona, M","|rule|Sleep Clause Mod: Limit one foe put to sleep","|rule|Species Clause: Limit one of each Pokémon","|rule|OHKO Clause: OHKO moves are banned","|rule|Moody Clause: Moody is banned","|rule|Evasion Moves Clause: Evasion moves are banned","|rule|Endless Battle Clause: Forcing endless battles is banned","|rule|HP Percentage Mod: HP is shown in percentages","|teampreview","|","|start","|switch|p1a: Stunfisk|Stunfisk, M|422/422","|switch|p2a: Shuckle|Shuckle, M|244/244","|turn|1","|","|move|p1a: Stunfisk|Stealth Rock|p2a: Shuckle","|-sidestart|p2: LTIL-Annihilation|move: Stealth Rock","|move|p2a: Shuckle|Toxic|p1a: Stunfisk|[miss]","|-miss|p2a: Shuckle|p1a: Stunfisk","|","|turn|2","|","|move|p1a: Stunfisk|Scald|p2a: Shuckle","|-supereffective|p2a: Shuckle","|-damage|p2a: Shuckle|194/244","|move|p2a: Shuckle|Toxic|p1a: Stunfisk","|-status|p1a: Stunfisk|tox","|","|-damage|p1a: Stunfisk|396/422 tox|[from] psn","|turn|3","|","|switch|p1a: Rotom-Mow|Rotom-Mow|241/241","|move|p2a: Shuckle|Stealth Rock|p1a: Rotom-Mow","|-sidestart|p1: alliance-c-control|move: Stealth Rock","|","|turn|4","|","|move|p1a: Rotom-Mow|Trick|p2a: Shuckle","|-activate|p1a: Rotom-Mow|move: Trick|[of] p2a: Shuckle","|-item|p2a: Shuckle|Choice Scarf|[from] move: Trick","|-item|p1a: Rotom-Mow|Mental Herb|[from] move: Trick","|move|p2a: Shuckle|Toxic|p1a: Rotom-Mow","|-status|p1a: Rotom-Mow|tox","|","|-damage|p1a: Rotom-Mow|226/241 tox|[from] psn","|turn|5","|","|switch|p2a: Forretress|Forretress, M|309/309","|-damage|p2a: Forretress|271/309|[from] Stealth Rock","|move|p1a: Rotom-Mow|Leaf Storm|p2a: Forretress","|-resisted|p2a: Forretress","|-damage|p2a: Forretress|224/309","|-unboost|p1a: Rotom-Mow|spa|2","|-enditem|p2a: Forretress|Red Card|[of] p1a: Rotom-Mow","|drag|p1a: Jolteon|Jolteon, F|271/271","|-damage|p1a: Jolteon|238/271|[from] Stealth Rock","|-item|p1a: Jolteon|Air Balloon","|","|turn|6","|","|move|p1a: Jolteon|Thunderbolt|p2a: Forretress","|-damage|p2a: Forretress|68/309","|move|p2a: Forretress|Rapid Spin|p1a: Jolteon","|-damage|p1a: Jolteon|209/271","|-enditem|p1a: Jolteon|Air Balloon","|-sideend|p2: LTIL-Annihilation|Stealth Rock|[from] move: Rapid Spin|[of] p2a: Forretress","|","|turn|7","|","|switch|p2a: Shuckle|Shuckle, M|194/244","|move|p1a: Jolteon|Thunderbolt|p2a: Shuckle","|-damage|p2a: Shuckle|124/244","|","|turn|8","|","|move|p1a: Jolteon|Baton Pass|p1a: Jolteon","|","|switch|p1a: Stunfisk|Stunfisk, M|396/422 tox","|-damage|p1a: Stunfisk|370/422 tox|[from] Stealth Rock","|move|p2a: Shuckle|Sticky Web|p1a: Stunfisk","|-sidestart|p1: alliance-c-control|move: Sticky Web","|","|-heal|p1a: Stunfisk|396/422 tox|[from] item: Leftovers","|-damage|p1a: Stunfisk|370/422 tox|[from] psn","|turn|9","|","|switch|p1a: Ampharos|Ampharos, M|384/384","|-damage|p1a: Ampharos|336/384|[from] Stealth Rock","|-activate|p1a: Ampharos|move: Sticky Web","|-unboost|p1a: Ampharos|spe|1","|switch|p2a: Forretress|Forretress, M|68/309","|","|turn|10","|","|switch|p1a: Jolteon|Jolteon, F|209/271","|-damage|p1a: Jolteon|176/271|[from] Stealth Rock","|-activate|p1a: Jolteon|move: Sticky Web","|-unboost|p1a: Jolteon|spe|1","|move|p2a: Forretress|Explosion|p1a: Jolteon","|-damage|p1a: Jolteon|0 fnt","|faint|p2a: Forretress","|faint|p1a: Jolteon","|","|","|switch|p2a: Volcarona|Volcarona, M|312/312","|switch|p1a: Ampharos|Ampharos, M|336/384","|-damage|p1a: Ampharos|288/384|[from] Stealth Rock","|-activate|p1a: Ampharos|move: Sticky Web","|-unboost|p1a: Ampharos|spe|1","|turn|11","|","|detailschange|p1a: Ampharos|Ampharos-Mega, M","|-mega|p1a: Ampharos|Ampharos|Ampharosite","|-ability|p1a: Ampharos|Mold Breaker","|move|p2a: Volcarona|Quiver Dance|p2a: Volcarona","|-boost|p2a: Volcarona|spa|1","|-boost|p2a: Volcarona|spd|1","|-boost|p2a: Volcarona|spe|1","|move|p1a: Ampharos|Power Gem|p2a: Volcarona","|-supereffective|p2a: Volcarona","|-damage|p2a: Volcarona|20/312","|","|turn|12","|","|move|p2a: Volcarona|Hidden Power|p1a: Ampharos","|-supereffective|p1a: Ampharos","|-damage|p1a: Ampharos|72/384","|move|p1a: Ampharos|Power Gem|p2a: Volcarona","|-supereffective|p2a: Volcarona","|-damage|p2a: Volcarona|0 fnt","|faint|p2a: Volcarona","|","|","|switch|p2a: Heracross|Heracross, M|301/301","|turn|13","|","|switch|p1a: Stunfisk|Stunfisk, M|370/422 tox","|-damage|p1a: Stunfisk|344/422 tox|[from] Stealth Rock","|-activate|p1a: Stunfisk|move: Sticky Web","|-unboost|p1a: Stunfisk|spe|1","|move|p2a: Heracross|Knock Off|p1a: Stunfisk","|-crit|p1a: Stunfisk","|-damage|p1a: Stunfisk|207/422 tox","|-status|p2a: Heracross|par","|-enditem|p1a: Stunfisk|Leftovers|[from] move: Knock Off|[of] p2a: Heracross","|","|-damage|p1a: Stunfisk|181/422 tox|[from] psn","|turn|14","|","|move|p2a: Heracross|Knock Off|p1a: Stunfisk","|-damage|p1a: Stunfisk|124/422 tox","|move|p1a: Stunfisk|Pain Split|p2a: Heracross","|-sethp|p2a: Heracross|212/301 par|p1a: Stunfisk|212/422 tox|[from] move: Pain Split","|","|-damage|p1a: Stunfisk|160/422 tox|[from] psn","|turn|15","|","|switch|p2a: Shuckle|Shuckle, M|124/244","|move|p1a: Stunfisk|Pain Split|p2a: Shuckle","|-sethp|p2a: Shuckle|142/244|p1a: Stunfisk|142/422 tox|[from] move: Pain Split","|","|-damage|p1a: Stunfisk|64/422 tox|[from] psn","|turn|16","|","|move|p2a: Shuckle|Protect|p2a: Shuckle","|-singleturn|p2a: Shuckle|Protect","|move|p1a: Stunfisk|Stealth Rock|p2a: Shuckle","|-sidestart|p2: LTIL-Annihilation|move: Stealth Rock","|","|-damage|p1a: Stunfisk|0 fnt|[from] psn","|faint|p1a: Stunfisk","|","|switch|p1a: Zapdos|Zapdos|384/384","|-damage|p1a: Zapdos|288/384|[from] Stealth Rock","|-ability|p1a: Zapdos|Pressure","|turn|17","|","|switch|p2a: Heracross|Heracross, M|212/301 par","|-damage|p2a: Heracross|175/301 par|[from] Stealth Rock","|move|p1a: Zapdos|Defog|p2a: Heracross","|-unboost|p2a: Heracross|evasion|1","|-sideend|p2: LTIL-Annihilation|Stealth Rock|[from] move: Defog|[of] p2a: Heracross","|-sideend|p1: alliance-c-control|Stealth Rock|[from] move: Defog|[of] p1a: Zapdos","|-sideend|p1: alliance-c-control|Sticky Web|[from] move: Defog|[of] p1a: Zapdos","|","|turn|18","|","|switch|p1a: Ampharos|Ampharos-Mega, M|72/384","|-ability|p1a: Ampharos|Mold Breaker","|move|p2a: Heracross|Stone Edge|p1a: Ampharos","|-damage|p1a: Ampharos|0 fnt","|faint|p1a: Ampharos","|-boost|p2a: Heracross|atk|1|[from] ability: Moxie","|","|","|switch|p1a: Zapdos|Zapdos|288/384","|-ability|p1a: Zapdos|Pressure","|turn|19","|","|move|p1a: Zapdos|Heat Wave|p2a: Heracross","|-supereffective|p2a: Heracross","|-damage|p2a: Heracross|0 fnt","|faint|p2a: Heracross","|","|","|switch|p2a: Genesect|Genesect|283/283","|-boost|p2a: Genesect|atk|1|[from] ability: Download","|turn|20","|","|move|p2a: Genesect|Ice Beam|p1a: Zapdos","|-supereffective|p1a: Zapdos","|-damage|p1a: Zapdos|30/384","|move|p1a: Zapdos|Heat Wave|p2a: Genesect","|-supereffective|p2a: Genesect","|-damage|p2a: Genesect|0 fnt","|faint|p2a: Genesect","|","|","|switch|p2a: Scizor|Scizor, F|330/330","|turn|21","|","|detailschange|p2a: Scizor|Scizor-Mega, F","|-mega|p2a: Scizor|Scizor|Scizorite","|move|p2a: Scizor|Bullet Punch|p1a: Zapdos","|-crit|p1a: Zapdos","|-resisted|p1a: Zapdos","|-damage|p1a: Zapdos|0 fnt","|faint|p1a: Zapdos","|","|","|switch|p1a: Rotom-Mow|Rotom-Mow|226/241 tox","|turn|22","|","|move|p1a: Rotom-Mow|Will-O-Wisp|p2a: Scizor","|-status|p2a: Scizor|brn","|move|p2a: Scizor|Agility|p2a: Scizor","|-boost|p2a: Scizor|spe|2","|","|-damage|p2a: Scizor|289/330 brn|[from] brn","|-damage|p1a: Rotom-Mow|211/241 tox|[from] psn","|turn|23","|","|move|p2a: Scizor|Swords Dance|p2a: Scizor","|-boost|p2a: Scizor|atk|2","|move|p1a: Rotom-Mow|Volt Switch|p2a: Scizor","|-damage|p2a: Scizor|178/330 brn","|","|switch|p1a: Electivire|Electivire, F|353/353","|","|-damage|p2a: Scizor|137/330 brn|[from] brn","|turn|24","|","|move|p2a: Scizor|Knock Off|p1a: Electivire","|-crit|p1a: Electivire","|-damage|p1a: Electivire|73/353","|-enditem|p1a: Electivire|Custap Berry|[from] move: Knock Off|[of] p2a: Scizor","|move|p1a: Electivire|Fire Punch|p2a: Scizor","|-supereffective|p2a: Scizor","|-damage|p2a: Scizor|0 fnt","|faint|p2a: Scizor","|","|","|switch|p2a: Shuckle|Shuckle, M|142/244","|turn|25","|","|move|p1a: Electivire|Earthquake|p2a: Shuckle","|-crit|p2a: Shuckle","|-damage|p2a: Shuckle|68/244","|move|p2a: Shuckle|Toxic|p1a: Electivire","|-status|p1a: Electivire|tox","|","|-damage|p1a: Electivire|51/353 tox|[from] psn","|turn|26","|","|move|p1a: Electivire|Thunder Punch|p2a: Shuckle","|-damage|p2a: Shuckle|7/244","|move|p2a: Shuckle|Toxic|p1a: Electivire","|-fail|p1a: Electivire|tox","|","|-damage|p1a: Electivire|7/353 tox|[from] psn","|turn|27","|","|move|p1a: Electivire|Thunder Punch|p2a: Shuckle","|-damage|p2a: Shuckle|0 fnt","|faint|p2a: Shuckle","|","|win|alliance-c-control"],"p1rating":{"entryid":"6440455","serverid":"eos","formatid":"monotype","userid":"allianceccontrol","username":"Alliance-C-Control","w":209,"l":"279","t":"0","gxe":41.4,"r":"1438.3988224777","rd":"25","sigma":"0","rptime":"1438160400","rpr":1434.4936838575,"rprd":25,"rpsigma":"0","acre":1077.9920123655,"lacre":1077.9920123655,"oldacre":"1036.2990352676"},"p2rating":{"entryid":"6435200","serverid":"eos","formatid":"monotype","userid":"ltilannihilation","username":"LTIL-Annihilation","w":"4","l":5,"t":"0","gxe":47.3,"r":"1509.5471450342","rd":97.846312248092,"sigma":"0","rptime":1438160400,"rpr":1478.866639753,"rprd":94.344129308123,"rpsigma":"0","acre":1078.9501583596,"lacre":1078.9501583596,"oldacre":"1109.1142464049"},"endType":"normal"}