{"seed":[50421,39146,3476,23479],"turns":42,"p1":"Wаrden Arguѕ","p2":"Mega Torterra plz","p1team":[{"name":"Sableye","species":"Sableye","item":"leftovers","ability":"Prankster","moves":["knockoff","willowisp","recover","taunt"],"nature":"Bold","evs":{"hp":228,"atk":0,"def":252,"spa":0,"spd":0,"spe":28},"gender":"M","ivs":{"hp":31,"atk":0,"def":31,"spa":31,"spd":31,"spe":31}},{"name":"Aegislash","species":"Aegislash","item":"weaknesspolicy","ability":"Stance Change","moves":["kingsshield","sacredsword","shadowball","shadowsneak"],"nature":"Lonely","evs":{"hp":0,"atk":252,"def":0,"spa":240,"spd":0,"spe":16},"gender":"M","shiny":true,"ivs":{"hp":31,"atk":31,"def":31,"spa":31,"spd":31,"spe":31}},{"name":"Jellicent","species":"Jellicent","item":"leftovers","ability":"Cursed Body","moves":["toxic","scald","recover","acidarmor"],"nature":"Calm","evs":{"hp":252,"atk":0,"def":0,"spa":0,"spd":252,"spe":4},"gender":"M","ivs":{"hp":31,"atk":0,"def":31,"spa":31,"spd":31,"spe":31},"shiny":true},{"name":"Golurk","species":"Golurk","item":"focussash","ability":"No Guard","moves":["stealthrock","stoneedge","dynamicpunch","curse"],"nature":"Adamant","evs":{"hp":0,"atk":252,"def":0,"spa":0,"spd":4,"spe":252},"shiny":true,"ivs":{"hp":31,"atk":31,"def":31,"spa":31,"spd":31,"spe":31}},{"name":"Chandelure","species":"Chandelure","item":"choicescarf","ability":"Infiltrator","moves":["flamethrower","shadowball","energyball","trick"],"nature":"Modest","evs":{"hp":0,"atk":0,"def":0,"spa":252,"spd":4,"spe":252},"gender":"F","ivs":{"hp":31,"atk":0,"def":31,"spa":31,"spd":31,"spe":31}},{"name":"Gengar","species":"Gengar","item":"focussash","ability":"Levitate","moves":["destinybond","sludgebomb","shadowball","energyball"],"nature":"Timid","evs":{"hp":0,"atk":0,"def":0,"spa":252,"spd":4,"spe":252},"gender":"F","ivs":{"hp":31,"atk":0,"def":31,"spa":31,"spd":31,"spe":31},"shiny":true}],"p2team":[{"name":"Skarmory","species":"Skarmory","item":"rockyhelmet","ability":"Sturdy","moves":["whirlwind","stealthrock","roost","bravebird"],"nature":"Impish","evs":{"hp":252,"atk":0,"def":232,"spa":0,"spd":0,"spe":24},"gender":"M","ivs":{"hp":31,"atk":31,"def":31,"spa":31,"spd":31,"spe":31}},{"name":"Scizor","species":"Scizor","item":"choiceband","ability":"Technician","moves":["bulletpunch","uturn","pursuit","superpower"],"nature":"Adamant","evs":{"hp":248,"atk":252,"def":8,"spa":0,"spd":0,"spe":0},"gender":"F","ivs":{"hp":31,"atk":31,"def":31,"spa":31,"spd":31,"spe":31}},{"name":"Excadrill","species":"Excadrill","item":"lifeorb","ability":"Mold Breaker","moves":["earthquake","rockslide","ironhead","rapidspin"],"nature":"Jolly","evs":{"hp":0,"atk":252,"def":4,"spa":0,"spd":0,"spe":252},"gender":"F","ivs":{"hp":31,"atk":31,"def":31,"spa":31,"spd":31,"spe":31}},{"name":"Ferrothorn","species":"Ferrothorn","item":"leftovers","ability":"Iron Barbs","moves":["powerwhip","leechseed","thunderwave","protect"],"nature":"Sassy","evs":{"hp":252,"atk":4,"def":0,"spa":0,"spd":252,"spe":0},"gender":"F","shiny":true,"ivs":{"hp":31,"atk":31,"def":31,"spa":31,"spd":31,"spe":31}},{"name":"Heatran","species":"Heatran","item":"airballoon","ability":"Flash Fire","moves":["fireblast","earthpower","hiddenpowerice","willowisp"],"nature":"Modest","evs":{"hp":0,"atk":0,"def":0,"spa":252,"spd":4,"spe":252},"gender":"F","ivs":{"hp":31,"atk":30,"def":30,"spa":31,"spd":31,"spe":31},"shiny":true},{"name":"Empoleon","species":"Empoleon","item":"choicespecs","ability":"Torrent","moves":["hydropump","flashcannon","icebeam","scald"],"nature":"Modest","evs":{"hp":248,"atk":0,"def":0,"spa":252,"spd":8,"spe":0},"ivs":{"hp":31,"atk":31,"def":31,"spa":31,"spd":31,"spe":31}}],"log":["|player|p1|Wаrden Arguѕ|argus2spooky.png","|player|p2|Mega Torterra plz|103","|gametype|singles","|gen|6","|tier|Monotype","|rated","|rule|Baton Pass Clause: Limit one Baton Passer, can't pass Spe and other stats simultaneously","|rule|Swagger Clause: Swagger is banned","|rule|Same Type Clause: Pokémon in a team must share a type","|clearpoke","|poke|p1|Sableye, M","|poke|p1|Aegislash, M, shiny","|poke|p1|Jellicent, M, shiny","|poke|p1|Golurk, shiny","|poke|p1|Chandelure, F","|poke|p1|Gengar, F, shiny","|poke|p2|Skarmory, M","|poke|p2|Scizor, F","|poke|p2|Excadrill, F","|poke|p2|Ferrothorn, F, shiny","|poke|p2|Heatran, F, shiny","|poke|p2|Empoleon, F","|rule|Sleep Clause Mod: Limit one foe put to sleep","|rule|Species Clause: Limit one of each Pokémon","|rule|OHKO Clause: OHKO moves are banned","|rule|Moody Clause: Moody is banned","|rule|Evasion Moves Clause: Evasion moves are banned","|rule|Endless Battle Clause: Forcing endless battles is banned","|rule|HP Percentage Mod: HP is shown in percentages","|teampreview","|","|start","|switch|p1a: Chandelure|Chandelure, F|261/261","|switch|p2a: Empoleon|Empoleon, F|371/371","|turn|1","|","|switch|p1a: Golurk|Golurk, shiny|319/319","|switch|p2a: Ferrothorn|Ferrothorn, F, shiny|352/352","|","|turn|2","|","|move|p1a: Golurk|Dynamic Punch|p2a: Ferrothorn","|-supereffective|p2a: Ferrothorn","|-damage|p2a: Ferrothorn|158/352","|-damage|p1a: Golurk|280/319|[from] ability: Iron Barbs|[of] p2a: Ferrothorn","|-start|p2a: Ferrothorn|confusion","|-activate|p2a: Ferrothorn|confusion","|-damage|p2a: Ferrothorn|133/352|[from] confusion","|","|-heal|p2a: Ferrothorn|155/352|[from] item: Leftovers","|turn|3","|","|switch|p2a: Skarmory|Skarmory, M|334/334","|move|p1a: Golurk|Dynamic Punch|p2a: Skarmory","|-damage|p2a: Skarmory|267/334","|-damage|p1a: Golurk|227/319|[from] item: Rocky Helmet|[of] p2a: Skarmory","|-start|p2a: Skarmory|confusion","|","|turn|4","|","|switch|p1a: Chandelure|Chandelure, F|261/261","|-activate|p2a: Skarmory|confusion","|-damage|p2a: Skarmory|250/334|[from] confusion","|","|turn|5","|","|switch|p1a: Golurk|Golurk, shiny|227/319","|switch|p2a: Heatran|Heatran, F, shiny|323/323","|-item|p2a: Heatran|Air Balloon","|","|turn|6","|","|move|p2a: Heatran|Fire Blast|p1a: Golurk","|-damage|p1a: Golurk|0 fnt","|faint|p1a: Golurk","|","|","|switch|p1a: Jellicent|Jellicent, M, shiny|404/404","|turn|7","|","|switch|p2a: Ferrothorn|Ferrothorn, F, shiny|155/352","|move|p1a: Jellicent|Scald|p2a: Ferrothorn","|-resisted|p2a: Ferrothorn","|-damage|p2a: Ferrothorn|128/352","|-status|p2a: Ferrothorn|brn","|","|-heal|p2a: Ferrothorn|150/352 brn|[from] item: Leftovers","|-damage|p2a: Ferrothorn|106/352 brn|[from] brn","|turn|8","|","|switch|p1a: Chandelure|Chandelure, F|261/261","|move|p2a: Ferrothorn|Thunder Wave|p1a: Chandelure","|-status|p1a: Chandelure|par","|","|-heal|p2a: Ferrothorn|128/352 brn|[from] item: Leftovers","|-damage|p2a: Ferrothorn|84/352 brn|[from] brn","|turn|9","|","|move|p1a: Chandelure|Shadow Ball|p2a: Ferrothorn","|-damage|p2a: Ferrothorn|0 fnt","|faint|p2a: Ferrothorn","|","|","|switch|p2a: Excadrill|Excadrill, F|361/361","|-ability|p2a: Excadrill|Mold Breaker","|turn|10","|","|move|p2a: Excadrill|Earthquake|p1a: Chandelure","|-supereffective|p1a: Chandelure","|-damage|p1a: Chandelure|0 fnt","|-damage|p2a: Excadrill|325/361|[from] item: Life Orb","|faint|p1a: Chandelure","|","|","|switch|p1a: Gengar|Gengar, F, shiny|261/261","|turn|11","|","|move|p1a: Gengar|Shadow Ball|p2a: Excadrill","|-damage|p2a: Excadrill|114/361","|-unboost|p2a: Excadrill|spd|1","|move|p2a: Excadrill|Earthquake|p1a: Gengar","|-supereffective|p1a: Gengar","|-enditem|p1a: Gengar|Focus Sash","|-damage|p1a: Gengar|1/261","|-damage|p2a: Excadrill|78/361|[from] item: Life Orb","|","|turn|12","|","|switch|p2a: Empoleon|Empoleon, F|371/371","|move|p1a: Gengar|Shadow Ball|p2a: Empoleon","|-damage|p2a: Empoleon|233/371","|","|turn|13","|","|switch|p1a: Jellicent|Jellicent, M, shiny|404/404","|move|p2a: Empoleon|Flash Cannon|p1a: Jellicent","|-resisted|p1a: Jellicent","|-damage|p1a: Jellicent|335/404","|","|-heal|p1a: Jellicent|360/404|[from] item: Leftovers","|turn|14","|","|switch|p2a: Skarmory|Skarmory, M|250/334","|move|p1a: Jellicent|Acid Armor|p1a: Jellicent","|-boost|p1a: Jellicent|def|2","|","|-heal|p1a: Jellicent|385/404|[from] item: Leftovers","|turn|15","|","|move|p1a: Jellicent|Scald|p2a: Skarmory","|-damage|p2a: Skarmory|139/334","|-status|p2a: Skarmory|brn","|move|p2a: Skarmory|Whirlwind|p1a: Jellicent","|drag|p1a: Gengar|Gengar, F, shiny|1/261","|","|-damage|p2a: Skarmory|98/334 brn|[from] brn","|turn|16","|","|move|p1a: Gengar|Shadow Ball|p2a: Skarmory","|-damage|p2a: Skarmory|0 fnt","|faint|p2a: Skarmory","|","|","|switch|p2a: Scizor|Scizor, F|343/343","|turn|17","|","|move|p2a: Scizor|Pursuit|p1a: Gengar|[from]Pursuit","|-supereffective|p1a: Gengar","|-damage|p1a: Gengar|0 fnt","|faint|p1a: Gengar","|","|","|switch|p1a: Sableye|Sableye, M|298/298","|turn|18","|","|switch|p2a: Empoleon|Empoleon, F|233/371","|move|p1a: Sableye|Knock Off|p2a: Empoleon","|-damage|p2a: Empoleon|151/371","|-enditem|p2a: Empoleon|Choice Specs|[from] move: Knock Off|[of] p1a: Sableye","|","|turn|19","|","|switch|p1a: Jellicent|Jellicent, M, shiny|385/404","|move|p2a: Empoleon|Flash Cannon|p1a: Jellicent","|-resisted|p1a: Jellicent","|-damage|p1a: Jellicent|337/404","|","|-heal|p1a: Jellicent|362/404|[from] item: Leftovers","|turn|20","|","|move|p1a: Jellicent|Acid Armor|p1a: Jellicent","|-boost|p1a: Jellicent|def|2","|move|p2a: Empoleon|Flash Cannon|p1a: Jellicent","|-resisted|p1a: Jellicent","|-damage|p1a: Jellicent|311/404","|","|-heal|p1a: Jellicent|336/404|[from] item: Leftovers","|turn|21","|","|switch|p2a: Heatran|Heatran, F, shiny|323/323","|-item|p2a: Heatran|Air Balloon","|move|p1a: Jellicent|Acid Armor|p1a: Jellicent","|-boost|p1a: Jellicent|def|2","|","|-heal|p1a: Jellicent|361/404|[from] item: Leftovers","|turn|22","|","|move|p2a: Heatran|Will-O-Wisp|p1a: Jellicent","|-status|p1a: Jellicent|brn","|move|p1a: Jellicent|Scald|p2a: Heatran","|-supereffective|p2a: Heatran","|-damage|p2a: Heatran|177/323","|-enditem|p2a: Heatran|Air Balloon","|","|-heal|p1a: Jellicent|386/404 brn|[from] item: Leftovers","|-damage|p1a: Jellicent|336/404 brn|[from] brn","|turn|23","|","|move|p2a: Heatran|Earth Power|p1a: Jellicent","|-damage|p1a: Jellicent|256/404 brn","|move|p1a: Jellicent|Scald|p2a: Heatran","|-supereffective|p2a: Heatran","|-damage|p2a: Heatran|19/323","|","|-heal|p1a: Jellicent|281/404 brn|[from] item: Leftovers","|-damage|p1a: Jellicent|231/404 brn|[from] brn","|turn|24","|","|move|p2a: Heatran|Earth Power|p1a: Jellicent","|-damage|p1a: Jellicent|142/404 brn","|move|p1a: Jellicent|Recover|p1a: Jellicent","|-heal|p1a: Jellicent|344/404 brn","|","|-heal|p1a: Jellicent|369/404 brn|[from] item: Leftovers","|-damage|p1a: Jellicent|319/404 brn|[from] brn","|turn|25","|","|move|p2a: Heatran|Fire Blast|p1a: Jellicent","|-resisted|p1a: Jellicent","|-damage|p1a: Jellicent|246/404 brn","|move|p1a: Jellicent|Acid Armor|p1a: Jellicent","|-boost|p1a: Jellicent|def|2","|","|-heal|p1a: Jellicent|271/404 brn|[from] item: Leftovers","|-damage|p1a: Jellicent|221/404 brn|[from] brn","|turn|26","|","|move|p2a: Heatran|Earth Power|p1a: Jellicent","|-damage|p1a: Jellicent|144/404 brn","|move|p1a: Jellicent|Recover|p1a: Jellicent","|-heal|p1a: Jellicent|346/404 brn","|","|-heal|p1a: Jellicent|371/404 brn|[from] item: Leftovers","|-damage|p1a: Jellicent|321/404 brn|[from] brn","|turn|27","|","|move|p2a: Heatran|Earth Power|p1a: Jellicent","|-damage|p1a: Jellicent|241/404 brn","|move|p1a: Jellicent|Recover|p1a: Jellicent","|-heal|p1a: Jellicent|404/404 brn","|","|-damage|p1a: Jellicent|354/404 brn|[from] brn","|turn|28","|","|move|p2a: Heatran|Earth Power|p1a: Jellicent","|-damage|p1a: Jellicent|271/404 brn","|move|p1a: Jellicent|Scald|p2a: Heatran","|-supereffective|p2a: Heatran","|-damage|p2a: Heatran|0 fnt","|faint|p2a: Heatran","|","|-heal|p1a: Jellicent|296/404 brn|[from] item: Leftovers","|-damage|p1a: Jellicent|246/404 brn|[from] brn","|","|switch|p2a: Excadrill|Excadrill, F|78/361","|-ability|p2a: Excadrill|Mold Breaker","|turn|29","|","|move|p2a: Excadrill|Iron Head|p1a: Jellicent","|-resisted|p1a: Jellicent","|-damage|p1a: Jellicent|215/404 brn","|-damage|p2a: Excadrill|42/361|[from] item: Life Orb","|move|p1a: Jellicent|Recover|p1a: Jellicent","|-heal|p1a: Jellicent|404/404 brn","|","|-damage|p1a: Jellicent|354/404 brn|[from] brn","|turn|30","|","|move|p2a: Excadrill|Iron Head|p1a: Jellicent","|-resisted|p1a: Jellicent","|-damage|p1a: Jellicent|319/404 brn","|-start|p2a: Excadrill|Disable|Iron Head","|-damage|p2a: Excadrill|6/361|[from] item: Life Orb","|cant|p1a: Jellicent|flinch","|","|-heal|p1a: Jellicent|344/404 brn|[from] item: Leftovers","|-damage|p1a: Jellicent|294/404 brn|[from] brn","|turn|31","|","|move|p2a: Excadrill|Earthquake|p1a: Jellicent","|-damage|p1a: Jellicent|212/404 brn","|-damage|p2a: Excadrill|0 fnt|[from] item: Life Orb","|faint|p2a: Excadrill","|move|p1a: Jellicent|Recover|p1a: Jellicent","|-heal|p1a: Jellicent|404/404 brn","|","|-damage|p1a: Jellicent|354/404 brn|[from] brn","|","|switch|p2a: Scizor|Scizor, F|343/343","|turn|32","|","|move|p2a: Scizor|U-turn|p1a: Jellicent","|-resisted|p1a: Jellicent","|-damage|p1a: Jellicent|320/404 brn","|","|switch|p2a: Empoleon|Empoleon, F|151/371","|move|p1a: Jellicent|Scald|p2a: Empoleon","|-resisted|p2a: Empoleon","|-damage|p2a: Empoleon|112/371","|","|-heal|p1a: Jellicent|345/404 brn|[from] item: Leftovers","|-damage|p1a: Jellicent|295/404 brn|[from] brn","|turn|33","|","|move|p1a: Jellicent|Scald|p2a: Empoleon","|-resisted|p2a: Empoleon","|-damage|p2a: Empoleon|72/371","|move|p2a: Empoleon|Hydro Pump|p1a: Jellicent","|-resisted|p1a: Jellicent","|-damage|p1a: Jellicent|186/404 brn","|","|-heal|p1a: Jellicent|211/404 brn|[from] item: Leftovers","|-damage|p1a: Jellicent|161/404 brn|[from] brn","|turn|34","|","|move|p1a: Jellicent|Recover|p1a: Jellicent","|-heal|p1a: Jellicent|363/404 brn","|move|p2a: Empoleon|Hydro Pump|p1a: Jellicent","|-resisted|p1a: Jellicent","|-damage|p1a: Jellicent|270/404 brn","|","|-heal|p1a: Jellicent|295/404 brn|[from] item: Leftovers","|-damage|p1a: Jellicent|245/404 brn|[from] brn","|turn|35","|","|move|p1a: Jellicent|Scald|p2a: Empoleon","|-resisted|p2a: Empoleon","|-damage|p2a: Empoleon|33/371","|move|p2a: Empoleon|Hydro Pump|p1a: Jellicent|[miss]","|-miss|p2a: Empoleon|p1a: Jellicent","|","|-heal|p1a: Jellicent|270/404 brn|[from] item: Leftovers","|-damage|p1a: Jellicent|220/404 brn|[from] brn","|turn|36","|","|move|p1a: Jellicent|Recover|p1a: Jellicent","|-heal|p1a: Jellicent|404/404 brn","|move|p2a: Empoleon|Hydro Pump|p1a: Jellicent","|-resisted|p1a: Jellicent","|-damage|p1a: Jellicent|309/404 brn","|","|-heal|p1a: Jellicent|334/404 brn|[from] item: Leftovers","|-damage|p1a: Jellicent|284/404 brn|[from] brn","|turn|37","|","|move|p1a: Jellicent|Scald|p2a: Empoleon","|-resisted|p2a: Empoleon","|-damage|p2a: Empoleon|0 fnt","|faint|p2a: Empoleon","|","|-heal|p1a: Jellicent|309/404 brn|[from] item: Leftovers","|-damage|p1a: Jellicent|259/404 brn|[from] brn","|","|switch|p2a: Scizor|Scizor, F|343/343","|turn|38","|","|move|p2a: Scizor|Pursuit|p1a: Jellicent","|-supereffective|p1a: Jellicent","|-damage|p1a: Jellicent|175/404 brn","|move|p1a: Jellicent|Recover|p1a: Jellicent","|-heal|p1a: Jellicent|377/404 brn","|","|-heal|p1a: Jellicent|402/404 brn|[from] item: Leftovers","|-damage|p1a: Jellicent|352/404 brn|[from] brn","|turn|39","|","|move|p2a: Scizor|Pursuit|p1a: Jellicent","|-supereffective|p1a: Jellicent","|-damage|p1a: Jellicent|272/404 brn","|move|p1a: Jellicent|Scald|p2a: Scizor","|-damage|p2a: Scizor|244/343","|-status|p2a: Scizor|brn","|","|-heal|p1a: Jellicent|297/404 brn|[from] item: Leftovers","|-damage|p2a: Scizor|202/343 brn|[from] brn","|-damage|p1a: Jellicent|247/404 brn|[from] brn","|turn|40","|","|move|p2a: Scizor|Pursuit|p1a: Jellicent","|-supereffective|p1a: Jellicent","|-damage|p1a: Jellicent|204/404 brn","|move|p1a: Jellicent|Recover|p1a: Jellicent","|-heal|p1a: Jellicent|404/404 brn","|","|-damage|p2a: Scizor|160/343 brn|[from] brn","|-damage|p1a: Jellicent|354/404 brn|[from] brn","|turn|41","|","|move|p2a: Scizor|Pursuit|p1a: Jellicent","|-supereffective|p1a: Jellicent","|-damage|p1a: Jellicent|311/404 brn","|move|p1a: Jellicent|Scald|p2a: Scizor","|-damage|p2a: Scizor|67/343 brn","|","|-heal|p1a: Jellicent|336/404 brn|[from] item: Leftovers","|-damage|p2a: Scizor|25/343 brn|[from] brn","|-damage|p1a: Jellicent|286/404 brn|[from] brn","|turn|42","|","|move|p2a: Scizor|Pursuit|p1a: Jellicent","|-supereffective|p1a: Jellicent","|-damage|p1a: Jellicent|245/404 brn","|move|p1a: Jellicent|Scald|p2a: Scizor","|-damage|p2a: Scizor|0 fnt","|faint|p2a: Scizor","|","|win|Wаrden Arguѕ"],"p1rating":{"entryid":"7252450","serverid":"eos","formatid":"monotype","userid":"wrdenargu","username":"Wаrden Arguѕ","w":11,"l":"2","t":"0","gxe":70.3,"r":"1500","rd":"130","sigma":"0","rptime":"1438160400","rpr":1666.3974102667,"rprd":80.358669811634,"rpsigma":"0","acre":1242.666101388,"lacre":1242.666101388,"oldacre":"1224.722803901"},"p2rating":{"entryid":"6942320","serverid":"eos","formatid":"monotype","userid":"megatorterraplz","username":"mega torterra plz","w":"7","l":9,"t":"0","gxe":46.4,"r":"1442.7275874942","rd":"81.839481819195","sigma":"0","rptime":"1438160400","rpr":1471.9440065051,"rprd":76.459761441238,"rpsigma":"0","acre":1105.9728706228,"lacre":1105.9728706228,"oldacre":"1123.9161681098"},"endType":"normal"}