{"seed":[24728,61808,42590,24303],"turns":21,"p1":"Wаrden Arguѕ","p2":"GTX♅Bzumzum","p1team":[{"name":"Sableye","species":"Sableye","item":"leftovers","ability":"Prankster","moves":["knockoff","willowisp","recover","taunt"],"nature":"Bold","evs":{"hp":228,"atk":0,"def":252,"spa":0,"spd":0,"spe":28},"gender":"M","ivs":{"hp":31,"atk":0,"def":31,"spa":31,"spd":31,"spe":31}},{"name":"Aegislash","species":"Aegislash","item":"weaknesspolicy","ability":"Stance Change","moves":["kingsshield","sacredsword","shadowball","shadowsneak"],"nature":"Lonely","evs":{"hp":0,"atk":252,"def":0,"spa":240,"spd":0,"spe":16},"gender":"M","shiny":true,"ivs":{"hp":31,"atk":31,"def":31,"spa":31,"spd":31,"spe":31}},{"name":"Jellicent","species":"Jellicent","item":"leftovers","ability":"Cursed Body","moves":["toxic","scald","recover","acidarmor"],"nature":"Calm","evs":{"hp":252,"atk":0,"def":0,"spa":0,"spd":252,"spe":4},"gender":"M","ivs":{"hp":31,"atk":0,"def":31,"spa":31,"spd":31,"spe":31},"shiny":true},{"name":"Golurk","species":"Golurk","item":"focussash","ability":"No Guard","moves":["stealthrock","stoneedge","dynamicpunch","curse"],"nature":"Adamant","evs":{"hp":0,"atk":252,"def":0,"spa":0,"spd":4,"spe":252},"shiny":true,"ivs":{"hp":31,"atk":31,"def":31,"spa":31,"spd":31,"spe":31}},{"name":"Chandelure","species":"Chandelure","item":"choicescarf","ability":"Infiltrator","moves":["flamethrower","shadowball","energyball","trick"],"nature":"Modest","evs":{"hp":0,"atk":0,"def":0,"spa":252,"spd":4,"spe":252},"gender":"F","ivs":{"hp":31,"atk":0,"def":31,"spa":31,"spd":31,"spe":31}},{"name":"Gengar","species":"Gengar","item":"focussash","ability":"Levitate","moves":["destinybond","sludgebomb","shadowball","energyball"],"nature":"Timid","evs":{"hp":0,"atk":0,"def":0,"spa":252,"spd":4,"spe":252},"gender":"F","ivs":{"hp":31,"atk":0,"def":31,"spa":31,"spd":31,"spe":31},"shiny":true}],"p2team":[{"name":"Charging-Squirrel","species":"emolga","item":"leftovers","ability":"Static","moves":["discharge","hiddenpowerice","taunt","roost"],"nature":"Calm","evs":{"hp":0,"atk":0,"def":0,"spa":252,"spd":60,"spe":196},"gender":"M","ivs":{"hp":31,"atk":30,"def":30,"spa":31,"spd":31,"spe":31},"shiny":true},{"name":"Elegtric","species":"galvantula","item":"redcard","ability":"Unnerve","moves":["disable","gigadrain","stickyweb","hiddenpowerfighting"],"nature":"Timid","evs":{"hp":0,"atk":0,"def":0,"spa":252,"spd":4,"spe":252},"gender":"M","ivs":{"hp":31,"atk":31,"def":30,"spa":30,"spd":30,"spe":30},"shiny":true},{"name":"Sand-Shock","species":"stunfisk","item":"airballoon","ability":"Static","moves":["sludgewave","earthpower","muddywater","reflecttype"],"nature":"Modest","evs":{"hp":248,"atk":0,"def":0,"spa":252,"spd":8,"spe":0},"gender":"M","ivs":{"hp":31,"atk":31,"def":31,"spa":31,"spd":31,"spe":31}},{"name":"Nicelectric","species":"rotomfrost","item":"choicescarf","ability":"Levitate","moves":["lightscreen","trick","ominouswind","blizzard"],"nature":"Timid","evs":{"hp":0,"atk":0,"def":0,"spa":252,"spd":4,"spe":252},"shiny":true,"ivs":{"hp":31,"atk":31,"def":31,"spa":31,"spd":31,"spe":31}},{"name":"Dashing Spark","species":"ampharos","item":"ampharosite","ability":"Static","moves":["agility","cottonguard","focusblast","dragonpulse"],"nature":"Modest","evs":{"hp":0,"atk":0,"def":0,"spa":252,"spd":4,"spe":252},"gender":"M","ivs":{"hp":31,"atk":31,"def":31,"spa":31,"spd":31,"spe":31}},{"name":"Genius","species":"thundurus","item":"yacheberry","ability":"Prankster","moves":["knockoff","toxic","uturn","confide"],"nature":"Careful","evs":{"hp":248,"atk":8,"def":0,"spa":0,"spd":252,"spe":0},"shiny":true,"ivs":{"hp":31,"atk":31,"def":31,"spa":31,"spd":31,"spe":31}}],"log":["|player|p1|Wаrden Arguѕ|argus2spooky.png","|player|p2|GTX♅Bzumzum|225","|gametype|singles","|gen|6","|tier|Monotype","|rated","|rule|Baton Pass Clause: Limit one Baton Passer, can't pass Spe and other stats simultaneously","|rule|Swagger Clause: Swagger is banned","|rule|Same Type Clause: Pokémon in a team must share a type","|clearpoke","|poke|p1|Sableye, M","|poke|p1|Aegislash, M, shiny","|poke|p1|Jellicent, M, shiny","|poke|p1|Golurk, shiny","|poke|p1|Chandelure, F","|poke|p1|Gengar, F, shiny","|poke|p2|Emolga, M, shiny","|poke|p2|Galvantula, M, shiny","|poke|p2|Stunfisk, M","|poke|p2|Rotom-Frost, shiny","|poke|p2|Ampharos, M","|poke|p2|Thundurus, M, shiny","|rule|Sleep Clause Mod: Limit one foe put to sleep","|rule|Species Clause: Limit one of each Pokémon","|rule|OHKO Clause: OHKO moves are banned","|rule|Moody Clause: Moody is banned","|rule|Evasion Moves Clause: Evasion moves are banned","|rule|Endless Battle Clause: Forcing endless battles is banned","|rule|HP Percentage Mod: HP is shown in percentages","|teampreview","|","|start","|switch|p1a: Aegislash|Aegislash, M, shiny|261/261","|switch|p2a: Charging-Squirrel|Emolga, M, shiny|251/251","|turn|1","|","|move|p2a: Charging-Squirrel|Taunt|p1a: Aegislash","|-start|p1a: Aegislash|move: Taunt","|-formechange|p1a: Aegislash|Aegislash-Blade","|move|p1a: Aegislash|Shadow Ball|p2a: Charging-Squirrel","|-damage|p2a: Charging-Squirrel|44/251","|-unboost|p2a: Charging-Squirrel|spd|1","|","|-heal|p2a: Charging-Squirrel|59/251|[from] item: Leftovers","|turn|2","|","|switch|p2a: Sand-Shock|Stunfisk, M|421/421","|-item|p2a: Sand-Shock|Air Balloon","|move|p1a: Aegislash|Shadow Sneak|p2a: Sand-Shock","|-damage|p2a: Sand-Shock|324/421","|-status|p1a: Aegislash|par","|-enditem|p2a: Sand-Shock|Air Balloon","|","|turn|3","|","|move|p2a: Sand-Shock|Reflect Type|p1a: Aegislash","|-start|p2a: Sand-Shock|typechange|[from] move: Reflect Type|[of] p1a: Aegislash","|cant|p1a: Aegislash|par","|","|-end|p1a: Aegislash|move: Taunt","|turn|4","|","|move|p2a: Sand-Shock|Earth Power|p1a: Aegislash","|-supereffective|p1a: Aegislash","|-damage|p1a: Aegislash|0 fnt","|faint|p1a: Aegislash","|","|","|switch|p1a: Gengar|Gengar, F, shiny|261/261","|turn|5","|","|move|p1a: Gengar|Shadow Ball|p2a: Sand-Shock","|-supereffective|p2a: Sand-Shock","|-damage|p2a: Sand-Shock|46/421","|move|p2a: Sand-Shock|Earth Power|p1a: Gengar","|-immune|p1a: Gengar|[msg]","|","|turn|6","|","|switch|p2a: Elegtric|Galvantula, M, shiny|281/281","|-ability|p2a: Elegtric|Unnerve|p1: Wаrden Arguѕ","|move|p1a: Gengar|Shadow Ball|p2a: Elegtric","|-damage|p2a: Elegtric|59/281","|-enditem|p2a: Elegtric|Red Card|[of] p1a: Gengar","|drag|p1a: Jellicent|Jellicent, M, shiny|404/404","|","|turn|7","|","|move|p2a: Elegtric|Giga Drain|p1a: Jellicent","|-supereffective|p1a: Jellicent","|-damage|p1a: Jellicent|304/404","|-heal|p2a: Elegtric|109/281|[from] drain|[of] p1a: Jellicent","|move|p1a: Jellicent|Scald|p2a: Elegtric","|-crit|p2a: Elegtric","|-damage|p2a: Elegtric|0 fnt","|faint|p2a: Elegtric","|","|-heal|p1a: Jellicent|329/404|[from] item: Leftovers","|","|switch|p2a: Charging-Squirrel|Emolga, M, shiny|59/251","|turn|8","|","|move|p2a: Charging-Squirrel|Discharge|p1a: Jellicent","|-supereffective|p1a: Jellicent","|-damage|p1a: Jellicent|179/404","|move|p1a: Jellicent|Scald|p2a: Charging-Squirrel","|-damage|p2a: Charging-Squirrel|0 fnt","|faint|p2a: Charging-Squirrel","|","|-heal|p1a: Jellicent|204/404|[from] item: Leftovers","|","|switch|p2a: Nicelectric|Rotom-Frost, shiny|241/241","|turn|9","|","|move|p2a: Nicelectric|Trick|p1a: Jellicent","|-activate|p2a: Nicelectric|move: Trick|[of] p1a: Jellicent","|-item|p1a: Jellicent|Choice Scarf|[from] move: Trick","|-item|p2a: Nicelectric|Leftovers|[from] move: Trick","|move|p1a: Jellicent|Recover|p1a: Jellicent","|-heal|p1a: Jellicent|404/404","|","|turn|10","|","|switch|p1a: Golurk|Golurk, shiny|319/319","|move|p2a: Nicelectric|Light Screen|p2a: Nicelectric","|-sidestart|p2: GTX♅Bzumzum|move: Light Screen","|","|turn|11","|","|switch|p1a: Chandelure|Chandelure, F|261/261","|move|p2a: Nicelectric|Ominous Wind|p1a: Chandelure","|-crit|p1a: Chandelure","|-supereffective|p1a: Chandelure","|-damage|p1a: Chandelure|53/261","|","|turn|12","|","|move|p1a: Chandelure|Flamethrower|p2a: Nicelectric","|-supereffective|p2a: Nicelectric","|-damage|p2a: Nicelectric|0 fnt","|faint|p2a: Nicelectric","|","|","|switch|p2a: Genius|Thundurus, M, shiny|361/361","|turn|13","|","|move|p1a: Chandelure|Flamethrower|p2a: Genius","|-damage|p2a: Genius|202/361","|move|p2a: Genius|Knock Off|p1a: Chandelure","|-supereffective|p1a: Chandelure","|-damage|p1a: Chandelure|0 fnt","|-enditem|p1a: Chandelure|Choice Scarf|[from] move: Knock Off|[of] p2a: Genius","|faint|p1a: Chandelure","|","|","|switch|p1a: Sableye|Sableye, M|298/298","|turn|14","|","|move|p2a: Genius|Confide|p1a: Sableye","|-unboost|p1a: Sableye|spa|1","|move|p1a: Sableye|Will-O-Wisp|p2a: Genius","|-status|p2a: Genius|brn","|","|-damage|p2a: Genius|157/361 brn|[from] brn","|-sideend|p2: GTX♅Bzumzum|move: Light Screen","|turn|15","|","|move|p2a: Genius|Toxic|p1a: Sableye","|-status|p1a: Sableye|tox","|move|p1a: Sableye|Knock Off|p2a: Genius","|-damage|p2a: Genius|66/361 brn","|-enditem|p2a: Genius|Yache Berry|[from] move: Knock Off|[of] p1a: Sableye","|","|-damage|p2a: Genius|21/361 brn|[from] brn","|-damage|p1a: Sableye|280/298 tox|[from] psn","|turn|16","|","|move|p2a: Genius|U-turn|p1a: Sableye","|-damage|p1a: Sableye|255/298 tox","|","|switch|p2a: Sand-Shock|Stunfisk, M|46/421","|move|p1a: Sableye|Knock Off|p2a: Sand-Shock","|-damage|p2a: Sand-Shock|0 fnt","|faint|p2a: Sand-Shock","|","|-heal|p1a: Sableye|273/298 tox|[from] item: Leftovers","|-damage|p1a: Sableye|237/298 tox|[from] psn","|","|switch|p2a: Genius|Thundurus, M, shiny|21/361 brn","|turn|17","|","|move|p1a: Sableye|Recover|p1a: Sableye","|-heal|p1a: Sableye|298/298 tox","|move|p2a: Genius|Knock Off|p1a: Sableye","|-damage|p1a: Sableye|264/298 tox","|-enditem|p1a: Sableye|Leftovers|[from] move: Knock Off|[of] p2a: Genius","|","|-damage|p2a: Genius|0 fnt|[from] brn","|-damage|p1a: Sableye|210/298 tox|[from] psn","|faint|p2a: Genius","|","|switch|p2a: Dashing Spark|Ampharos, M|321/321","|turn|18","|","|move|p1a: Sableye|Will-O-Wisp|p2a: Dashing Spark","|-status|p2a: Dashing Spark|brn","|move|p2a: Dashing Spark|Agility|p2a: Dashing Spark","|-boost|p2a: Dashing Spark|spe|2","|","|-damage|p2a: Dashing Spark|281/321 brn|[from] brn","|-damage|p1a: Sableye|138/298 tox|[from] psn","|turn|19","|","|move|p1a: Sableye|Taunt|p2a: Dashing Spark","|-start|p2a: Dashing Spark|move: Taunt","|move|p2a: Dashing Spark|Dragon Pulse|p1a: Sableye","|-damage|p1a: Sableye|0 fnt","|faint|p1a: Sableye","|","|-damage|p2a: Dashing Spark|241/321 brn|[from] brn","|","|switch|p1a: Golurk|Golurk, shiny|319/319","|turn|20","|","|detailschange|p2a: Dashing Spark|Ampharos-Mega, M","|-mega|p2a: Dashing Spark|Ampharos|Ampharosite","|-ability|p2a: Dashing Spark|Mold Breaker","|move|p2a: Dashing Spark|Dragon Pulse|p1a: Golurk","|-damage|p1a: Golurk|70/319","|move|p1a: Golurk|Dynamic Punch|p2a: Dashing Spark","|-damage|p2a: Dashing Spark|109/321 brn","|-start|p2a: Dashing Spark|confusion","|","|-damage|p2a: Dashing Spark|69/321 brn|[from] brn","|turn|21","|","|-activate|p2a: Dashing Spark|confusion","|-damage|p2a: Dashing Spark|55/321 brn|[from] confusion","|move|p1a: Golurk|Stone Edge|p2a: Dashing Spark","|-damage|p2a: Dashing Spark|0 fnt","|faint|p2a: Dashing Spark","|","|win|Wаrden Arguѕ"],"p1rating":{"entryid":7252450,"formatid":"monotype","userid":"wrdenargu","username":"Wаrden Arguѕ","r":1500,"rd":130,"sigma":0,"rpr":1517.1353855079,"rprd":124.77631474019,"rpsigma":0,"rptime":1438160400,"w":1,"l":0,"t":0,"gxe":52.1,"acre":1046.955395271,"lacre":1046.955395271,"oldacre":1000},"p2rating":{"entryid":"6857825","serverid":"eos","formatid":"monotype","userid":"gtxbzumzum","username":"GTX♅Bzumzum","w":"13","l":60,"t":"0","gxe":21.1,"r":"1249.0890443318","rd":"45.899885728111","sigma":"0","rptime":"1438160400","rpr":1250.4711538146,"rprd":44.934194598193,"rpsigma":"0","acre":1038.5480977537,"lacre":1038.5480977537,"oldacre":"1061.0339757895"},"endType":"normal"}