{"seed":[50846,17096,64809,24103],"turns":28,"p1":"Hershey Bot","p2":"Entr0-P","p1team":[{"name":"Scolipede","species":"Scolipede","item":"lifeorb","ability":"Speed Boost","moves":["earthquake","rockslide","megahorn","protect"],"nature":"Adamant","evs":{"hp":0,"atk":252,"def":0,"spa":0,"spd":4,"spe":252},"ivs":{"hp":31,"atk":31,"def":31,"spa":31,"spd":31,"spe":31}},{"name":"Drapion","species":"Drapion","item":"lumberry","ability":"Battle Armor","moves":["swordsdance","knockoff","aquatail","poisonjab"],"nature":"Jolly","evs":{"hp":0,"atk":252,"def":4,"spa":0,"spd":0,"spe":252},"ivs":{"hp":31,"atk":31,"def":31,"spa":31,"spd":31,"spe":31}},{"name":"Nidoking","species":"Nidoking","item":"lifeorb","ability":"Sheer Force","moves":["icebeam","sludgewave","earthpower","flamethrower"],"nature":"Timid","evs":{"hp":0,"atk":0,"def":0,"spa":252,"spd":4,"spe":252},"ivs":{"hp":31,"atk":31,"def":31,"spa":31,"spd":31,"spe":31}},{"name":"Weezing","species":"Weezing","item":"blacksludge","ability":"Levitate","moves":["willowisp","flamethrower","sludgebomb","painsplit"],"nature":"Relaxed","evs":{"hp":248,"atk":0,"def":252,"spa":0,"spd":8,"spe":0},"ivs":{"hp":31,"atk":31,"def":31,"spa":31,"spd":31,"spe":31}},{"name":"Gengar","species":"Gengar","item":"choicescarf","ability":"Levitate","moves":["sludgewave","shadowball","trick","destinybond"],"nature":"Timid","evs":{"hp":0,"atk":0,"def":0,"spa":252,"spd":4,"spe":252},"ivs":{"hp":31,"atk":31,"def":31,"spa":31,"spd":31,"spe":31}},{"name":"Beedrill","species":"Beedrill","item":"beedrillite","ability":"Sniper","moves":["poisonjab","uturn","protect","drillrun"],"nature":"Jolly","evs":{"hp":4,"atk":252,"def":0,"spa":0,"spd":0,"spe":252},"ivs":{"hp":31,"atk":31,"def":31,"spa":31,"spd":31,"spe":31}}],"p2team":[{"name":"Rook","species":"golurk","item":"choiceband","ability":"Iron Fist","moves":["drainpunch","earthquake","shadowpunch","icepunch"],"nature":"Brave","evs":{"hp":248,"atk":252,"def":0,"spa":0,"spd":8,"spe":0},"ivs":{"hp":31,"atk":31,"def":31,"spa":31,"spd":31,"spe":0}},{"name":"Bishop","species":"trevenant","item":"sitrusberry","ability":"Harvest","moves":["hornleech","willowisp","substitute","leechseed"],"nature":"Careful","evs":{"hp":252,"atk":4,"def":0,"spa":0,"spd":252,"spe":0},"ivs":{"hp":31,"atk":31,"def":31,"spa":31,"spd":31,"spe":31}},{"name":"Knight","species":"aegislash","item":"leftovers","ability":"Stance Change","moves":["shadowball","shadowsneak","kingsshield","flashcannon"],"nature":"Quiet","evs":{"hp":244,"atk":0,"def":12,"spa":252,"spd":0,"spe":0},"ivs":{"hp":31,"atk":31,"def":31,"spa":31,"spd":31,"spe":31}},{"name":"King","species":"jellicent","item":"leftovers","ability":"Water Absorb","moves":["scald","toxic","trickroom","recover"],"nature":"Calm","evs":{"hp":252,"atk":0,"def":4,"spa":0,"spd":252,"spe":0},"gender":"M","ivs":{"hp":31,"atk":31,"def":31,"spa":31,"spd":31,"spe":0}},{"name":"Queen","species":"sableye","item":"sablenite","ability":"Prankster","moves":["recover","willowisp","darkpulse","calmmind"],"nature":"Bold","evs":{"hp":248,"atk":0,"def":252,"spa":8,"spd":0,"spe":0},"gender":"F","ivs":{"hp":31,"atk":31,"def":31,"spa":31,"spd":31,"spe":31}},{"name":"Pawn","species":"cofagrigus","item":"leftovers","ability":"Mummy","moves":["shadowball","willowisp","trickroom","destinybond"],"nature":"Sassy","evs":{"hp":252,"atk":0,"def":0,"spa":4,"spd":252,"spe":0},"ivs":{"hp":31,"atk":31,"def":31,"spa":31,"spd":31,"spe":0}}],"log":["|player|p1|Hershey Bot|4","|player|p2|Entr0-P|290","|gametype|singles","|gen|6","|tier|Monotype","|rated","|rule|Baton Pass Clause: Limit one Baton Passer, can't pass Spe and other stats simultaneously","|rule|Swagger Clause: Swagger is banned","|rule|Same Type Clause: Pokémon in a team must share a type","|clearpoke","|poke|p1|Scolipede, F","|poke|p1|Drapion, M","|poke|p1|Nidoking, M","|poke|p1|Weezing, F","|poke|p1|Gengar, F","|poke|p1|Beedrill, M","|poke|p2|Golurk","|poke|p2|Trevenant, M","|poke|p2|Aegislash, F","|poke|p2|Jellicent, M","|poke|p2|Sableye, F","|poke|p2|Cofagrigus, F","|rule|Sleep Clause Mod: Limit one foe put to sleep","|rule|Species Clause: Limit one of each Pokémon","|rule|OHKO Clause: OHKO moves are banned","|rule|Moody Clause: Moody is banned","|rule|Evasion Moves Clause: Evasion moves are banned","|rule|Endless Battle Clause: Forcing endless battles is banned","|rule|HP Percentage Mod: HP is shown in percentages","|teampreview","|","|start","|switch|p1a: Gengar|Gengar, F|261/261","|switch|p2a: Pawn|Cofagrigus, F|320/320","|turn|1","|","|move|p1a: Gengar|Destiny Bond|p1a: Gengar","|-singlemove|p1a: Gengar|Destiny Bond","|move|p2a: Pawn|Trick Room|p2a: Pawn","|-fieldstart|move: Trick Room|[of] p2a: Pawn","|","|turn|2","|","|switch|p1a: Drapion|Drapion, M|281/281","|move|p2a: Pawn|Shadow Ball|p1a: Drapion","|-resisted|p1a: Drapion","|-damage|p1a: Drapion|224/281","|","|turn|3","|","|move|p2a: Pawn|Will-O-Wisp|p1a: Drapion","|-status|p1a: Drapion|brn","|-enditem|p1a: Drapion|Lum Berry|[eat]","|-curestatus|p1a: Drapion|brn","|move|p1a: Drapion|Knock Off|p2a: Pawn","|-supereffective|p2a: Pawn","|-damage|p2a: Pawn|126/320","|-endability|p1a: Drapion|battlearmor|[from] Mummy","|-ability|p1a: Drapion|Mummy|[from] Mummy","|-enditem|p2a: Pawn|Leftovers|[from] move: Knock Off|[of] p1a: Drapion","|","|turn|4","|","|move|p2a: Pawn|Destiny Bond|p2a: Pawn","|-singlemove|p2a: Pawn|Destiny Bond","|move|p1a: Drapion|Knock Off|p2a: Pawn","|-supereffective|p2a: Pawn","|-damage|p2a: Pawn|0 fnt","|faint|p2a: Pawn","|-activate|p2a: Pawn|Destiny Bond","|faint|p1a: Drapion","|","|","|switch|p1a: Scolipede|Scolipede, F|261/261","|switch|p2a: Queen|Sableye, F|303/303","|turn|5","|","|detailschange|p2a: Queen|Sableye-Mega, F","|-mega|p2a: Queen|Sableye|Sablenite","|move|p2a: Queen|Calm Mind|p2a: Queen","|-boost|p2a: Queen|spa|1","|-boost|p2a: Queen|spd|1","|move|p1a: Scolipede|Megahorn|p2a: Queen","|-damage|p2a: Queen|155/303","|-damage|p1a: Scolipede|235/261|[from] item: Life Orb","|","|-fieldend|move: Trick Room","|-boost|p1a: Scolipede|spe|1|[from] ability: Speed Boost","|turn|6","|","|move|p1a: Scolipede|Megahorn|p2a: Queen","|-damage|p2a: Queen|0 fnt","|-damage|p1a: Scolipede|209/261|[from] item: Life Orb","|faint|p2a: Queen","|","|-boost|p1a: Scolipede|spe|1|[from] ability: Speed Boost","|","|switch|p2a: Knight|Aegislash, F|322/322","|turn|7","|","|move|p1a: Scolipede|Protect|p1a: Scolipede","|-singleturn|p1a: Scolipede|Protect","|move|p2a: Knight|King's Shield|p2a: Knight","|-fail|p2a: Knight","|","|-boost|p1a: Scolipede|spe|1|[from] ability: Speed Boost","|turn|8","|","|move|p1a: Scolipede|Earthquake|p2a: Knight","|-supereffective|p2a: Knight","|-damage|p2a: Knight|117/322","|-damage|p1a: Scolipede|183/261|[from] item: Life Orb","|-formechange|p2a: Knight|Aegislash-Blade","|move|p2a: Knight|Shadow Ball|p1a: Scolipede","|-damage|p1a: Scolipede|0 fnt","|faint|p1a: Scolipede","|","|-heal|p2a: Knight|137/322|[from] item: Leftovers","|","|switch|p1a: Nidoking|Nidoking, M|303/303","|turn|9","|","|-formechange|p2a: Knight|Aegislash","|move|p2a: Knight|King's Shield|p2a: Knight","|-singleturn|p2a: Knight|Protect","|move|p1a: Nidoking|Earth Power|p2a: Knight","|-activate|p2a: Knight|Protect","|","|-heal|p2a: Knight|157/322|[from] item: Leftovers","|turn|10","|","|switch|p2a: Bishop|Trevenant, M|374/374","|move|p1a: Nidoking|Earth Power|p2a: Bishop","|-resisted|p2a: Bishop","|-damage|p2a: Bishop|295/374","|","|turn|11","|","|move|p1a: Nidoking|Flamethrower|p2a: Bishop","|-supereffective|p2a: Bishop","|-damage|p2a: Bishop|69/374","|-enditem|p2a: Bishop|Sitrus Berry|[eat]","|-heal|p2a: Bishop|162/374|[from] item: Sitrus Berry","|move|p2a: Bishop|Substitute|p2a: Bishop","|-start|p2a: Bishop|Substitute","|-damage|p2a: Bishop|69/374","|","|-item|p2a: Bishop|Sitrus Berry|[from] ability: Harvest","|-enditem|p2a: Bishop|Sitrus Berry|[eat]","|-heal|p2a: Bishop|162/374|[from] item: Sitrus Berry","|turn|12","|","|move|p1a: Nidoking|Ice Beam|p2a: Bishop","|-supereffective|p2a: Bishop","|-end|p2a: Bishop|Substitute","|move|p2a: Bishop|Leech Seed|p1a: Nidoking","|-start|p1a: Nidoking|move: Leech Seed","|","|-damage|p1a: Nidoking|266/303|[from] Leech Seed|[of] p2a: Bishop","|-heal|p2a: Bishop|199/374|[silent]","|turn|13","|","|switch|p2a: Rook|Golurk|381/381","|move|p1a: Nidoking|Sludge Wave|p2a: Rook","|-resisted|p2a: Rook","|-damage|p2a: Rook|315/381","|","|-damage|p1a: Nidoking|229/303|[from] Leech Seed|[of] p2a: Rook","|-heal|p2a: Rook|352/381|[silent]","|turn|14","|","|move|p1a: Nidoking|Ice Beam|p2a: Rook","|-supereffective|p2a: Rook","|-damage|p2a: Rook|30/381","|move|p2a: Rook|Shadow Punch|p1a: Nidoking","|-damage|p1a: Nidoking|0 fnt","|faint|p1a: Nidoking","|","|","|switch|p1a: Beedrill|Beedrill, M|272/272","|turn|15","|","|detailschange|p1a: Beedrill|Beedrill-Mega, M","|-mega|p1a: Beedrill|Beedrill|Beedrillite","|move|p1a: Beedrill|Poison Jab|p2a: Rook","|-resisted|p2a: Rook","|-damage|p2a: Rook|0 fnt","|faint|p2a: Rook","|","|","|switch|p2a: King|Jellicent, M|404/404","|turn|16","|","|move|p1a: Beedrill|U-turn|p2a: King","|-resisted|p2a: King","|-damage|p2a: King|288/404","|","|switch|p1a: Weezing|Weezing, F|333/333","|move|p2a: King|Trick Room|p2a: King","|-fieldstart|move: Trick Room|[of] p2a: King","|","|-heal|p2a: King|313/404|[from] item: Leftovers","|turn|17","|","|switch|p2a: Bishop|Trevenant, M|199/374","|move|p1a: Weezing|Flamethrower|p2a: Bishop","|-supereffective|p2a: Bishop","|-damage|p2a: Bishop|105/374","|","|-item|p2a: Bishop|Sitrus Berry|[from] ability: Harvest","|-enditem|p2a: Bishop|Sitrus Berry|[eat]","|-heal|p2a: Bishop|198/374|[from] item: Sitrus Berry","|turn|18","|","|move|p1a: Weezing|Will-O-Wisp|p2a: Bishop|[miss]","|-miss|p1a: Weezing|p2a: Bishop","|move|p2a: Bishop|Leech Seed|p1a: Weezing","|-start|p1a: Weezing|move: Leech Seed","|","|-damage|p1a: Weezing|292/333|[from] Leech Seed|[of] p2a: Bishop","|-heal|p2a: Bishop|239/374|[silent]","|-item|p2a: Bishop|Sitrus Berry|[from] ability: Harvest","|turn|19","|","|move|p1a: Weezing|Will-O-Wisp|p2a: Bishop","|-status|p2a: Bishop|brn","|move|p2a: Bishop|Substitute|p2a: Bishop","|-start|p2a: Bishop|Substitute","|-damage|p2a: Bishop|146/374 brn","|-enditem|p2a: Bishop|Sitrus Berry|[eat]","|-heal|p2a: Bishop|239/374 brn|[from] item: Sitrus Berry","|","|-heal|p1a: Weezing|312/333|[from] item: Black Sludge","|-damage|p1a: Weezing|271/333|[from] Leech Seed|[of] p2a: Bishop","|-heal|p2a: Bishop|280/374 brn|[silent]","|-damage|p2a: Bishop|234/374 brn|[from] brn","|-item|p2a: Bishop|Sitrus Berry|[from] ability: Harvest","|turn|20","|","|move|p1a: Weezing|Sludge Bomb|p2a: Bishop","|-activate|p2a: Bishop|Substitute|[damage]","|move|p2a: Bishop|Substitute|p2a: Bishop","|-fail|p2a: Bishop|move: Substitute","|","|-heal|p1a: Weezing|291/333|[from] item: Black Sludge","|-damage|p1a: Weezing|250/333|[from] Leech Seed|[of] p2a: Bishop","|-heal|p2a: Bishop|275/374 brn|[silent]","|-damage|p2a: Bishop|229/374 brn|[from] brn","|-fieldend|move: Trick Room","|turn|21","|","|move|p2a: Bishop|Substitute|p2a: Bishop","|-fail|p2a: Bishop|move: Substitute","|move|p1a: Weezing|Flamethrower|p2a: Bishop","|-supereffective|p2a: Bishop","|-end|p2a: Bishop|Substitute","|","|-heal|p1a: Weezing|270/333|[from] item: Black Sludge","|-damage|p1a: Weezing|229/333|[from] Leech Seed|[of] p2a: Bishop","|-heal|p2a: Bishop|270/374 brn|[silent]","|-damage|p2a: Bishop|224/374 brn|[from] brn","|turn|22","|","|move|p2a: Bishop|Substitute|p2a: Bishop","|-start|p2a: Bishop|Substitute","|-damage|p2a: Bishop|131/374 brn","|-enditem|p2a: Bishop|Sitrus Berry|[eat]","|-heal|p2a: Bishop|224/374 brn|[from] item: Sitrus Berry","|move|p1a: Weezing|Flamethrower|p2a: Bishop","|-supereffective|p2a: Bishop","|-end|p2a: Bishop|Substitute","|","|-heal|p1a: Weezing|249/333|[from] item: Black Sludge","|-damage|p1a: Weezing|208/333|[from] Leech Seed|[of] p2a: Bishop","|-heal|p2a: Bishop|265/374 brn|[silent]","|-damage|p2a: Bishop|219/374 brn|[from] brn","|-item|p2a: Bishop|Sitrus Berry|[from] ability: Harvest","|turn|23","|","|move|p2a: Bishop|Substitute|p2a: Bishop","|-start|p2a: Bishop|Substitute","|-damage|p2a: Bishop|126/374 brn","|-enditem|p2a: Bishop|Sitrus Berry|[eat]","|-heal|p2a: Bishop|219/374 brn|[from] item: Sitrus Berry","|move|p1a: Weezing|Flamethrower|p2a: Bishop","|-supereffective|p2a: Bishop","|-end|p2a: Bishop|Substitute","|","|-heal|p1a: Weezing|228/333|[from] item: Black Sludge","|-damage|p1a: Weezing|187/333|[from] Leech Seed|[of] p2a: Bishop","|-heal|p2a: Bishop|260/374 brn|[silent]","|-damage|p2a: Bishop|214/374 brn|[from] brn","|turn|24","|","|move|p2a: Bishop|Substitute|p2a: Bishop","|-start|p2a: Bishop|Substitute","|-damage|p2a: Bishop|121/374 brn","|move|p1a: Weezing|Flamethrower|p2a: Bishop","|-supereffective|p2a: Bishop","|-end|p2a: Bishop|Substitute","|","|-heal|p1a: Weezing|207/333|[from] item: Black Sludge","|-damage|p1a: Weezing|166/333|[from] Leech Seed|[of] p2a: Bishop","|-heal|p2a: Bishop|162/374 brn|[silent]","|-damage|p2a: Bishop|116/374 brn|[from] brn","|turn|25","|","|move|p2a: Bishop|Substitute|p2a: Bishop","|-start|p2a: Bishop|Substitute","|-damage|p2a: Bishop|23/374 brn","|move|p1a: Weezing|Sludge Bomb|p2a: Bishop","|-activate|p2a: Bishop|Substitute|[damage]","|","|-heal|p1a: Weezing|186/333|[from] item: Black Sludge","|-damage|p1a: Weezing|145/333|[from] Leech Seed|[of] p2a: Bishop","|-heal|p2a: Bishop|64/374 brn|[silent]","|-damage|p2a: Bishop|18/374 brn|[from] brn","|-item|p2a: Bishop|Sitrus Berry|[from] ability: Harvest","|-enditem|p2a: Bishop|Sitrus Berry|[eat]","|-heal|p2a: Bishop|111/374 brn|[from] item: Sitrus Berry","|turn|26","|","|move|p2a: Bishop|Horn Leech|p1a: Weezing","|-resisted|p1a: Weezing","|-damage|p1a: Weezing|131/333","|-heal|p2a: Bishop|118/374 brn|[from] drain|[of] p1a: Weezing","|move|p1a: Weezing|Flamethrower|p2a: Bishop","|-supereffective|p2a: Bishop","|-end|p2a: Bishop|Substitute","|","|-heal|p1a: Weezing|151/333|[from] item: Black Sludge","|-damage|p1a: Weezing|110/333|[from] Leech Seed|[of] p2a: Bishop","|-heal|p2a: Bishop|159/374 brn|[silent]","|-damage|p2a: Bishop|113/374 brn|[from] brn","|turn|27","|","|move|p2a: Bishop|Substitute|p2a: Bishop","|-start|p2a: Bishop|Substitute","|-damage|p2a: Bishop|20/374 brn","|move|p1a: Weezing|Sludge Bomb|p2a: Bishop","|-crit|p2a: Bishop","|-end|p2a: Bishop|Substitute","|","|-heal|p1a: Weezing|130/333|[from] item: Black Sludge","|-damage|p1a: Weezing|89/333|[from] Leech Seed|[of] p2a: Bishop","|-heal|p2a: Bishop|61/374 brn|[silent]","|-damage|p2a: Bishop|15/374 brn|[from] brn","|turn|28","|","|move|p2a: Bishop|Will-O-Wisp|p1a: Weezing","|-status|p1a: Weezing|brn","|move|p1a: Weezing|Sludge Bomb|p2a: Bishop","|-damage|p2a: Bishop|0 fnt","|faint|p2a: Bishop","|","|-heal|p1a: Weezing|109/333 brn|[from] item: Black Sludge","|-damage|p1a: Weezing|68/333 brn|[from] brn","|","|win|Hershey Bot"],"p1rating":{"entryid":"7247948","serverid":"eos","formatid":"monotype","userid":"hersheybot","username":"Hershey Bot","w":6,"l":"10","t":"0","gxe":39.2,"r":"1500","rd":"130","sigma":"0","rptime":"1438160400","rpr":1415.931685162,"rprd":75.329426799959,"rpsigma":"0","acre":1068.9149040632,"lacre":1068.9149040632,"oldacre":"1038.2127780115"},"p2rating":{"entryid":"7207762","serverid":"eos","formatid":"monotype","userid":"entr0p","username":"Entr0-P","w":"2","l":7,"t":"0","gxe":33.9,"r":1385.4905505936,"rd":92.714974172461,"sigma":"0","rptime":1438160400,"rpr":1370.2272632165,"rprd":90.242948774674,"rpsigma":"0","acre":1000,"lacre":1000,"oldacre":"1001.9270682088"},"endType":"forfeit"}