{"seed":[45363,23095,41279,43782],"turns":25,"p1":"Defender of Sinnoh","p2":"Mewth","p1team":[{"name":"Excadrill","species":"Excadrill","item":"airballoon","ability":"Sand Rush","moves":["earthquake","rockslide","ironhead","swordsdance"],"nature":"Adamant","evs":{"hp":0,"atk":252,"def":0,"spa":0,"spd":4,"spe":252},"ivs":{"hp":31,"atk":31,"def":31,"spa":31,"spd":31,"spe":31}},{"name":"Garchomp","species":"Garchomp","item":"rockyhelmet","ability":"Rough Skin","moves":["earthquake","dragonclaw","swordsdance","stoneedge"],"nature":"Jolly","evs":{"hp":0,"atk":252,"def":0,"spa":0,"spd":4,"spe":252},"ivs":{"hp":31,"atk":31,"def":31,"spa":31,"spd":31,"spe":31}},{"name":"Krookodile","species":"Krookodile","item":"choicescarf","ability":"Moxie","moves":["crunch","earthquake","dragonclaw","stoneedge"],"nature":"Jolly","evs":{"hp":0,"atk":252,"def":0,"spa":0,"spd":4,"spe":252},"ivs":{"hp":31,"atk":31,"def":31,"spa":31,"spd":31,"spe":31}},{"name":"Hippowdon","species":"Hippowdon","item":"leftovers","ability":"Sand Stream","moves":["whirlwind","stealthrock","toxic","earthquake"],"nature":"Adamant","evs":{"hp":248,"atk":252,"def":0,"spa":0,"spd":8,"spe":0},"ivs":{"hp":31,"atk":31,"def":31,"spa":31,"spd":31,"spe":31}},{"name":"Gastrodon","species":"Gastrodon","item":"leftovers","ability":"Storm Drain","moves":["earthpower","scald","recover","toxic"],"nature":"Bold","evs":{"hp":248,"atk":0,"def":252,"spa":8,"spd":0,"spe":0},"ivs":{"hp":31,"atk":31,"def":31,"spa":31,"spd":31,"spe":31}},{"name":"Steelix","species":"Steelix","item":"steelixite","ability":"Sturdy","moves":["heavyslam","rockpolish","rockblast","earthquake"],"nature":"Adamant","evs":{"hp":0,"atk":252,"def":0,"spa":0,"spd":4,"spe":252},"ivs":{"hp":31,"atk":31,"def":31,"spa":31,"spd":31,"spe":31}}],"p2team":[{"name":"Apollo","species":"charizard","item":"charizarditex","ability":"Blaze","moves":["dragondance","flareblitz","roost","dragonclaw"],"nature":"Adamant","evs":{"hp":0,"atk":252,"def":0,"spa":0,"spd":4,"spe":252},"gender":"M","ivs":{"hp":31,"atk":31,"def":31,"spa":31,"spd":31,"spe":31}},{"name":"Jasmine","species":"ninetales","item":"heatrock","ability":"Drought","moves":["solarbeam","flamethrower","extrasensory","confuseray"],"nature":"Timid","evs":{"hp":0,"atk":0,"def":0,"spa":252,"spd":4,"spe":252},"gender":"F","ivs":{"hp":31,"atk":31,"def":31,"spa":31,"spd":31,"spe":31}},{"name":"Chris","species":"moltres","item":"choicespecs","ability":"Pressure","moves":["airslash","flamethrower","solarbeam","uturn"],"nature":"Rash","evs":{"hp":248,"atk":8,"def":0,"spa":252,"spd":0,"spe":0},"ivs":{"hp":31,"atk":31,"def":31,"spa":31,"spd":31,"spe":31}},{"name":"Benny","species":"darmanitan","item":"choicescarf","ability":"Sheer Force","moves":["flareblitz","rockslide","zenheadbutt","earthquake"],"nature":"Jolly","evs":{"hp":0,"atk":252,"def":0,"spa":0,"spd":4,"spe":252},"gender":"M","shiny":true,"ivs":{"hp":31,"atk":31,"def":31,"spa":31,"spd":31,"spe":31}},{"name":"Jordan","species":"arcanine","item":"choiceband","ability":"Intimidate","moves":["closecombat","extremespeed","firefang","thunderfang"],"nature":"Adamant","evs":{"hp":248,"atk":252,"def":0,"spa":0,"spd":8,"spe":0},"gender":"M","ivs":{"hp":31,"atk":31,"def":31,"spa":31,"spd":31,"spe":31}},{"name":"Brooklyn","species":"torkoal","item":"leftovers","ability":"White Smoke","moves":["rapidspin","lavaplume","toxic","stealthrock"],"nature":"Bold","evs":{"hp":252,"atk":0,"def":252,"spa":4,"spd":0,"spe":0},"gender":"F","ivs":{"hp":31,"atk":31,"def":31,"spa":31,"spd":31,"spe":31}}],"log":["|player|p1|Defender of Sinnoh|25","|player|p2|Mewth|rainmewth.png","|gametype|singles","|gen|6","|tier|Monotype","|rated","|rule|Baton Pass Clause: Limit one Baton Passer, can't pass Spe and other stats simultaneously","|rule|Swagger Clause: Swagger is banned","|rule|Same Type Clause: Pokémon in a team must share a type","|clearpoke","|poke|p1|Excadrill, F","|poke|p1|Garchomp, F","|poke|p1|Krookodile, M","|poke|p1|Hippowdon, M","|poke|p1|Gastrodon, F","|poke|p1|Steelix, F","|poke|p2|Charizard, M","|poke|p2|Ninetales, F","|poke|p2|Moltres","|poke|p2|Darmanitan, M, shiny","|poke|p2|Arcanine, M","|poke|p2|Torkoal, F","|rule|Sleep Clause Mod: Limit one foe put to sleep","|rule|Species Clause: Limit one of each Pokémon","|rule|OHKO Clause: OHKO moves are banned","|rule|Moody Clause: Moody is banned","|rule|Evasion Moves Clause: Evasion moves are banned","|rule|Endless Battle Clause: Forcing endless battles is banned","|rule|HP Percentage Mod: HP is shown in percentages","|teampreview","|","|start","|switch|p1a: Krookodile|Krookodile, M|331/331","|switch|p2a: Jasmine|Ninetales, F|287/287","|-weather|SunnyDay","|turn|1","|","|switch|p2a: Chris|Moltres|383/383","|-ability|p2a: Chris|Pressure","|move|p1a: Krookodile|Crunch|p2a: Chris","|-damage|p2a: Chris|238/383","|","|-weather|SunnyDay|[upkeep]","|turn|2","|","|switch|p1a: Hippowdon|Hippowdon, M|419/419","|-weather|Sandstorm","|move|p2a: Chris|Solar Beam|p1a: Hippowdon|[still]","|-prepare|p2a: Chris|Solar Beam|p1a: Hippowdon","|","|-weather|Sandstorm|[upkeep]","|-damage|p2a: Chris|215/383|[from] sandstorm","|turn|3","|","|switch|p1a: Steelix|Steelix, F|291/291","|move|p2a: Chris|Solar Beam|p1a: Steelix","|-damage|p1a: Steelix|137/291","|","|-weather|Sandstorm|[upkeep]","|-damage|p2a: Chris|192/383|[from] sandstorm","|turn|4","|","|switch|p2a: Jasmine|Ninetales, F|287/287","|-weather|SunnyDay","|detailschange|p1a: Steelix|Steelix-Mega, F","|-mega|p1a: Steelix|Steelix|Steelixite","|move|p1a: Steelix|Rock Blast|p2a: Jasmine","|-supereffective|p2a: Jasmine","|-damage|p2a: Jasmine|203/287","|-supereffective|p2a: Jasmine","|-damage|p2a: Jasmine|123/287","|-hitcount|p2a: Jasmine|2","|","|-weather|SunnyDay|[upkeep]","|turn|5","|","|move|p2a: Jasmine|Flamethrower|p1a: Steelix","|-supereffective|p1a: Steelix","|-damage|p1a: Steelix|0 fnt","|faint|p1a: Steelix","|","|-weather|SunnyDay|[upkeep]","|","|switch|p1a: Krookodile|Krookodile, M|331/331","|turn|6","|","|move|p1a: Krookodile|Crunch|p2a: Jasmine","|-damage|p2a: Jasmine|0 fnt","|faint|p2a: Jasmine","|-boost|p1a: Krookodile|atk|1|[from] ability: Moxie","|","|-weather|SunnyDay|[upkeep]","|","|switch|p2a: Jordan|Arcanine, M|383/383","|-ability|p2a: Jordan|Intimidate","|-unboost|p1a: Krookodile|atk|1","|turn|7","|","|switch|p1a: Garchomp|Garchomp, F|357/357","|move|p2a: Jordan|Close Combat|p1a: Garchomp","|-damage|p1a: Garchomp|150/357","|-damage|p2a: Jordan|336/383|[from] ability: Rough Skin|[of] p1a: Garchomp","|-damage|p2a: Jordan|273/383|[from] item: Rocky Helmet|[of] p1a: Garchomp","|-unboost|p2a: Jordan|def|1","|-unboost|p2a: Jordan|spd|1","|","|-weather|SunnyDay|[upkeep]","|turn|8","|","|switch|p2a: Brooklyn|Torkoal, F|344/344","|move|p1a: Garchomp|Dragon Claw|p2a: Brooklyn","|-damage|p2a: Brooklyn|269/344","|","|-weather|SunnyDay|[upkeep]","|-heal|p2a: Brooklyn|290/344|[from] item: Leftovers","|turn|9","|","|move|p1a: Garchomp|Earthquake|p2a: Brooklyn","|-supereffective|p2a: Brooklyn","|-damage|p2a: Brooklyn|84/344","|move|p2a: Brooklyn|Stealth Rock|p1a: Garchomp","|-sidestart|p1: Defender of Sinnoh|move: Stealth Rock","|","|-weather|SunnyDay|[upkeep]","|-heal|p2a: Brooklyn|105/344|[from] item: Leftovers","|turn|10","|","|move|p1a: Garchomp|Earthquake|p2a: Brooklyn","|-supereffective|p2a: Brooklyn","|-damage|p2a: Brooklyn|0 fnt","|faint|p2a: Brooklyn","|","|-weather|SunnyDay|[upkeep]","|","|switch|p2a: Jordan|Arcanine, M|273/383","|-ability|p2a: Jordan|Intimidate","|-unboost|p1a: Garchomp|atk|1","|turn|11","|","|move|p2a: Jordan|Extreme Speed|p1a: Garchomp","|-damage|p1a: Garchomp|10/357","|-damage|p2a: Jordan|226/383|[from] ability: Rough Skin|[of] p1a: Garchomp","|-damage|p2a: Jordan|163/383|[from] item: Rocky Helmet|[of] p1a: Garchomp","|move|p1a: Garchomp|Stone Edge|p2a: Jordan","|-supereffective|p2a: Jordan","|-damage|p2a: Jordan|0 fnt","|faint|p2a: Jordan","|","|-weather|none","|","|switch|p2a: Apollo|Charizard, M|297/297","|turn|12","|","|detailschange|p2a: Apollo|Charizard-Mega-X, M","|-mega|p2a: Apollo|Charizard|Charizardite X","|move|p1a: Garchomp|Stone Edge|p2a: Apollo","|-supereffective|p2a: Apollo","|-damage|p2a: Apollo|153/297","|move|p2a: Apollo|Dragon Dance|p2a: Apollo","|-boost|p2a: Apollo|atk|1","|-boost|p2a: Apollo|spe|1","|","|turn|13","|","|move|p2a: Apollo|Dragon Claw|p1a: Garchomp","|-supereffective|p1a: Garchomp","|-damage|p1a: Garchomp|0 fnt","|-damage|p2a: Apollo|116/297|[from] ability: Rough Skin|[of] p1a: Garchomp","|-damage|p2a: Apollo|67/297|[from] item: Rocky Helmet|[of] p1a: Garchomp","|faint|p1a: Garchomp","|","|","|switch|p1a: Gastrodon|Gastrodon, F|425/425","|-damage|p1a: Gastrodon|399/425|[from] Stealth Rock","|turn|14","|","|move|p2a: Apollo|Roost|p2a: Apollo","|-heal|p2a: Apollo|216/297","|move|p1a: Gastrodon|Scald|p2a: Apollo","|-damage|p2a: Apollo|107/297","|","|-heal|p1a: Gastrodon|425/425|[from] item: Leftovers","|turn|15","|","|move|p2a: Apollo|Roost|p2a: Apollo","|-heal|p2a: Apollo|256/297","|move|p1a: Gastrodon|Scald|p2a: Apollo","|-crit|p2a: Apollo","|-damage|p2a: Apollo|90/297","|","|turn|16","|","|move|p2a: Apollo|Roost|p2a: Apollo","|-heal|p2a: Apollo|239/297","|move|p1a: Gastrodon|Scald|p2a: Apollo","|-damage|p2a: Apollo|133/297","|","|turn|17","|","|move|p2a: Apollo|Dragon Dance|p2a: Apollo","|-boost|p2a: Apollo|atk|1","|-boost|p2a: Apollo|spe|1","|move|p1a: Gastrodon|Scald|p2a: Apollo","|-damage|p2a: Apollo|36/297","|","|turn|18","|","|move|p2a: Apollo|Roost|p2a: Apollo","|-heal|p2a: Apollo|185/297","|move|p1a: Gastrodon|Scald|p2a: Apollo","|-damage|p2a: Apollo|85/297","|","|turn|19","|","|move|p2a: Apollo|Roost|p2a: Apollo","|-heal|p2a: Apollo|234/297","|move|p1a: Gastrodon|Scald|p2a: Apollo","|-damage|p2a: Apollo|129/297","|","|turn|20","|","|move|p2a: Apollo|Roost|p2a: Apollo","|-heal|p2a: Apollo|278/297","|move|p1a: Gastrodon|Earth Power|p2a: Apollo","|-supereffective|p2a: Apollo","|-damage|p2a: Apollo|68/297","|","|turn|21","|","|move|p2a: Apollo|Dragon Claw|p1a: Gastrodon","|-damage|p1a: Gastrodon|76/425","|move|p1a: Gastrodon|Earth Power|p2a: Apollo","|-supereffective|p2a: Apollo","|-damage|p2a: Apollo|0 fnt","|faint|p2a: Apollo","|","|-heal|p1a: Gastrodon|102/425|[from] item: Leftovers","|","|switch|p2a: Chris|Moltres|192/383","|-ability|p2a: Chris|Pressure","|turn|22","|","|move|p2a: Chris|Air Slash|p1a: Gastrodon","|-damage|p1a: Gastrodon|0 fnt","|faint|p1a: Gastrodon","|","|","|switch|p1a: Krookodile|Krookodile, M|331/331","|-damage|p1a: Krookodile|311/331|[from] Stealth Rock","|turn|23","|","|move|p1a: Krookodile|Stone Edge|p2a: Chris","|-supereffective|p2a: Chris","|-damage|p2a: Chris|0 fnt","|faint|p2a: Chris","|-boost|p1a: Krookodile|atk|1|[from] ability: Moxie","|","|","|switch|p2a: Benny|Darmanitan, M, shiny|351/351","|turn|24","|","|move|p2a: Benny|Flare Blitz|p1a: Krookodile","|-damage|p1a: Krookodile|0 fnt","|-damage|p2a: Benny|248/351|[from] recoil|[of] p1a: Krookodile","|faint|p1a: Krookodile","|","|","|switch|p1a: Hippowdon|Hippowdon, M|419/419","|-damage|p1a: Hippowdon|393/419|[from] Stealth Rock","|-weather|Sandstorm","|turn|25","|","|move|p2a: Benny|Flare Blitz|p1a: Hippowdon","|-damage|p1a: Hippowdon|146/419","|-damage|p2a: Benny|166/351|[from] recoil|[of] p1a: Hippowdon","|move|p1a: Hippowdon|Earthquake|p2a: Benny","|-supereffective|p2a: Benny","|-damage|p2a: Benny|0 fnt","|faint|p2a: Benny","|","|win|Defender of Sinnoh"],"p1rating":{"entryid":"6083148","serverid":"eos","formatid":"monotype","userid":"defenderofsinnoh","username":"Defender Of Sinnoh","w":26,"l":"42","t":"0","gxe":39.5,"r":"1404.4304529194","rd":"48.019117152128","sigma":"0","rptime":"1438160400","rpr":1419.2997350291,"rprd":47.300322961899,"rpsigma":"0","acre":1118.4918146918,"lacre":1118.4918146918,"oldacre":"1100.5302072563"},"p2rating":{"entryid":"7247947","serverid":"eos","formatid":"monotype","userid":"mewth","username":"Mewth","w":"0","l":2,"t":"0","gxe":39.5,"r":"1500","rd":"130","sigma":"0","rptime":"1438160400","rpr":1415.1319626603,"rprd":116.42351767196,"rpsigma":"0","acre":1000,"lacre":1000,"oldacre":"1000"},"endType":"normal"}