{"seed":[6223,21550,44597,52365],"turns":32,"p1":"Adviser♕Boo","p2":"Traine✘ Dead","p1team":[{"name":"Tyranitar","species":"Tyranitar","item":"choiceband","ability":"Sand Stream","moves":["stealthrock","dragondance","earthquake","stoneedge"],"nature":"Careful","evs":{"hp":248,"atk":8,"def":0,"spa":0,"spd":252,"spe":0},"ivs":{"hp":31,"atk":31,"def":31,"spa":31,"spd":31,"spe":31}},{"name":"Diancie","species":"Diancie","item":"custapberry","ability":"Clear Body","moves":["healbell","stealthrock","toxic","moonblast"],"nature":"Impish","evs":{"hp":248,"atk":8,"def":252,"spa":0,"spd":0,"spe":0},"ivs":{"hp":31,"atk":31,"def":31,"spa":31,"spd":31,"spe":0}},{"name":"Terrakion","species":"Terrakion","item":"choicescarf","ability":"Justified","moves":["stoneedge","earthquake","closecombat","ironhead"],"nature":"Jolly","evs":{"hp":0,"atk":252,"def":0,"spa":0,"spd":4,"spe":252},"ivs":{"hp":31,"atk":31,"def":31,"spa":31,"spd":31,"spe":31}},{"name":"Shuckle","species":"Shuckle","item":"leftovers","ability":"Contrary","moves":["shellsmash","toxic","infestation","rest"],"nature":"Calm","evs":{"hp":252,"atk":0,"def":252,"spa":0,"spd":0,"spe":0},"ivs":{"hp":31,"atk":31,"def":31,"spa":31,"spd":31,"spe":31}},{"name":"Cradily","species":"Cradily","item":"leftovers","ability":"Storm Drain","moves":["stealthrock","rockslide","recover","toxic"],"nature":"Careful","evs":{"hp":252,"atk":4,"def":0,"spa":0,"spd":252,"spe":0},"ivs":{"hp":31,"atk":31,"def":31,"spa":31,"spd":31,"spe":31}},{"name":"Aerodactyl","species":"Aerodactyl","item":"aerodactylite","ability":"Pressure","moves":["honeclaws","stoneedge","crunch","roost"],"nature":"Jolly","evs":{"hp":0,"atk":252,"def":0,"spa":0,"spd":4,"spe":252},"ivs":{"hp":31,"atk":31,"def":31,"spa":31,"spd":31,"spe":31}}],"p2team":[{"name":"Terrakion","species":"Terrakion","item":"choiceband","ability":"Justified","moves":["closecombat","ironhead","stoneedge","earthquake"],"nature":"Adamant","evs":{"hp":4,"atk":252,"def":0,"spa":0,"spd":0,"spe":252},"ivs":{"hp":31,"atk":31,"def":31,"spa":31,"spd":31,"spe":31}},{"name":"Keldeo-Resolute","species":"Keldeo-Resolute","item":"choicespecs","ability":"Justified","moves":["scald","hydropump","secretsword","hiddenpowerice"],"nature":"Timid","evs":{"hp":4,"atk":0,"def":0,"spa":252,"spd":0,"spe":252},"ivs":{"hp":31,"atk":30,"def":30,"spa":31,"spd":31,"spe":31},"shiny":true},{"name":"Gallade","species":"Gallade","item":"galladite","ability":"Steadfast","moves":["swordsdance","zenheadbutt","knockoff","drainpunch"],"nature":"Jolly","evs":{"hp":4,"atk":252,"def":0,"spa":0,"spd":0,"spe":252},"ivs":{"hp":31,"atk":31,"def":31,"spa":31,"spd":31,"spe":31}},{"name":"Conkeldurr","species":"Conkeldurr","item":"assaultvest","ability":"Guts","moves":["drainpunch","machpunch","knockoff","stoneedge"],"nature":"Adamant","evs":{"hp":4,"atk":252,"def":0,"spa":0,"spd":252,"spe":0},"gender":"M","ivs":{"hp":31,"atk":31,"def":31,"spa":31,"spd":31,"spe":31}},{"name":"Heracross","species":"Heracross","item":"choicescarf","ability":"Moxie","moves":["megahorn","closecombat","knockoff","earthquake"],"nature":"Adamant","evs":{"hp":4,"atk":252,"def":0,"spa":0,"spd":0,"spe":252},"ivs":{"hp":31,"atk":31,"def":31,"spa":31,"spd":31,"spe":31}},{"name":"Infernape","species":"Infernape","item":"lifeorb","ability":"Iron Fist","moves":["flareblitz","closecombat","grassknot","machpunch"],"nature":"Naive","evs":{"hp":0,"atk":188,"def":0,"spa":68,"spd":0,"spe":252},"ivs":{"hp":31,"atk":31,"def":31,"spa":31,"spd":31,"spe":31}}],"log":["|player|p1|Adviser♕Boo|290","|player|p2|Traine✘ Dead|25","|gametype|singles","|gen|6","|tier|Monotype","|rated","|rule|Baton Pass Clause: Limit one Baton Passer, can't pass Spe and other stats simultaneously","|rule|Swagger Clause: Swagger is banned","|rule|Same Type Clause: Pokémon in a team must share a type","|clearpoke","|poke|p1|Tyranitar, F","|poke|p1|Diancie","|poke|p1|Terrakion","|poke|p1|Shuckle, F","|poke|p1|Cradily, F","|poke|p1|Aerodactyl, M","|poke|p2|Terrakion","|poke|p2|Keldeo-Resolute, shiny","|poke|p2|Gallade, M","|poke|p2|Conkeldurr, M","|poke|p2|Heracross, F","|poke|p2|Infernape, M","|rule|Sleep Clause Mod: Limit one foe put to sleep","|rule|Species Clause: Limit one of each Pokémon","|rule|OHKO Clause: OHKO moves are banned","|rule|Moody Clause: Moody is banned","|rule|Evasion Moves Clause: Evasion moves are banned","|rule|Endless Battle Clause: Forcing endless battles is banned","|rule|HP Percentage Mod: HP is shown in percentages","|teampreview","|","|start","|switch|p1a: Diancie|Diancie|303/303","|switch|p2a: Infernape|Infernape, M|293/293","|turn|1","|","|move|p2a: Infernape|Close Combat|p1a: Diancie","|-damage|p1a: Diancie|181/303","|-unboost|p2a: Infernape|def|1","|-unboost|p2a: Infernape|spd|1","|-damage|p2a: Infernape|264/293|[from] item: Life Orb","|move|p1a: Diancie|Stealth Rock|p2a: Infernape","|-sidestart|p2: Traine✘ Dead|move: Stealth Rock","|","|turn|2","|","|move|p2a: Infernape|Close Combat|p1a: Diancie","|-damage|p1a: Diancie|63/303","|-unboost|p2a: Infernape|def|1","|-unboost|p2a: Infernape|spd|1","|-damage|p2a: Infernape|235/293|[from] item: Life Orb","|move|p1a: Diancie|Moonblast|p2a: Infernape","|-damage|p2a: Infernape|0 fnt","|faint|p2a: Infernape","|","|","|switch|p2a: Keldeo-Resolute|Keldeo-Resolute, shiny|324/324","|-damage|p2a: Keldeo-Resolute|304/324|[from] Stealth Rock","|turn|3","|-enditem|p1a: Diancie|Custap Berry|[eat]","|-activate|p1a: Diancie|Custap Berry","|","|move|p1a: Diancie|Moonblast|p2a: Keldeo-Resolute","|-supereffective|p2a: Keldeo-Resolute","|-damage|p2a: Keldeo-Resolute|100/324","|move|p2a: Keldeo-Resolute|Scald|p1a: Diancie","|-crit|p1a: Diancie","|-supereffective|p1a: Diancie","|-damage|p1a: Diancie|0 fnt","|faint|p1a: Diancie","|","|","|switch|p1a: Aerodactyl|Aerodactyl, M|301/301","|-ability|p1a: Aerodactyl|Pressure","|turn|4","|","|detailschange|p1a: Aerodactyl|Aerodactyl-Mega, M","|-mega|p1a: Aerodactyl|Aerodactyl|Aerodactylite","|move|p1a: Aerodactyl|Crunch|p2a: Keldeo-Resolute","|-resisted|p2a: Keldeo-Resolute","|-damage|p2a: Keldeo-Resolute|30/324","|-boost|p2a: Keldeo-Resolute|atk|1|[from] ability: Justified","|move|p2a: Keldeo-Resolute|Scald|p1a: Aerodactyl","|-supereffective|p1a: Aerodactyl","|-damage|p1a: Aerodactyl|0 fnt","|faint|p1a: Aerodactyl","|","|","|switch|p1a: Terrakion|Terrakion|323/323","|turn|5","|","|move|p1a: Terrakion|Close Combat|p2a: Keldeo-Resolute","|-crit|p2a: Keldeo-Resolute","|-damage|p2a: Keldeo-Resolute|0 fnt","|-unboost|p1a: Terrakion|def|1","|-unboost|p1a: Terrakion|spd|1","|faint|p2a: Keldeo-Resolute","|","|","|switch|p2a: Conkeldurr|Conkeldurr, M|352/352","|-damage|p2a: Conkeldurr|330/352|[from] Stealth Rock","|turn|6","|","|move|p1a: Terrakion|Close Combat|p2a: Conkeldurr","|-damage|p2a: Conkeldurr|95/352","|-unboost|p1a: Terrakion|def|1","|-unboost|p1a: Terrakion|spd|1","|move|p2a: Conkeldurr|Drain Punch|p1a: Terrakion","|-supereffective|p1a: Terrakion","|-damage|p1a: Terrakion|0 fnt","|-heal|p2a: Conkeldurr|257/352|[from] drain|[of] p1a: Terrakion","|faint|p1a: Terrakion","|","|","|switch|p1a: Tyranitar|Tyranitar, F|403/403","|-weather|Sandstorm","|turn|7","|","|move|p2a: Conkeldurr|Mach Punch|p1a: Tyranitar","|-supereffective|p1a: Tyranitar","|-damage|p1a: Tyranitar|91/403","|move|p1a: Tyranitar|Earthquake|p2a: Conkeldurr","|-damage|p2a: Conkeldurr|87/352","|","|-weather|Sandstorm|[upkeep]","|-damage|p2a: Conkeldurr|65/352|[from] sandstorm","|turn|8","|","|move|p2a: Conkeldurr|Mach Punch|p1a: Tyranitar","|-supereffective|p1a: Tyranitar","|-damage|p1a: Tyranitar|0 fnt","|faint|p1a: Tyranitar","|","|-weather|Sandstorm|[upkeep]","|-damage|p2a: Conkeldurr|43/352|[from] sandstorm","|","|switch|p1a: Shuckle|Shuckle, F|244/244","|turn|9","|","|move|p2a: Conkeldurr|Drain Punch|p1a: Shuckle","|-damage|p1a: Shuckle|183/244","|-heal|p2a: Conkeldurr|74/352|[from] drain|[of] p1a: Shuckle","|move|p1a: Shuckle|Shell Smash|p1a: Shuckle","|-unboost|p1a: Shuckle|atk|2","|-unboost|p1a: Shuckle|spa|2","|-unboost|p1a: Shuckle|spe|2","|-boost|p1a: Shuckle|def|1","|-boost|p1a: Shuckle|spd|1","|","|-weather|Sandstorm|[upkeep]","|-damage|p2a: Conkeldurr|52/352|[from] sandstorm","|-heal|p1a: Shuckle|198/244|[from] item: Leftovers","|turn|10","|","|move|p2a: Conkeldurr|Knock Off|p1a: Shuckle","|-damage|p1a: Shuckle|161/244","|-enditem|p1a: Shuckle|Leftovers|[from] move: Knock Off|[of] p2a: Conkeldurr","|move|p1a: Shuckle|Shell Smash|p1a: Shuckle","|-unboost|p1a: Shuckle|atk|2","|-unboost|p1a: Shuckle|spa|2","|-unboost|p1a: Shuckle|spe|2","|-boost|p1a: Shuckle|def|1","|-boost|p1a: Shuckle|spd|1","|","|-weather|Sandstorm|[upkeep]","|-damage|p2a: Conkeldurr|30/352|[from] sandstorm","|turn|11","|","|move|p2a: Conkeldurr|Drain Punch|p1a: Shuckle","|-damage|p1a: Shuckle|125/244","|-heal|p2a: Conkeldurr|48/352|[from] drain|[of] p1a: Shuckle","|move|p1a: Shuckle|Shell Smash|p1a: Shuckle","|-unboost|p1a: Shuckle|atk|2","|-unboost|p1a: Shuckle|spa|2","|-unboost|p1a: Shuckle|spe|2","|-boost|p1a: Shuckle|def|1","|-boost|p1a: Shuckle|spd|1","|","|-weather|none","|turn|12","|","|move|p2a: Conkeldurr|Drain Punch|p1a: Shuckle","|-damage|p1a: Shuckle|98/244","|-heal|p2a: Conkeldurr|62/352|[from] drain|[of] p1a: Shuckle","|move|p1a: Shuckle|Shell Smash|p1a: Shuckle","|-boost|p1a: Shuckle|def|1","|-boost|p1a: Shuckle|spd|1","|","|turn|13","|","|move|p2a: Conkeldurr|Drain Punch|p1a: Shuckle","|-damage|p1a: Shuckle|74/244","|-heal|p2a: Conkeldurr|74/352|[from] drain|[of] p1a: Shuckle","|move|p1a: Shuckle|Shell Smash|p1a: Shuckle","|-boost|p1a: Shuckle|def|1","|-boost|p1a: Shuckle|spd|1","|","|turn|14","|","|move|p2a: Conkeldurr|Drain Punch|p1a: Shuckle","|-damage|p1a: Shuckle|55/244","|-heal|p2a: Conkeldurr|84/352|[from] drain|[of] p1a: Shuckle","|move|p1a: Shuckle|Shell Smash|p1a: Shuckle","|-boost|p1a: Shuckle|def|1","|-boost|p1a: Shuckle|spd|1","|","|turn|15","|","|move|p2a: Conkeldurr|Drain Punch|p1a: Shuckle","|-damage|p1a: Shuckle|39/244","|-heal|p2a: Conkeldurr|92/352|[from] drain|[of] p1a: Shuckle","|move|p1a: Shuckle|Infestation|p2a: Conkeldurr","|-resisted|p2a: Conkeldurr","|-damage|p2a: Conkeldurr|91/352","|-activate|p2a: Conkeldurr|move: Infestation|[of] p1a: Shuckle","|","|-damage|p2a: Conkeldurr|47/352|[from] move: Infestation|[partiallytrapped]","|turn|16","|","|move|p2a: Conkeldurr|Drain Punch|p1a: Shuckle","|-damage|p1a: Shuckle|23/244","|-heal|p2a: Conkeldurr|55/352|[from] drain|[of] p1a: Shuckle","|move|p1a: Shuckle|Rest|p1a: Shuckle","|-status|p1a: Shuckle|slp","|-heal|p1a: Shuckle|244/244 slp|[silent]","|-status|p1a: Shuckle|slp|[from] move: Rest","|","|-damage|p2a: Conkeldurr|11/352|[from] move: Infestation|[partiallytrapped]","|turn|17","|","|move|p2a: Conkeldurr|Drain Punch|p1a: Shuckle","|-damage|p1a: Shuckle|226/244 slp","|-heal|p2a: Conkeldurr|20/352|[from] drain|[of] p1a: Shuckle","|cant|p1a: Shuckle|slp","|","|-damage|p2a: Conkeldurr|0 fnt|[from] move: Infestation|[partiallytrapped]","|faint|p2a: Conkeldurr","|","|switch|p2a: Gallade|Gallade, M|278/278","|-damage|p2a: Gallade|261/278|[from] Stealth Rock","|turn|18","|","|detailschange|p2a: Gallade|Gallade-Mega, M","|-mega|p2a: Gallade|Gallade|Galladite","|move|p2a: Gallade|Swords Dance|p2a: Gallade","|-boost|p2a: Gallade|atk|2","|cant|p1a: Shuckle|slp","|","|turn|19","|","|move|p2a: Gallade|Zen Headbutt|p1a: Shuckle","|-damage|p1a: Shuckle|193/244 slp","|-curestatus|p1a: Shuckle|slp","|move|p1a: Shuckle|Toxic|p2a: Gallade","|-status|p2a: Gallade|tox","|","|-damage|p2a: Gallade|244/278 tox|[from] psn","|turn|20","|","|move|p2a: Gallade|Swords Dance|p2a: Gallade","|-boost|p2a: Gallade|atk|2","|move|p1a: Shuckle|Infestation|p2a: Gallade","|-crit|p2a: Gallade","|-damage|p2a: Gallade|235/278 tox","|-activate|p2a: Gallade|move: Infestation|[of] p1a: Shuckle","|","|-damage|p2a: Gallade|201/278 tox|[from] psn","|-damage|p2a: Gallade|167/278 tox|[from] move: Infestation|[partiallytrapped]","|turn|21","|","|move|p2a: Gallade|Drain Punch|p1a: Shuckle","|-damage|p1a: Shuckle|142/244","|-heal|p2a: Gallade|193/278 tox|[from] drain|[of] p1a: Shuckle","|move|p1a: Shuckle|Infestation|p2a: Gallade","|-damage|p2a: Gallade|192/278 tox","|","|-damage|p2a: Gallade|141/278 tox|[from] psn","|-damage|p2a: Gallade|107/278 tox|[from] move: Infestation|[partiallytrapped]","|turn|22","|","|move|p2a: Gallade|Drain Punch|p1a: Shuckle","|-damage|p1a: Shuckle|93/244","|-heal|p2a: Gallade|132/278 tox|[from] drain|[of] p1a: Shuckle","|move|p1a: Shuckle|Infestation|p2a: Gallade","|-damage|p2a: Gallade|131/278 tox","|","|-damage|p2a: Gallade|63/278 tox|[from] psn","|-damage|p2a: Gallade|29/278 tox|[from] move: Infestation|[partiallytrapped]","|turn|23","|","|move|p2a: Gallade|Drain Punch|p1a: Shuckle","|-damage|p1a: Shuckle|41/244","|-heal|p2a: Gallade|55/278 tox|[from] drain|[of] p1a: Shuckle","|move|p1a: Shuckle|Rest|p1a: Shuckle","|-status|p1a: Shuckle|slp","|-heal|p1a: Shuckle|244/244 slp|[silent]","|-status|p1a: Shuckle|slp|[from] move: Rest","|","|-damage|p2a: Gallade|0 fnt|[from] psn","|faint|p2a: Gallade","|","|switch|p2a: Terrakion|Terrakion|324/324","|-damage|p2a: Terrakion|304/324|[from] Stealth Rock","|turn|24","|","|move|p2a: Terrakion|Iron Head|p1a: Shuckle","|-supereffective|p1a: Shuckle","|-damage|p1a: Shuckle|208/244 slp","|cant|p1a: Shuckle|slp","|","|turn|25","|","|move|p2a: Terrakion|Iron Head|p1a: Shuckle","|-supereffective|p1a: Shuckle","|-damage|p1a: Shuckle|176/244 slp","|cant|p1a: Shuckle|slp","|","|turn|26","|","|move|p2a: Terrakion|Iron Head|p1a: Shuckle","|-supereffective|p1a: Shuckle","|-damage|p1a: Shuckle|144/244 slp","|-curestatus|p1a: Shuckle|slp","|move|p1a: Shuckle|Toxic|p2a: Terrakion","|-status|p2a: Terrakion|tox","|","|-damage|p2a: Terrakion|284/324 tox|[from] psn","|turn|27","|","|move|p2a: Terrakion|Iron Head|p1a: Shuckle","|-supereffective|p1a: Shuckle","|-damage|p1a: Shuckle|108/244","|cant|p1a: Shuckle|flinch","|","|-damage|p2a: Terrakion|244/324 tox|[from] psn","|turn|28","|","|move|p2a: Terrakion|Iron Head|p1a: Shuckle","|-supereffective|p1a: Shuckle","|-damage|p1a: Shuckle|72/244","|move|p1a: Shuckle|Infestation|p2a: Terrakion","|-resisted|p2a: Terrakion","|-damage|p2a: Terrakion|243/324 tox","|-activate|p2a: Terrakion|move: Infestation|[of] p1a: Shuckle","|","|-damage|p2a: Terrakion|183/324 tox|[from] psn","|-damage|p2a: Terrakion|143/324 tox|[from] move: Infestation|[partiallytrapped]","|turn|29","|","|move|p2a: Terrakion|Iron Head|p1a: Shuckle","|-supereffective|p1a: Shuckle","|-damage|p1a: Shuckle|38/244","|cant|p1a: Shuckle|flinch","|","|-damage|p2a: Terrakion|63/324 tox|[from] psn","|-damage|p2a: Terrakion|23/324 tox|[from] move: Infestation|[partiallytrapped]","|turn|30","|","|move|p2a: Terrakion|Iron Head|p1a: Shuckle","|-supereffective|p1a: Shuckle","|-damage|p1a: Shuckle|4/244","|cant|p1a: Shuckle|flinch","|","|-damage|p2a: Terrakion|0 fnt|[from] psn","|faint|p2a: Terrakion","|","|switch|p2a: Heracross|Heracross, F|302/302","|-damage|p2a: Heracross|265/302|[from] Stealth Rock","|turn|31","|","|move|p2a: Heracross|Close Combat|p1a: Shuckle","|-damage|p1a: Shuckle|0 fnt","|-unboost|p2a: Heracross|def|1","|-unboost|p2a: Heracross|spd|1","|faint|p1a: Shuckle","|-boost|p2a: Heracross|atk|1|[from] ability: Moxie","|","|","|switch|p1a: Cradily|Cradily, F|376/376","|turn|32","|","|move|p2a: Heracross|Close Combat|p1a: Cradily","|-supereffective|p1a: Cradily","|-damage|p1a: Cradily|0 fnt","|-unboost|p2a: Heracross|def|1","|-unboost|p2a: Heracross|spd|1","|faint|p1a: Cradily","|-boost|p2a: Heracross|atk|1|[from] ability: Moxie","|","|win|Traine✘ Dead"],"p1rating":{"entryid":"7083956","serverid":"eos","formatid":"monotype","userid":"adviserboo","username":"Adviser♕Boo","w":"62","l":36,"t":"0","gxe":61.5,"r":"1587.9800968932","rd":"38.289119963531","sigma":"0","rptime":"1438074000","rpr":1588.9353998288,"rprd":37.900714761815,"rpsigma":"0","acre":1189.5180728561,"lacre":1189.5180728561,"oldacre":"1218.0002589683"},"p2rating":{"entryid":"7186020","serverid":"eos","formatid":"monotype","userid":"trainedead","username":"Traine✘ Dead","w":15,"l":"11","t":"0","gxe":57.2,"r":"1521.8286514863","rd":"69.715862232358","sigma":"0","rptime":"1438074000","rpr":1555.1859629625,"rprd":64.048994690219,"rpsigma":"0","acre":1197.7723758612,"lacre":1197.7723758612,"oldacre":"1169.290189749"},"endType":"normal"}