{"seed":[40258,59668,2156,26089],"turns":39,"p1":"alliance-c-control","p2":"Carnie Marx","p1team":[{"name":"Houndoom","species":"Houndoom","item":"houndoominite","ability":"Flash Fire","moves":["destinybond","darkpulse","flamethrower","roleplay"],"nature":"Timid","evs":{"hp":0,"atk":0,"def":0,"spa":252,"spd":4,"spe":252},"ivs":{"hp":31,"atk":31,"def":31,"spa":31,"spd":31,"spe":31}},{"name":"Sableye","species":"Sableye","item":"leftovers","ability":"Prankster","moves":["taunt","willowisp","confuseray","recover"],"nature":"Calm","evs":{"hp":252,"atk":0,"def":4,"spa":0,"spd":252,"spe":0},"ivs":{"hp":31,"atk":31,"def":31,"spa":31,"spd":31,"spe":31}},{"name":"Skuntank","species":"Skuntank","item":"leftovers","ability":"Aftermath","moves":["defog","suckerpunch","protect","pursuit"],"nature":"Adamant","evs":{"hp":248,"atk":252,"def":0,"spa":0,"spd":8,"spe":0},"ivs":{"hp":31,"atk":31,"def":31,"spa":31,"spd":31,"spe":31}},{"name":"Umbreon","species":"Umbreon","item":"leftovers","ability":"Synchronize","moves":["healbell","toxic","wish","protect"],"nature":"Bold","evs":{"hp":58,"atk":0,"def":198,"spa":0,"spd":252,"spe":0},"ivs":{"hp":31,"atk":31,"def":31,"spa":31,"spd":31,"spe":31}},{"name":"Krookodile","species":"Krookodile","item":"choicescarf","ability":"Moxie","moves":["crunch","earthquake","superpower","rockslide"],"nature":"Jolly","evs":{"hp":0,"atk":252,"def":0,"spa":0,"spd":4,"spe":252},"ivs":{"hp":31,"atk":31,"def":31,"spa":31,"spd":31,"spe":31}},{"name":"Hydreigon","species":"Hydreigon","item":"absorbbulb","ability":"Levitate","moves":["dracometeor","flamethrower","darkpulse","earthpower"],"nature":"Timid","evs":{"hp":0,"atk":0,"def":0,"spa":200,"spd":56,"spe":252},"ivs":{"hp":31,"atk":31,"def":31,"spa":31,"spd":31,"spe":31}}],"p2team":[{"name":"Transformer","species":"ditto","item":"choicescarf","ability":"Imposter","moves":["transform"],"nature":"Bold","evs":{"hp":248,"atk":0,"def":252,"spa":0,"spd":8,"spe":0},"ivs":{"hp":31,"atk":31,"def":31,"spa":31,"spd":31,"spe":31}},{"name":"Braviary","species":"Braviary","item":"lifeorb","ability":"Sheer Force","moves":["bravebird","rockslide","superpower","crushclaw"],"nature":"Jolly","evs":{"hp":0,"atk":252,"def":0,"spa":0,"spd":4,"spe":252},"ivs":{"hp":31,"atk":31,"def":31,"spa":31,"spd":31,"spe":31}},{"name":"Capuccino","species":"cinccino","item":"kingsrock","ability":"Skill Link","moves":["bulletseed","rockblast","tailslap","uturn"],"nature":"Jolly","evs":{"hp":0,"atk":252,"def":0,"spa":0,"spd":4,"spe":252},"ivs":{"hp":31,"atk":31,"def":31,"spa":31,"spd":31,"spe":31}},{"name":"Lady GaGa","species":"meloetta","item":"assaultvest","ability":"Serene Grace","moves":["chargebeam","hypervoice","psyshock","energyball"],"nature":"Modest","evs":{"hp":248,"atk":0,"def":0,"spa":252,"spd":8,"spe":0},"ivs":{"hp":31,"atk":31,"def":31,"spa":31,"spd":31,"spe":31}},{"name":"Bird Jesus","species":"pidgeot","item":"pidgeotite","ability":"Keen Eye","moves":["airslash","hurricane","heatwave","roost"],"nature":"Timid","evs":{"hp":0,"atk":0,"def":0,"spa":252,"spd":4,"spe":252},"ivs":{"hp":31,"atk":31,"def":31,"spa":31,"spd":31,"spe":31}},{"name":"Your Fat Friend","species":"snorlax","item":"leftovers","ability":"Thick Fat","moves":["heavyslam","bodyslam","rest","sleeptalk"],"nature":"Adamant","evs":{"hp":252,"atk":252,"def":0,"spa":0,"spd":4,"spe":0},"ivs":{"hp":31,"atk":31,"def":31,"spa":31,"spd":31,"spe":31}}],"log":["|player|p1|alliance-c-control|190","|player|p2|Carnie Marx|238","|gametype|singles","|gen|6","|tier|Monotype","|rated","|rule|Baton Pass Clause: Limit one Baton Passer, can't pass Spe and other stats simultaneously","|rule|Swagger Clause: Swagger is banned","|rule|Same Type Clause: Pokémon in a team must share a type","|clearpoke","|poke|p1|Houndoom, M","|poke|p1|Sableye, F","|poke|p1|Skuntank, F","|poke|p1|Umbreon, F","|poke|p1|Krookodile, M","|poke|p1|Hydreigon, F","|poke|p2|Ditto","|poke|p2|Braviary, M","|poke|p2|Cinccino, M","|poke|p2|Meloetta","|poke|p2|Pidgeot, F","|poke|p2|Snorlax, M","|rule|Sleep Clause Mod: Limit one foe put to sleep","|rule|Species Clause: Limit one of each Pokémon","|rule|OHKO Clause: OHKO moves are banned","|rule|Moody Clause: Moody is banned","|rule|Evasion Moves Clause: Evasion moves are banned","|rule|Endless Battle Clause: Forcing endless battles is banned","|rule|HP Percentage Mod: HP is shown in percentages","|teampreview","|","|start","|switch|p1a: Sableye|Sableye, F|304/304","|switch|p2a: Your Fat Friend|Snorlax, M|524/524","|turn|1","|","|move|p1a: Sableye|Taunt|p2a: Your Fat Friend","|-start|p2a: Your Fat Friend|move: Taunt","|move|p2a: Your Fat Friend|Heavy Slam|p1a: Sableye","|-damage|p1a: Sableye|118/304","|","|-heal|p1a: Sableye|137/304|[from] item: Leftovers","|turn|2","|","|switch|p1a: Umbreon|Umbreon, F|345/345","|move|p2a: Your Fat Friend|Heavy Slam|p1a: Umbreon","|-damage|p1a: Umbreon|244/345","|","|-heal|p1a: Umbreon|265/345|[from] item: Leftovers","|turn|3","|","|move|p1a: Umbreon|Toxic|p2a: Your Fat Friend|[miss]","|-miss|p1a: Umbreon|p2a: Your Fat Friend","|move|p2a: Your Fat Friend|Body Slam|p1a: Umbreon","|-damage|p1a: Umbreon|169/345","|","|-heal|p1a: Umbreon|190/345|[from] item: Leftovers","|-end|p2a: Your Fat Friend|move: Taunt","|turn|4","|","|move|p1a: Umbreon|Wish|p1a: Umbreon","|move|p2a: Your Fat Friend|Body Slam|p1a: Umbreon","|-damage|p1a: Umbreon|79/345","|","|-heal|p1a: Umbreon|100/345|[from] item: Leftovers","|turn|5","|","|switch|p2a: Braviary|Braviary, M|341/341","|move|p1a: Umbreon|Protect|p1a: Umbreon","|-fail|p1a: Umbreon","|","|-heal|p1a: Umbreon|272/345|[from] move: Wish|[wisher] Umbreon","|-heal|p1a: Umbreon|293/345|[from] item: Leftovers","|turn|6","|","|switch|p1a: Sableye|Sableye, F|137/304","|move|p2a: Braviary|Superpower|p1a: Sableye","|-immune|p1a: Sableye|[msg]","|","|-heal|p1a: Sableye|156/304|[from] item: Leftovers","|turn|7","|","|move|p1a: Sableye|Will-O-Wisp|p2a: Braviary","|-status|p2a: Braviary|brn","|move|p2a: Braviary|Brave Bird|p1a: Sableye","|-damage|p1a: Sableye|0 fnt","|-damage|p2a: Braviary|290/341 brn|[from] recoil|[of] p1a: Sableye","|-damage|p2a: Braviary|256/341 brn|[from] item: Life Orb","|faint|p1a: Sableye","|","|-damage|p2a: Braviary|214/341 brn|[from] brn","|","|switch|p1a: Umbreon|Umbreon, F|293/345","|turn|8","|","|move|p2a: Braviary|Superpower|p1a: Umbreon","|-supereffective|p1a: Umbreon","|-damage|p1a: Umbreon|163/345","|-unboost|p2a: Braviary|atk|1","|-unboost|p2a: Braviary|def|1","|-damage|p2a: Braviary|180/341 brn|[from] item: Life Orb","|move|p1a: Umbreon|Wish|p1a: Umbreon","|","|-heal|p1a: Umbreon|184/345|[from] item: Leftovers","|-damage|p2a: Braviary|138/341 brn|[from] brn","|turn|9","|","|move|p2a: Braviary|Crush Claw|p1a: Umbreon","|-damage|p1a: Umbreon|133/345","|move|p1a: Umbreon|Toxic|p2a: Braviary","|-fail|p2a: Braviary","|","|-heal|p1a: Umbreon|305/345|[from] move: Wish|[wisher] Umbreon","|-heal|p1a: Umbreon|326/345|[from] item: Leftovers","|-damage|p2a: Braviary|96/341 brn|[from] brn","|turn|10","|","|move|p2a: Braviary|Brave Bird|p1a: Umbreon","|-damage|p1a: Umbreon|264/345","|-damage|p2a: Braviary|76/341 brn|[from] recoil|[of] p1a: Umbreon","|-damage|p2a: Braviary|42/341 brn|[from] item: Life Orb","|move|p1a: Umbreon|Toxic|p2a: Braviary","|-fail|p2a: Braviary","|","|-heal|p1a: Umbreon|285/345|[from] item: Leftovers","|-damage|p2a: Braviary|0 fnt|[from] brn","|faint|p2a: Braviary","|","|switch|p2a: Your Fat Friend|Snorlax, M|524/524","|turn|11","|","|move|p1a: Umbreon|Protect|p1a: Umbreon","|-singleturn|p1a: Umbreon|Protect","|move|p2a: Your Fat Friend|Body Slam|p1a: Umbreon","|-activate|p1a: Umbreon|Protect","|","|-heal|p1a: Umbreon|306/345|[from] item: Leftovers","|turn|12","|","|move|p1a: Umbreon|Toxic|p2a: Your Fat Friend","|-status|p2a: Your Fat Friend|tox","|move|p2a: Your Fat Friend|Body Slam|p1a: Umbreon","|-damage|p1a: Umbreon|207/345","|-status|p1a: Umbreon|par","|","|-heal|p1a: Umbreon|228/345 par|[from] item: Leftovers","|-damage|p2a: Your Fat Friend|492/524 tox|[from] psn","|turn|13","|","|move|p2a: Your Fat Friend|Heavy Slam|p1a: Umbreon","|-damage|p1a: Umbreon|125/345 par","|cant|p1a: Umbreon|par","|","|-heal|p2a: Your Fat Friend|524/524 tox|[from] item: Leftovers","|-heal|p1a: Umbreon|146/345 par|[from] item: Leftovers","|-damage|p2a: Your Fat Friend|460/524 tox|[from] psn","|turn|14","|","|move|p1a: Umbreon|Protect|p1a: Umbreon","|-singleturn|p1a: Umbreon|Protect","|move|p2a: Your Fat Friend|Heavy Slam|p1a: Umbreon","|-activate|p1a: Umbreon|Protect","|","|-heal|p2a: Your Fat Friend|492/524 tox|[from] item: Leftovers","|-heal|p1a: Umbreon|167/345 par|[from] item: Leftovers","|-damage|p2a: Your Fat Friend|396/524 tox|[from] psn","|turn|15","|","|move|p2a: Your Fat Friend|Heavy Slam|p1a: Umbreon","|-damage|p1a: Umbreon|67/345 par","|move|p1a: Umbreon|Wish|p1a: Umbreon","|","|-heal|p2a: Your Fat Friend|428/524 tox|[from] item: Leftovers","|-heal|p1a: Umbreon|88/345 par|[from] item: Leftovers","|-damage|p2a: Your Fat Friend|300/524 tox|[from] psn","|turn|16","|","|move|p1a: Umbreon|Protect|p1a: Umbreon","|-singleturn|p1a: Umbreon|Protect","|move|p2a: Your Fat Friend|Rest|p2a: Your Fat Friend","|-status|p2a: Your Fat Friend|slp","|-heal|p2a: Your Fat Friend|524/524 slp|[silent]","|-status|p2a: Your Fat Friend|slp|[from] move: Rest","|","|-heal|p1a: Umbreon|260/345 par|[from] move: Wish|[wisher] Umbreon","|-heal|p1a: Umbreon|281/345 par|[from] item: Leftovers","|turn|17","|","|cant|p2a: Your Fat Friend|slp","|move|p2a: Your Fat Friend|Sleep Talk|p2a: Your Fat Friend","|move|p2a: Your Fat Friend|Body Slam|p1a: Umbreon|[from]Sleep Talk","|-damage|p1a: Umbreon|185/345 par","|move|p1a: Umbreon|Heal Bell|p1a: Umbreon","|-cureteam|p1a: Umbreon|[from] move: HealBell","|","|-heal|p1a: Umbreon|206/345|[from] item: Leftovers","|turn|18","|","|move|p1a: Umbreon|Wish|p1a: Umbreon","|cant|p2a: Your Fat Friend|slp","|move|p2a: Your Fat Friend|Sleep Talk|p2a: Your Fat Friend","|move|p2a: Your Fat Friend|Rest|p2a: Your Fat Friend|[from]Sleep Talk","|-fail|p2a: Your Fat Friend","|","|-heal|p1a: Umbreon|227/345|[from] item: Leftovers","|turn|19","|","|switch|p1a: Krookodile|Krookodile, M|331/331","|-curestatus|p2a: Your Fat Friend|slp","|move|p2a: Your Fat Friend|Body Slam|p1a: Krookodile","|-crit|p1a: Krookodile","|-damage|p1a: Krookodile|81/331","|","|-heal|p1a: Krookodile|253/331|[from] move: Wish|[wisher] Umbreon","|turn|20","|","|move|p1a: Krookodile|Superpower|p2a: Your Fat Friend","|-supereffective|p2a: Your Fat Friend","|-damage|p2a: Your Fat Friend|126/524","|-unboost|p1a: Krookodile|atk|1","|-unboost|p1a: Krookodile|def|1","|move|p2a: Your Fat Friend|Heavy Slam|p1a: Krookodile","|-damage|p1a: Krookodile|60/331","|","|-heal|p2a: Your Fat Friend|158/524|[from] item: Leftovers","|turn|21","|","|switch|p2a: Lady GaGa|Meloetta|403/403","|move|p1a: Krookodile|Superpower|p2a: Lady GaGa","|-damage|p2a: Lady GaGa|292/403","|-unboost|p1a: Krookodile|atk|1","|-unboost|p1a: Krookodile|def|1","|","|turn|22","|","|switch|p1a: Skuntank|Skuntank, F|409/409","|move|p2a: Lady GaGa|Energy Ball|p1a: Skuntank","|-resisted|p1a: Skuntank","|-damage|p1a: Skuntank|330/409","|","|-heal|p1a: Skuntank|355/409|[from] item: Leftovers","|turn|23","|","|move|p2a: Lady GaGa|Charge Beam|p1a: Skuntank","|-damage|p1a: Skuntank|259/409","|-boost|p2a: Lady GaGa|spa|1","|move|p1a: Skuntank|Pursuit|p2a: Lady GaGa","|-supereffective|p2a: Lady GaGa","|-damage|p2a: Lady GaGa|136/403","|","|-heal|p1a: Skuntank|284/409|[from] item: Leftovers","|turn|24","|","|move|p1a: Skuntank|Sucker Punch|p2a: Lady GaGa","|-supereffective|p2a: Lady GaGa","|-damage|p2a: Lady GaGa|0 fnt","|faint|p2a: Lady GaGa","|","|-heal|p1a: Skuntank|309/409|[from] item: Leftovers","|","|switch|p2a: Bird Jesus|Pidgeot, F|307/307","|turn|25","|","|switch|p1a: Krookodile|Krookodile, M|60/331","|detailschange|p2a: Bird Jesus|Pidgeot-Mega, F","|-mega|p2a: Bird Jesus|Pidgeot|Pidgeotite","|move|p2a: Bird Jesus|Hurricane|p1a: Krookodile","|-damage|p1a: Krookodile|0 fnt","|faint|p1a: Krookodile","|","|","|switch|p1a: Houndoom|Houndoom, M|291/291","|turn|26","|","|detailschange|p1a: Houndoom|Houndoom-Mega, M","|-mega|p1a: Houndoom|Houndoom|Houndoominite","|move|p2a: Bird Jesus|Hurricane|p1a: Houndoom","|-damage|p1a: Houndoom|80/291","|move|p1a: Houndoom|Destiny Bond|p1a: Houndoom","|-singlemove|p1a: Houndoom|Destiny Bond","|","|turn|27","|","|switch|p2a: Your Fat Friend|Snorlax, M|158/524","|move|p1a: Houndoom|Flamethrower|p2a: Your Fat Friend","|-damage|p2a: Your Fat Friend|86/524","|","|-heal|p2a: Your Fat Friend|118/524|[from] item: Leftovers","|turn|28","|","|move|p1a: Houndoom|Dark Pulse|p2a: Your Fat Friend","|-damage|p2a: Your Fat Friend|0 fnt","|faint|p2a: Your Fat Friend","|","|","|switch|p2a: Capuccino|Cinccino, M|291/291","|turn|29","|","|move|p1a: Houndoom|Destiny Bond|p1a: Houndoom","|-singlemove|p1a: Houndoom|Destiny Bond","|move|p2a: Capuccino|Rock Blast|p1a: Houndoom","|-supereffective|p1a: Houndoom","|-damage|p1a: Houndoom|26/291","|-supereffective|p1a: Houndoom","|-damage|p1a: Houndoom|0 fnt","|-hitcount|p1a: Houndoom|2","|faint|p1a: Houndoom","|-activate|p1a: Houndoom|Destiny Bond","|faint|p2a: Capuccino","|","|","|switch|p2a: Bird Jesus|Pidgeot-Mega, F|307/307","|switch|p1a: Skuntank|Skuntank, F|309/409","|turn|30","|","|move|p1a: Skuntank|Protect|p1a: Skuntank","|-singleturn|p1a: Skuntank|Protect","|move|p2a: Bird Jesus|Hurricane|p1a: Skuntank","|-activate|p1a: Skuntank|Protect","|","|-heal|p1a: Skuntank|334/409|[from] item: Leftovers","|turn|31","|","|move|p1a: Skuntank|Sucker Punch|p2a: Bird Jesus","|-crit|p2a: Bird Jesus","|-damage|p2a: Bird Jesus|85/307","|move|p2a: Bird Jesus|Hurricane|p1a: Skuntank","|-damage|p1a: Skuntank|48/409","|","|-heal|p1a: Skuntank|73/409|[from] item: Leftovers","|turn|32","|","|move|p1a: Skuntank|Protect|p1a: Skuntank","|-singleturn|p1a: Skuntank|Protect","|move|p2a: Bird Jesus|Roost|p2a: Bird Jesus","|-heal|p2a: Bird Jesus|239/307","|","|-heal|p1a: Skuntank|98/409|[from] item: Leftovers","|turn|33","|","|move|p1a: Skuntank|Sucker Punch|p2a: Bird Jesus","|-damage|p2a: Bird Jesus|85/307","|move|p2a: Bird Jesus|Hurricane|p1a: Skuntank","|-damage|p1a: Skuntank|0 fnt","|faint|p1a: Skuntank","|","|","|switch|p1a: Umbreon|Umbreon, F|227/345","|turn|34","|","|move|p2a: Bird Jesus|Heat Wave|p1a: Umbreon","|-damage|p1a: Umbreon|147/345","|move|p1a: Umbreon|Toxic|p2a: Bird Jesus","|-status|p2a: Bird Jesus|tox","|","|-heal|p1a: Umbreon|168/345|[from] item: Leftovers","|-damage|p2a: Bird Jesus|66/307 tox|[from] psn","|turn|35","|","|move|p1a: Umbreon|Protect|p1a: Umbreon","|-singleturn|p1a: Umbreon|Protect","|move|p2a: Bird Jesus|Hurricane|p1a: Umbreon","|-activate|p1a: Umbreon|Protect","|","|-heal|p1a: Umbreon|189/345|[from] item: Leftovers","|-damage|p2a: Bird Jesus|28/307 tox|[from] psn","|turn|36","|","|move|p2a: Bird Jesus|Hurricane|p1a: Umbreon","|-damage|p1a: Umbreon|47/345","|-start|p1a: Umbreon|confusion","|-activate|p1a: Umbreon|confusion","|-damage|p1a: Umbreon|31/345|[from] confusion","|","|-heal|p1a: Umbreon|52/345|[from] item: Leftovers","|-damage|p2a: Bird Jesus|0 fnt|[from] psn","|faint|p2a: Bird Jesus","|","|switch|p2a: Transformer|Ditto|299/299","|-transform|p2a: Transformer|p1a: Umbreon","|turn|37","|","|-activate|p1a: Umbreon|confusion","|-damage|p1a: Umbreon|38/345|[from] confusion","|move|p2a: Transformer|Toxic|p1a: Umbreon","|-status|p1a: Umbreon|tox","|-status|p2a: Transformer|tox","|","|-heal|p1a: Umbreon|59/345 tox|[from] item: Leftovers","|-damage|p2a: Transformer|281/299 tox|[from] psn","|-damage|p1a: Umbreon|38/345 tox|[from] psn","|turn|38","|","|move|p2a: Transformer|Toxic|p1a: Umbreon","|-fail|p1a: Umbreon|tox","|-end|p1a: Umbreon|confusion","|move|p1a: Umbreon|Wish|p1a: Umbreon","|","|-heal|p1a: Umbreon|59/345 tox|[from] item: Leftovers","|-damage|p2a: Transformer|245/299 tox|[from] psn","|-damage|p1a: Umbreon|17/345 tox|[from] psn","|turn|39","|","|win|alliance-c-control"],"p1rating":{"entryid":"6440455","serverid":"eos","formatid":"monotype","userid":"allianceccontrol","username":"Alliance-C-Control","w":208,"l":"275","t":"0","gxe":41.9,"r":"1433.1371054459","rd":"25","sigma":"0","rptime":"1438074000","rpr":1438.3988224777,"rprd":25,"rpsigma":"0","acre":1132.8732962648,"lacre":1132.8732962648,"oldacre":"1109.2577644445"},"p2rating":{"entryid":"5821777","serverid":"eos","formatid":"monotype","userid":"carniemarx","username":"Carnie Marx","w":"54","l":62,"t":"0","gxe":47,"r":"1480.982604878","rd":"40.294626708102","sigma":"0","rptime":"1438074000","rpr":1477.5908915915,"rprd":39.560501039045,"rpsigma":"0","acre":1067.7992703559,"lacre":1067.7992703559,"oldacre":"1089.9975186809"},"endType":"forfeit"}