{"seed":[4091,60089,17293,62687],"turns":23,"p1":"Emg Storm34","p2":"Hershey Bot","p1team":[{"name":"Rotom-Heat","species":"Rotom-Heat","item":"choicespecs","ability":"Levitate","moves":["voltswitch","thunderbolt","overheat","hiddenpowerice"],"nature":"Modest","evs":{"hp":248,"atk":0,"def":0,"spa":252,"spd":8,"spe":0},"ivs":{"hp":31,"atk":30,"def":30,"spa":31,"spd":31,"spe":31}},{"name":"Arcanine","species":"Arcanine","item":"leftovers","ability":"Intimidate","moves":["morningsun","willowisp","flareblitz","wildcharge"],"nature":"Impish","evs":{"hp":252,"atk":0,"def":252,"spa":0,"spd":4,"spe":0},"ivs":{"hp":31,"atk":31,"def":31,"spa":31,"spd":31,"spe":31}},{"name":"Charizard","species":"Charizard","item":"charizarditey","ability":"Blaze","moves":["flamethrower","airslash","solarbeam","roost"],"nature":"Modest","evs":{"hp":8,"atk":0,"def":0,"spa":252,"spd":0,"spe":248},"ivs":{"hp":31,"atk":31,"def":31,"spa":31,"spd":31,"spe":31}},{"name":"Heatran","species":"Heatran","item":"leftovers","ability":"Flash Fire","moves":["stealthrock","roar","lavaplume","flashcannon"],"nature":"Calm","evs":{"hp":248,"atk":0,"def":0,"spa":8,"spd":252,"spe":0},"ivs":{"hp":31,"atk":31,"def":31,"spa":31,"spd":31,"spe":31}},{"name":"Infernape","species":"Infernape","item":"focussash","ability":"Blaze","moves":["closecombat","firepunch","poisonjab","machpunch"],"nature":"Jolly","evs":{"hp":0,"atk":252,"def":0,"spa":0,"spd":4,"spe":252},"ivs":{"hp":31,"atk":31,"def":31,"spa":31,"spd":31,"spe":31}},{"name":"Darmanitan","species":"Darmanitan","item":"choicescarf","ability":"Sheer Force","moves":["flareblitz","earthquake","stoneedge","uturn"],"nature":"Jolly","evs":{"hp":0,"atk":252,"def":0,"spa":0,"spd":4,"spe":252},"ivs":{"hp":31,"atk":31,"def":31,"spa":31,"spd":31,"spe":31}}],"p2team":[{"name":"Pidgeot","species":"Pidgeot","item":"pidgeotite","ability":"Keen Eye","moves":["hurricane","defog","heatwave","uturn"],"nature":"Timid","evs":{"hp":0,"atk":0,"def":4,"spa":252,"spd":0,"spe":252},"ivs":{"hp":31,"atk":31,"def":31,"spa":31,"spd":31,"spe":31}},{"name":"Diggersby","species":"Diggersby","item":"choiceband","ability":"Huge Power","moves":["earthquake","wildcharge","frustration","quickattack"],"nature":"Adamant","evs":{"hp":0,"atk":252,"def":0,"spa":0,"spd":4,"spe":252},"happiness":0,"ivs":{"hp":31,"atk":31,"def":31,"spa":31,"spd":31,"spe":31}},{"name":"Staraptor","species":"Staraptor","item":"choicescarf","ability":"Reckless","moves":["bravebird","closecombat","uturn","doubleedge"],"nature":"Jolly","evs":{"hp":0,"atk":252,"def":0,"spa":0,"spd":4,"spe":252},"ivs":{"hp":31,"atk":31,"def":31,"spa":31,"spd":31,"spe":31}},{"name":"Ditto","species":"Ditto","item":"choicescarf","ability":"Imposter","moves":["transform"],"nature":"undefined","evs":{"hp":0,"atk":252,"def":0,"spa":252,"spd":0,"spe":4},"happiness":0,"ivs":{"hp":31,"atk":31,"def":31,"spa":31,"spd":31,"spe":31}},{"name":"Meloetta","species":"Meloetta","item":"choicespecs","ability":"Serene Grace","moves":["psyshock","shadowball","focusblast","energyball"],"nature":"Modest","evs":{"hp":248,"atk":0,"def":0,"spa":252,"spd":8,"spe":0},"ivs":{"hp":31,"atk":31,"def":31,"spa":31,"spd":31,"spe":31}},{"name":"Porygon-Z","species":"Porygon-Z","item":"choicespecs","ability":"Adaptability","moves":["hyperbeam","psyshock","darkpulse","triattack"],"nature":"Modest","evs":{"hp":4,"atk":0,"def":0,"spa":252,"spd":0,"spe":252},"ivs":{"hp":31,"atk":31,"def":31,"spa":31,"spd":31,"spe":31}}],"log":["|player|p1|Emg Storm34|170","|player|p2|Hershey Bot|4","|gametype|singles","|gen|6","|tier|Monotype","|rated","|rule|Baton Pass Clause: Limit one Baton Passer, can't pass Spe and other stats simultaneously","|rule|Swagger Clause: Swagger is banned","|rule|Same Type Clause: Pokémon in a team must share a type","|clearpoke","|poke|p1|Rotom-Heat","|poke|p1|Arcanine, F","|poke|p1|Charizard, F","|poke|p1|Heatran, F","|poke|p1|Infernape, F","|poke|p1|Darmanitan, M","|poke|p2|Pidgeot, F","|poke|p2|Diggersby, F","|poke|p2|Staraptor, M","|poke|p2|Ditto","|poke|p2|Meloetta","|poke|p2|Porygon-Z","|rule|Sleep Clause Mod: Limit one foe put to sleep","|rule|Species Clause: Limit one of each Pokémon","|rule|OHKO Clause: OHKO moves are banned","|rule|Moody Clause: Moody is banned","|rule|Evasion Moves Clause: Evasion moves are banned","|rule|Endless Battle Clause: Forcing endless battles is banned","|rule|HP Percentage Mod: HP is shown in percentages","|teampreview","|","|start","|switch|p1a: Charizard|Charizard, F|299/299","|switch|p2a: Porygon-Z|Porygon-Z|312/312","|turn|1","|","|switch|p1a: Heatran|Heatran, F|385/385","|move|p2a: Porygon-Z|Tri Attack|p1a: Heatran","|-resisted|p1a: Heatran","|-damage|p1a: Heatran|272/385","|","|-heal|p1a: Heatran|296/385|[from] item: Leftovers","|turn|2","|","|move|p2a: Porygon-Z|Tri Attack|p1a: Heatran","|-resisted|p1a: Heatran","|-damage|p1a: Heatran|190/385","|move|p1a: Heatran|Stealth Rock|p2a: Porygon-Z","|-sidestart|p2: Hershey Bot|move: Stealth Rock","|","|-heal|p1a: Heatran|214/385|[from] item: Leftovers","|turn|3","|","|move|p2a: Porygon-Z|Tri Attack|p1a: Heatran","|-resisted|p1a: Heatran","|-damage|p1a: Heatran|109/385","|move|p1a: Heatran|Lava Plume|p2a: Porygon-Z","|-damage|p2a: Porygon-Z|164/312","|-status|p2a: Porygon-Z|brn","|","|-heal|p1a: Heatran|133/385|[from] item: Leftovers","|-damage|p2a: Porygon-Z|125/312 brn|[from] brn","|turn|4","|","|move|p2a: Porygon-Z|Tri Attack|p1a: Heatran","|-resisted|p1a: Heatran","|-damage|p1a: Heatran|14/385","|move|p1a: Heatran|Lava Plume|p2a: Porygon-Z","|-damage|p2a: Porygon-Z|0 fnt","|faint|p2a: Porygon-Z","|","|-heal|p1a: Heatran|38/385|[from] item: Leftovers","|","|switch|p2a: Meloetta|Meloetta|403/403","|-damage|p2a: Meloetta|353/403|[from] Stealth Rock","|turn|5","|","|move|p2a: Meloetta|Focus Blast|p1a: Heatran|[miss]","|-miss|p2a: Meloetta|p1a: Heatran","|move|p1a: Heatran|Lava Plume|p2a: Meloetta","|-damage|p2a: Meloetta|259/403","|","|-heal|p1a: Heatran|62/385|[from] item: Leftovers","|turn|6","|","|move|p2a: Meloetta|Focus Blast|p1a: Heatran","|-supereffective|p1a: Heatran","|-damage|p1a: Heatran|0 fnt","|faint|p1a: Heatran","|","|","|switch|p1a: Darmanitan|Darmanitan, M|351/351","|turn|7","|","|move|p1a: Darmanitan|U-turn|p2a: Meloetta","|-supereffective|p2a: Meloetta","|-damage|p2a: Meloetta|49/403","|","|switch|p1a: Rotom-Heat|Rotom-Heat|303/303","|move|p2a: Meloetta|Focus Blast|p1a: Rotom-Heat","|-damage|p1a: Rotom-Heat|98/303","|","|turn|8","|","|switch|p2a: Diggersby|Diggersby, F|311/311","|-damage|p2a: Diggersby|292/311|[from] Stealth Rock","|move|p1a: Rotom-Heat|Volt Switch|p2a: Diggersby","|-immune|p2a: Diggersby|[msg]","|","|turn|9","|","|move|p2a: Diggersby|Quick Attack|p1a: Rotom-Heat","|-damage|p1a: Rotom-Heat|0 fnt","|faint|p1a: Rotom-Heat","|","|","|switch|p1a: Charizard|Charizard, F|299/299","|turn|10","|","|detailschange|p1a: Charizard|Charizard-Mega-Y, F","|-mega|p1a: Charizard|Charizard|Charizardite Y","|-weather|SunnyDay","|move|p2a: Diggersby|Quick Attack|p1a: Charizard","|-damage|p1a: Charizard|142/299","|move|p1a: Charizard|Solar Beam|p2a: Diggersby|[still]","|-prepare|p1a: Charizard|Solar Beam|p2a: Diggersby","|-anim|p1a: Charizard|Solar Beam|p2a: Diggersby","|-supereffective|p2a: Diggersby","|-damage|p2a: Diggersby|0 fnt","|faint|p2a: Diggersby","|","|-weather|SunnyDay|[upkeep]","|","|switch|p2a: Meloetta|Meloetta|49/403","|-damage|p2a: Meloetta|0 fnt|[from] Stealth Rock","|faint|p2a: Meloetta","|","|switch|p2a: Ditto|Ditto|237/237","|-damage|p2a: Ditto|208/237|[from] Stealth Rock","|-transform|p2a: Ditto|p1a: Charizard","|turn|11","|","|move|p2a: Ditto|Roost|p2a: Ditto","|-heal|p2a: Ditto|237/237","|move|p1a: Charizard|Flamethrower|p2a: Ditto","|-resisted|p2a: Ditto","|-damage|p2a: Ditto|100/237","|","|-weather|SunnyDay|[upkeep]","|turn|12","|","|move|p2a: Ditto|Roost|p2a: Ditto","|-heal|p2a: Ditto|219/237","|move|p1a: Charizard|Flamethrower|p2a: Ditto","|-resisted|p2a: Ditto","|-damage|p2a: Ditto|76/237","|","|-weather|SunnyDay|[upkeep]","|turn|13","|","|move|p2a: Ditto|Roost|p2a: Ditto","|-heal|p2a: Ditto|195/237","|move|p1a: Charizard|Flamethrower|p2a: Ditto","|-resisted|p2a: Ditto","|-damage|p2a: Ditto|63/237","|","|-weather|SunnyDay|[upkeep]","|turn|14","|","|move|p2a: Ditto|Roost|p2a: Ditto","|-heal|p2a: Ditto|182/237","|move|p1a: Charizard|Roost|p1a: Charizard","|-heal|p1a: Charizard|292/299","|","|-weather|none","|turn|15","|","|move|p2a: Ditto|Roost|p2a: Ditto","|-heal|p2a: Ditto|237/237","|move|p1a: Charizard|Flamethrower|p2a: Ditto","|-resisted|p2a: Ditto","|-damage|p2a: Ditto|149/237","|","|turn|16","|","|switch|p2a: Staraptor|Staraptor, M|311/311","|-damage|p2a: Staraptor|234/311|[from] Stealth Rock","|move|p1a: Charizard|Air Slash|p2a: Staraptor","|-damage|p2a: Staraptor|0 fnt","|faint|p2a: Staraptor","|","|","|switch|p2a: Pidgeot|Pidgeot, F|307/307","|-damage|p2a: Pidgeot|231/307|[from] Stealth Rock","|turn|17","|","|detailschange|p2a: Pidgeot|Pidgeot-Mega, F","|-mega|p2a: Pidgeot|Pidgeot|Pidgeotite","|move|p2a: Pidgeot|Hurricane|p1a: Charizard","|-damage|p1a: Charizard|126/299","|move|p1a: Charizard|Flamethrower|p2a: Pidgeot","|-damage|p2a: Pidgeot|0 fnt","|faint|p2a: Pidgeot","|","|","|switch|p2a: Ditto|Ditto|149/237","|-damage|p2a: Ditto|120/237|[from] Stealth Rock","|-transform|p2a: Ditto|p1a: Charizard","|-weather|SunnyDay","|turn|18","|","|move|p2a: Ditto|Roost|p2a: Ditto","|-heal|p2a: Ditto|237/237","|move|p1a: Charizard|Roost|p1a: Charizard","|-heal|p1a: Charizard|276/299","|","|-weather|SunnyDay|[upkeep]","|turn|19","|","|move|p2a: Ditto|Roost|p2a: Ditto","|-fail|p2a: Ditto","|move|p1a: Charizard|Flamethrower|p2a: Ditto","|-resisted|p2a: Ditto","|-damage|p2a: Ditto|96/237","|","|-weather|SunnyDay|[upkeep]","|turn|20","|","|switch|p1a: Arcanine|Arcanine, F|384/384","|-ability|p1a: Arcanine|Intimidate","|-unboost|p2a: Ditto|atk|1","|move|p2a: Ditto|Roost|p2a: Ditto","|-heal|p2a: Ditto|215/237","|","|-weather|SunnyDay|[upkeep]","|turn|21","|","|move|p2a: Ditto|Roost|p2a: Ditto","|-heal|p2a: Ditto|237/237","|move|p1a: Arcanine|Wild Charge|p2a: Ditto","|-damage|p2a: Ditto|137/237","|-damage|p1a: Arcanine|359/384|[from] recoil|[of] p2a: Ditto","|","|-weather|SunnyDay|[upkeep]","|-heal|p1a: Arcanine|383/384|[from] item: Leftovers","|turn|22","|","|switch|p1a: Darmanitan|Darmanitan, M|351/351","|move|p2a: Ditto|Roost|p2a: Ditto","|-heal|p2a: Ditto|237/237","|","|-weather|none","|turn|23","|","|move|p1a: Darmanitan|Stone Edge|p2a: Ditto","|-supereffective|p2a: Ditto","|-damage|p2a: Ditto|0 fnt","|faint|p2a: Ditto","|","|win|Emg Storm34"],"p1rating":{"entryid":"7244702","serverid":"eos","formatid":"monotype","userid":"emgstorm34","username":"Emg Storm34","w":3,"l":"1","t":"0","gxe":57.3,"r":"1500","rd":"130","sigma":"0","rptime":"1438160400","rpr":1558.222286309,"rprd":106.56127573107,"rpsigma":"0","acre":1101.958040341,"lacre":1101.958040341,"oldacre":"1074.5074266197"},"p2rating":{"entryid":"7247948","serverid":"eos","formatid":"monotype","userid":"hersheybot","username":"Hershey Bot","w":"6","l":12,"t":"0","gxe":37,"r":"1500","rd":"130","sigma":"0","rptime":"1438160400","rpr":1397.9955073084,"rprd":72.438336314773,"rpsigma":"0","acre":1040.1410654645,"lacre":1040.1410654645,"oldacre":"1057.9418198183"},"endType":"normal"}