{"seed":[40537,44828,18882,61781],"turns":43,"p1":"Nеowսlf","p2":"Dead Rabbit","p1team":[{"name":"Landorus-Therian","species":"Landorus-Therian","item":"choicescarf","ability":"Intimidate","moves":["earthquake","stoneedge","knockoff","uturn"],"nature":"Jolly","evs":{"hp":0,"atk":252,"def":0,"spa":0,"spd":4,"spe":252},"ivs":{"hp":31,"atk":31,"def":31,"spa":31,"spd":31,"spe":31}},{"name":"Skarmory","species":"Skarmory","item":"leftovers","ability":"Sturdy","moves":["ironhead","roost","stealthrock","whirlwind"],"nature":"Impish","evs":{"hp":252,"atk":0,"def":232,"spa":0,"spd":0,"spe":24},"ivs":{"hp":31,"atk":31,"def":31,"spa":31,"spd":31,"spe":31}},{"name":"Mandibuzz","species":"Mandibuzz","item":"leftovers","ability":"Overcoat","moves":["toxic","roost","foulplay","defog"],"nature":"Careful","evs":{"hp":240,"atk":0,"def":16,"spa":0,"spd":252,"spe":0},"ivs":{"hp":31,"atk":31,"def":31,"spa":31,"spd":31,"spe":31}},{"name":"Tornadus-Therian","species":"Tornadus-Therian","item":"assaultvest","ability":"Regenerator","moves":["hurricane","heatwave","uturn","focusblast"],"nature":"Hasty","evs":{"hp":132,"atk":0,"def":0,"spa":160,"spd":0,"spe":216},"ivs":{"hp":31,"atk":31,"def":31,"spa":31,"spd":31,"spe":31}},{"name":"Charizard","species":"Charizard","item":"charizarditex","ability":"Blaze","moves":["dragondance","dragonclaw","firepunch","roost"],"nature":"Jolly","evs":{"hp":0,"atk":252,"def":0,"spa":0,"spd":4,"spe":252},"ivs":{"hp":31,"atk":31,"def":31,"spa":31,"spd":31,"spe":31}},{"name":"Thundurus","species":"Thundurus","item":"leftovers","ability":"Prankster","moves":["taunt","thunderwave","thunderbolt","hiddenpowerice"],"nature":"Timid","evs":{"hp":0,"atk":0,"def":0,"spa":252,"spd":4,"spe":252},"ivs":{"hp":31,"atk":30,"def":30,"spa":31,"spd":31,"spe":31}}],"p2team":[{"name":"Heatran","species":"Heatran","item":"leftovers","ability":"Flash Fire","moves":["substitute","earthpower","lavaplume","toxic"],"nature":"Calm","evs":{"hp":252,"atk":0,"def":0,"spa":4,"spd":252,"spe":0},"ivs":{"hp":31,"atk":0,"def":31,"spa":31,"spd":31,"spe":31}},{"name":"Skarmory","species":"Skarmory","item":"leftovers","ability":"Sturdy","moves":["spikes","roost","roar","bravebird"],"nature":"Impish","evs":{"hp":252,"atk":0,"def":252,"spa":0,"spd":4,"spe":0},"ivs":{"hp":31,"atk":31,"def":31,"spa":31,"spd":31,"spe":31}},{"name":"Scizor","species":"Scizor","item":"choiceband","ability":"Technician","moves":["uturn","superpower","bulletpunch","pursuit"],"nature":"Adamant","evs":{"hp":248,"atk":252,"def":0,"spa":0,"spd":8,"spe":0},"ivs":{"hp":31,"atk":31,"def":31,"spa":31,"spd":31,"spe":31}},{"name":"Bronzong","species":"Bronzong","item":"leftovers","ability":"Heatproof","moves":["earthquake","toxic","psyshock","stealthrock"],"nature":"Gentle","evs":{"hp":252,"atk":4,"def":0,"spa":0,"spd":252,"spe":0},"ivs":{"hp":31,"atk":31,"def":31,"spa":31,"spd":31,"spe":31}},{"name":"Empoleon","species":"Empoleon","item":"choicescarf","ability":"Defiant","moves":["icebeam","hydropump","hiddenpowerfire","grassknot"],"nature":"Timid","evs":{"hp":4,"atk":0,"def":0,"spa":252,"spd":0,"spe":252},"ivs":{"hp":31,"atk":0,"def":31,"spa":30,"spd":31,"spe":30}},{"name":"Ferrothorn","species":"Ferrothorn","item":"leftovers","ability":"Iron Barbs","moves":["stealthrock","leechseed","powerwhip","thunderwave"],"nature":"Impish","evs":{"hp":252,"atk":4,"def":252,"spa":0,"spd":0,"spe":0},"ivs":{"hp":31,"atk":31,"def":31,"spa":31,"spd":31,"spe":0}}],"log":["|player|p1|Nеowսlf|143","|player|p2|Dead Rabbit|161","|gametype|singles","|gen|6","|tier|Monotype","|rated","|rule|Baton Pass Clause: Limit one Baton Passer, can't pass Spe and other stats simultaneously","|rule|Swagger Clause: Swagger is banned","|rule|Same Type Clause: Pokémon in a team must share a type","|clearpoke","|poke|p1|Landorus-Therian, M","|poke|p1|Skarmory, M","|poke|p1|Mandibuzz, F","|poke|p1|Tornadus-Therian, M","|poke|p1|Charizard, M","|poke|p1|Thundurus, M","|poke|p2|Heatran, F","|poke|p2|Skarmory, F","|poke|p2|Scizor, F","|poke|p2|Bronzong","|poke|p2|Empoleon, F","|poke|p2|Ferrothorn, M","|rule|Sleep Clause Mod: Limit one foe put to sleep","|rule|Species Clause: Limit one of each Pokémon","|rule|OHKO Clause: OHKO moves are banned","|rule|Moody Clause: Moody is banned","|rule|Evasion Moves Clause: Evasion moves are banned","|rule|Endless Battle Clause: Forcing endless battles is banned","|rule|HP Percentage Mod: HP is shown in percentages","|teampreview","|","|start","|switch|p1a: Tornadus-Therian|Tornadus-Therian, M|332/332","|switch|p2a: Ferrothorn|Ferrothorn, M|352/352","|turn|1","|","|move|p1a: Tornadus-Therian|Heat Wave|p2a: Ferrothorn","|-miss|p1a: Tornadus-Therian|p2a: Ferrothorn","|move|p2a: Ferrothorn|Thunder Wave|p1a: Tornadus-Therian","|-status|p1a: Tornadus-Therian|par","|","|turn|2","|","|switch|p2a: Heatran|Heatran, F|386/386","|move|p1a: Tornadus-Therian|Focus Blast|p2a: Heatran|[miss]","|-miss|p1a: Tornadus-Therian|p2a: Heatran","|","|turn|3","|","|move|p2a: Heatran|Substitute|p2a: Heatran","|-start|p2a: Heatran|Substitute","|-damage|p2a: Heatran|290/386","|move|p1a: Tornadus-Therian|Focus Blast|p2a: Heatran|[miss]","|-miss|p1a: Tornadus-Therian|p2a: Heatran","|","|-heal|p2a: Heatran|314/386|[from] item: Leftovers","|turn|4","|","|move|p2a: Heatran|Lava Plume|p1a: Tornadus-Therian","|-damage|p1a: Tornadus-Therian|247/332 par","|move|p1a: Tornadus-Therian|Focus Blast|p2a: Heatran","|-supereffective|p2a: Heatran","|-end|p2a: Heatran|Substitute","|","|-heal|p2a: Heatran|338/386|[from] item: Leftovers","|turn|5","|","|switch|p2a: Bronzong|Bronzong|338/338","|move|p1a: Tornadus-Therian|Focus Blast|p2a: Bronzong","|-damage|p2a: Bronzong|265/338","|","|-heal|p2a: Bronzong|286/338|[from] item: Leftovers","|turn|6","|","|move|p2a: Bronzong|Stealth Rock|p1a: Tornadus-Therian","|-sidestart|p1: Nеowսlf|move: Stealth Rock","|move|p1a: Tornadus-Therian|Heat Wave|p2a: Bronzong","|-supereffective|p2a: Bronzong","|-damage|p2a: Bronzong|222/338","|","|-heal|p2a: Bronzong|243/338|[from] item: Leftovers","|turn|7","|","|move|p2a: Bronzong|Psyshock|p1a: Tornadus-Therian","|-damage|p1a: Tornadus-Therian|142/332 par","|move|p1a: Tornadus-Therian|Focus Blast|p2a: Bronzong","|-damage|p2a: Bronzong|172/338","|-unboost|p2a: Bronzong|spd|1","|","|-heal|p2a: Bronzong|193/338|[from] item: Leftovers","|turn|8","|","|switch|p1a: Mandibuzz|Mandibuzz, F|421/421","|-damage|p1a: Mandibuzz|316/421|[from] Stealth Rock","|move|p2a: Bronzong|Psyshock|p1a: Mandibuzz","|-immune|p1a: Mandibuzz|[msg]","|","|-heal|p1a: Mandibuzz|342/421|[from] item: Leftovers","|-heal|p2a: Bronzong|214/338|[from] item: Leftovers","|turn|9","|","|move|p1a: Mandibuzz|Defog|p2a: Bronzong","|-unboost|p2a: Bronzong|evasion|1","|-sideend|p1: Nеowսlf|Stealth Rock|[from] move: Defog|[of] p1a: Mandibuzz","|move|p2a: Bronzong|Toxic|p1a: Mandibuzz","|-status|p1a: Mandibuzz|tox","|","|-heal|p1a: Mandibuzz|368/421 tox|[from] item: Leftovers","|-heal|p2a: Bronzong|235/338|[from] item: Leftovers","|-damage|p1a: Mandibuzz|342/421 tox|[from] psn","|turn|10","|","|switch|p2a: Heatran|Heatran, F|338/386","|move|p1a: Mandibuzz|Foul Play|p2a: Heatran","|-damage|p2a: Heatran|269/386","|","|-heal|p1a: Mandibuzz|368/421 tox|[from] item: Leftovers","|-heal|p2a: Heatran|293/386|[from] item: Leftovers","|-damage|p1a: Mandibuzz|316/421 tox|[from] psn","|turn|11","|","|switch|p1a: Landorus-Therian|Landorus-Therian, M|319/319","|-ability|p1a: Landorus-Therian|Intimidate","|-unboost|p2a: Heatran|atk|1","|move|p2a: Heatran|Substitute|p2a: Heatran","|-start|p2a: Heatran|Substitute","|-damage|p2a: Heatran|197/386","|","|-heal|p2a: Heatran|221/386|[from] item: Leftovers","|turn|12","|","|move|p1a: Landorus-Therian|Earthquake|p2a: Heatran","|-supereffective|p2a: Heatran","|-end|p2a: Heatran|Substitute","|move|p2a: Heatran|Toxic|p1a: Landorus-Therian","|-status|p1a: Landorus-Therian|tox","|","|-heal|p2a: Heatran|245/386|[from] item: Leftovers","|-damage|p1a: Landorus-Therian|300/319 tox|[from] psn","|turn|13","|","|switch|p1a: Thundurus|Thundurus, M|299/299","|switch|p2a: Skarmory|Skarmory, F|334/334","|","|turn|14","|","|switch|p2a: Bronzong|Bronzong|235/338","|move|p1a: Thundurus|Thunderbolt|p2a: Bronzong","|-damage|p2a: Bronzong|127/338","|","|-heal|p2a: Bronzong|148/338|[from] item: Leftovers","|turn|15","|","|move|p1a: Thundurus|Taunt|p2a: Bronzong","|-start|p2a: Bronzong|move: Taunt","|cant|p2a: Bronzong|move: Taunt|Toxic","|","|-heal|p2a: Bronzong|169/338|[from] item: Leftovers","|turn|16","|","|move|p1a: Thundurus|Thunderbolt|p2a: Bronzong","|-damage|p2a: Bronzong|76/338","|move|p2a: Bronzong|Psyshock|p1a: Thundurus","|-damage|p1a: Thundurus|188/299","|","|-heal|p1a: Thundurus|206/299|[from] item: Leftovers","|-heal|p2a: Bronzong|97/338|[from] item: Leftovers","|turn|17","|","|switch|p1a: Mandibuzz|Mandibuzz, F|316/421 tox","|switch|p2a: Heatran|Heatran, F|245/386","|","|-heal|p1a: Mandibuzz|342/421 tox|[from] item: Leftovers","|-heal|p2a: Heatran|269/386|[from] item: Leftovers","|-damage|p1a: Mandibuzz|316/421 tox|[from] psn","|turn|18","|","|switch|p1a: Landorus-Therian|Landorus-Therian, M|300/319 tox","|-ability|p1a: Landorus-Therian|Intimidate","|-unboost|p2a: Heatran|atk|1","|move|p2a: Heatran|Substitute|p2a: Heatran","|-start|p2a: Heatran|Substitute","|-damage|p2a: Heatran|173/386","|","|-heal|p2a: Heatran|197/386|[from] item: Leftovers","|-damage|p1a: Landorus-Therian|281/319 tox|[from] psn","|turn|19","|","|move|p1a: Landorus-Therian|Earthquake|p2a: Heatran","|-supereffective|p2a: Heatran","|-end|p2a: Heatran|Substitute","|move|p2a: Heatran|Lava Plume|p1a: Landorus-Therian","|-damage|p1a: Landorus-Therian|133/319 tox","|","|-heal|p2a: Heatran|221/386|[from] item: Leftovers","|-damage|p1a: Landorus-Therian|95/319 tox|[from] psn","|turn|20","|","|switch|p2a: Skarmory|Skarmory, F|334/334","|move|p1a: Landorus-Therian|Earthquake|p2a: Skarmory","|-immune|p2a: Skarmory|[msg]","|","|-damage|p1a: Landorus-Therian|38/319 tox|[from] psn","|turn|21","|","|move|p1a: Landorus-Therian|Earthquake|p2a: Skarmory","|-immune|p2a: Skarmory|[msg]","|move|p2a: Skarmory|Brave Bird|p1a: Landorus-Therian","|-damage|p1a: Landorus-Therian|0 fnt","|-damage|p2a: Skarmory|321/334|[from] recoil|[of] p1a: Landorus-Therian","|faint|p1a: Landorus-Therian","|","|-heal|p2a: Skarmory|334/334|[from] item: Leftovers","|","|switch|p1a: Thundurus|Thundurus, M|206/299","|turn|22","|","|switch|p2a: Ferrothorn|Ferrothorn, M|352/352","|move|p1a: Thundurus|Thunderbolt|p2a: Ferrothorn","|-crit|p2a: Ferrothorn","|-resisted|p2a: Ferrothorn","|-damage|p2a: Ferrothorn|244/352","|","|-heal|p1a: Thundurus|224/299|[from] item: Leftovers","|-heal|p2a: Ferrothorn|266/352|[from] item: Leftovers","|turn|23","|","|move|p1a: Thundurus|Taunt|p2a: Ferrothorn","|-start|p2a: Ferrothorn|move: Taunt","|move|p2a: Ferrothorn|Power Whip|p1a: Thundurus","|-resisted|p1a: Thundurus","|-damage|p1a: Thundurus|134/299","|","|-heal|p1a: Thundurus|152/299|[from] item: Leftovers","|-heal|p2a: Ferrothorn|288/352|[from] item: Leftovers","|turn|24","|","|switch|p1a: Tornadus-Therian|Tornadus-Therian, M|252/332 par","|switch|p2a: Heatran|Heatran, F|221/386","|","|-heal|p2a: Heatran|245/386|[from] item: Leftovers","|turn|25","|","|switch|p2a: Bronzong|Bronzong|97/338","|move|p1a: Tornadus-Therian|Focus Blast|p2a: Bronzong","|-damage|p2a: Bronzong|19/338","|","|-heal|p2a: Bronzong|40/338|[from] item: Leftovers","|turn|26","|","|move|p2a: Bronzong|Stealth Rock|p1a: Tornadus-Therian","|-sidestart|p1: Nеowսlf|move: Stealth Rock","|move|p1a: Tornadus-Therian|Hurricane|p2a: Bronzong","|-resisted|p2a: Bronzong","|-damage|p2a: Bronzong|0 fnt","|faint|p2a: Bronzong","|","|","|switch|p2a: Scizor|Scizor, F|343/343","|turn|27","|","|move|p2a: Scizor|U-turn|p1a: Tornadus-Therian","|-resisted|p1a: Tornadus-Therian","|-damage|p1a: Tornadus-Therian|126/332 par","|","|switch|p2a: Heatran|Heatran, F|245/386","|move|p1a: Tornadus-Therian|Heat Wave|p2a: Heatran","|-start|p2a: Heatran|ability: Flash Fire","|","|-heal|p2a: Heatran|269/386|[from] item: Leftovers","|turn|28","|","|move|p2a: Heatran|Substitute|p2a: Heatran","|-start|p2a: Heatran|Substitute","|-damage|p2a: Heatran|173/386","|move|p1a: Tornadus-Therian|Focus Blast|p2a: Heatran","|-supereffective|p2a: Heatran","|-end|p2a: Heatran|Substitute","|","|-heal|p2a: Heatran|197/386|[from] item: Leftovers","|turn|29","|","|move|p2a: Heatran|Substitute|p2a: Heatran","|-start|p2a: Heatran|Substitute","|-damage|p2a: Heatran|101/386","|move|p1a: Tornadus-Therian|Focus Blast|p2a: Heatran|[miss]","|-miss|p1a: Tornadus-Therian|p2a: Heatran","|","|-heal|p2a: Heatran|125/386|[from] item: Leftovers","|turn|30","|","|move|p2a: Heatran|Lava Plume|p1a: Tornadus-Therian","|-damage|p1a: Tornadus-Therian|0 fnt","|faint|p1a: Tornadus-Therian","|","|-heal|p2a: Heatran|149/386|[from] item: Leftovers","|","|switch|p1a: Thundurus|Thundurus, M|152/299","|-damage|p1a: Thundurus|78/299|[from] Stealth Rock","|turn|31","|","|move|p1a: Thundurus|Thunderbolt|p2a: Heatran","|-end|p2a: Heatran|Substitute","|move|p2a: Heatran|Lava Plume|p1a: Thundurus","|-damage|p1a: Thundurus|0 fnt","|faint|p1a: Thundurus","|","|-heal|p2a: Heatran|173/386|[from] item: Leftovers","|","|switch|p1a: Mandibuzz|Mandibuzz, F|316/421 tox","|-damage|p1a: Mandibuzz|211/421 tox|[from] Stealth Rock","|turn|32","|","|move|p1a: Mandibuzz|Defog|p2a: Heatran","|-unboost|p2a: Heatran|evasion|1","|-sideend|p1: Nеowսlf|Stealth Rock|[from] move: Defog|[of] p1a: Mandibuzz","|move|p2a: Heatran|Lava Plume|p1a: Mandibuzz","|-damage|p1a: Mandibuzz|72/421 tox","|","|-heal|p1a: Mandibuzz|98/421 tox|[from] item: Leftovers","|-heal|p2a: Heatran|197/386|[from] item: Leftovers","|-damage|p1a: Mandibuzz|72/421 tox|[from] psn","|turn|33","|","|move|p1a: Mandibuzz|Foul Play|p2a: Heatran","|-damage|p2a: Heatran|121/386","|move|p2a: Heatran|Lava Plume|p1a: Mandibuzz","|-damage|p1a: Mandibuzz|0 fnt","|faint|p1a: Mandibuzz","|","|-heal|p2a: Heatran|145/386|[from] item: Leftovers","|","|switch|p1a: Charizard|Charizard, M|297/297","|turn|34","|","|move|p1a: Charizard|Dragon Dance|p1a: Charizard","|-boost|p1a: Charizard|atk|1","|-boost|p1a: Charizard|spe|1","|move|p2a: Heatran|Toxic|p1a: Charizard","|-status|p1a: Charizard|tox","|","|-heal|p2a: Heatran|169/386|[from] item: Leftovers","|-damage|p1a: Charizard|279/297 tox|[from] psn","|turn|35","|","|detailschange|p1a: Charizard|Charizard-Mega-X, M","|-mega|p1a: Charizard|Charizard|Charizardite X","|move|p1a: Charizard|Dragon Claw|p2a: Heatran","|-resisted|p2a: Heatran","|-damage|p2a: Heatran|45/386","|move|p2a: Heatran|Lava Plume|p1a: Charizard","|-resisted|p1a: Charizard","|-damage|p1a: Charizard|229/297 tox","|","|-heal|p2a: Heatran|69/386|[from] item: Leftovers","|-damage|p1a: Charizard|193/297 tox|[from] psn","|turn|36","|","|move|p1a: Charizard|Dragon Claw|p2a: Heatran","|-resisted|p2a: Heatran","|-damage|p2a: Heatran|0 fnt","|faint|p2a: Heatran","|","|-damage|p1a: Charizard|139/297 tox|[from] psn","|","|switch|p2a: Ferrothorn|Ferrothorn, M|288/352","|turn|37","|","|move|p1a: Charizard|Fire Punch|p2a: Ferrothorn","|-supereffective|p2a: Ferrothorn","|-damage|p2a: Ferrothorn|0 fnt","|-damage|p1a: Charizard|102/297 tox|[from] ability: Iron Barbs|[of] p2a: Ferrothorn","|faint|p2a: Ferrothorn","|","|-damage|p1a: Charizard|30/297 tox|[from] psn","|","|switch|p2a: Scizor|Scizor, F|343/343","|turn|38","|","|switch|p1a: Skarmory|Skarmory, M|334/334","|move|p2a: Scizor|Bullet Punch|p1a: Skarmory","|-resisted|p1a: Skarmory","|-damage|p1a: Skarmory|285/334","|","|-heal|p1a: Skarmory|305/334|[from] item: Leftovers","|turn|39","|","|switch|p2a: Empoleon|Empoleon, F|310/310","|move|p1a: Skarmory|Stealth Rock|p2a: Empoleon","|-sidestart|p2: Dead Rabbit|move: Stealth Rock","|","|-heal|p1a: Skarmory|325/334|[from] item: Leftovers","|turn|40","|","|move|p2a: Empoleon|Hydro Pump|p1a: Skarmory","|-damage|p1a: Skarmory|73/334","|move|p1a: Skarmory|Whirlwind|p2a: Empoleon","|drag|p2a: Skarmory|Skarmory, F|334/334","|-damage|p2a: Skarmory|293/334|[from] Stealth Rock","|","|-heal|p1a: Skarmory|93/334|[from] item: Leftovers","|-heal|p2a: Skarmory|313/334|[from] item: Leftovers","|turn|41","|","|switch|p1a: Charizard|Charizard-Mega-X, M|30/297 tox","|switch|p2a: Empoleon|Empoleon, F|310/310","|-damage|p2a: Empoleon|291/310|[from] Stealth Rock","|","|-damage|p1a: Charizard|12/297 tox|[from] psn","|turn|42","|","|move|p2a: Empoleon|Ice Beam|p1a: Charizard","|-damage|p1a: Charizard|0 fnt","|faint|p1a: Charizard","|","|","|switch|p1a: Skarmory|Skarmory, M|93/334","|turn|43","|","|move|p2a: Empoleon|Ice Beam|p1a: Skarmory","|-damage|p1a: Skarmory|0 fnt","|faint|p1a: Skarmory","|","|win|Dead Rabbit"],"p1rating":{"entryid":"7254104","serverid":"eos","formatid":"monotype","userid":"nowlf","username":"Nеowսlf","w":"3","l":1,"t":"0","gxe":55.9,"r":"1500","rd":"130","sigma":"0","rptime":"1438160400","rpr":1546.9596198064,"rprd":106.10827823051,"rpsigma":"0","acre":1089.0563754807,"lacre":1089.0563754807,"oldacre":"1120.758952392"},"p2rating":{"entryid":"6892770","serverid":"eos","formatid":"monotype","userid":"deadrabbit","username":"Dead Rabbit","w":2,"l":"1","t":"0","gxe":54.2,"r":1498.6338727451,"rd":118.96096632202,"sigma":"0","rptime":1438160400,"rpr":1532.9826897976,"rprd":113.41549511002,"rpsigma":"0","acre":1071.1931266742,"lacre":1071.1931266742,"oldacre":"1025.2770985888"},"endType":"normal"}