{"seed":[13954,58272,44754,47881],"turns":24,"p1":"Marx-Bot","p2":"Professor ♅ ☯ Nyx","p1team":[{"name":"Darude Hailstorm","species":"abomasnow","item":"focussash","ability":"Snow Warning","moves":["blizzard","gigadrain","iceshard","shadowball"],"nature":"Mild","evs":{"hp":248,"atk":8,"def":0,"spa":252,"spd":0,"spe":0},"gender":"M","shiny":true,"ivs":{"hp":31,"atk":31,"def":31,"spa":31,"spd":31,"spe":31}},{"name":"Froslass","species":"Froslass","item":"focussash","ability":"Cursed Body","moves":["destinybond","icebeam","taunt","shadowball"],"nature":"Timid","evs":{"hp":0,"atk":0,"def":0,"spa":252,"spd":4,"spe":252},"ivs":{"hp":31,"atk":31,"def":31,"spa":31,"spd":31,"spe":31}},{"name":"Ice Age","species":"mamoswine","item":"choicescarf","ability":"Thick Fat","moves":["superpower","earthquake","iciclecrash","stoneedge"],"nature":"Jolly","evs":{"hp":0,"atk":252,"def":0,"spa":0,"spd":4,"spe":252},"gender":"M","shiny":true,"ivs":{"hp":31,"atk":31,"def":31,"spa":31,"spd":31,"spe":31}},{"name":"The Titanic","species":"avalugg","item":"rockyhelmet","ability":"Sturdy","moves":["rapidspin","toxic","recover","avalanche"],"nature":"Bold","evs":{"hp":248,"atk":0,"def":252,"spa":0,"spd":8,"spe":0},"gender":"M","shiny":true,"ivs":{"hp":31,"atk":31,"def":31,"spa":31,"spd":31,"spe":31}},{"name":"Kyurem-Black","species":"Kyurem-Black","item":"muscleband","ability":"Teravolt","moves":["fusionbolt","outrage","icebeam","shadowclaw"],"nature":"Naughty","evs":{"hp":248,"atk":252,"def":0,"spa":8,"spd":0,"spe":0},"ivs":{"hp":31,"atk":31,"def":31,"spa":31,"spd":31,"spe":31}},{"name":"King Kold","species":"rotomfrost","item":"leftovers","ability":"Levitate","moves":["discharge","willowisp","painsplit","charge"],"nature":"Calm","evs":{"hp":248,"atk":0,"def":0,"spa":252,"spd":8,"spe":0},"shiny":true,"ivs":{"hp":31,"atk":31,"def":31,"spa":31,"spd":31,"spe":31}}],"p2team":[{"name":"Quagsire","species":"Quagsire","item":"leftovers","ability":"Unaware","moves":["scald","earthpower","yawn","recover"],"nature":"Calm","evs":{"hp":252,"atk":0,"def":4,"spa":0,"spd":252,"spe":0},"ivs":{"hp":31,"atk":31,"def":31,"spa":31,"spd":31,"spe":31}},{"name":"Azumarill","species":"Azumarill","item":"sitrusberry","ability":"Sap Sipper","moves":["aquajet","icepunch","playrough","bellydrum"],"nature":"Adamant","evs":{"hp":252,"atk":252,"def":0,"spa":0,"spd":4,"spe":0},"ivs":{"hp":31,"atk":31,"def":31,"spa":31,"spd":31,"spe":31}},{"name":"Keldeo","species":"Keldeo","item":"leftovers","ability":"Justified","moves":["calmmind","substitute","scald","secretsword"],"nature":"Timid","evs":{"hp":0,"atk":0,"def":164,"spa":92,"spd":0,"spe":252},"ivs":{"hp":31,"atk":31,"def":31,"spa":31,"spd":31,"spe":31}},{"name":"Manaphy","species":"Manaphy","item":"keeberry","ability":"Hydration","moves":["raindance","rest","calmmind","scald"],"nature":"Serious","evs":{"hp":248,"atk":0,"def":180,"spa":0,"spd":80,"spe":0},"ivs":{"hp":31,"atk":31,"def":31,"spa":31,"spd":31,"spe":31}},{"name":"Empoleon","species":"Empoleon","item":"leftovers","ability":"Torrent","moves":["scald","stealthrock","flashcannon","defog"],"nature":"Bold","evs":{"hp":252,"atk":0,"def":68,"spa":112,"spd":76,"spe":0},"ivs":{"hp":31,"atk":31,"def":31,"spa":31,"spd":31,"spe":31}},{"name":"Gyarados","species":"Gyarados","item":"gyaradosite","ability":"Intimidate","moves":["dragondance","waterfall","earthquake","crunch"],"nature":"Adamant","evs":{"hp":0,"atk":252,"def":0,"spa":0,"spd":4,"spe":252},"ivs":{"hp":31,"atk":31,"def":31,"spa":31,"spd":31,"spe":31}}],"log":["|player|p1|Marx-Bot|238","|player|p2|Professor ♅ ☯ Nyx|132","|gametype|singles","|gen|6","|tier|Monotype","|rated","|rule|Baton Pass Clause: Limit one Baton Passer, can't pass Spe and other stats simultaneously","|rule|Swagger Clause: Swagger is banned","|rule|Same Type Clause: Pokémon in a team must share a type","|clearpoke","|poke|p1|Abomasnow, M, shiny","|poke|p1|Froslass, F","|poke|p1|Mamoswine, M, shiny","|poke|p1|Avalugg, M, shiny","|poke|p1|Kyurem-Black","|poke|p1|Rotom-Frost, shiny","|poke|p2|Quagsire, F","|poke|p2|Azumarill, F","|poke|p2|Keldeo","|poke|p2|Manaphy","|poke|p2|Empoleon, M","|poke|p2|Gyarados, F","|rule|Sleep Clause Mod: Limit one foe put to sleep","|rule|Species Clause: Limit one of each Pokémon","|rule|OHKO Clause: OHKO moves are banned","|rule|Moody Clause: Moody is banned","|rule|Evasion Moves Clause: Evasion moves are banned","|rule|Endless Battle Clause: Forcing endless battles is banned","|rule|HP Percentage Mod: HP is shown in percentages","|teampreview","|","|start","|switch|p1a: Froslass|Froslass, F|281/281","|switch|p2a: Empoleon|Empoleon, M|372/372","|turn|1","|","|move|p1a: Froslass|Taunt|p2a: Empoleon","|-start|p2a: Empoleon|move: Taunt","|move|p2a: Empoleon|Flash Cannon|p1a: Froslass","|-supereffective|p1a: Froslass","|-enditem|p1a: Froslass|Focus Sash","|-damage|p1a: Froslass|1/281","|","|turn|2","|","|switch|p2a: Azumarill|Azumarill, F|404/404","|move|p1a: Froslass|Destiny Bond|p1a: Froslass","|-singlemove|p1a: Froslass|Destiny Bond","|","|turn|3","|","|move|p1a: Froslass|Taunt|p2a: Azumarill","|-start|p2a: Azumarill|move: Taunt","|cant|p2a: Azumarill|move: Taunt|Belly Drum","|","|turn|4","|","|switch|p1a: The Titanic|Avalugg, M, shiny|393/393","|move|p2a: Azumarill|Aqua Jet|p1a: The Titanic","|-damage|p1a: The Titanic|374/393","|-damage|p2a: Azumarill|337/404|[from] item: Rocky Helmet|[of] p1a: The Titanic","|","|turn|5","|","|switch|p2a: Empoleon|Empoleon, M|372/372","|move|p1a: The Titanic|Toxic|p2a: Empoleon","|-immune|p2a: Empoleon|[msg]","|","|turn|6","|","|switch|p1a: Froslass|Froslass, F|1/281","|move|p2a: Empoleon|Stealth Rock|p1a: Froslass","|-sidestart|p1: Marx-Bot|move: Stealth Rock","|","|turn|7","|","|switch|p2a: Azumarill|Azumarill, F|337/404","|move|p1a: Froslass|Shadow Ball|p2a: Azumarill","|-damage|p2a: Azumarill|220/404","|-unboost|p2a: Azumarill|spd|1","|","|turn|8","|","|switch|p2a: Gyarados|Gyarados, F|331/331","|-ability|p2a: Gyarados|Intimidate","|-unboost|p1a: Froslass|atk|1","|move|p1a: Froslass|Shadow Ball|p2a: Gyarados","|-crit|p2a: Gyarados","|-damage|p2a: Gyarados|168/331","|-unboost|p2a: Gyarados|spd|1","|","|turn|9","|","|detailschange|p2a: Gyarados|Gyarados-Mega, F","|-mega|p2a: Gyarados|Gyarados|Gyaradosite","|-ability|p2a: Gyarados|Mold Breaker","|move|p1a: Froslass|Shadow Ball|p2a: Gyarados","|-resisted|p2a: Gyarados","|-damage|p2a: Gyarados|102/331","|move|p2a: Gyarados|Dragon Dance|p2a: Gyarados","|-boost|p2a: Gyarados|atk|1","|-boost|p2a: Gyarados|spe|1","|","|turn|10","|","|move|p2a: Gyarados|Waterfall|p1a: Froslass","|-damage|p1a: Froslass|0 fnt","|-start|p2a: Gyarados|Disable|Waterfall","|faint|p1a: Froslass","|","|","|switch|p1a: Kyurem-Black|Kyurem-Black|453/453","|-damage|p1a: Kyurem-Black|340/453|[from] Stealth Rock","|-ability|p1a: Kyurem-Black|Teravolt","|turn|11","|","|move|p2a: Gyarados|Crunch|p1a: Kyurem-Black","|-damage|p1a: Kyurem-Black|84/453","|move|p1a: Kyurem-Black|Fusion Bolt|p2a: Gyarados","|-supereffective|p2a: Gyarados","|-damage|p2a: Gyarados|0 fnt","|faint|p2a: Gyarados","|","|","|switch|p2a: Quagsire|Quagsire, F|394/394","|turn|12","|","|move|p1a: Kyurem-Black|Outrage|p2a: Quagsire","|-damage|p2a: Quagsire|52/394","|move|p2a: Quagsire|Earth Power|p1a: Kyurem-Black","|-damage|p1a: Kyurem-Black|0 fnt","|faint|p1a: Kyurem-Black","|","|-heal|p2a: Quagsire|76/394|[from] item: Leftovers","|","|switch|p1a: Ice Age|Mamoswine, M, shiny|361/361","|-damage|p1a: Ice Age|316/361|[from] Stealth Rock","|turn|13","|","|switch|p2a: Manaphy|Manaphy|403/403","|move|p1a: Ice Age|Earthquake|p2a: Manaphy","|-damage|p2a: Manaphy|240/403","|-enditem|p2a: Manaphy|Kee Berry|[eat]","|-boost|p2a: Manaphy|def|1|[from] item: Kee Berry","|","|turn|14","|","|move|p1a: Ice Age|Earthquake|p2a: Manaphy","|-crit|p2a: Manaphy","|-damage|p2a: Manaphy|26/403","|move|p2a: Manaphy|Rest|p2a: Manaphy","|-status|p2a: Manaphy|slp","|-heal|p2a: Manaphy|403/403 slp|[silent]","|-status|p2a: Manaphy|slp|[from] move: Rest","|","|turn|15","|","|switch|p1a: Darude Hailstorm|Abomasnow, M, shiny|383/383","|-damage|p1a: Darude Hailstorm|288/383|[from] Stealth Rock","|-weather|Hail","|cant|p2a: Manaphy|slp","|","|-weather|Hail|[upkeep]","|-damage|p2a: Manaphy|378/403 slp|[from] hail","|turn|16","|","|cant|p2a: Manaphy|slp","|move|p1a: Darude Hailstorm|Giga Drain|p2a: Manaphy","|-supereffective|p2a: Manaphy","|-damage|p2a: Manaphy|178/403 slp","|-heal|p1a: Darude Hailstorm|383/383|[from] drain|[of] p2a: Manaphy","|","|-weather|Hail|[upkeep]","|-damage|p2a: Manaphy|153/403 slp|[from] hail","|turn|17","|","|-curestatus|p2a: Manaphy|slp","|move|p2a: Manaphy|Calm Mind|p2a: Manaphy","|-boost|p2a: Manaphy|spa|1","|-boost|p2a: Manaphy|spd|1","|move|p1a: Darude Hailstorm|Giga Drain|p2a: Manaphy","|-supereffective|p2a: Manaphy","|-damage|p2a: Manaphy|0 fnt","|faint|p2a: Manaphy","|","|-weather|Hail|[upkeep]","|","|switch|p2a: Empoleon|Empoleon, M|372/372","|turn|18","|","|move|p1a: Darude Hailstorm|Giga Drain|p2a: Empoleon","|-damage|p2a: Empoleon|270/372","|move|p2a: Empoleon|Flash Cannon|p1a: Darude Hailstorm","|-supereffective|p1a: Darude Hailstorm","|-damage|p1a: Darude Hailstorm|105/383","|-unboost|p1a: Darude Hailstorm|spd|1","|","|-weather|Hail|[upkeep]","|-damage|p2a: Empoleon|247/372|[from] hail","|-heal|p2a: Empoleon|270/372|[from] item: Leftovers","|turn|19","|","|move|p2a: Empoleon|Flash Cannon|p1a: Darude Hailstorm","|-supereffective|p1a: Darude Hailstorm","|-damage|p1a: Darude Hailstorm|0 fnt","|faint|p1a: Darude Hailstorm","|","|-weather|none","|-heal|p2a: Empoleon|293/372|[from] item: Leftovers","|","|switch|p1a: Ice Age|Mamoswine, M, shiny|316/361","|-damage|p1a: Ice Age|271/361|[from] Stealth Rock","|turn|20","|","|move|p1a: Ice Age|Earthquake|p2a: Empoleon","|-supereffective|p2a: Empoleon","|-damage|p2a: Empoleon|0 fnt","|faint|p2a: Empoleon","|","|","|switch|p2a: Keldeo|Keldeo|323/323","|turn|21","|","|move|p1a: Ice Age|Earthquake|p2a: Keldeo","|-crit|p2a: Keldeo","|-damage|p2a: Keldeo|56/323","|move|p2a: Keldeo|Secret Sword|p1a: Ice Age","|-crit|p1a: Ice Age","|-supereffective|p1a: Ice Age","|-damage|p1a: Ice Age|0 fnt","|faint|p1a: Ice Age","|","|-heal|p2a: Keldeo|76/323|[from] item: Leftovers","|","|switch|p1a: The Titanic|Avalugg, M, shiny|374/393","|-damage|p1a: The Titanic|276/393|[from] Stealth Rock","|turn|22","|","|move|p2a: Keldeo|Calm Mind|p2a: Keldeo","|-boost|p2a: Keldeo|spa|1","|-boost|p2a: Keldeo|spd|1","|move|p1a: The Titanic|Avalanche|p2a: Keldeo","|-resisted|p2a: Keldeo","|-damage|p2a: Keldeo|43/323","|","|-heal|p2a: Keldeo|63/323|[from] item: Leftovers","|turn|23","|","|move|p2a: Keldeo|Scald|p1a: The Titanic","|-crit|p1a: The Titanic","|-damage|p1a: The Titanic|0 fnt","|faint|p1a: The Titanic","|","|-heal|p2a: Keldeo|83/323|[from] item: Leftovers","|","|switch|p1a: King Kold|Rotom-Frost, shiny|303/303","|-damage|p1a: King Kold|228/303|[from] Stealth Rock","|turn|24","|","|move|p2a: Keldeo|Secret Sword|p1a: King Kold","|-supereffective|p1a: King Kold","|-damage|p1a: King Kold|0 fnt","|faint|p1a: King Kold","|","|win|Professor ♅ ☯ Nyx"],"p1rating":{"entryid":"5765428","serverid":"eos","formatid":"monotype","userid":"marxbot","username":"Marx Bot","w":"186","l":277,"t":"0","gxe":41.3,"r":"1433.5518455378","rd":"25.876418629631","sigma":"0","rptime":"1438160400","rpr":1434.123416541,"rprd":25.741311041025,"rpsigma":"0","acre":1193.8344688013,"lacre":1193.8344688013,"oldacre":"1222.9579162219"},"p2rating":{"entryid":"6674868","serverid":"eos","formatid":"monotype","userid":"professornyx","username":"Professor ♅ ☯ Nyx","w":48,"l":"35","t":"0","gxe":55.7,"r":"1535.3837270982","rd":"42.319395529688","sigma":"0","rptime":"1438160400","rpr":1543.5092192261,"rprd":41.738368412147,"rpsigma":"0","acre":1194.2477641817,"lacre":1194.2477641817,"oldacre":"1165.1243167611"},"endType":"normal"}