{"seed":[13170,15480,16336,61100],"turns":22,"p1":"Voidchrono","p2":"Hershey Bot","p1team":[{"name":"Mew","species":"Mew","item":"leftovers","ability":"Synchronize","moves":["knockoff","stealthrock","roost","willowisp"],"nature":"Calm","evs":{"hp":252,"atk":0,"def":84,"spa":0,"spd":172,"spe":0},"ivs":{"hp":31,"atk":31,"def":31,"spa":31,"spd":31,"spe":31}},{"name":"Gardevoir","species":"Gardevoir","item":"gardevoirite","ability":"Trace","moves":["hypervoice","focusblast","substitute","willowisp"],"nature":"Calm","evs":{"hp":248,"atk":0,"def":0,"spa":132,"spd":128,"spe":0},"ivs":{"hp":31,"atk":31,"def":31,"spa":31,"spd":31,"spe":31}},{"name":"Victini","species":"Victini","item":"choicescarf","ability":"Victory Star","moves":["trick","vcreate","boltstrike","uturn"],"nature":"Jolly","evs":{"hp":0,"atk":252,"def":0,"spa":0,"spd":4,"spe":252},"ivs":{"hp":31,"atk":31,"def":31,"spa":31,"spd":31,"spe":31}},{"name":"Slowbro","species":"Slowbro","item":"leftovers","ability":"Regenerator","moves":["flamethrower","scald","slackoff","thunderwave"],"nature":"Bold","evs":{"hp":252,"atk":0,"def":252,"spa":4,"spd":0,"spe":0},"ivs":{"hp":31,"atk":0,"def":31,"spa":31,"spd":31,"spe":31}},{"name":"Latios","species":"Latios","item":"choicescarf","ability":"Levitate","moves":["surf","energyball","dragonpulse","defog"],"nature":"Timid","evs":{"hp":0,"atk":0,"def":0,"spa":252,"spd":4,"spe":252},"ivs":{"hp":31,"atk":0,"def":31,"spa":31,"spd":31,"spe":31}},{"name":"Meloetta","species":"Meloetta","item":"assaultvest","ability":"Serene Grace","moves":["dazzlinggleam","hypervoice","shadowball","psyshock"],"nature":"Modest","evs":{"hp":72,"atk":0,"def":0,"spa":252,"spd":184,"spe":0},"ivs":{"hp":31,"atk":0,"def":31,"spa":31,"spd":31,"spe":31}}],"p2team":[{"name":"Serperior","species":"Serperior","item":"choicespecs","ability":"Contrary","moves":["leafstorm","dragonpulse","hiddenpowerground","gigadrain"],"nature":"Timid","evs":{"hp":0,"atk":0,"def":0,"spa":252,"spd":4,"spe":252},"ivs":{"hp":31,"atk":31,"def":31,"spa":30,"spd":30,"spe":31}},{"name":"Venusaur","species":"Venusaur","item":"venusaurite","ability":"Overgrow","moves":["gigadrain","sludgebomb","synthesis","sleeppowder"],"nature":"Modest","evs":{"hp":248,"atk":0,"def":0,"spa":252,"spd":8,"spe":0},"ivs":{"hp":31,"atk":31,"def":31,"spa":31,"spd":31,"spe":31}},{"name":"Ferroseed","species":"Ferroseed","item":"eviolite","ability":"Iron Barbs","moves":["leechseed","thunderwave","gyroball","stealthrock"],"nature":"Relaxed","evs":{"hp":248,"atk":8,"def":252,"spa":0,"spd":0,"spe":0},"ivs":{"hp":31,"atk":31,"def":31,"spa":31,"spd":31,"spe":0}},{"name":"Breloom","species":"Breloom","item":"focussash","ability":"Technician","moves":["swordsdance","spore","machpunch","bulletseed"],"nature":"Jolly","evs":{"hp":0,"atk":252,"def":0,"spa":0,"spd":4,"spe":252},"ivs":{"hp":31,"atk":31,"def":31,"spa":31,"spd":31,"spe":31}},{"name":"Shaymin","species":"Shaymin","item":"choicescarf","ability":"Natural Cure","moves":["seedflare","airslash","earthpower","psychic"],"nature":"Timid","evs":{"hp":0,"atk":0,"def":0,"spa":252,"spd":4,"spe":252},"ivs":{"hp":31,"atk":31,"def":31,"spa":31,"spd":31,"spe":31}},{"name":"Sawsbuck","species":"Sawsbuck","item":"choiceband","ability":"Sap Sipper","moves":["hornleech","megahorn","jumpkick","return"],"nature":"Adamant","evs":{"hp":0,"atk":252,"def":0,"spa":0,"spd":8,"spe":248},"ivs":{"hp":31,"atk":31,"def":31,"spa":31,"spd":31,"spe":31}}],"log":["|player|p1|Voidchrono|voidchrono.png","|player|p2|Hershey Bot|4","|gametype|singles","|gen|6","|tier|Monotype","|rated","|rule|Baton Pass Clause: Limit one Baton Passer, can't pass Spe and other stats simultaneously","|rule|Swagger Clause: Swagger is banned","|rule|Same Type Clause: Pokémon in a team must share a type","|clearpoke","|poke|p1|Mew","|poke|p1|Gardevoir, M","|poke|p1|Victini","|poke|p1|Slowbro, F","|poke|p1|Latios, M","|poke|p1|Meloetta","|poke|p2|Serperior, F","|poke|p2|Venusaur, M","|poke|p2|Ferroseed, F","|poke|p2|Breloom, M","|poke|p2|Shaymin","|poke|p2|Sawsbuck, M","|rule|Sleep Clause Mod: Limit one foe put to sleep","|rule|Species Clause: Limit one of each Pokémon","|rule|OHKO Clause: OHKO moves are banned","|rule|Moody Clause: Moody is banned","|rule|Evasion Moves Clause: Evasion moves are banned","|rule|Endless Battle Clause: Forcing endless battles is banned","|rule|HP Percentage Mod: HP is shown in percentages","|teampreview","|","|start","|switch|p1a: Victini|Victini|341/341","|switch|p2a: Venusaur|Venusaur, M|363/363","|turn|1","|","|detailschange|p2a: Venusaur|Venusaur-Mega, M","|-mega|p2a: Venusaur|Venusaur|Venusaurite","|move|p1a: Victini|U-turn|p2a: Venusaur","|-damage|p2a: Venusaur|302/363","|","|switch|p1a: Meloetta|Meloetta|359/359","|move|p2a: Venusaur|Sleep Powder|p1a: Meloetta","|-status|p1a: Meloetta|slp","|","|turn|2","|","|cant|p1a: Meloetta|slp","|move|p2a: Venusaur|Giga Drain|p1a: Meloetta","|-damage|p1a: Meloetta|290/359 slp","|-heal|p2a: Venusaur|337/363|[from] drain|[of] p1a: Meloetta","|","|turn|3","|","|cant|p1a: Meloetta|slp","|move|p2a: Venusaur|Giga Drain|p1a: Meloetta","|-damage|p1a: Meloetta|224/359 slp","|-heal|p2a: Venusaur|363/363|[from] drain|[of] p1a: Meloetta","|","|turn|4","|","|-curestatus|p1a: Meloetta|slp","|move|p1a: Meloetta|Psyshock|p2a: Venusaur","|-supereffective|p2a: Venusaur","|-damage|p2a: Venusaur|111/363","|move|p2a: Venusaur|Sludge Bomb|p1a: Meloetta","|-damage|p1a: Meloetta|145/359","|-status|p1a: Meloetta|psn","|","|-damage|p1a: Meloetta|101/359 psn|[from] psn","|turn|5","|","|move|p1a: Meloetta|Psyshock|p2a: Venusaur","|-supereffective|p2a: Venusaur","|-damage|p2a: Venusaur|0 fnt","|faint|p2a: Venusaur","|","|-damage|p1a: Meloetta|57/359 psn|[from] psn","|","|switch|p2a: Ferroseed|Ferroseed, F|291/291","|turn|6","|","|switch|p1a: Victini|Victini|341/341","|move|p2a: Ferroseed|Stealth Rock|p1a: Victini","|-sidestart|p1: Voidchrono|move: Stealth Rock","|","|turn|7","|","|switch|p2a: Serperior|Serperior, F|291/291","|move|p1a: Victini|V-create|p2a: Serperior","|-supereffective|p2a: Serperior","|-damage|p2a: Serperior|0 fnt","|-unboost|p1a: Victini|def|1","|-unboost|p1a: Victini|spd|1","|-unboost|p1a: Victini|spe|1","|faint|p2a: Serperior","|","|","|switch|p2a: Shaymin|Shaymin|341/341","|turn|8","|","|move|p2a: Shaymin|Earth Power|p1a: Victini","|-supereffective|p1a: Victini","|-damage|p1a: Victini|87/341","|move|p1a: Victini|V-create|p2a: Shaymin","|-supereffective|p2a: Shaymin","|-damage|p2a: Shaymin|0 fnt","|-unboost|p1a: Victini|def|1","|-unboost|p1a: Victini|spd|1","|-unboost|p1a: Victini|spe|1","|faint|p2a: Shaymin","|","|","|switch|p2a: Sawsbuck|Sawsbuck, M|301/301","|turn|9","|","|switch|p1a: Mew|Mew|404/404","|-damage|p1a: Mew|354/404|[from] Stealth Rock","|move|p2a: Sawsbuck|Return|p1a: Mew","|-damage|p1a: Mew|113/404","|","|-heal|p1a: Mew|138/404|[from] item: Leftovers","|turn|10","|","|move|p2a: Sawsbuck|Return|p1a: Mew","|-damage|p1a: Mew|0 fnt","|faint|p1a: Mew","|","|","|switch|p1a: Slowbro|Slowbro, F|394/394","|-damage|p1a: Slowbro|345/394|[from] Stealth Rock","|turn|11","|","|move|p2a: Sawsbuck|Return|p1a: Slowbro","|-damage|p1a: Slowbro|170/394","|move|p1a: Slowbro|Thunder Wave|p2a: Sawsbuck","|-status|p2a: Sawsbuck|par","|","|-heal|p1a: Slowbro|194/394|[from] item: Leftovers","|turn|12","|","|move|p1a: Slowbro|Slack Off|p1a: Slowbro","|-heal|p1a: Slowbro|391/394","|move|p2a: Sawsbuck|Return|p1a: Slowbro","|-crit|p1a: Slowbro","|-damage|p1a: Slowbro|156/394","|","|-heal|p1a: Slowbro|180/394|[from] item: Leftovers","|turn|13","|","|move|p1a: Slowbro|Slack Off|p1a: Slowbro","|-heal|p1a: Slowbro|377/394","|move|p2a: Sawsbuck|Return|p1a: Slowbro","|-damage|p1a: Slowbro|202/394","|","|-heal|p1a: Slowbro|226/394|[from] item: Leftovers","|turn|14","|","|move|p1a: Slowbro|Slack Off|p1a: Slowbro","|-heal|p1a: Slowbro|394/394","|move|p2a: Sawsbuck|Return|p1a: Slowbro","|-damage|p1a: Slowbro|238/394","|","|-heal|p1a: Slowbro|262/394|[from] item: Leftovers","|turn|15","|","|move|p1a: Slowbro|Flamethrower|p2a: Sawsbuck","|-supereffective|p2a: Sawsbuck","|-damage|p2a: Sawsbuck|123/301 par","|cant|p2a: Sawsbuck|par","|","|-heal|p1a: Slowbro|286/394|[from] item: Leftovers","|turn|16","|","|move|p1a: Slowbro|Flamethrower|p2a: Sawsbuck","|-supereffective|p2a: Sawsbuck","|-damage|p2a: Sawsbuck|0 fnt","|faint|p2a: Sawsbuck","|","|-heal|p1a: Slowbro|310/394|[from] item: Leftovers","|","|switch|p2a: Ferroseed|Ferroseed, F|291/291","|turn|17","|","|move|p1a: Slowbro|Flamethrower|p2a: Ferroseed","|-supereffective|p2a: Ferroseed","|-damage|p2a: Ferroseed|87/291","|move|p2a: Ferroseed|Leech Seed|p1a: Slowbro","|-start|p1a: Slowbro|move: Leech Seed","|","|-heal|p1a: Slowbro|334/394|[from] item: Leftovers","|-damage|p1a: Slowbro|285/394|[from] Leech Seed|[of] p2a: Ferroseed","|-heal|p2a: Ferroseed|136/291|[silent]","|turn|18","|","|move|p1a: Slowbro|Flamethrower|p2a: Ferroseed","|-crit|p2a: Ferroseed","|-supereffective|p2a: Ferroseed","|-damage|p2a: Ferroseed|0 fnt","|faint|p2a: Ferroseed","|","|-heal|p1a: Slowbro|309/394|[from] item: Leftovers","|","|switch|p2a: Breloom|Breloom, M|261/261","|turn|19","|","|move|p2a: Breloom|Bullet Seed|p1a: Slowbro","|-supereffective|p1a: Slowbro","|-damage|p1a: Slowbro|217/394","|-supereffective|p1a: Slowbro","|-damage|p1a: Slowbro|121/394","|-hitcount|p1a: Slowbro|2","|move|p1a: Slowbro|Thunder Wave|p2a: Breloom","|-status|p2a: Breloom|par","|","|-heal|p1a: Slowbro|145/394|[from] item: Leftovers","|-damage|p1a: Slowbro|96/394|[from] Leech Seed|[of] p2a: Breloom","|turn|20","|","|move|p1a: Slowbro|Flamethrower|p2a: Breloom","|-supereffective|p2a: Breloom","|-damage|p2a: Breloom|37/261 par","|move|p2a: Breloom|Spore|p1a: Slowbro","|-status|p1a: Slowbro|slp","|","|-heal|p1a: Slowbro|120/394 slp|[from] item: Leftovers","|-damage|p1a: Slowbro|71/394 slp|[from] Leech Seed|[of] p2a: Breloom","|-heal|p2a: Breloom|86/261 par|[silent]","|turn|21","|","|switch|p1a: Meloetta|Meloetta|57/359 psn","|-damage|p1a: Meloetta|13/359 psn|[from] Stealth Rock","|move|p2a: Breloom|Bullet Seed|p1a: Meloetta","|-damage|p1a: Meloetta|0 fnt","|-hitcount|p1a: Meloetta|1","|faint|p1a: Meloetta","|","|","|switch|p1a: Gardevoir|Gardevoir, M|339/339","|-damage|p1a: Gardevoir|297/339|[from] Stealth Rock","|-ability|p1a: Gardevoir|Technician|[from] ability: Trace|[of] p2a: Breloom","|turn|22","|","|detailschange|p1a: Gardevoir|Gardevoir-Mega, M","|-mega|p1a: Gardevoir|Gardevoir|Gardevoirite","|move|p1a: Gardevoir|Hyper Voice|p2a: Breloom","|-supereffective|p2a: Breloom","|-damage|p2a: Breloom|0 fnt","|faint|p2a: Breloom","|","|win|Voidchrono"],"p1rating":{"entryid":"5810362","serverid":"eos","formatid":"monotype","userid":"voidchrono","username":"Void Chrono ת_תת_ת","w":123,"l":"65","t":"0","gxe":64.4,"r":"1612.5096232536","rd":"29.355272545275","sigma":"0","rptime":"1438160400","rpr":1611.7970343259,"rprd":28.918962934316,"rpsigma":"0","acre":1279.7245633376,"lacre":1279.7245633376,"oldacre":"1268.0235499096"},"p2rating":{"entryid":"7247948","serverid":"eos","formatid":"monotype","userid":"hersheybot","username":"Hershey Bot","w":"4","l":6,"t":"0","gxe":42.6,"r":"1500","rd":"130","sigma":"0","rptime":"1438160400","rpr":1441.8543259012,"rprd":87.170967363865,"rpsigma":"0","acre":1053.0021759266,"lacre":1053.0021759266,"oldacre":"1062.0380280966"},"endType":"normal"}