{"seed":[18186,56202,35096,55118],"turns":30,"p1":"Hershey Bot","p2":"GymLeader Creedz Ⓜ","p1team":[{"name":"Serperior","species":"Serperior","item":"choicespecs","ability":"Contrary","moves":["leafstorm","dragonpulse","hiddenpowerground","gigadrain"],"nature":"Timid","evs":{"hp":0,"atk":0,"def":0,"spa":252,"spd":4,"spe":252},"ivs":{"hp":31,"atk":31,"def":31,"spa":30,"spd":30,"spe":31}},{"name":"Venusaur","species":"Venusaur","item":"venusaurite","ability":"Overgrow","moves":["gigadrain","sludgebomb","synthesis","sleeppowder"],"nature":"Modest","evs":{"hp":248,"atk":0,"def":0,"spa":252,"spd":8,"spe":0},"ivs":{"hp":31,"atk":31,"def":31,"spa":31,"spd":31,"spe":31}},{"name":"Ferroseed","species":"Ferroseed","item":"eviolite","ability":"Iron Barbs","moves":["leechseed","thunderwave","gyroball","stealthrock"],"nature":"Relaxed","evs":{"hp":248,"atk":8,"def":252,"spa":0,"spd":0,"spe":0},"ivs":{"hp":31,"atk":31,"def":31,"spa":31,"spd":31,"spe":0}},{"name":"Breloom","species":"Breloom","item":"focussash","ability":"Technician","moves":["swordsdance","spore","machpunch","bulletseed"],"nature":"Jolly","evs":{"hp":0,"atk":252,"def":0,"spa":0,"spd":4,"spe":252},"ivs":{"hp":31,"atk":31,"def":31,"spa":31,"spd":31,"spe":31}},{"name":"Shaymin","species":"Shaymin","item":"choicescarf","ability":"Natural Cure","moves":["seedflare","airslash","earthpower","psychic"],"nature":"Timid","evs":{"hp":0,"atk":0,"def":0,"spa":252,"spd":4,"spe":252},"ivs":{"hp":31,"atk":31,"def":31,"spa":31,"spd":31,"spe":31}},{"name":"Sawsbuck","species":"Sawsbuck","item":"choiceband","ability":"Sap Sipper","moves":["hornleech","megahorn","jumpkick","return"],"nature":"Adamant","evs":{"hp":0,"atk":252,"def":0,"spa":0,"spd":8,"spe":248},"ivs":{"hp":31,"atk":31,"def":31,"spa":31,"spd":31,"spe":31}}],"p2team":[{"name":"Heatran","species":"Heatran","item":"airballoon","ability":"Flash Fire","moves":["earthpower","fireblast","ancientpower","stealthrock"],"nature":"Timid","evs":{"hp":4,"atk":0,"def":0,"spa":252,"spd":0,"spe":252},"ivs":{"hp":31,"atk":0,"def":31,"spa":31,"spd":31,"spe":31}},{"name":"Scizor","species":"Scizor","item":"scizorite","ability":"Technician","moves":["bulletpunch","knockoff","roost","swordsdance"],"nature":"Adamant","evs":{"hp":248,"atk":252,"def":0,"spa":0,"spd":8,"spe":0},"ivs":{"hp":31,"atk":31,"def":31,"spa":31,"spd":31,"spe":31}},{"name":"Lucario","species":"Lucario","item":"lifeorb","ability":"Justified","moves":["closecombat","swordsdance","earthquake","extremespeed"],"nature":"Adamant","evs":{"hp":4,"atk":252,"def":0,"spa":0,"spd":0,"spe":252},"ivs":{"hp":31,"atk":31,"def":31,"spa":31,"spd":31,"spe":31}},{"name":"Jirachi","species":"Jirachi","item":"choicescarf","ability":"Serene Grace","moves":["ironhead","zenheadbutt","uturn","healingwish"],"nature":"Jolly","evs":{"hp":4,"atk":252,"def":0,"spa":0,"spd":0,"spe":252},"ivs":{"hp":31,"atk":31,"def":31,"spa":31,"spd":31,"spe":31}},{"name":"Ferrothorn","species":"Ferrothorn","item":"leftovers","ability":"Iron Barbs","moves":["powerwhip","leechseed","sleeptalk","rest"],"nature":"Careful","evs":{"hp":252,"atk":4,"def":0,"spa":0,"spd":252,"spe":0},"ivs":{"hp":31,"atk":31,"def":31,"spa":31,"spd":31,"spe":31}},{"name":"Skarmory","species":"Skarmory","item":"leftovers","ability":"Sturdy","moves":["spikes","bravebird","roost","whirlwind"],"nature":"Impish","evs":{"hp":252,"atk":4,"def":252,"spa":0,"spd":0,"spe":0},"ivs":{"hp":31,"atk":31,"def":31,"spa":31,"spd":31,"spe":31}}],"log":["|player|p1|Hershey Bot|4","|player|p2|GymLeader Creedz Ⓜ|293","|gametype|singles","|gen|6","|tier|Monotype","|rated","|rule|Baton Pass Clause: Limit one Baton Passer, can't pass Spe and other stats simultaneously","|rule|Swagger Clause: Swagger is banned","|rule|Same Type Clause: Pokémon in a team must share a type","|clearpoke","|poke|p1|Serperior, M","|poke|p1|Venusaur, F","|poke|p1|Ferroseed, M","|poke|p1|Breloom, M","|poke|p1|Shaymin","|poke|p1|Sawsbuck, M","|poke|p2|Heatran, F","|poke|p2|Scizor, M","|poke|p2|Lucario, F","|poke|p2|Jirachi","|poke|p2|Ferrothorn, M","|poke|p2|Skarmory, M","|rule|Sleep Clause Mod: Limit one foe put to sleep","|rule|Species Clause: Limit one of each Pokémon","|rule|OHKO Clause: OHKO moves are banned","|rule|Moody Clause: Moody is banned","|rule|Evasion Moves Clause: Evasion moves are banned","|rule|Endless Battle Clause: Forcing endless battles is banned","|rule|HP Percentage Mod: HP is shown in percentages","|teampreview","|","|start","|switch|p1a: Serperior|Serperior, M|291/291","|switch|p2a: Heatran|Heatran, F|324/324","|-item|p2a: Heatran|Air Balloon","|turn|1","|","|move|p1a: Serperior|Dragon Pulse|p2a: Heatran","|-resisted|p2a: Heatran","|-damage|p2a: Heatran|276/324","|-enditem|p2a: Heatran|Air Balloon","|move|p2a: Heatran|Fire Blast|p1a: Serperior","|-crit|p1a: Serperior","|-supereffective|p1a: Serperior","|-damage|p1a: Serperior|0 fnt","|faint|p1a: Serperior","|","|","|switch|p1a: Breloom|Breloom, M|261/261","|turn|2","|","|switch|p2a: Skarmory|Skarmory, M|334/334","|move|p1a: Breloom|Mach Punch|p2a: Skarmory","|-damage|p2a: Skarmory|276/334","|","|-heal|p2a: Skarmory|296/334|[from] item: Leftovers","|turn|3","|","|move|p1a: Breloom|Spore|p2a: Skarmory","|-status|p2a: Skarmory|slp","|cant|p2a: Skarmory|slp","|","|-heal|p2a: Skarmory|316/334 slp|[from] item: Leftovers","|turn|4","|","|move|p1a: Breloom|Swords Dance|p1a: Breloom","|-boost|p1a: Breloom|atk|2","|cant|p2a: Skarmory|slp","|","|-heal|p2a: Skarmory|334/334 slp|[from] item: Leftovers","|turn|5","|","|move|p1a: Breloom|Mach Punch|p2a: Skarmory","|-damage|p2a: Skarmory|202/334 slp","|cant|p2a: Skarmory|slp","|","|-heal|p2a: Skarmory|222/334 slp|[from] item: Leftovers","|turn|6","|","|move|p1a: Breloom|Mach Punch|p2a: Skarmory","|-damage|p2a: Skarmory|90/334 slp","|-curestatus|p2a: Skarmory|slp","|move|p2a: Skarmory|Brave Bird|p1a: Breloom","|-supereffective|p1a: Breloom","|-enditem|p1a: Breloom|Focus Sash","|-damage|p1a: Breloom|1/261","|-damage|p2a: Skarmory|4/334|[from] recoil|[of] p1a: Breloom","|","|-heal|p2a: Skarmory|24/334|[from] item: Leftovers","|turn|7","|","|move|p1a: Breloom|Mach Punch|p2a: Skarmory","|-damage|p2a: Skarmory|0 fnt","|faint|p2a: Skarmory","|","|","|switch|p2a: Lucario|Lucario, F|282/282","|turn|8","|","|move|p2a: Lucario|Extreme Speed|p1a: Breloom","|-crit|p1a: Breloom","|-damage|p1a: Breloom|0 fnt","|-damage|p2a: Lucario|254/282|[from] item: Life Orb","|faint|p1a: Breloom","|","|","|switch|p1a: Venusaur|Venusaur, F|363/363","|turn|9","|","|switch|p2a: Heatran|Heatran, F|276/324","|detailschange|p1a: Venusaur|Venusaur-Mega, F","|-mega|p1a: Venusaur|Venusaur|Venusaurite","|move|p1a: Venusaur|Sleep Powder|p2a: Heatran","|-status|p2a: Heatran|slp","|","|turn|10","|","|cant|p2a: Heatran|slp","|move|p1a: Venusaur|Giga Drain|p2a: Heatran","|-resisted|p2a: Heatran","|-damage|p2a: Heatran|243/324 slp","|","|turn|11","|","|cant|p2a: Heatran|slp","|move|p1a: Venusaur|Giga Drain|p2a: Heatran","|-resisted|p2a: Heatran","|-damage|p2a: Heatran|213/324 slp","|","|turn|12","|","|-curestatus|p2a: Heatran|slp","|move|p2a: Heatran|Stealth Rock|p1a: Venusaur","|-sidestart|p1: Hershey Bot|move: Stealth Rock","|move|p1a: Venusaur|Giga Drain|p2a: Heatran","|-resisted|p2a: Heatran","|-damage|p2a: Heatran|179/324","|","|turn|13","|","|move|p2a: Heatran|Fire Blast|p1a: Venusaur","|-supereffective|p1a: Venusaur","|-damage|p1a: Venusaur|181/363","|-status|p1a: Venusaur|brn","|move|p1a: Venusaur|Sleep Powder|p2a: Heatran|[miss]","|-miss|p1a: Venusaur|p2a: Heatran","|","|-damage|p1a: Venusaur|136/363 brn|[from] brn","|turn|14","|","|move|p2a: Heatran|Fire Blast|p1a: Venusaur","|-supereffective|p1a: Venusaur","|-damage|p1a: Venusaur|0 fnt","|faint|p1a: Venusaur","|","|","|switch|p1a: Sawsbuck|Sawsbuck, M|301/301","|-damage|p1a: Sawsbuck|264/301|[from] Stealth Rock","|turn|15","|","|move|p1a: Sawsbuck|Jump Kick|p2a: Heatran","|-supereffective|p2a: Heatran","|-damage|p2a: Heatran|0 fnt","|faint|p2a: Heatran","|","|","|switch|p2a: Lucario|Lucario, F|254/282","|turn|16","|","|move|p1a: Sawsbuck|Jump Kick|p2a: Lucario","|-supereffective|p2a: Lucario","|-damage|p2a: Lucario|0 fnt","|faint|p2a: Lucario","|","|","|switch|p2a: Jirachi|Jirachi|342/342","|turn|17","|","|switch|p1a: Ferroseed|Ferroseed, M|291/291","|-damage|p1a: Ferroseed|273/291|[from] Stealth Rock","|move|p2a: Jirachi|Iron Head|p1a: Ferroseed","|-resisted|p1a: Ferroseed","|-damage|p1a: Ferroseed|243/291","|-damage|p2a: Jirachi|300/342|[from] ability: Iron Barbs|[of] p1a: Ferroseed","|","|turn|18","|","|switch|p2a: Scizor|Scizor, M|343/343","|move|p1a: Ferroseed|Leech Seed|p2a: Scizor","|-start|p2a: Scizor|move: Leech Seed","|","|-damage|p2a: Scizor|301/343|[from] Leech Seed|[of] p1a: Ferroseed","|-heal|p1a: Ferroseed|285/291|[silent]","|turn|19","|","|detailschange|p2a: Scizor|Scizor-Mega, M","|-mega|p2a: Scizor|Scizor|Scizorite","|move|p2a: Scizor|Swords Dance|p2a: Scizor","|-boost|p2a: Scizor|atk|2","|move|p1a: Ferroseed|Stealth Rock|p2a: Scizor","|-sidestart|p2: GymLeader Creedz Ⓜ|move: Stealth Rock","|","|-damage|p2a: Scizor|259/343|[from] Leech Seed|[of] p1a: Ferroseed","|-heal|p1a: Ferroseed|291/291|[silent]","|turn|20","|","|move|p2a: Scizor|Knock Off|p1a: Ferroseed","|-damage|p1a: Ferroseed|145/291","|-damage|p2a: Scizor|217/343|[from] ability: Iron Barbs|[of] p1a: Ferroseed","|-enditem|p1a: Ferroseed|Eviolite|[from] move: Knock Off|[of] p2a: Scizor","|move|p1a: Ferroseed|Thunder Wave|p2a: Scizor","|-status|p2a: Scizor|par","|","|-damage|p2a: Scizor|175/343 par|[from] Leech Seed|[of] p1a: Ferroseed","|-heal|p1a: Ferroseed|187/291|[silent]","|turn|21","|","|move|p2a: Scizor|Swords Dance|p2a: Scizor","|-boost|p2a: Scizor|atk|2","|move|p1a: Ferroseed|Gyro Ball|p2a: Scizor","|-resisted|p2a: Scizor","|-damage|p2a: Scizor|160/343 par","|","|-damage|p2a: Scizor|118/343 par|[from] Leech Seed|[of] p1a: Ferroseed","|-heal|p1a: Ferroseed|229/291|[silent]","|turn|22","|","|move|p2a: Scizor|Roost|p2a: Scizor","|-heal|p2a: Scizor|290/343 par","|move|p1a: Ferroseed|Gyro Ball|p2a: Scizor","|-crit|p2a: Scizor","|-resisted|p2a: Scizor","|-damage|p2a: Scizor|270/343 par","|","|-damage|p2a: Scizor|228/343 par|[from] Leech Seed|[of] p1a: Ferroseed","|-heal|p1a: Ferroseed|271/291|[silent]","|turn|23","|","|move|p2a: Scizor|Swords Dance|p2a: Scizor","|-boost|p2a: Scizor|atk|2","|move|p1a: Ferroseed|Gyro Ball|p2a: Scizor","|-resisted|p2a: Scizor","|-damage|p2a: Scizor|213/343 par","|","|-damage|p2a: Scizor|171/343 par|[from] Leech Seed|[of] p1a: Ferroseed","|-heal|p1a: Ferroseed|291/291|[silent]","|turn|24","|","|move|p2a: Scizor|Roost|p2a: Scizor","|-heal|p2a: Scizor|343/343 par","|move|p1a: Ferroseed|Gyro Ball|p2a: Scizor","|-resisted|p2a: Scizor","|-damage|p2a: Scizor|330/343 par","|","|-damage|p2a: Scizor|288/343 par|[from] Leech Seed|[of] p1a: Ferroseed","|turn|25","|","|move|p2a: Scizor|Knock Off|p1a: Ferroseed","|-damage|p1a: Ferroseed|24/291","|-damage|p2a: Scizor|246/343 par|[from] ability: Iron Barbs|[of] p1a: Ferroseed","|move|p1a: Ferroseed|Gyro Ball|p2a: Scizor","|-resisted|p2a: Scizor","|-damage|p2a: Scizor|233/343 par","|","|-damage|p2a: Scizor|191/343 par|[from] Leech Seed|[of] p1a: Ferroseed","|-heal|p1a: Ferroseed|66/291|[silent]","|turn|26","|","|cant|p2a: Scizor|par","|move|p1a: Ferroseed|Gyro Ball|p2a: Scizor","|-resisted|p2a: Scizor","|-damage|p2a: Scizor|177/343 par","|","|-damage|p2a: Scizor|135/343 par|[from] Leech Seed|[of] p1a: Ferroseed","|-heal|p1a: Ferroseed|108/291|[silent]","|turn|27","|","|move|p2a: Scizor|Roost|p2a: Scizor","|-heal|p2a: Scizor|307/343 par","|move|p1a: Ferroseed|Gyro Ball|p2a: Scizor","|-crit|p2a: Scizor","|-resisted|p2a: Scizor","|-damage|p2a: Scizor|286/343 par","|","|-damage|p2a: Scizor|244/343 par|[from] Leech Seed|[of] p1a: Ferroseed","|-heal|p1a: Ferroseed|150/291|[silent]","|turn|28","|","|move|p2a: Scizor|Knock Off|p1a: Ferroseed","|-damage|p1a: Ferroseed|0 fnt","|-damage|p2a: Scizor|202/343 par|[from] ability: Iron Barbs|[of] p1a: Ferroseed","|faint|p1a: Ferroseed","|","|","|switch|p1a: Sawsbuck|Sawsbuck, M|264/301","|-damage|p1a: Sawsbuck|227/301|[from] Stealth Rock","|turn|29","|","|move|p2a: Scizor|Bullet Punch|p1a: Sawsbuck","|-damage|p1a: Sawsbuck|0 fnt","|faint|p1a: Sawsbuck","|","|","|switch|p1a: Shaymin|Shaymin|341/341","|-damage|p1a: Shaymin|299/341|[from] Stealth Rock","|turn|30","|","|move|p2a: Scizor|Bullet Punch|p1a: Shaymin","|-damage|p1a: Shaymin|0 fnt","|faint|p1a: Shaymin","|","|win|GymLeader Creedz Ⓜ"],"p1rating":{"entryid":"7247948","serverid":"eos","formatid":"monotype","userid":"hersheybot","username":"Hershey Bot","w":"6","l":11,"t":"0","gxe":38.3,"r":"1500","rd":"130","sigma":"0","rptime":"1438160400","rpr":1408.5602022273,"rprd":73.822439347279,"rpsigma":"0","acre":1057.9418198183,"lacre":1057.9418198183,"oldacre":"1068.9149040632"},"p2rating":{"entryid":"6734895","serverid":"eos","formatid":"monotype","userid":"gymleadercreedz","username":"GymLeader Creedz Ⓜ","w":33,"l":"17","t":"0","gxe":65,"r":"1611.896603331","rd":"56.829321970094","sigma":"0","rptime":"1438160400","rpr":1617.878844537,"rprd":56.243222060909,"rpsigma":"0","acre":1255.3830190367,"lacre":1255.3830190367,"oldacre":"1241.8941107411"},"endType":"normal"}