{"seed":[25183,48814,40283,4517],"turns":35,"p1":"Nеowulf","p2":"Emporer Galaxious","p1team":[{"name":"Landorus-Therian","species":"Landorus-Therian","item":"choicescarf","ability":"Intimidate","moves":["earthquake","stoneedge","knockoff","uturn"],"nature":"Jolly","evs":{"hp":0,"atk":252,"def":0,"spa":0,"spd":4,"spe":252},"ivs":{"hp":31,"atk":31,"def":31,"spa":31,"spd":31,"spe":31}},{"name":"Skarmory","species":"Skarmory","item":"leftovers","ability":"Sturdy","moves":["ironhead","roost","stealthrock","whirlwind"],"nature":"Impish","evs":{"hp":252,"atk":0,"def":232,"spa":0,"spd":0,"spe":24},"ivs":{"hp":31,"atk":31,"def":31,"spa":31,"spd":31,"spe":31}},{"name":"Mandibuzz","species":"Mandibuzz","item":"leftovers","ability":"Overcoat","moves":["toxic","roost","foulplay","defog"],"nature":"Careful","evs":{"hp":240,"atk":0,"def":16,"spa":0,"spd":252,"spe":0},"ivs":{"hp":31,"atk":31,"def":31,"spa":31,"spd":31,"spe":31}},{"name":"Tornadus-Therian","species":"Tornadus-Therian","item":"assaultvest","ability":"Regenerator","moves":["hurricane","heatwave","uturn","focusblast"],"nature":"Hasty","evs":{"hp":132,"atk":0,"def":0,"spa":160,"spd":0,"spe":216},"ivs":{"hp":31,"atk":31,"def":31,"spa":31,"spd":31,"spe":31}},{"name":"Charizard","species":"Charizard","item":"charizarditex","ability":"Blaze","moves":["dragondance","dragonclaw","firepunch","roost"],"nature":"Jolly","evs":{"hp":0,"atk":252,"def":0,"spa":0,"spd":4,"spe":252},"ivs":{"hp":31,"atk":31,"def":31,"spa":31,"spd":31,"spe":31}},{"name":"Thundurus","species":"Thundurus","item":"leftovers","ability":"Prankster","moves":["taunt","thunderwave","thunderbolt","hiddenpowerice"],"nature":"Timid","evs":{"hp":0,"atk":0,"def":0,"spa":252,"spd":4,"spe":252},"ivs":{"hp":31,"atk":30,"def":30,"spa":31,"spd":31,"spe":31}}],"p2team":[{"name":"Boss Cavebro","species":"conkeldurr","item":"assaultvest","ability":"Sheer Force","moves":["knockoff","icepunch","drainpunch","stoneedge"],"nature":"Careful","evs":{"hp":4,"atk":0,"def":252,"spa":0,"spd":252,"spe":0},"gender":"M","shiny":true,"ivs":{"hp":31,"atk":31,"def":31,"spa":31,"spd":31,"spe":31}},{"name":"Boss Brigdin","species":"scrafty","item":"quickclaw","ability":"Moxie","moves":["dragondance","outrage","knockoff","drainpunch"],"nature":"Impish","evs":{"hp":4,"atk":0,"def":252,"spa":0,"spd":252,"spe":0},"gender":"M","ivs":{"hp":31,"atk":31,"def":31,"spa":31,"spd":31,"spe":31}},{"name":"Boss Slick","species":"hawlucha","item":"focussash","ability":"Unburden","moves":["flyingpress","encore","substitute","focuspunch"],"nature":"Adamant","evs":{"hp":0,"atk":252,"def":24,"spa":0,"spd":120,"spe":112},"gender":"M","ivs":{"hp":31,"atk":31,"def":31,"spa":31,"spd":31,"spe":31}},{"name":"Boss Vortex","species":"gallade","item":"galladite","ability":"Justified","moves":["drainpunch","icepunch","psychocut","leafblade"],"nature":"Jolly","evs":{"hp":0,"atk":252,"def":0,"spa":0,"spd":4,"spe":252},"shiny":true,"ivs":{"hp":31,"atk":31,"def":31,"spa":31,"spd":31,"spe":31}},{"name":"Boss Buffetron","species":"terrakion","item":"choicescarf","ability":"Justified","moves":["ironhead","rockslide","closecombat","zenheadbutt"],"nature":"Adamant","evs":{"hp":0,"atk":252,"def":0,"spa":0,"spd":144,"spe":112},"shiny":true,"ivs":{"hp":31,"atk":31,"def":31,"spa":31,"spd":31,"spe":31}},{"name":"Boss Toxx","species":"toxicroak","item":"blacksludge","ability":"Anticipation","moves":["fakeout","toxic","protect","superfang"],"nature":"Careful","evs":{"hp":0,"atk":0,"def":252,"spa":0,"spd":252,"spe":0},"gender":"M","shiny":true,"ivs":{"hp":31,"atk":31,"def":31,"spa":31,"spd":31,"spe":31}}],"log":["|player|p1|Nеowulf|143","|player|p2|Emporer Galaxious|136","|gametype|singles","|gen|6","|tier|Monotype","|rated","|rule|Baton Pass Clause: Limit one Baton Passer, can't pass Spe and other stats simultaneously","|rule|Swagger Clause: Swagger is banned","|rule|Same Type Clause: Pokémon in a team must share a type","|clearpoke","|poke|p1|Landorus-Therian, M","|poke|p1|Skarmory, F","|poke|p1|Mandibuzz, F","|poke|p1|Tornadus-Therian, M","|poke|p1|Charizard, M","|poke|p1|Thundurus, M","|poke|p2|Conkeldurr, M, shiny","|poke|p2|Scrafty, M","|poke|p2|Hawlucha, M","|poke|p2|Gallade, M, shiny","|poke|p2|Terrakion, shiny","|poke|p2|Toxicroak, M, shiny","|rule|Sleep Clause Mod: Limit one foe put to sleep","|rule|Species Clause: Limit one of each Pokémon","|rule|OHKO Clause: OHKO moves are banned","|rule|Moody Clause: Moody is banned","|rule|Evasion Moves Clause: Evasion moves are banned","|rule|Endless Battle Clause: Forcing endless battles is banned","|rule|HP Percentage Mod: HP is shown in percentages","|teampreview","|","|start","|switch|p1a: Thundurus|Thundurus, M|299/299","|switch|p2a: Boss Toxx|Toxicroak, M, shiny|307/307","|turn|1","|","|move|p2a: Boss Toxx|Fake Out|p1a: Thundurus","|-damage|p1a: Thundurus|255/299","|cant|p1a: Thundurus|flinch","|","|-heal|p1a: Thundurus|273/299|[from] item: Leftovers","|turn|2","|","|move|p1a: Thundurus|Thunder Wave|p2a: Boss Toxx","|-status|p2a: Boss Toxx|par","|move|p2a: Boss Toxx|Toxic|p1a: Thundurus","|-status|p1a: Thundurus|tox","|","|-heal|p1a: Thundurus|291/299 tox|[from] item: Leftovers","|-damage|p1a: Thundurus|273/299 tox|[from] psn","|turn|3","|","|move|p2a: Boss Toxx|Protect|p2a: Boss Toxx","|-singleturn|p2a: Boss Toxx|Protect","|move|p1a: Thundurus|Thunderbolt|p2a: Boss Toxx","|-activate|p2a: Boss Toxx|Protect","|","|-heal|p1a: Thundurus|291/299 tox|[from] item: Leftovers","|-damage|p1a: Thundurus|255/299 tox|[from] psn","|turn|4","|","|switch|p1a: Landorus-Therian|Landorus-Therian, M|319/319","|-ability|p1a: Landorus-Therian|Intimidate","|-unboost|p2a: Boss Toxx|atk|1","|move|p2a: Boss Toxx|Super Fang|p1a: Landorus-Therian","|-damage|p1a: Landorus-Therian|160/319","|","|turn|5","|","|move|p1a: Landorus-Therian|Earthquake|p2a: Boss Toxx","|-supereffective|p2a: Boss Toxx","|-damage|p2a: Boss Toxx|0 fnt","|faint|p2a: Boss Toxx","|","|","|switch|p2a: Boss Buffetron|Terrakion, shiny|323/323","|turn|6","|","|switch|p2a: Boss Slick|Hawlucha, M|297/297","|move|p1a: Landorus-Therian|Earthquake|p2a: Boss Slick","|-immune|p2a: Boss Slick|[msg]","|","|turn|7","|","|switch|p1a: Skarmory|Skarmory, F|334/334","|move|p2a: Boss Slick|Encore|p1a: Skarmory","|-fail|p1a: Skarmory","|","|turn|8","|","|move|p2a: Boss Slick|Substitute|p2a: Boss Slick","|-start|p2a: Boss Slick|Substitute","|-damage|p2a: Boss Slick|223/297","|move|p1a: Skarmory|Iron Head|p2a: Boss Slick","|-end|p2a: Boss Slick|Substitute","|","|turn|9","|","|move|p2a: Boss Slick|Substitute|p2a: Boss Slick","|-start|p2a: Boss Slick|Substitute","|-damage|p2a: Boss Slick|149/297","|move|p1a: Skarmory|Iron Head|p2a: Boss Slick","|-end|p2a: Boss Slick|Substitute","|","|turn|10","|","|move|p2a: Boss Slick|Flying Press|p1a: Skarmory","|-resisted|p1a: Skarmory","|-damage|p1a: Skarmory|298/334","|move|p1a: Skarmory|Iron Head|p2a: Boss Slick","|-damage|p2a: Boss Slick|61/297","|","|-heal|p1a: Skarmory|318/334|[from] item: Leftovers","|turn|11","|","|move|p2a: Boss Slick|Flying Press|p1a: Skarmory","|-resisted|p1a: Skarmory","|-damage|p1a: Skarmory|283/334","|move|p1a: Skarmory|Iron Head|p2a: Boss Slick","|-crit|p2a: Boss Slick","|-damage|p2a: Boss Slick|0 fnt","|faint|p2a: Boss Slick","|","|-heal|p1a: Skarmory|303/334|[from] item: Leftovers","|","|switch|p2a: Boss Cavebro|Conkeldurr, M, shiny|352/352","|turn|12","|","|move|p1a: Skarmory|Stealth Rock|p2a: Boss Cavebro","|-sidestart|p2: Emporer Galaxious|move: Stealth Rock","|move|p2a: Boss Cavebro|Knock Off|p1a: Skarmory","|-damage|p1a: Skarmory|248/334","|-enditem|p1a: Skarmory|Leftovers|[from] move: Knock Off|[of] p2a: Boss Cavebro","|","|turn|13","|","|move|p1a: Skarmory|Roost|p1a: Skarmory","|-heal|p1a: Skarmory|334/334","|move|p2a: Boss Cavebro|Ice Punch|p1a: Skarmory","|-resisted|p1a: Skarmory","|-damage|p1a: Skarmory|304/334","|","|turn|14","|","|move|p1a: Skarmory|Iron Head|p2a: Boss Cavebro","|-damage|p2a: Boss Cavebro|285/352","|move|p2a: Boss Cavebro|Stone Edge|p1a: Skarmory","|-damage|p1a: Skarmory|243/334","|","|turn|15","|","|move|p1a: Skarmory|Iron Head|p2a: Boss Cavebro","|-damage|p2a: Boss Cavebro|216/352","|move|p2a: Boss Cavebro|Stone Edge|p1a: Skarmory","|-damage|p1a: Skarmory|185/334","|","|turn|16","|","|move|p1a: Skarmory|Iron Head|p2a: Boss Cavebro","|-damage|p2a: Boss Cavebro|150/352","|move|p2a: Boss Cavebro|Stone Edge|p1a: Skarmory","|-crit|p1a: Skarmory","|-damage|p1a: Skarmory|97/334","|","|turn|17","|","|move|p1a: Skarmory|Roost|p1a: Skarmory","|-heal|p1a: Skarmory|264/334","|move|p2a: Boss Cavebro|Drain Punch|p1a: Skarmory","|-supereffective|p1a: Skarmory","|-damage|p1a: Skarmory|126/334","|-heal|p2a: Boss Cavebro|219/352|[from] drain|[of] p1a: Skarmory","|","|turn|18","|","|move|p1a: Skarmory|Roost|p1a: Skarmory","|-heal|p1a: Skarmory|293/334","|move|p2a: Boss Cavebro|Drain Punch|p1a: Skarmory","|-supereffective|p1a: Skarmory","|-damage|p1a: Skarmory|165/334","|-heal|p2a: Boss Cavebro|283/352|[from] drain|[of] p1a: Skarmory","|","|turn|19","|","|move|p2a: Boss Cavebro|Drain Punch|p1a: Skarmory","|-damage|p1a: Skarmory|96/334","|-heal|p2a: Boss Cavebro|318/352|[from] drain|[of] p1a: Skarmory","|move|p1a: Skarmory|Whirlwind|p2a: Boss Cavebro","|drag|p2a: Boss Buffetron|Terrakion, shiny|323/323","|-damage|p2a: Boss Buffetron|303/323|[from] Stealth Rock","|","|turn|20","|","|move|p2a: Boss Buffetron|Close Combat|p1a: Skarmory","|-damage|p1a: Skarmory|0 fnt","|-unboost|p2a: Boss Buffetron|def|1","|-unboost|p2a: Boss Buffetron|spd|1","|faint|p1a: Skarmory","|","|","|switch|p1a: Thundurus|Thundurus, M|255/299 tox","|turn|21","|","|switch|p2a: Boss Cavebro|Conkeldurr, M, shiny|318/352","|-damage|p2a: Boss Cavebro|296/352|[from] Stealth Rock","|move|p1a: Thundurus|Thunder Wave|p2a: Boss Cavebro","|-status|p2a: Boss Cavebro|par","|","|-heal|p1a: Thundurus|273/299 tox|[from] item: Leftovers","|-damage|p1a: Thundurus|255/299 tox|[from] psn","|turn|22","|","|switch|p1a: Charizard|Charizard, M|297/297","|cant|p2a: Boss Cavebro|par","|","|turn|23","|","|detailschange|p1a: Charizard|Charizard-Mega-X, M","|-mega|p1a: Charizard|Charizard|Charizardite X","|move|p1a: Charizard|Dragon Dance|p1a: Charizard","|-boost|p1a: Charizard|atk|1","|-boost|p1a: Charizard|spe|1","|move|p2a: Boss Cavebro|Stone Edge|p1a: Charizard","|-crit|p1a: Charizard","|-supereffective|p1a: Charizard","|-damage|p1a: Charizard|0 fnt","|faint|p1a: Charizard","|","|","|switch|p1a: Mandibuzz|Mandibuzz, F|421/421","|turn|24","|","|move|p1a: Mandibuzz|Foul Play|p2a: Boss Cavebro","|-resisted|p2a: Boss Cavebro","|-damage|p2a: Boss Cavebro|233/352 par","|cant|p2a: Boss Cavebro|par","|","|turn|25","|","|move|p1a: Mandibuzz|Foul Play|p2a: Boss Cavebro","|-resisted|p2a: Boss Cavebro","|-damage|p2a: Boss Cavebro|173/352 par","|move|p2a: Boss Cavebro|Stone Edge|p1a: Mandibuzz","|-supereffective|p1a: Mandibuzz","|-damage|p1a: Mandibuzz|231/421","|","|-heal|p1a: Mandibuzz|257/421|[from] item: Leftovers","|turn|26","|","|move|p1a: Mandibuzz|Foul Play|p2a: Boss Cavebro","|-resisted|p2a: Boss Cavebro","|-damage|p2a: Boss Cavebro|109/352 par","|move|p2a: Boss Cavebro|Knock Off|p1a: Mandibuzz","|-resisted|p1a: Mandibuzz","|-damage|p1a: Mandibuzz|213/421","|-enditem|p1a: Mandibuzz|Leftovers|[from] move: Knock Off|[of] p2a: Boss Cavebro","|","|turn|27","|","|move|p1a: Mandibuzz|Foul Play|p2a: Boss Cavebro","|-crit|p2a: Boss Cavebro","|-resisted|p2a: Boss Cavebro","|-damage|p2a: Boss Cavebro|24/352 par","|move|p2a: Boss Cavebro|Stone Edge|p1a: Mandibuzz|[miss]","|-miss|p2a: Boss Cavebro|p1a: Mandibuzz","|","|turn|28","|","|move|p1a: Mandibuzz|Foul Play|p2a: Boss Cavebro","|-resisted|p2a: Boss Cavebro","|-damage|p2a: Boss Cavebro|0 fnt","|faint|p2a: Boss Cavebro","|","|","|switch|p2a: Boss Buffetron|Terrakion, shiny|303/323","|-damage|p2a: Boss Buffetron|283/323|[from] Stealth Rock","|turn|29","|","|move|p2a: Boss Buffetron|Rock Slide|p1a: Mandibuzz","|-supereffective|p1a: Mandibuzz","|-damage|p1a: Mandibuzz|0 fnt","|faint|p1a: Mandibuzz","|","|","|switch|p1a: Thundurus|Thundurus, M|255/299 tox","|turn|30","|","|move|p1a: Thundurus|Thunder Wave|p2a: Boss Buffetron","|-status|p2a: Boss Buffetron|par","|move|p2a: Boss Buffetron|Rock Slide|p1a: Thundurus","|-supereffective|p1a: Thundurus","|-damage|p1a: Thundurus|0 fnt","|faint|p1a: Thundurus","|","|","|switch|p1a: Landorus-Therian|Landorus-Therian, M|160/319","|-ability|p1a: Landorus-Therian|Intimidate","|-unboost|p2a: Boss Buffetron|atk|1","|turn|31","|","|move|p1a: Landorus-Therian|Earthquake|p2a: Boss Buffetron","|-supereffective|p2a: Boss Buffetron","|-damage|p2a: Boss Buffetron|0 fnt","|faint|p2a: Boss Buffetron","|","|","|switch|p2a: Boss Vortex|Gallade, M, shiny|277/277","|-damage|p2a: Boss Vortex|260/277|[from] Stealth Rock","|turn|32","|","|detailschange|p2a: Boss Vortex|Gallade-Mega, M, shiny","|-mega|p2a: Boss Vortex|Gallade|Galladite","|move|p1a: Landorus-Therian|Earthquake|p2a: Boss Vortex","|-damage|p2a: Boss Vortex|64/277","|move|p2a: Boss Vortex|Ice Punch|p1a: Landorus-Therian","|-supereffective|p1a: Landorus-Therian","|-damage|p1a: Landorus-Therian|0 fnt","|faint|p1a: Landorus-Therian","|","|","|switch|p1a: Tornadus-Therian|Tornadus-Therian, M|332/332","|turn|33","|","|move|p1a: Tornadus-Therian|Hurricane|p2a: Boss Vortex","|-supereffective|p2a: Boss Vortex","|-damage|p2a: Boss Vortex|0 fnt","|faint|p2a: Boss Vortex","|","|","|switch|p2a: Boss Brigdin|Scrafty, M|272/272","|-damage|p2a: Boss Brigdin|255/272|[from] Stealth Rock","|turn|34","|","|move|p1a: Tornadus-Therian|Hurricane|p2a: Boss Brigdin","|-supereffective|p2a: Boss Brigdin","|-damage|p2a: Boss Brigdin|31/272","|move|p2a: Boss Brigdin|Knock Off|p1a: Tornadus-Therian","|-damage|p1a: Tornadus-Therian|184/332","|-enditem|p1a: Tornadus-Therian|Assault Vest|[from] move: Knock Off|[of] p2a: Boss Brigdin","|","|turn|35","|","|move|p1a: Tornadus-Therian|U-turn|p2a: Boss Brigdin","|-damage|p2a: Boss Brigdin|0 fnt","|faint|p2a: Boss Brigdin","|","|win|Nеowulf"],"p1rating":{"entryid":7257985,"formatid":"monotype","userid":"nowulf","username":"Nеowulf","r":1500,"rd":130,"sigma":0,"rpr":1533.3139623017,"rprd":122.38591739199,"rpsigma":0,"rptime":1438160400,"w":1,"l":0,"t":0,"gxe":54.2,"acre":1048.0633405477,"lacre":1048.0633405477,"oldacre":1000},"p2rating":{"entryid":"6733187","serverid":"eos","formatid":"monotype","userid":"emporergalaxious","username":"Emporer Galaxious","w":"12","l":19,"t":"0","gxe":38.3,"r":1416.7864359349,"rd":62.584566651396,"sigma":"0","rptime":1438160400,"rpr":1408.8451482653,"rprd":61.774097407674,"rpsigma":"0","acre":1046.195322624,"lacre":1046.195322624,"oldacre":"1071.0097859831"},"endType":"normal"}