{"seed":[23608,32074,6336,50095],"turns":21,"p1":"Defender of Sinnoh","p2":"Marx-Bot","p1team":[{"name":"Torterra","species":"Torterra","item":"assaultvest","ability":"Overgrow","moves":["earthquake","roar","seedbomb","crunch"],"nature":"Adamant","evs":{"hp":248,"atk":252,"def":0,"spa":0,"spd":8,"spe":0},"ivs":{"hp":31,"atk":31,"def":31,"spa":31,"spd":31,"spe":31}},{"name":"Garchomp","species":"Garchomp","item":"rockyhelmet","ability":"Rough Skin","moves":["earthquake","dragonclaw","swordsdance","stoneedge"],"nature":"Jolly","evs":{"hp":0,"atk":252,"def":0,"spa":0,"spd":4,"spe":252},"ivs":{"hp":31,"atk":31,"def":31,"spa":31,"spd":31,"spe":31}},{"name":"Krookodile","species":"Krookodile","item":"choicescarf","ability":"Moxie","moves":["crunch","earthquake","dragonclaw","stoneedge"],"nature":"Jolly","evs":{"hp":0,"atk":252,"def":0,"spa":0,"spd":4,"spe":252},"ivs":{"hp":31,"atk":31,"def":31,"spa":31,"spd":31,"spe":31}},{"name":"Hippowdon","species":"Hippowdon","item":"leftovers","ability":"Sand Stream","moves":["whirlwind","stealthrock","toxic","earthquake"],"nature":"Adamant","evs":{"hp":248,"atk":252,"def":0,"spa":0,"spd":8,"spe":0},"ivs":{"hp":31,"atk":31,"def":31,"spa":31,"spd":31,"spe":31}},{"name":"Gastrodon","species":"Gastrodon","item":"leftovers","ability":"Storm Drain","moves":["earthpower","scald","recover","toxic"],"nature":"Bold","evs":{"hp":248,"atk":0,"def":252,"spa":8,"spd":0,"spe":0},"ivs":{"hp":31,"atk":31,"def":31,"spa":31,"spd":31,"spe":31}},{"name":"Steelix","species":"Steelix","item":"steelixite","ability":"Sturdy","moves":["heavyslam","explosion","rockblast","earthquake"],"nature":"Adamant","evs":{"hp":0,"atk":252,"def":0,"spa":0,"spd":4,"spe":252},"ivs":{"hp":31,"atk":31,"def":31,"spa":31,"spd":31,"spe":31}}],"p2team":[{"name":"Transformer","species":"ditto","item":"choicescarf","ability":"Imposter","moves":["transform"],"nature":"Bold","evs":{"hp":248,"atk":0,"def":252,"spa":0,"spd":8,"spe":0},"ivs":{"hp":31,"atk":31,"def":31,"spa":31,"spd":31,"spe":31}},{"name":"Braviary","species":"Braviary","item":"lifeorb","ability":"Sheer Force","moves":["bravebird","rockslide","superpower","crushclaw"],"nature":"Jolly","evs":{"hp":0,"atk":252,"def":0,"spa":0,"spd":4,"spe":252},"ivs":{"hp":31,"atk":31,"def":31,"spa":31,"spd":31,"spe":31}},{"name":"Capuccino","species":"cinccino","item":"kingsrock","ability":"Skill Link","moves":["bulletseed","rockblast","tailslap","uturn"],"nature":"Jolly","evs":{"hp":0,"atk":252,"def":0,"spa":0,"spd":4,"spe":252},"ivs":{"hp":31,"atk":31,"def":31,"spa":31,"spd":31,"spe":31}},{"name":"Lady GaGa","species":"meloetta","item":"assaultvest","ability":"Serene Grace","moves":["chargebeam","hypervoice","psyshock","energyball"],"nature":"Modest","evs":{"hp":248,"atk":0,"def":0,"spa":252,"spd":8,"spe":0},"ivs":{"hp":31,"atk":31,"def":31,"spa":31,"spd":31,"spe":31}},{"name":"Bird Jesus","species":"pidgeot","item":"pidgeotite","ability":"Keen Eye","moves":["airslash","hurricane","heatwave","roost"],"nature":"Timid","evs":{"hp":0,"atk":0,"def":0,"spa":252,"spd":4,"spe":252},"ivs":{"hp":31,"atk":31,"def":31,"spa":31,"spd":31,"spe":31}},{"name":"Your Fat Friend","species":"snorlax","item":"leftovers","ability":"Thick Fat","moves":["heavyslam","bodyslam","rest","sleeptalk"],"nature":"Adamant","evs":{"hp":252,"atk":252,"def":0,"spa":0,"spd":4,"spe":0},"ivs":{"hp":31,"atk":31,"def":31,"spa":31,"spd":31,"spe":31}}],"log":["|player|p1|Defender of Sinnoh|25","|player|p2|Marx-Bot|238","|gametype|singles","|gen|6","|tier|Monotype","|rated","|rule|Baton Pass Clause: Limit one Baton Passer, can't pass Spe and other stats simultaneously","|rule|Swagger Clause: Swagger is banned","|rule|Same Type Clause: Pokémon in a team must share a type","|clearpoke","|poke|p1|Torterra, F","|poke|p1|Garchomp, F","|poke|p1|Krookodile, M","|poke|p1|Hippowdon, M","|poke|p1|Gastrodon, M","|poke|p1|Steelix, M","|poke|p2|Ditto","|poke|p2|Braviary, M","|poke|p2|Cinccino, M","|poke|p2|Meloetta","|poke|p2|Pidgeot, F","|poke|p2|Snorlax, F","|rule|Sleep Clause Mod: Limit one foe put to sleep","|rule|Species Clause: Limit one of each Pokémon","|rule|OHKO Clause: OHKO moves are banned","|rule|Moody Clause: Moody is banned","|rule|Evasion Moves Clause: Evasion moves are banned","|rule|Endless Battle Clause: Forcing endless battles is banned","|rule|HP Percentage Mod: HP is shown in percentages","|teampreview","|","|start","|switch|p1a: Steelix|Steelix, M|291/291","|switch|p2a: Braviary|Braviary, M|341/341","|turn|1","|","|detailschange|p1a: Steelix|Steelix-Mega, M","|-mega|p1a: Steelix|Steelix|Steelixite","|move|p2a: Braviary|Superpower|p1a: Steelix","|-supereffective|p1a: Steelix","|-damage|p1a: Steelix|119/291","|-unboost|p2a: Braviary|atk|1","|-unboost|p2a: Braviary|def|1","|-damage|p2a: Braviary|307/341|[from] item: Life Orb","|move|p1a: Steelix|Rock Blast|p2a: Braviary","|-supereffective|p2a: Braviary","|-damage|p2a: Braviary|185/341","|-supereffective|p2a: Braviary","|-damage|p2a: Braviary|57/341","|-supereffective|p2a: Braviary","|-damage|p2a: Braviary|0 fnt","|-hitcount|p2a: Braviary|3","|faint|p2a: Braviary","|","|","|switch|p2a: Transformer|Ditto|299/299","|-transform|p2a: Transformer|p1a: Steelix","|turn|2","|","|move|p2a: Transformer|Earthquake|p1a: Steelix","|-supereffective|p1a: Steelix","|-damage|p1a: Steelix|0 fnt","|faint|p1a: Steelix","|","|","|switch|p1a: Krookodile|Krookodile, M|331/331","|turn|3","|","|move|p1a: Krookodile|Earthquake|p2a: Transformer","|-supereffective|p2a: Transformer","|-damage|p2a: Transformer|135/299","|move|p2a: Transformer|Earthquake|p1a: Krookodile","|-damage|p1a: Krookodile|100/331","|","|turn|4","|","|switch|p1a: Gastrodon|Gastrodon, M|425/425","|switch|p2a: Bird Jesus|Pidgeot, F|307/307","|","|turn|5","|","|switch|p2a: Transformer|Ditto|135/299","|-transform|p2a: Transformer|p1a: Gastrodon","|move|p1a: Gastrodon|Scald|p2a: Transformer","|-boost|p2a: Transformer|spa|1|[from] ability: Storm Drain","|","|turn|6","|","|move|p2a: Transformer|Recover|p2a: Transformer","|-heal|p2a: Transformer|285/299","|move|p1a: Gastrodon|Earth Power|p2a: Transformer","|-damage|p2a: Transformer|161/299","|","|turn|7","|","|switch|p2a: Bird Jesus|Pidgeot, F|307/307","|move|p1a: Gastrodon|Toxic|p2a: Bird Jesus","|-status|p2a: Bird Jesus|tox","|","|-damage|p2a: Bird Jesus|288/307 tox|[from] psn","|turn|8","|","|detailschange|p2a: Bird Jesus|Pidgeot-Mega, F","|-mega|p2a: Bird Jesus|Pidgeot|Pidgeotite","|move|p2a: Bird Jesus|Hurricane|p1a: Gastrodon","|-damage|p1a: Gastrodon|194/425","|move|p1a: Gastrodon|Scald|p2a: Bird Jesus","|-damage|p2a: Bird Jesus|179/307 tox","|","|-heal|p1a: Gastrodon|220/425|[from] item: Leftovers","|-damage|p2a: Bird Jesus|141/307 tox|[from] psn","|turn|9","|","|move|p2a: Bird Jesus|Hurricane|p1a: Gastrodon","|-damage|p1a: Gastrodon|0 fnt","|faint|p1a: Gastrodon","|","|-damage|p2a: Bird Jesus|84/307 tox|[from] psn","|","|switch|p1a: Krookodile|Krookodile, M|100/331","|turn|10","|","|move|p1a: Krookodile|Crunch|p2a: Bird Jesus","|-damage|p2a: Bird Jesus|0 fnt","|faint|p2a: Bird Jesus","|-boost|p1a: Krookodile|atk|1|[from] ability: Moxie","|","|","|switch|p2a: Your Fat Friend|Snorlax, F|524/524","|turn|11","|","|move|p1a: Krookodile|Crunch|p2a: Your Fat Friend","|-damage|p2a: Your Fat Friend|218/524","|move|p2a: Your Fat Friend|Heavy Slam|p1a: Krookodile","|-damage|p1a: Krookodile|0 fnt","|faint|p1a: Krookodile","|","|-heal|p2a: Your Fat Friend|250/524|[from] item: Leftovers","|","|switch|p1a: Torterra|Torterra, F|393/393","|turn|12","|","|move|p1a: Torterra|Seed Bomb|p2a: Your Fat Friend","|-damage|p2a: Your Fat Friend|49/524","|move|p2a: Your Fat Friend|Body Slam|p1a: Torterra","|-damage|p1a: Torterra|257/393","|-status|p1a: Torterra|par","|","|-heal|p2a: Your Fat Friend|81/524|[from] item: Leftovers","|turn|13","|","|move|p2a: Your Fat Friend|Rest|p2a: Your Fat Friend","|-status|p2a: Your Fat Friend|slp","|-heal|p2a: Your Fat Friend|524/524 slp|[silent]","|-status|p2a: Your Fat Friend|slp|[from] move: Rest","|move|p1a: Torterra|Seed Bomb|p2a: Your Fat Friend","|-damage|p2a: Your Fat Friend|344/524 slp","|","|-heal|p2a: Your Fat Friend|376/524 slp|[from] item: Leftovers","|turn|14","|","|cant|p2a: Your Fat Friend|slp","|move|p2a: Your Fat Friend|Sleep Talk|p2a: Your Fat Friend","|move|p2a: Your Fat Friend|Heavy Slam|p1a: Torterra|[from]Sleep Talk","|-damage|p1a: Torterra|212/393 par","|move|p1a: Torterra|Seed Bomb|p2a: Your Fat Friend","|-damage|p2a: Your Fat Friend|187/524 slp","|","|-heal|p2a: Your Fat Friend|219/524 slp|[from] item: Leftovers","|turn|15","|","|cant|p2a: Your Fat Friend|slp","|move|p2a: Your Fat Friend|Sleep Talk|p2a: Your Fat Friend","|move|p2a: Your Fat Friend|Body Slam|p1a: Torterra|[from]Sleep Talk","|-damage|p1a: Torterra|76/393 par","|cant|p1a: Torterra|par","|","|-heal|p2a: Your Fat Friend|251/524 slp|[from] item: Leftovers","|turn|16","|","|-curestatus|p2a: Your Fat Friend|slp","|move|p2a: Your Fat Friend|Body Slam|p1a: Torterra","|-damage|p1a: Torterra|0 fnt","|faint|p1a: Torterra","|","|-heal|p2a: Your Fat Friend|283/524|[from] item: Leftovers","|","|switch|p1a: Garchomp|Garchomp, F|357/357","|turn|17","|","|move|p1a: Garchomp|Swords Dance|p1a: Garchomp","|-boost|p1a: Garchomp|atk|2","|move|p2a: Your Fat Friend|Body Slam|p1a: Garchomp","|-damage|p1a: Garchomp|213/357","|-damage|p2a: Your Fat Friend|218/524|[from] ability: Rough Skin|[of] p1a: Garchomp","|-damage|p2a: Your Fat Friend|131/524|[from] item: Rocky Helmet|[of] p1a: Garchomp","|","|-heal|p2a: Your Fat Friend|163/524|[from] item: Leftovers","|turn|18","|","|move|p1a: Garchomp|Dragon Claw|p2a: Your Fat Friend","|-damage|p2a: Your Fat Friend|0 fnt","|faint|p2a: Your Fat Friend","|","|","|switch|p2a: Transformer|Ditto|161/299","|-transform|p2a: Transformer|p1a: Garchomp","|turn|19","|","|move|p2a: Transformer|Dragon Claw|p1a: Garchomp","|-supereffective|p1a: Garchomp","|-damage|p1a: Garchomp|0 fnt","|-damage|p2a: Transformer|124/299|[from] ability: Rough Skin|[of] p1a: Garchomp","|-damage|p2a: Transformer|75/299|[from] item: Rocky Helmet|[of] p1a: Garchomp","|faint|p1a: Garchomp","|","|","|switch|p1a: Hippowdon|Hippowdon, M|419/419","|-weather|Sandstorm","|turn|20","|","|move|p2a: Transformer|Dragon Claw|p1a: Hippowdon","|-damage|p1a: Hippowdon|167/419","|move|p1a: Hippowdon|Earthquake|p2a: Transformer","|-damage|p2a: Transformer|0 fnt","|faint|p2a: Transformer","|","|-weather|Sandstorm|[upkeep]","|-heal|p1a: Hippowdon|193/419|[from] item: Leftovers","|","|switch|p2a: Lady GaGa|Meloetta|403/403","|turn|21","|","|move|p2a: Lady GaGa|Energy Ball|p1a: Hippowdon","|-supereffective|p1a: Hippowdon","|-damage|p1a: Hippowdon|0 fnt","|faint|p1a: Hippowdon","|","|win|Marx-Bot"],"p1rating":{"entryid":"6083148","serverid":"eos","formatid":"monotype","userid":"defenderofsinnoh","username":"Defender Of Sinnoh","w":"28","l":45,"t":"0","gxe":39.2,"r":"1404.4304529194","rd":"48.019117152128","sigma":"0","rptime":"1438160400","rpr":1416.4508818147,"rprd":45.52771050973,"rpsigma":"0","acre":1095.2045160334,"lacre":1095.2045160334,"oldacre":"1113.4080143577"},"p2rating":{"entryid":"5765428","serverid":"eos","formatid":"monotype","userid":"marxbot","username":"Marx Bot","w":188,"l":"277","t":"0","gxe":41.9,"r":"1433.5518455378","rd":"25.876418629631","sigma":"0","rptime":"1438160400","rpr":1438.0792650331,"rprd":25.607136779528,"rpsigma":"0","acre":1228.5013056373,"lacre":1228.5013056373,"oldacre":"1210.297807313"},"endType":"normal"}