{"seed":[64176,58693,18442,20919],"turns":20,"p1":"Deucez","p2":"Inferno vgc","p1team":[{"name":"Kingdra","species":"Kingdra","item":"scopelens","ability":"Sniper","moves":["focusenergy","agility","surf","dracometeor"],"nature":"Modest","evs":{"hp":0,"atk":0,"def":0,"spa":252,"spd":4,"spe":252},"gender":"M","ivs":{"hp":31,"atk":31,"def":31,"spa":31,"spd":31,"spe":31}},{"name":"Lanturn","species":"Lanturn","item":"leftovers","ability":"Volt Absorb","moves":["scald","voltswitch","healbell","thunderwave"],"nature":"Calm","evs":{"hp":40,"atk":0,"def":220,"spa":0,"spd":208,"spe":40},"gender":"F","ivs":{"hp":31,"atk":31,"def":31,"spa":31,"spd":31,"spe":31}},{"name":"Swampert","species":"Swampert","item":"swampertite","ability":"Damp","moves":["raindance","icepunch","waterfall","poweruppunch"],"nature":"Adamant","evs":{"hp":108,"atk":252,"def":0,"spa":0,"spd":8,"spe":140},"gender":"M","ivs":{"hp":31,"atk":31,"def":31,"spa":31,"spd":31,"spe":31}},{"name":"Politoed","species":"Politoed","item":"leftovers","ability":"Drizzle","moves":["focusblast","scald","rest","psychic"],"nature":"Calm","evs":{"hp":252,"atk":0,"def":0,"spa":252,"spd":4,"spe":0},"gender":"F","shiny":true,"ivs":{"hp":31,"atk":31,"def":31,"spa":31,"spd":31,"spe":31}},{"name":"Ludicolo","species":"Ludicolo","item":"lifeorb","ability":"Swift Swim","moves":["surf","gigadrain","icebeam","focusblast"],"nature":"Modest","evs":{"hp":0,"atk":0,"def":0,"spa":252,"spd":4,"spe":252},"gender":"M","shiny":true,"ivs":{"hp":31,"atk":31,"def":31,"spa":31,"spd":31,"spe":31}},{"name":"Starmie","species":"Starmie","item":"lifeorb","ability":"Analytic","moves":["surf","icebeam","psyshock","rapidspin"],"nature":"Timid","evs":{"hp":4,"atk":0,"def":0,"spa":252,"spd":0,"spe":252},"shiny":true,"ivs":{"hp":31,"atk":31,"def":31,"spa":31,"spd":31,"spe":31}}],"p2team":[{"name":"Scizor","species":"Scizor","item":"scizorite","ability":"Technician","moves":["swordsdance","bulletpunch","xscissor","superpower"],"nature":"Naughty","evs":{"hp":248,"atk":252,"def":0,"spa":0,"spd":0,"spe":8},"ivs":{"hp":31,"atk":31,"def":31,"spa":31,"spd":31,"spe":31}},{"name":"Shuckle","species":"Shuckle","item":"leftovers","ability":"Sturdy","moves":["stealthrock","stickyweb","stoneedge","rockblast"],"nature":"Impish","evs":{"hp":252,"atk":252,"def":0,"spa":0,"spd":4,"spe":0},"ivs":{"hp":31,"atk":31,"def":31,"spa":31,"spd":31,"spe":31}},{"name":"Genesect","species":"Genesect","item":"leftovers","ability":"Download","moves":["icebeam","extremespeed","flamecharge","signalbeam"],"nature":"Hasty","evs":{"hp":0,"atk":252,"def":0,"spa":4,"spd":0,"spe":252},"shiny":true,"ivs":{"hp":31,"atk":31,"def":31,"spa":31,"spd":31,"spe":31}},{"name":"Heracross","species":"Heracross","item":"leftovers","ability":"Moxie","moves":["megahorn","closecombat","bulletseed","swordsdance"],"nature":"Adamant","evs":{"hp":252,"atk":252,"def":0,"spa":0,"spd":4,"spe":0},"ivs":{"hp":31,"atk":31,"def":31,"spa":31,"spd":31,"spe":31}},{"name":"Pinsir","species":"Pinsir","item":"choicescarf","ability":"Moxie","moves":["closecombat","frustration","stoneedge","xscissor"],"nature":"Jolly","evs":{"hp":0,"atk":252,"def":0,"spa":0,"spd":4,"spe":252},"happiness":0,"ivs":{"hp":31,"atk":31,"def":31,"spa":31,"spd":31,"spe":31}},{"name":"Scolipede","species":"Scolipede","item":"leftovers","ability":"Speed Boost","moves":["swordsdance","xscissor","protect","megahorn"],"nature":"Adamant","evs":{"hp":0,"atk":252,"def":0,"spa":0,"spd":4,"spe":252},"ivs":{"hp":31,"atk":31,"def":31,"spa":31,"spd":31,"spe":31}}],"log":["|player|p1|Deucez|92","|player|p2|Inferno vgc|262","|gametype|singles","|gen|6","|tier|Monotype","|rated","|rule|Baton Pass Clause: Limit one Baton Passer, can't pass Spe and other stats simultaneously","|rule|Swagger Clause: Swagger is banned","|rule|Same Type Clause: Pokémon in a team must share a type","|clearpoke","|poke|p1|Kingdra, M","|poke|p1|Lanturn, F","|poke|p1|Swampert, M","|poke|p1|Politoed, F, shiny","|poke|p1|Ludicolo, M, shiny","|poke|p1|Starmie, shiny","|poke|p2|Scizor, F","|poke|p2|Shuckle, M","|poke|p2|Genesect-*, shiny","|poke|p2|Heracross, F","|poke|p2|Pinsir, M","|poke|p2|Scolipede, M","|rule|Sleep Clause Mod: Limit one foe put to sleep","|rule|Species Clause: Limit one of each Pokémon","|rule|OHKO Clause: OHKO moves are banned","|rule|Moody Clause: Moody is banned","|rule|Evasion Moves Clause: Evasion moves are banned","|rule|Endless Battle Clause: Forcing endless battles is banned","|rule|HP Percentage Mod: HP is shown in percentages","|teampreview","|","|start","|switch|p1a: Politoed|Politoed, F, shiny|384/384","|switch|p2a: Genesect|Genesect, shiny|283/283","|-boost|p2a: Genesect|atk|1|[from] ability: Download","|-weather|RainDance","|turn|1","|","|move|p2a: Genesect|Ice Beam|p1a: Politoed","|-resisted|p1a: Politoed","|-damage|p1a: Politoed|345/384","|move|p1a: Politoed|Scald|p2a: Genesect","|-damage|p2a: Genesect|115/283","|","|-weather|RainDance|[upkeep]","|-heal|p2a: Genesect|132/283|[from] item: Leftovers","|-heal|p1a: Politoed|369/384|[from] item: Leftovers","|turn|2","|","|move|p2a: Genesect|Extreme Speed|p1a: Politoed","|-damage|p1a: Politoed|194/384","|move|p1a: Politoed|Scald|p2a: Genesect","|-damage|p2a: Genesect|0 fnt","|faint|p2a: Genesect","|","|-weather|RainDance|[upkeep]","|-heal|p1a: Politoed|218/384|[from] item: Leftovers","|","|switch|p2a: Pinsir|Pinsir, M|271/271","|turn|3","|","|move|p2a: Pinsir|Frustration|p1a: Politoed","|-damage|p1a: Politoed|56/384","|move|p1a: Politoed|Scald|p2a: Pinsir","|-damage|p2a: Pinsir|55/271","|","|-weather|RainDance|[upkeep]","|-heal|p1a: Politoed|80/384|[from] item: Leftovers","|turn|4","|","|switch|p1a: Lanturn|Lanturn, F|401/401","|move|p2a: Pinsir|Frustration|p1a: Lanturn","|-damage|p1a: Lanturn|273/401","|","|-weather|RainDance|[upkeep]","|-heal|p1a: Lanturn|298/401|[from] item: Leftovers","|turn|5","|","|switch|p2a: Scolipede|Scolipede, M|261/261","|move|p1a: Lanturn|Volt Switch|p2a: Scolipede","|-damage|p2a: Scolipede|168/261","|","|switch|p1a: Politoed|Politoed, F, shiny|80/384","|","|-weather|none","|-heal|p2a: Scolipede|184/261|[from] item: Leftovers","|-heal|p1a: Politoed|104/384|[from] item: Leftovers","|turn|6","|","|move|p2a: Scolipede|Megahorn|p1a: Politoed","|-crit|p1a: Politoed","|-damage|p1a: Politoed|0 fnt","|faint|p1a: Politoed","|","|-heal|p2a: Scolipede|200/261|[from] item: Leftovers","|-boost|p2a: Scolipede|spe|1|[from] ability: Speed Boost","|","|switch|p1a: Starmie|Starmie, shiny|262/262","|turn|7","|","|move|p2a: Scolipede|Megahorn|p1a: Starmie","|-supereffective|p1a: Starmie","|-damage|p1a: Starmie|0 fnt","|faint|p1a: Starmie","|","|-heal|p2a: Scolipede|216/261|[from] item: Leftovers","|-boost|p2a: Scolipede|spe|1|[from] ability: Speed Boost","|","|switch|p1a: Lanturn|Lanturn, F|298/401","|turn|8","|","|move|p2a: Scolipede|Megahorn|p1a: Lanturn|[miss]","|-miss|p2a: Scolipede|p1a: Lanturn","|move|p1a: Lanturn|Thunder Wave|p2a: Scolipede","|-status|p2a: Scolipede|par","|","|-heal|p1a: Lanturn|323/401|[from] item: Leftovers","|-heal|p2a: Scolipede|232/261 par|[from] item: Leftovers","|-boost|p2a: Scolipede|spe|1|[from] ability: Speed Boost","|turn|9","|","|move|p2a: Scolipede|Megahorn|p1a: Lanturn","|-damage|p1a: Lanturn|92/401","|move|p1a: Lanturn|Scald|p2a: Scolipede","|-damage|p2a: Scolipede|130/261 par","|","|-heal|p2a: Scolipede|146/261 par|[from] item: Leftovers","|-heal|p1a: Lanturn|117/401|[from] item: Leftovers","|-boost|p2a: Scolipede|spe|1|[from] ability: Speed Boost","|turn|10","|","|cant|p2a: Scolipede|par","|move|p1a: Lanturn|Scald|p2a: Scolipede","|-damage|p2a: Scolipede|41/261 par","|","|-heal|p2a: Scolipede|57/261 par|[from] item: Leftovers","|-heal|p1a: Lanturn|142/401|[from] item: Leftovers","|-boost|p2a: Scolipede|spe|1|[from] ability: Speed Boost","|turn|11","|","|move|p2a: Scolipede|Megahorn|p1a: Lanturn","|-damage|p1a: Lanturn|0 fnt","|faint|p1a: Lanturn","|","|-heal|p2a: Scolipede|73/261 par|[from] item: Leftovers","|-boost|p2a: Scolipede|spe|1|[from] ability: Speed Boost","|","|switch|p1a: Kingdra|Kingdra, M|291/291","|turn|12","|","|move|p2a: Scolipede|Megahorn|p1a: Kingdra","|-damage|p1a: Kingdra|95/291","|move|p1a: Kingdra|Surf|p2a: Scolipede","|-damage|p2a: Scolipede|0 fnt","|faint|p2a: Scolipede","|","|","|switch|p2a: Scizor|Scizor, F|343/343","|turn|13","|","|move|p2a: Scizor|Bullet Punch|p1a: Kingdra","|-resisted|p1a: Kingdra","|-damage|p1a: Kingdra|31/291","|move|p1a: Kingdra|Surf|p2a: Scizor","|-damage|p2a: Scizor|168/343","|","|turn|14","|","|detailschange|p2a: Scizor|Scizor-Mega, F","|-mega|p2a: Scizor|Scizor|Scizorite","|move|p2a: Scizor|Bullet Punch|p1a: Kingdra","|-resisted|p1a: Kingdra","|-damage|p1a: Kingdra|0 fnt","|faint|p1a: Kingdra","|","|","|switch|p1a: Swampert|Swampert, M|368/368","|turn|15","|","|detailschange|p1a: Swampert|Swampert-Mega, M","|-mega|p1a: Swampert|Swampert|Swampertite","|move|p1a: Swampert|Rain Dance|p1a: Swampert","|-weather|RainDance","|move|p2a: Scizor|Swords Dance|p2a: Scizor","|-boost|p2a: Scizor|atk|2","|","|-weather|RainDance|[upkeep]","|turn|16","|","|move|p1a: Swampert|Waterfall|p2a: Scizor","|-damage|p2a: Scizor|0 fnt","|faint|p2a: Scizor","|","|-weather|RainDance|[upkeep]","|","|switch|p2a: Heracross|Heracross, F|364/364","|turn|17","|","|move|p1a: Swampert|Waterfall|p2a: Heracross","|-damage|p2a: Heracross|28/364","|move|p2a: Heracross|Bullet Seed|p1a: Swampert","|-supereffective|p1a: Swampert","|-damage|p1a: Swampert|252/368","|-supereffective|p1a: Swampert","|-damage|p1a: Swampert|140/368","|-hitcount|p1a: Swampert|2","|","|-weather|RainDance|[upkeep]","|-heal|p2a: Heracross|50/364|[from] item: Leftovers","|turn|18","|","|move|p1a: Swampert|Power-Up Punch|p2a: Heracross","|-resisted|p2a: Heracross","|-damage|p2a: Heracross|14/364","|-boost|p1a: Swampert|atk|1","|move|p2a: Heracross|Close Combat|p1a: Swampert","|-damage|p1a: Swampert|0 fnt","|-unboost|p2a: Heracross|def|1","|-unboost|p2a: Heracross|spd|1","|faint|p1a: Swampert","|-boost|p2a: Heracross|atk|1|[from] ability: Moxie","|","|-weather|RainDance|[upkeep]","|-heal|p2a: Heracross|36/364|[from] item: Leftovers","|","|switch|p1a: Ludicolo|Ludicolo, M, shiny|301/301","|turn|19","|","|move|p1a: Ludicolo|Surf|p2a: Heracross","|-crit|p2a: Heracross","|-damage|p2a: Heracross|0 fnt","|-damage|p1a: Ludicolo|271/301|[from] item: Life Orb","|faint|p2a: Heracross","|","|-weather|none","|","|switch|p2a: Pinsir|Pinsir, M|55/271","|turn|20","|","|move|p2a: Pinsir|X-Scissor|p1a: Ludicolo","|-supereffective|p1a: Ludicolo","|-damage|p1a: Ludicolo|0 fnt","|faint|p1a: Ludicolo","|-boost|p2a: Pinsir|atk|1|[from] ability: Moxie","|","|win|Inferno vgc"],"p1rating":{"entryid":"7192012","serverid":"eos","formatid":"monotype","userid":"deucez","username":"Deucez","w":"2","l":3,"t":"0","gxe":43.1,"r":1485.2410492934,"rd":107.35986327311,"sigma":"0","rptime":1438160400,"rpr":1445.5229233597,"rprd":103.21927018893,"rpsigma":"0","acre":1032.8930857348,"lacre":1032.8930857348,"oldacre":"1050.3734026857"},"p2rating":{"entryid":"5831749","serverid":"eos","formatid":"monotype","userid":"infernovgc","username":"inferno vgc","w":12,"l":"22","t":"0","gxe":35.9,"r":"1366.0093260719","rd":"66.460400748714","sigma":"0","rptime":"1438160400","rpr":1388.8003079372,"rprd":63.868475533406,"rpsigma":"0","acre":1083.9517706352,"lacre":1083.9517706352,"oldacre":"1051.8713946073"},"endType":"normal"}