{"seed":[2525,13743,58127,16550],"turns":21,"p1":"D Cj","p2":"Scraftionite","p1team":[{"name":"Sableye","species":"Sableye","item":"sablenite","ability":"Prankster","moves":["knockoff","recover","willowisp","snarl"],"nature":"Sassy","evs":{"hp":248,"atk":8,"def":0,"spa":0,"spd":252,"spe":0},"ivs":{"hp":31,"atk":31,"def":31,"spa":31,"spd":31,"spe":31}},{"name":"Hoopa-Unbound","species":"Hoopa-Unbound","item":"","ability":"Magician","moves":["hyperspacefury","drainpunch","gunkshot","zenheadbutt"],"nature":"Lonely","evs":{"hp":248,"atk":252,"def":0,"spa":0,"spd":8,"spe":0},"ivs":{"hp":31,"atk":31,"def":31,"spa":31,"spd":31,"spe":31}},{"name":"Hydreigon","species":"Hydreigon","item":"choicespecs","ability":"Levitate","moves":["darkpulse","dracometeor","fireblast","surf"],"nature":"Timid","evs":{"hp":0,"atk":0,"def":0,"spa":252,"spd":4,"spe":252},"ivs":{"hp":31,"atk":31,"def":31,"spa":31,"spd":31,"spe":31}},{"name":"Bisharp","species":"Bisharp","item":"lifeorb","ability":"Defiant","moves":["knockoff","ironhead","suckerpunch","swordsdance"],"nature":"Jolly","evs":{"hp":0,"atk":252,"def":0,"spa":0,"spd":4,"spe":252},"ivs":{"hp":31,"atk":31,"def":31,"spa":31,"spd":31,"spe":31}},{"name":"Honchkrow","species":"Honchkrow","item":"lifeorb","ability":"Moxie","moves":["bravebird","suckerpunch","roost","superpower"],"nature":"Adamant","evs":{"hp":0,"atk":252,"def":0,"spa":0,"spd":4,"spe":252},"ivs":{"hp":31,"atk":31,"def":31,"spa":31,"spd":31,"spe":31}},{"name":"Umbreon","species":"Umbreon","item":"leftovers","ability":"Synchronize","moves":["wish","healbell","toxic","foulplay"],"nature":"Careful","evs":{"hp":252,"atk":0,"def":252,"spa":0,"spd":4,"spe":0},"ivs":{"hp":31,"atk":31,"def":31,"spa":31,"spd":31,"spe":31}}],"p2team":[{"name":"Walrein","species":"Walrein","item":"choicespecs","ability":"Thick Fat","moves":["surf","frostbreath","hiddenpowerfire","icebeam"],"nature":"Modest","evs":{"hp":248,"atk":0,"def":8,"spa":252,"spd":0,"spe":0},"ivs":{"hp":31,"atk":30,"def":31,"spa":30,"spd":31,"spe":30}},{"name":"Weavile","species":"Weavile","item":"lifeorb","ability":"Pressure","moves":["knockoff","iciclecrash","iceshard","lowkick"],"nature":"Jolly","evs":{"hp":0,"atk":252,"def":0,"spa":0,"spd":4,"spe":252},"ivs":{"hp":31,"atk":31,"def":31,"spa":31,"spd":31,"spe":31}},{"name":"Kyurem-Black","species":"Kyurem-Black","item":"choicescarf","ability":"Teravolt","moves":["outrage","fusionbolt","icebeam","earthpower"],"nature":"Naive","evs":{"hp":0,"atk":252,"def":0,"spa":32,"spd":0,"spe":224},"ivs":{"hp":31,"atk":31,"def":31,"spa":31,"spd":31,"spe":31}},{"name":"Abomasnow","species":"Abomasnow","item":"abomasite","ability":"Soundproof","moves":["blizzard","gigadrain","hiddenpowerfire","iceshard"],"nature":"Mild","evs":{"hp":248,"atk":8,"def":0,"spa":252,"spd":0,"spe":0},"ivs":{"hp":31,"atk":30,"def":31,"spa":30,"spd":31,"spe":30}},{"name":"Mamoswine","species":"Mamoswine","item":"lifeorb","ability":"Thick Fat","moves":["earthquake","iciclespear","iceshard","superpower"],"nature":"Jolly","evs":{"hp":0,"atk":252,"def":0,"spa":0,"spd":4,"spe":252},"ivs":{"hp":31,"atk":31,"def":31,"spa":31,"spd":31,"spe":31}},{"name":"Avalugg","species":"Avalugg","item":"rockyhelmet","ability":"Sturdy","moves":["avalanche","rapidspin","earthquake","recover"],"nature":"Relaxed","evs":{"hp":248,"atk":8,"def":252,"spa":0,"spd":0,"spe":0},"ivs":{"hp":31,"atk":31,"def":31,"spa":31,"spd":31,"spe":0}}],"log":["|player|p1|D Cj|265","|player|p2|Scraftionite|126","|gametype|singles","|gen|6","|tier|Monotype","|rated","|rule|Baton Pass Clause: Limit one Baton Passer, can't pass Spe and other stats simultaneously","|rule|Swagger Clause: Swagger is banned","|rule|Same Type Clause: Pokémon in a team must share a type","|clearpoke","|poke|p1|Sableye, F","|poke|p1|Hoopa-Unbound","|poke|p1|Hydreigon, F","|poke|p1|Bisharp, F","|poke|p1|Honchkrow, F","|poke|p1|Umbreon, M","|poke|p2|Walrein, F","|poke|p2|Weavile, F","|poke|p2|Kyurem-Black","|poke|p2|Abomasnow, M","|poke|p2|Mamoswine, M","|poke|p2|Avalugg, M","|rule|Sleep Clause Mod: Limit one foe put to sleep","|rule|Species Clause: Limit one of each Pokémon","|rule|OHKO Clause: OHKO moves are banned","|rule|Moody Clause: Moody is banned","|rule|Evasion Moves Clause: Evasion moves are banned","|rule|Endless Battle Clause: Forcing endless battles is banned","|rule|HP Percentage Mod: HP is shown in percentages","|teampreview","|","|start","|switch|p1a: Sableye|Sableye, F|303/303","|switch|p2a: Abomasnow|Abomasnow, M|383/383","|turn|1","|","|detailschange|p2a: Abomasnow|Abomasnow-Mega, M","|-mega|p2a: Abomasnow|Abomasnow|Abomasite","|-weather|Hail","|move|p1a: Sableye|Will-O-Wisp|p2a: Abomasnow","|-status|p2a: Abomasnow|brn","|move|p2a: Abomasnow|Blizzard|p1a: Sableye","|-damage|p1a: Sableye|86/303","|","|-weather|Hail|[upkeep]","|-damage|p1a: Sableye|68/303|[from] hail","|-damage|p2a: Abomasnow|336/383 brn|[from] brn","|turn|2","|","|switch|p1a: Umbreon|Umbreon, M|394/394","|move|p2a: Abomasnow|Blizzard|p1a: Umbreon","|-damage|p1a: Umbreon|234/394","|","|-weather|Hail|[upkeep]","|-damage|p1a: Umbreon|210/394|[from] hail","|-heal|p1a: Umbreon|234/394|[from] item: Leftovers","|-damage|p2a: Abomasnow|289/383 brn|[from] brn","|turn|3","|","|switch|p2a: Mamoswine|Mamoswine, M|361/361","|move|p1a: Umbreon|Wish|p1a: Umbreon","|","|-weather|Hail|[upkeep]","|-damage|p1a: Umbreon|210/394|[from] hail","|-heal|p1a: Umbreon|234/394|[from] item: Leftovers","|turn|4","|","|move|p2a: Mamoswine|Superpower|p1a: Umbreon","|-supereffective|p1a: Umbreon","|-damage|p1a: Umbreon|0 fnt","|-unboost|p2a: Mamoswine|atk|1","|-unboost|p2a: Mamoswine|def|1","|-damage|p2a: Mamoswine|325/361|[from] item: Life Orb","|faint|p1a: Umbreon","|","|-weather|Hail|[upkeep]","|","|switch|p1a: Hydreigon|Hydreigon, F|325/325","|turn|5","|","|switch|p2a: Avalugg|Avalugg, M|393/393","|move|p1a: Hydreigon|Fire Blast|p2a: Avalugg|[miss]","|-miss|p1a: Hydreigon|p2a: Avalugg","|","|-weather|none","|turn|6","|","|switch|p1a: Hoopa-Unbound|Hoopa-Unbound|363/363","|move|p2a: Avalugg|Avalanche|p1a: Hoopa-Unbound","|-damage|p1a: Hoopa-Unbound|228/363","|","|turn|7","|","|move|p1a: Hoopa-Unbound|Drain Punch|p2a: Avalugg","|-supereffective|p2a: Avalugg","|-damage|p2a: Avalugg|289/393","|-heal|p1a: Hoopa-Unbound|280/363|[from] drain|[of] p2a: Avalugg","|-damage|p1a: Hoopa-Unbound|220/363|[from] item: Rocky Helmet|[of] p2a: Avalugg","|-item|p1a: Hoopa-Unbound|Rocky Helmet|[from] ability: Magician|[of] p2a: Avalugg","|move|p2a: Avalugg|Avalanche|p1a: Hoopa-Unbound","|-damage|p1a: Hoopa-Unbound|0 fnt","|-damage|p2a: Avalugg|224/393|[from] item: Rocky Helmet|[of] p1a: Hoopa-Unbound","|faint|p1a: Hoopa-Unbound","|","|","|switch|p1a: Sableye|Sableye, F|68/303","|turn|8","|","|move|p1a: Sableye|Recover|p1a: Sableye","|-heal|p1a: Sableye|220/303","|move|p2a: Avalugg|Recover|p2a: Avalugg","|-heal|p2a: Avalugg|393/393","|","|turn|9","|","|switch|p2a: Abomasnow|Abomasnow-Mega, M|289/383 brn","|-weather|Hail","|move|p1a: Sableye|Will-O-Wisp|p2a: Abomasnow","|-fail|p2a: Abomasnow|brn","|","|-weather|Hail|[upkeep]","|-damage|p1a: Sableye|202/303|[from] hail","|-damage|p2a: Abomasnow|242/383 brn|[from] brn","|turn|10","|","|detailschange|p1a: Sableye|Sableye-Mega, F","|-mega|p1a: Sableye|Sableye|Sablenite","|move|p1a: Sableye|Snarl|p2a: Abomasnow","|-damage|p2a: Abomasnow|190/383 brn","|-unboost|p2a: Abomasnow|spa|1","|move|p2a: Abomasnow|Blizzard|p1a: Sableye","|-damage|p1a: Sableye|106/303","|","|-weather|Hail|[upkeep]","|-damage|p1a: Sableye|88/303|[from] hail","|-damage|p2a: Abomasnow|143/383 brn|[from] brn","|turn|11","|","|move|p2a: Abomasnow|Blizzard|p1a: Sableye","|-damage|p1a: Sableye|0 fnt","|faint|p1a: Sableye","|","|-weather|Hail|[upkeep]","|-damage|p2a: Abomasnow|96/383 brn|[from] brn","|","|switch|p1a: Bisharp|Bisharp, F|271/271","|turn|12","|","|move|p2a: Abomasnow|Ice Shard|p1a: Bisharp","|-resisted|p1a: Bisharp","|-damage|p1a: Bisharp|256/271","|move|p1a: Bisharp|Swords Dance|p1a: Bisharp","|-boost|p1a: Bisharp|atk|2","|","|-weather|Hail|[upkeep]","|-damage|p1a: Bisharp|240/271|[from] hail","|-damage|p2a: Abomasnow|49/383 brn|[from] brn","|turn|13","|","|move|p1a: Bisharp|Sucker Punch|p2a: Abomasnow","|-crit|p2a: Abomasnow","|-damage|p2a: Abomasnow|0 fnt","|-damage|p1a: Bisharp|213/271|[from] item: Life Orb","|faint|p2a: Abomasnow","|","|-weather|none","|","|switch|p2a: Avalugg|Avalugg, M|393/393","|turn|14","|","|move|p1a: Bisharp|Iron Head|p2a: Avalugg","|-supereffective|p2a: Avalugg","|-damage|p2a: Avalugg|39/393","|-damage|p1a: Bisharp|186/271|[from] item: Life Orb","|cant|p2a: Avalugg|flinch","|","|turn|15","|","|move|p1a: Bisharp|Iron Head|p2a: Avalugg","|-supereffective|p2a: Avalugg","|-damage|p2a: Avalugg|0 fnt","|-damage|p1a: Bisharp|159/271|[from] item: Life Orb","|faint|p2a: Avalugg","|","|","|switch|p2a: Weavile|Weavile, F|281/281","|-ability|p2a: Weavile|Pressure","|turn|16","|","|move|p2a: Weavile|Low Kick|p1a: Bisharp","|-supereffective|p1a: Bisharp","|-damage|p1a: Bisharp|0 fnt","|-damage|p2a: Weavile|253/281|[from] item: Life Orb","|faint|p1a: Bisharp","|","|","|switch|p1a: Honchkrow|Honchkrow, F|341/341","|turn|17","|","|switch|p2a: Walrein|Walrein, F|423/423","|move|p1a: Honchkrow|Superpower|p2a: Walrein","|-supereffective|p2a: Walrein","|-damage|p2a: Walrein|0 fnt","|-unboost|p1a: Honchkrow|atk|1","|-unboost|p1a: Honchkrow|def|1","|-damage|p1a: Honchkrow|307/341|[from] item: Life Orb","|faint|p2a: Walrein","|-boost|p1a: Honchkrow|atk|1|[from] ability: Moxie","|","|","|switch|p2a: Kyurem-Black|Kyurem-Black|391/391","|-ability|p2a: Kyurem-Black|Teravolt","|turn|18","|","|move|p2a: Kyurem-Black|Fusion Bolt|p1a: Honchkrow","|-supereffective|p1a: Honchkrow","|-damage|p1a: Honchkrow|0 fnt","|faint|p1a: Honchkrow","|","|","|switch|p1a: Hydreigon|Hydreigon, F|325/325","|turn|19","|","|switch|p2a: Mamoswine|Mamoswine, M|325/361","|move|p1a: Hydreigon|Draco Meteor|p2a: Mamoswine|[miss]","|-miss|p1a: Hydreigon|p2a: Mamoswine","|","|turn|20","|","|move|p1a: Hydreigon|Draco Meteor|p2a: Mamoswine","|-damage|p2a: Mamoswine|0 fnt","|-unboost|p1a: Hydreigon|spa|2","|faint|p2a: Mamoswine","|","|","|switch|p2a: Kyurem-Black|Kyurem-Black|391/391","|-ability|p2a: Kyurem-Black|Teravolt","|turn|21","|","|move|p2a: Kyurem-Black|Outrage|p1a: Hydreigon","|-supereffective|p1a: Hydreigon","|-damage|p1a: Hydreigon|0 fnt","|faint|p1a: Hydreigon","|","|win|Scraftionite"],"p1rating":{"entryid":"6457520","serverid":"eos","formatid":"monotype","userid":"dcj","username":"D Cj","w":"38","l":33,"t":"0","gxe":53.2,"r":"1530.2551629406","rd":"45.346428916921","sigma":"0","rptime":"1438160400","rpr":1524.5015816634,"rprd":44.996726289458,"rpsigma":"0","acre":1161.5163147659,"lacre":1161.5163147659,"oldacre":"1192.8730393261"},"p2rating":{"entryid":"7211730","serverid":"eos","formatid":"monotype","userid":"scraftionite","username":"Scraftionite","w":5,"l":"3","t":"0","gxe":55.6,"r":"1518.973469514","rd":"94.867607355499","sigma":"0","rptime":"1438160400","rpr":1543.6371034418,"rprd":91.585022285826,"rpsigma":"0","acre":1133.9063738242,"lacre":1133.9063738242,"oldacre":"1102.549649264"},"endType":"normal"}