{"seed":[24556,1005,21132,7204],"turns":30,"p1":"SWL Aесh Bее","p2":"Odd Cytoplasm - ⓠⓠ","p1team":[{"name":"Fables","species":"venusaur","item":"venusaurite","ability":"Chlorophyll","moves":["synthesis","gigadrain","sludgebomb","hiddenpowerfire"],"nature":"Bold","evs":{"hp":252,"atk":0,"def":252,"spa":0,"spd":4,"spe":0},"ivs":{"hp":31,"atk":30,"def":31,"spa":30,"spd":31,"spe":30}},{"name":"Brave","species":"scolipede","item":"focussash","ability":"Speed Boost","moves":["swordsdance","earthquake","megahorn","rockslide"],"nature":"Jolly","evs":{"hp":0,"atk":252,"def":0,"spa":0,"spd":4,"spe":252},"ivs":{"hp":31,"atk":31,"def":31,"spa":31,"spd":31,"spe":31}},{"name":"Courage","species":"nidoking","item":"lifeorb","ability":"Sheer Force","moves":["earthpower","thunderbolt","icebeam","substitute"],"nature":"Timid","evs":{"hp":0,"atk":0,"def":0,"spa":252,"spd":4,"spe":252},"ivs":{"hp":31,"atk":31,"def":31,"spa":31,"spd":31,"spe":31}},{"name":"Forgotten","species":"gengar","item":"focussash","ability":"Levitate","moves":["shadowball","willowisp","icywind","sludgewave"],"nature":"Timid","evs":{"hp":0,"atk":0,"def":0,"spa":252,"spd":4,"spe":252},"ivs":{"hp":31,"atk":31,"def":31,"spa":31,"spd":31,"spe":31}},{"name":"Honor","species":"tentacruel","item":"blacksludge","ability":"Clear Body","moves":["acidspray","scald","icebeam","toxicspikes"],"nature":"Calm","evs":{"hp":252,"atk":0,"def":0,"spa":4,"spd":252,"spe":0},"ivs":{"hp":31,"atk":31,"def":31,"spa":31,"spd":31,"spe":31}},{"name":"Fear","species":"skuntank","item":"airballoon","ability":"Aftermath","moves":["foulplay","poisonjab","suckerpunch","defog"],"nature":"Adamant","evs":{"hp":248,"atk":252,"def":0,"spa":0,"spd":8,"spe":0},"ivs":{"hp":31,"atk":31,"def":31,"spa":31,"spd":31,"spe":31}}],"p2team":[{"name":"Jirachi","species":"Jirachi","item":"choicescarf","ability":"Serene Grace","moves":["ironhead","icepunch","zenheadbutt","firepunch"],"nature":"Jolly","evs":{"hp":0,"atk":252,"def":0,"spa":0,"spd":4,"spe":252},"ivs":{"hp":31,"atk":31,"def":31,"spa":31,"spd":31,"spe":31}},{"name":"Excadrill","species":"Excadrill","item":"choicescarf","ability":"Mold Breaker","moves":["earthquake","ironhead","rockslide","xscissor"],"nature":"Jolly","evs":{"hp":0,"atk":252,"def":0,"spa":0,"spd":4,"spe":252},"ivs":{"hp":31,"atk":31,"def":31,"spa":31,"spd":31,"spe":31}},{"name":"Ferrothorn","species":"Ferrothorn","item":"leftovers","ability":"Iron Barbs","moves":["leechseed","powerwhip","gyroball","protect"],"nature":"Relaxed","evs":{"hp":252,"atk":4,"def":252,"spa":0,"spd":0,"spe":0},"ivs":{"hp":31,"atk":31,"def":31,"spa":31,"spd":31,"spe":0}},{"name":"Heatran","species":"Heatran","item":"airballoon","ability":"Flash Fire","moves":["earthpower","flashcannon","flamethrower","hiddenpowergrass"],"nature":"Modest","evs":{"hp":248,"atk":0,"def":0,"spa":252,"spd":8,"spe":0},"ivs":{"hp":31,"atk":30,"def":31,"spa":30,"spd":31,"spe":31}},{"name":"Magnezone","species":"Magnezone","item":"choicescarf","ability":"Sturdy","moves":["flashcannon","thunderbolt","hiddenpowerice","signalbeam"],"nature":"Timid","evs":{"hp":0,"atk":0,"def":0,"spa":252,"spd":4,"spe":252},"ivs":{"hp":31,"atk":30,"def":30,"spa":31,"spd":31,"spe":31}},{"name":"Scizor","species":"Scizor","item":"scizorite","ability":"Technician","moves":["bugbite","bulletpunch","swordsdance","knockoff"],"nature":"Adamant","evs":{"hp":248,"atk":252,"def":0,"spa":0,"spd":8,"spe":0},"ivs":{"hp":31,"atk":31,"def":31,"spa":31,"spd":31,"spe":31}}],"log":["|player|p1|SWL Aесh Bее|swlahb.gif","|player|p2|Odd Cytoplasm - ⓠⓠ|267","|gametype|singles","|gen|6","|tier|Monotype","|rated","|rule|Baton Pass Clause: Limit one Baton Passer, can't pass Spe and other stats simultaneously","|rule|Swagger Clause: Swagger is banned","|rule|Same Type Clause: Pokémon in a team must share a type","|clearpoke","|poke|p1|Venusaur, F","|poke|p1|Scolipede, M","|poke|p1|Nidoking, M","|poke|p1|Gengar, M","|poke|p1|Tentacruel, M","|poke|p1|Skuntank, M","|poke|p2|Jirachi","|poke|p2|Excadrill, F","|poke|p2|Ferrothorn, F","|poke|p2|Heatran, M","|poke|p2|Magnezone","|poke|p2|Scizor, M","|rule|Sleep Clause Mod: Limit one foe put to sleep","|rule|Species Clause: Limit one of each Pokémon","|rule|OHKO Clause: OHKO moves are banned","|rule|Moody Clause: Moody is banned","|rule|Evasion Moves Clause: Evasion moves are banned","|rule|Endless Battle Clause: Forcing endless battles is banned","|rule|HP Percentage Mod: HP is shown in percentages","|teampreview","|","|start","|switch|p1a: Courage|Nidoking, M|303/303","|switch|p2a: Magnezone|Magnezone|281/281","|turn|1","|","|switch|p1a: Honor|Tentacruel, M|364/364","|move|p2a: Magnezone|Hidden Power|p1a: Honor","|-resisted|p1a: Honor","|-damage|p1a: Honor|342/364","|","|-heal|p1a: Honor|364/364|[from] item: Black Sludge","|turn|2","|","|switch|p2a: Jirachi|Jirachi|341/341","|move|p1a: Honor|Scald|p2a: Jirachi","|-damage|p2a: Jirachi|256/341","|","|turn|3","|","|switch|p1a: Fear|Skuntank, M|409/409","|-item|p1a: Fear|Air Balloon","|move|p2a: Jirachi|Zen Headbutt|p1a: Fear","|-immune|p1a: Fear|[msg]","|","|turn|4","|","|switch|p2a: Ferrothorn|Ferrothorn, F|352/352","|switch|p1a: Courage|Nidoking, M|303/303","|","|turn|5","|","|move|p1a: Courage|Substitute|p1a: Courage","|-start|p1a: Courage|Substitute","|-damage|p1a: Courage|228/303","|move|p2a: Ferrothorn|Leech Seed|p1a: Courage","|-fail|p1a: Courage","|","|turn|6","|","|move|p1a: Courage|Ice Beam|p2a: Ferrothorn","|-damage|p2a: Ferrothorn|225/352","|move|p2a: Ferrothorn|Gyro Ball|p1a: Courage","|-end|p1a: Courage|Substitute","|","|-heal|p2a: Ferrothorn|247/352|[from] item: Leftovers","|turn|7","|","|move|p1a: Courage|Earth Power|p2a: Ferrothorn","|-crit|p2a: Ferrothorn","|-damage|p2a: Ferrothorn|0 fnt","|faint|p2a: Ferrothorn","|","|","|switch|p2a: Excadrill|Excadrill, F|361/361","|-ability|p2a: Excadrill|Mold Breaker","|turn|8","|","|switch|p1a: Fables|Venusaur, F|364/364","|move|p2a: Excadrill|Earthquake|p1a: Fables","|-damage|p1a: Fables|225/364","|","|turn|9","|","|switch|p2a: Jirachi|Jirachi|256/341","|detailschange|p1a: Fables|Venusaur-Mega, F","|-mega|p1a: Fables|Venusaur|Venusaurite","|move|p1a: Fables|Giga Drain|p2a: Jirachi","|-resisted|p2a: Jirachi","|-damage|p2a: Jirachi|207/341","|-heal|p1a: Fables|250/364|[from] drain|[of] p2a: Jirachi","|","|turn|10","|","|move|p2a: Jirachi|Iron Head|p1a: Fables","|-crit|p1a: Fables","|-damage|p1a: Fables|141/364","|move|p1a: Fables|Hidden Power|p2a: Jirachi","|-supereffective|p2a: Jirachi","|-damage|p2a: Jirachi|99/341","|","|turn|11","|","|move|p2a: Jirachi|Iron Head|p1a: Fables","|-damage|p1a: Fables|60/364","|cant|p1a: Fables|flinch","|","|turn|12","|","|switch|p1a: Honor|Tentacruel, M|364/364","|move|p2a: Jirachi|Iron Head|p1a: Honor","|-resisted|p1a: Honor","|-damage|p1a: Honor|283/364","|","|-heal|p1a: Honor|305/364|[from] item: Black Sludge","|turn|13","|","|move|p2a: Jirachi|Iron Head|p1a: Honor","|-resisted|p1a: Honor","|-damage|p1a: Honor|227/364","|move|p1a: Honor|Scald|p2a: Jirachi","|-damage|p2a: Jirachi|17/341","|-status|p2a: Jirachi|brn","|","|-heal|p1a: Honor|249/364|[from] item: Black Sludge","|-damage|p2a: Jirachi|0 fnt|[from] brn","|faint|p2a: Jirachi","|","|switch|p2a: Excadrill|Excadrill, F|361/361","|-ability|p2a: Excadrill|Mold Breaker","|turn|14","|","|switch|p1a: Fear|Skuntank, M|409/409","|-item|p1a: Fear|Air Balloon","|move|p2a: Excadrill|Earthquake|p1a: Fear","|-immune|p1a: Fear|[msg]","|","|turn|15","|","|switch|p2a: Heatran|Heatran, M|385/385","|-item|p2a: Heatran|Air Balloon","|move|p1a: Fear|Foul Play|p2a: Heatran","|-damage|p2a: Heatran|291/385","|-enditem|p2a: Heatran|Air Balloon","|","|turn|16","|","|switch|p1a: Honor|Tentacruel, M|249/364","|move|p2a: Heatran|Flamethrower|p1a: Honor","|-resisted|p1a: Honor","|-damage|p1a: Honor|194/364","|","|-heal|p1a: Honor|216/364|[from] item: Black Sludge","|turn|17","|","|move|p1a: Honor|Scald|p2a: Heatran","|-supereffective|p2a: Heatran","|-damage|p2a: Heatran|153/385","|move|p2a: Heatran|Earth Power|p1a: Honor","|-supereffective|p1a: Honor","|-damage|p1a: Honor|68/364","|","|-heal|p1a: Honor|90/364|[from] item: Black Sludge","|turn|18","|","|move|p1a: Honor|Scald|p2a: Heatran","|-supereffective|p2a: Heatran","|-damage|p2a: Heatran|15/385","|move|p2a: Heatran|Earth Power|p1a: Honor","|-supereffective|p1a: Honor","|-damage|p1a: Honor|0 fnt","|faint|p1a: Honor","|","|","|switch|p1a: Forgotten|Gengar, M|261/261","|turn|19","|","|move|p1a: Forgotten|Shadow Ball|p2a: Heatran","|-damage|p2a: Heatran|0 fnt","|faint|p2a: Heatran","|","|","|switch|p2a: Scizor|Scizor, M|343/343","|turn|20","|","|detailschange|p2a: Scizor|Scizor-Mega, M","|-mega|p2a: Scizor|Scizor|Scizorite","|move|p2a: Scizor|Bullet Punch|p1a: Forgotten","|-damage|p1a: Forgotten|71/261","|move|p1a: Forgotten|Will-O-Wisp|p2a: Scizor","|-status|p2a: Scizor|brn","|","|-damage|p2a: Scizor|301/343 brn|[from] brn","|turn|21","|","|move|p2a: Scizor|Bullet Punch|p1a: Forgotten","|-damage|p1a: Forgotten|0 fnt","|faint|p1a: Forgotten","|","|-damage|p2a: Scizor|259/343 brn|[from] brn","|","|switch|p1a: Fables|Venusaur-Mega, F|60/364","|turn|22","|","|move|p2a: Scizor|Bullet Punch|p1a: Fables","|-damage|p1a: Fables|16/364","|move|p1a: Fables|Synthesis|p1a: Fables","|-heal|p1a: Fables|198/364","|","|-damage|p2a: Scizor|217/343 brn|[from] brn","|turn|23","|","|move|p1a: Fables|Synthesis|p1a: Fables","|-heal|p1a: Fables|364/364","|move|p2a: Scizor|Swords Dance|p2a: Scizor","|-boost|p2a: Scizor|atk|2","|","|-damage|p2a: Scizor|175/343 brn|[from] brn","|turn|24","|","|move|p1a: Fables|Hidden Power|p2a: Scizor","|-supereffective|p2a: Scizor","|-damage|p2a: Scizor|0 fnt","|faint|p2a: Scizor","|","|","|switch|p2a: Magnezone|Magnezone|281/281","|turn|25","|","|move|p2a: Magnezone|Flash Cannon|p1a: Fables","|-damage|p1a: Fables|240/364","|move|p1a: Fables|Hidden Power|p2a: Magnezone","|-supereffective|p2a: Magnezone","|-damage|p2a: Magnezone|165/281","|","|turn|26","|","|move|p2a: Magnezone|Flash Cannon|p1a: Fables","|-damage|p1a: Fables|111/364","|-unboost|p1a: Fables|spd|1","|move|p1a: Fables|Hidden Power|p2a: Magnezone","|-supereffective|p2a: Magnezone","|-damage|p2a: Magnezone|53/281","|","|turn|27","|","|move|p2a: Magnezone|Flash Cannon|p1a: Fables","|-damage|p1a: Fables|0 fnt","|faint|p1a: Fables","|","|","|switch|p1a: Brave|Scolipede, M|261/261","|turn|28","|","|move|p2a: Magnezone|Flash Cannon|p1a: Brave","|-damage|p1a: Brave|53/261","|move|p1a: Brave|Earthquake|p2a: Magnezone","|-supereffective|p2a: Magnezone","|-damage|p2a: Magnezone|0 fnt","|faint|p2a: Magnezone","|","|-boost|p1a: Brave|spe|1|[from] ability: Speed Boost","|","|switch|p2a: Excadrill|Excadrill, F|361/361","|-ability|p2a: Excadrill|Mold Breaker","|turn|29","|","|move|p1a: Brave|Earthquake|p2a: Excadrill","|-supereffective|p2a: Excadrill","|-damage|p2a: Excadrill|39/361","|move|p2a: Excadrill|Iron Head|p1a: Brave","|-damage|p1a: Brave|0 fnt","|faint|p1a: Brave","|","|","|switch|p1a: Fear|Skuntank, M|409/409","|-item|p1a: Fear|Air Balloon","|turn|30","|","|move|p1a: Fear|Sucker Punch|p2a: Excadrill","|-damage|p2a: Excadrill|0 fnt","|faint|p2a: Excadrill","|","|win|SWL Aесh Bее"],"p1rating":{"entryid":"7100015","serverid":"eos","formatid":"monotype","userid":"swlahb","username":"SWL Aесh Bее","w":11,"l":"3","t":"0","gxe":66.4,"r":"1587.6064593013","rd":"86.289160286742","sigma":"0","rptime":"1438074000","rpr":1631.6166358785,"rprd":79.846665926764,"rpsigma":"0","acre":1219.7418181731,"lacre":1219.7418181731,"oldacre":"1197.3061301536"},"p2rating":{"entryid":"7187668","serverid":"eos","formatid":"monotype","userid":"oddcytoplasm","username":"Odd Cytoplasm","w":"15","l":10,"t":"0","gxe":59,"r":"1584.4471905191","rd":"77.125402597634","sigma":"0","rptime":"1438074000","rpr":1569.8630545597,"rprd":64.456985571379,"rpsigma":"0","acre":1139.1073363503,"lacre":1139.1073363503,"oldacre":"1161.5430243698"},"endType":"normal"}