{"seed":[29854,2012,7904,54545],"turns":25,"p1":"SWL Aесh Bее","p2":"keysein","p1team":[{"name":"Fables","species":"venusaur","item":"venusaurite","ability":"Chlorophyll","moves":["synthesis","gigadrain","sludgebomb","hiddenpowerfire"],"nature":"Bold","evs":{"hp":252,"atk":0,"def":252,"spa":0,"spd":4,"spe":0},"ivs":{"hp":31,"atk":30,"def":31,"spa":30,"spd":31,"spe":30}},{"name":"Brave","species":"scolipede","item":"focussash","ability":"Speed Boost","moves":["swordsdance","earthquake","megahorn","rockslide"],"nature":"Jolly","evs":{"hp":0,"atk":252,"def":0,"spa":0,"spd":4,"spe":252},"ivs":{"hp":31,"atk":31,"def":31,"spa":31,"spd":31,"spe":31}},{"name":"Courage","species":"nidoking","item":"lifeorb","ability":"Sheer Force","moves":["earthpower","thunderbolt","icebeam","stealthrock"],"nature":"Timid","evs":{"hp":0,"atk":0,"def":0,"spa":252,"spd":4,"spe":252},"ivs":{"hp":31,"atk":31,"def":31,"spa":31,"spd":31,"spe":31}},{"name":"Forgotten","species":"gengar","item":"focussash","ability":"Levitate","moves":["shadowball","willowisp","icywind","sludgewave"],"nature":"Timid","evs":{"hp":0,"atk":0,"def":0,"spa":252,"spd":4,"spe":252},"ivs":{"hp":31,"atk":31,"def":31,"spa":31,"spd":31,"spe":31}},{"name":"Honor","species":"tentacruel","item":"blacksludge","ability":"Clear Body","moves":["acidspray","scald","icebeam","toxicspikes"],"nature":"Calm","evs":{"hp":252,"atk":0,"def":0,"spa":4,"spd":252,"spe":0},"ivs":{"hp":31,"atk":31,"def":31,"spa":31,"spd":31,"spe":31}},{"name":"Fear","species":"skuntank","item":"airballoon","ability":"Aftermath","moves":["foulplay","poisonjab","suckerpunch","defog"],"nature":"Adamant","evs":{"hp":248,"atk":252,"def":0,"spa":0,"spd":8,"spe":0},"ivs":{"hp":31,"atk":31,"def":31,"spa":31,"spd":31,"spe":31}}],"p2team":[{"name":"Skarmory","species":"Skarmory","item":"leftovers","ability":"Sturdy","moves":["spikes","whirlwind","roost","bravebird"],"nature":"Impish","evs":{"hp":252,"atk":0,"def":228,"spa":0,"spd":0,"spe":28},"ivs":{"hp":31,"atk":31,"def":31,"spa":31,"spd":31,"spe":31}},{"name":"Gliscor","species":"Gliscor","item":"toxicorb","ability":"Poison Heal","moves":["substitute","protect","earthquake","toxic"],"nature":"Jolly","evs":{"hp":252,"atk":0,"def":4,"spa":0,"spd":0,"spe":252},"ivs":{"hp":31,"atk":31,"def":31,"spa":31,"spd":31,"spe":31}},{"name":"Gyarados","species":"Gyarados","item":"gyaradosite","ability":"Intimidate","moves":["dragondance","waterfall","earthquake","substitute"],"nature":"Jolly","evs":{"hp":4,"atk":252,"def":0,"spa":0,"spd":0,"spe":252},"ivs":{"hp":31,"atk":31,"def":31,"spa":31,"spd":31,"spe":31}},{"name":"Aerodactyl","species":"Aerodactyl","item":"focussash","ability":"Rock Head","moves":["stoneedge","stealthrock","earthquake","doubleedge"],"nature":"Jolly","evs":{"hp":4,"atk":252,"def":0,"spa":0,"spd":0,"spe":252},"ivs":{"hp":31,"atk":31,"def":31,"spa":31,"spd":31,"spe":31}},{"name":"Togekiss","species":"Togekiss","item":"lumberry","ability":"Serene Grace","moves":["thunderwave","airslash","roost","bodyslam"],"nature":"Calm","evs":{"hp":252,"atk":0,"def":0,"spa":0,"spd":252,"spe":4},"ivs":{"hp":31,"atk":31,"def":31,"spa":31,"spd":31,"spe":31}},{"name":"Salamence","species":"Salamence","item":"choicescarf","ability":"Moxie","moves":["outrage","earthquake","crunch","brickbreak"],"nature":"Jolly","evs":{"hp":0,"atk":252,"def":0,"spa":0,"spd":4,"spe":252},"ivs":{"hp":31,"atk":31,"def":31,"spa":31,"spd":31,"spe":31}}],"log":["|player|p1|SWL Aесh Bее|swlahb.gif","|player|p2|keysein|167","|gametype|singles","|gen|6","|tier|Monotype","|rated","|rule|Baton Pass Clause: Limit one Baton Passer, can't pass Spe and other stats simultaneously","|rule|Swagger Clause: Swagger is banned","|rule|Same Type Clause: Pokémon in a team must share a type","|clearpoke","|poke|p1|Venusaur, M","|poke|p1|Scolipede, M","|poke|p1|Nidoking, M","|poke|p1|Gengar, F","|poke|p1|Tentacruel, M","|poke|p1|Skuntank, M","|poke|p2|Skarmory, F","|poke|p2|Gliscor, M","|poke|p2|Gyarados, M","|poke|p2|Aerodactyl, M","|poke|p2|Togekiss, M","|poke|p2|Salamence, F","|rule|Sleep Clause Mod: Limit one foe put to sleep","|rule|Species Clause: Limit one of each Pokémon","|rule|OHKO Clause: OHKO moves are banned","|rule|Moody Clause: Moody is banned","|rule|Evasion Moves Clause: Evasion moves are banned","|rule|Endless Battle Clause: Forcing endless battles is banned","|rule|HP Percentage Mod: HP is shown in percentages","|teampreview","|","|start","|switch|p1a: Courage|Nidoking, M|303/303","|switch|p2a: Gyarados|Gyarados, M|332/332","|-ability|p2a: Gyarados|Intimidate","|-unboost|p1a: Courage|atk|1","|turn|1","|","|detailschange|p2a: Gyarados|Gyarados-Mega, M","|-mega|p2a: Gyarados|Gyarados|Gyaradosite","|-ability|p2a: Gyarados|Mold Breaker","|move|p1a: Courage|Thunderbolt|p2a: Gyarados","|-crit|p2a: Gyarados","|-supereffective|p2a: Gyarados","|-damage|p2a: Gyarados|33/332","|move|p2a: Gyarados|Dragon Dance|p2a: Gyarados","|-boost|p2a: Gyarados|atk|1","|-boost|p2a: Gyarados|spe|1","|","|turn|2","|","|switch|p1a: Fables|Venusaur, M|364/364","|move|p2a: Gyarados|Earthquake|p1a: Fables","|-damage|p1a: Fables|210/364","|","|turn|3","|","|detailschange|p1a: Fables|Venusaur-Mega, M","|-mega|p1a: Fables|Venusaur|Venusaurite","|move|p2a: Gyarados|Earthquake|p1a: Fables","|-damage|p1a: Fables|86/364","|move|p1a: Fables|Giga Drain|p2a: Gyarados","|-supereffective|p2a: Gyarados","|-damage|p2a: Gyarados|0 fnt","|-heal|p1a: Fables|103/364|[from] drain|[of] p2a: Gyarados","|faint|p2a: Gyarados","|","|","|switch|p2a: Aerodactyl|Aerodactyl, M|302/302","|turn|4","|","|switch|p1a: Fear|Skuntank, M|409/409","|-item|p1a: Fear|Air Balloon","|move|p2a: Aerodactyl|Double-Edge|p1a: Fear","|-damage|p1a: Fear|250/409","|-enditem|p1a: Fear|Air Balloon","|","|turn|5","|","|move|p2a: Aerodactyl|Earthquake|p1a: Fear","|-supereffective|p1a: Fear","|-damage|p1a: Fear|0 fnt","|faint|p1a: Fear","|","|","|switch|p1a: Forgotten|Gengar, F|261/261","|turn|6","|","|move|p2a: Aerodactyl|Stone Edge|p1a: Forgotten","|-damage|p1a: Forgotten|35/261","|move|p1a: Forgotten|Shadow Ball|p2a: Aerodactyl","|-damage|p2a: Aerodactyl|118/302","|-unboost|p2a: Aerodactyl|spd|1","|","|turn|7","|","|switch|p1a: Honor|Tentacruel, M|364/364","|move|p2a: Aerodactyl|Stone Edge|p1a: Honor","|-crit|p1a: Honor","|-damage|p1a: Honor|52/364","|","|-heal|p1a: Honor|74/364|[from] item: Black Sludge","|turn|8","|","|move|p2a: Aerodactyl|Stone Edge|p1a: Honor","|-damage|p1a: Honor|0 fnt","|faint|p1a: Honor","|","|","|switch|p1a: Brave|Scolipede, M|261/261","|turn|9","|","|move|p2a: Aerodactyl|Double-Edge|p1a: Brave","|-damage|p1a: Brave|114/261","|move|p1a: Brave|Rock Slide|p2a: Aerodactyl","|-supereffective|p2a: Aerodactyl","|-damage|p2a: Aerodactyl|0 fnt","|faint|p2a: Aerodactyl","|","|-boost|p1a: Brave|spe|1|[from] ability: Speed Boost","|","|switch|p2a: Togekiss|Togekiss, M|374/374","|turn|10","|","|move|p1a: Brave|Rock Slide|p2a: Togekiss","|-supereffective|p2a: Togekiss","|-damage|p2a: Togekiss|224/374","|move|p2a: Togekiss|Thunder Wave|p1a: Brave","|-status|p1a: Brave|par","|","|-boost|p1a: Brave|spe|1|[from] ability: Speed Boost","|turn|11","|","|move|p2a: Togekiss|Air Slash|p1a: Brave","|-supereffective|p1a: Brave","|-damage|p1a: Brave|0 fnt","|faint|p1a: Brave","|","|","|switch|p1a: Forgotten|Gengar, F|35/261","|turn|12","|","|move|p1a: Forgotten|Sludge Wave|p2a: Togekiss","|-supereffective|p2a: Togekiss","|-damage|p2a: Togekiss|0 fnt","|faint|p2a: Togekiss","|","|","|switch|p2a: Skarmory|Skarmory, F|334/334","|turn|13","|","|move|p1a: Forgotten|Shadow Ball|p2a: Skarmory","|-damage|p2a: Skarmory|133/334","|move|p2a: Skarmory|Brave Bird|p1a: Forgotten","|-damage|p1a: Forgotten|0 fnt","|-damage|p2a: Skarmory|121/334|[from] recoil|[of] p1a: Forgotten","|faint|p1a: Forgotten","|","|-heal|p2a: Skarmory|141/334|[from] item: Leftovers","|","|switch|p1a: Fables|Venusaur-Mega, M|103/364","|turn|14","|","|move|p1a: Fables|Synthesis|p1a: Fables","|-heal|p1a: Fables|285/364","|move|p2a: Skarmory|Brave Bird|p1a: Fables","|-supereffective|p1a: Fables","|-damage|p1a: Fables|133/364","|-damage|p2a: Skarmory|91/334|[from] recoil|[of] p1a: Fables","|","|-heal|p2a: Skarmory|111/334|[from] item: Leftovers","|turn|15","|","|move|p1a: Fables|Hidden Power|p2a: Skarmory","|-supereffective|p2a: Skarmory","|-damage|p2a: Skarmory|0 fnt","|faint|p2a: Skarmory","|","|","|switch|p2a: Gliscor|Gliscor, M|354/354","|turn|16","|","|move|p2a: Gliscor|Earthquake|p1a: Fables","|-damage|p1a: Fables|67/364","|move|p1a: Fables|Giga Drain|p2a: Gliscor","|-damage|p2a: Gliscor|227/354","|-heal|p1a: Fables|131/364|[from] drain|[of] p2a: Gliscor","|","|-status|p2a: Gliscor|tox|[from] item: Toxic Orb","|turn|17","|","|move|p2a: Gliscor|Substitute|p2a: Gliscor","|-start|p2a: Gliscor|Substitute","|-damage|p2a: Gliscor|139/354 tox","|move|p1a: Fables|Synthesis|p1a: Fables","|-heal|p1a: Fables|313/364","|","|-heal|p2a: Gliscor|183/354 tox|[from] ability: Poison Heal","|turn|18","|","|move|p2a: Gliscor|Earthquake|p1a: Fables","|-damage|p1a: Fables|247/364","|move|p1a: Fables|Giga Drain|p2a: Gliscor","|-end|p2a: Gliscor|Substitute","|-heal|p1a: Fables|291/364|[from] drain|[of] p2a: Gliscor","|","|-heal|p2a: Gliscor|227/354 tox|[from] ability: Poison Heal","|turn|19","|","|move|p2a: Gliscor|Earthquake|p1a: Fables","|-damage|p1a: Fables|224/364","|move|p1a: Fables|Giga Drain|p2a: Gliscor","|-damage|p2a: Gliscor|83/354 tox","|-heal|p1a: Fables|296/364|[from] drain|[of] p2a: Gliscor","|","|-heal|p2a: Gliscor|127/354 tox|[from] ability: Poison Heal","|turn|20","|","|switch|p2a: Salamence|Salamence, F|331/331","|move|p1a: Fables|Giga Drain|p2a: Salamence","|-resisted|p2a: Salamence","|-damage|p2a: Salamence|302/331","|-heal|p1a: Fables|311/364|[from] drain|[of] p2a: Salamence","|","|turn|21","|","|move|p2a: Salamence|Outrage|p1a: Fables","|-damage|p1a: Fables|176/364","|move|p1a: Fables|Sludge Bomb|p2a: Salamence","|-damage|p2a: Salamence|152/331","|","|turn|22","|","|move|p2a: Salamence|Outrage|p1a: Fables","|-damage|p1a: Fables|46/364","|-start|p2a: Salamence|confusion|[fatigue]","|move|p1a: Fables|Sludge Bomb|p2a: Salamence","|-damage|p2a: Salamence|0 fnt","|faint|p2a: Salamence","|","|","|switch|p2a: Gliscor|Gliscor, M|127/354 tox","|turn|23","|","|move|p2a: Gliscor|Earthquake|p1a: Fables","|-damage|p1a: Fables|0 fnt","|faint|p1a: Fables","|","|-heal|p2a: Gliscor|171/354 tox|[from] ability: Poison Heal","|","|switch|p1a: Courage|Nidoking, M|303/303","|turn|24","|","|move|p2a: Gliscor|Protect|p2a: Gliscor","|-singleturn|p2a: Gliscor|Protect","|move|p1a: Courage|Ice Beam|p2a: Gliscor","|-activate|p2a: Gliscor|Protect","|","|-heal|p2a: Gliscor|215/354 tox|[from] ability: Poison Heal","|turn|25","|","|move|p2a: Gliscor|Earthquake|p1a: Courage","|-crit|p1a: Courage","|-supereffective|p1a: Courage","|-damage|p1a: Courage|0 fnt","|faint|p1a: Courage","|","|win|keysein"],"p1rating":{"entryid":"7100015","serverid":"eos","formatid":"monotype","userid":"swlahb","username":"SWL Aесh Bее","w":"12","l":4,"t":"0","gxe":65.4,"r":"1643.5366285666","rd":"77.971804693539","sigma":"0","rptime":"1438160400","rpr":1622.2610899904,"rprd":76.556169561074,"rpsigma":"0","acre":1203.4779756099,"lacre":1203.4779756099,"oldacre":"1243.6054512951"},"p2rating":{"entryid":7256390,"formatid":"monotype","userid":"keysein","username":"keysein","r":1500,"rd":130,"sigma":0,"rpr":1558.5914629562,"rprd":123.23570296734,"rpsigma":0,"rptime":1438160400,"w":1,"l":0,"t":0,"gxe":57.3,"acre":1064.2039610963,"lacre":1064.2039610963,"oldacre":1000},"endType":"normal"}