{"seed":[41289,31264,21272,17957],"turns":23,"p1":"Defender of Sinnoh","p2":"R06L29A01","p1team":[{"name":"Excadrill","species":"Excadrill","item":"airballoon","ability":"Sand Rush","moves":["earthquake","rockslide","ironhead","swordsdance"],"nature":"Adamant","evs":{"hp":0,"atk":252,"def":0,"spa":0,"spd":4,"spe":252},"ivs":{"hp":31,"atk":31,"def":31,"spa":31,"spd":31,"spe":31}},{"name":"Garchomp","species":"Garchomp","item":"rockyhelmet","ability":"Rough Skin","moves":["earthquake","dragonclaw","swordsdance","stoneedge"],"nature":"Jolly","evs":{"hp":0,"atk":252,"def":0,"spa":0,"spd":4,"spe":252},"ivs":{"hp":31,"atk":31,"def":31,"spa":31,"spd":31,"spe":31}},{"name":"Krookodile","species":"Krookodile","item":"choicescarf","ability":"Moxie","moves":["crunch","earthquake","dragonclaw","stoneedge"],"nature":"Jolly","evs":{"hp":0,"atk":252,"def":0,"spa":0,"spd":4,"spe":252},"ivs":{"hp":31,"atk":31,"def":31,"spa":31,"spd":31,"spe":31}},{"name":"Hippowdon","species":"Hippowdon","item":"leftovers","ability":"Sand Stream","moves":["whirlwind","stealthrock","toxic","earthquake"],"nature":"Adamant","evs":{"hp":248,"atk":252,"def":0,"spa":0,"spd":8,"spe":0},"ivs":{"hp":31,"atk":31,"def":31,"spa":31,"spd":31,"spe":31}},{"name":"Gastrodon","species":"Gastrodon","item":"leftovers","ability":"Storm Drain","moves":["earthpower","scald","recover","toxic"],"nature":"Bold","evs":{"hp":248,"atk":0,"def":252,"spa":8,"spd":0,"spe":0},"ivs":{"hp":31,"atk":31,"def":31,"spa":31,"spd":31,"spe":31}},{"name":"Steelix","species":"Steelix","item":"steelixite","ability":"Sturdy","moves":["heavyslam","explosion","rockblast","earthquake"],"nature":"Adamant","evs":{"hp":0,"atk":252,"def":0,"spa":0,"spd":4,"spe":252},"ivs":{"hp":31,"atk":31,"def":31,"spa":31,"spd":31,"spe":31}}],"p2team":[{"name":"Druddigon","species":"Druddigon","item":"focussash","ability":"Rough Skin","moves":["glare","dragontail","earthquake","stealthrock"],"nature":"Adamant","evs":{"hp":248,"atk":252,"def":0,"spa":0,"spd":8,"spe":0},"shiny":true,"ivs":{"hp":31,"atk":31,"def":31,"spa":31,"spd":31,"spe":31}},{"name":"Dragonite","species":"Dragonite","item":"weaknesspolicy","ability":"Multiscale","moves":["extremespeed","dragondance","dragonclaw","earthquake"],"nature":"Adamant","evs":{"hp":0,"atk":252,"def":0,"spa":0,"spd":4,"spe":252},"ivs":{"hp":31,"atk":31,"def":31,"spa":31,"spd":31,"spe":31}},{"name":"Goodra","species":"Goodra","item":"assaultvest","ability":"Gooey","moves":["dragonpulse","icebeam","flamethrower","sludgebomb"],"nature":"Modest","evs":{"hp":248,"atk":0,"def":0,"spa":252,"spd":8,"spe":0},"shiny":true,"ivs":{"hp":31,"atk":31,"def":31,"spa":31,"spd":31,"spe":31}},{"name":"Latias","species":"Latias","item":"latiasite","ability":"Levitate","moves":["thunderbolt","recover","dragonpulse","surf"],"nature":"Modest","evs":{"hp":248,"atk":0,"def":0,"spa":252,"spd":8,"spe":0},"shiny":true,"ivs":{"hp":31,"atk":31,"def":31,"spa":31,"spd":31,"spe":31}},{"name":"Garchomp","species":"Garchomp","item":"focussash","ability":"Rough Skin","moves":["dragonclaw","swordsdance","earthquake","firefang"],"nature":"Jolly","evs":{"hp":0,"atk":252,"def":0,"spa":0,"spd":4,"spe":252},"shiny":true,"ivs":{"hp":31,"atk":31,"def":31,"spa":31,"spd":31,"spe":31}},{"name":"Salamence","species":"Salamence","item":"lifeorb","ability":"Moxie","moves":["dragontail","irontail","firefang","outrage"],"nature":"Jolly","evs":{"hp":0,"atk":252,"def":0,"spa":0,"spd":4,"spe":252},"shiny":true,"ivs":{"hp":31,"atk":31,"def":31,"spa":31,"spd":31,"spe":31}}],"log":["|player|p1|Defender of Sinnoh|25","|player|p2|R06L29A01|209","|gametype|singles","|gen|6","|tier|Monotype","|rated","|rule|Baton Pass Clause: Limit one Baton Passer, can't pass Spe and other stats simultaneously","|rule|Swagger Clause: Swagger is banned","|rule|Same Type Clause: Pokémon in a team must share a type","|clearpoke","|poke|p1|Excadrill, F","|poke|p1|Garchomp, F","|poke|p1|Krookodile, F","|poke|p1|Hippowdon, F","|poke|p1|Gastrodon, F","|poke|p1|Steelix, F","|poke|p2|Druddigon, F, shiny","|poke|p2|Dragonite, F","|poke|p2|Goodra, F, shiny","|poke|p2|Latias, F, shiny","|poke|p2|Garchomp, M, shiny","|poke|p2|Salamence, M, shiny","|rule|Sleep Clause Mod: Limit one foe put to sleep","|rule|Species Clause: Limit one of each Pokémon","|rule|OHKO Clause: OHKO moves are banned","|rule|Moody Clause: Moody is banned","|rule|Evasion Moves Clause: Evasion moves are banned","|rule|Endless Battle Clause: Forcing endless battles is banned","|rule|HP Percentage Mod: HP is shown in percentages","|teampreview","|","|start","|switch|p1a: Krookodile|Krookodile, F|331/331","|switch|p2a: Druddigon|Druddigon, F, shiny|357/357","|turn|1","|","|switch|p1a: Gastrodon|Gastrodon, F|425/425","|move|p2a: Druddigon|Stealth Rock|p1a: Gastrodon","|-sidestart|p1: Defender of Sinnoh|move: Stealth Rock","|","|turn|2","|","|move|p1a: Gastrodon|Scald|p2a: Druddigon","|-resisted|p2a: Druddigon","|-damage|p2a: Druddigon|309/357","|move|p2a: Druddigon|Dragon Tail|p1a: Gastrodon","|-damage|p1a: Gastrodon|328/425","|drag|p1a: Krookodile|Krookodile, F|331/331","|-damage|p1a: Krookodile|311/331|[from] Stealth Rock","|","|turn|3","|","|move|p1a: Krookodile|Dragon Claw|p2a: Druddigon","|-supereffective|p2a: Druddigon","|-damage|p2a: Druddigon|109/357","|-damage|p1a: Krookodile|270/331|[from] ability: Rough Skin|[of] p2a: Druddigon","|move|p2a: Druddigon|Earthquake|p1a: Krookodile","|-damage|p1a: Krookodile|126/331","|","|turn|4","|","|move|p1a: Krookodile|Dragon Claw|p2a: Druddigon","|-supereffective|p2a: Druddigon","|-damage|p2a: Druddigon|0 fnt","|-damage|p1a: Krookodile|85/331|[from] ability: Rough Skin|[of] p2a: Druddigon","|faint|p2a: Druddigon","|-boost|p1a: Krookodile|atk|1|[from] ability: Moxie","|","|","|switch|p2a: Garchomp|Garchomp, M, shiny|357/357","|turn|5","|","|move|p1a: Krookodile|Dragon Claw|p2a: Garchomp","|-supereffective|p2a: Garchomp","|-damage|p2a: Garchomp|103/357","|-damage|p1a: Krookodile|44/331|[from] ability: Rough Skin|[of] p2a: Garchomp","|move|p2a: Garchomp|Swords Dance|p2a: Garchomp","|-boost|p2a: Garchomp|atk|2","|","|turn|6","|","|move|p1a: Krookodile|Dragon Claw|p2a: Garchomp","|-supereffective|p2a: Garchomp","|-damage|p2a: Garchomp|0 fnt","|-damage|p1a: Krookodile|3/331|[from] ability: Rough Skin|[of] p2a: Garchomp","|faint|p2a: Garchomp","|-boost|p1a: Krookodile|atk|1|[from] ability: Moxie","|","|","|switch|p2a: Dragonite|Dragonite, F|323/323","|turn|7","|","|move|p2a: Dragonite|Extreme Speed|p1a: Krookodile","|-damage|p1a: Krookodile|0 fnt","|faint|p1a: Krookodile","|","|","|switch|p1a: Garchomp|Garchomp, F|357/357","|-damage|p1a: Garchomp|335/357|[from] Stealth Rock","|turn|8","|","|move|p1a: Garchomp|Swords Dance|p1a: Garchomp","|-boost|p1a: Garchomp|atk|2","|move|p2a: Dragonite|Dragon Dance|p2a: Dragonite","|-boost|p2a: Dragonite|atk|1","|-boost|p2a: Dragonite|spe|1","|","|turn|9","|","|move|p2a: Dragonite|Dragon Dance|p2a: Dragonite","|-boost|p2a: Dragonite|atk|1","|-boost|p2a: Dragonite|spe|1","|move|p1a: Garchomp|Dragon Claw|p2a: Dragonite","|-supereffective|p2a: Dragonite","|-damage|p2a: Dragonite|17/323","|-enditem|p2a: Dragonite|Weakness Policy","|-boost|p2a: Dragonite|atk|2|[from] item: Weakness Policy","|-boost|p2a: Dragonite|spa|2|[from] item: Weakness Policy","|","|turn|10","|","|move|p2a: Dragonite|Dragon Claw|p1a: Garchomp","|-supereffective|p1a: Garchomp","|-damage|p1a: Garchomp|0 fnt","|-damage|p2a: Dragonite|0 fnt|[from] ability: Rough Skin|[of] p1a: Garchomp","|faint|p2a: Dragonite","|faint|p1a: Garchomp","|","|","|switch|p2a: Latias|Latias, F, shiny|363/363","|switch|p1a: Hippowdon|Hippowdon, F|419/419","|-damage|p1a: Hippowdon|393/419|[from] Stealth Rock","|-weather|Sandstorm","|turn|11","|","|detailschange|p2a: Latias|Latias-Mega, F, shiny","|-mega|p2a: Latias|Latias|Latiasite","|move|p2a: Latias|Surf|p1a: Hippowdon","|-supereffective|p1a: Hippowdon","|-damage|p1a: Hippowdon|99/419","|move|p1a: Hippowdon|Stealth Rock|p2a: Latias","|-sidestart|p2: R06L29A01|move: Stealth Rock","|","|-weather|Sandstorm|[upkeep]","|-damage|p2a: Latias|341/363|[from] sandstorm","|-heal|p1a: Hippowdon|125/419|[from] item: Leftovers","|turn|12","|","|move|p2a: Latias|Surf|p1a: Hippowdon","|-supereffective|p1a: Hippowdon","|-damage|p1a: Hippowdon|0 fnt","|faint|p1a: Hippowdon","|","|-weather|Sandstorm|[upkeep]","|-damage|p2a: Latias|319/363|[from] sandstorm","|","|switch|p1a: Excadrill|Excadrill, F|361/361","|-damage|p1a: Excadrill|350/361|[from] Stealth Rock","|-item|p1a: Excadrill|Air Balloon","|turn|13","|","|move|p1a: Excadrill|Iron Head|p2a: Latias","|-damage|p2a: Latias|183/363","|cant|p2a: Latias|flinch","|","|-weather|Sandstorm|[upkeep]","|-damage|p2a: Latias|161/363|[from] sandstorm","|turn|14","|","|move|p1a: Excadrill|Iron Head|p2a: Latias","|-damage|p2a: Latias|20/363","|move|p2a: Latias|Recover|p2a: Latias","|-heal|p2a: Latias|202/363","|","|-weather|Sandstorm|[upkeep]","|-damage|p2a: Latias|180/363|[from] sandstorm","|turn|15","|","|switch|p2a: Goodra|Goodra, F, shiny|383/383","|-damage|p2a: Goodra|336/383|[from] Stealth Rock","|move|p1a: Excadrill|Iron Head|p2a: Goodra","|-crit|p2a: Goodra","|-damage|p2a: Goodra|24/383","|-unboost|p1a: Excadrill|spe|1","|","|-weather|none","|turn|16","|","|move|p2a: Goodra|Flamethrower|p1a: Excadrill","|-supereffective|p1a: Excadrill","|-damage|p1a: Excadrill|38/361","|-enditem|p1a: Excadrill|Air Balloon","|-status|p1a: Excadrill|brn","|move|p1a: Excadrill|Earthquake|p2a: Goodra","|-damage|p2a: Goodra|0 fnt","|faint|p2a: Goodra","|","|-damage|p1a: Excadrill|0 fnt|[from] brn","|faint|p1a: Excadrill","|","|switch|p2a: Latias|Latias-Mega, F, shiny|180/363","|switch|p1a: Gastrodon|Gastrodon, F|328/425","|-damage|p2a: Latias|135/363|[from] Stealth Rock","|-damage|p1a: Gastrodon|302/425|[from] Stealth Rock","|turn|17","|","|move|p2a: Latias|Recover|p2a: Latias","|-heal|p2a: Latias|317/363","|move|p1a: Gastrodon|Scald|p2a: Latias","|-resisted|p2a: Latias","|-damage|p2a: Latias|284/363","|","|-heal|p1a: Gastrodon|328/425|[from] item: Leftovers","|turn|18","|","|move|p2a: Latias|Surf|p1a: Gastrodon","|-boost|p1a: Gastrodon|spa|1|[from] ability: Storm Drain","|move|p1a: Gastrodon|Toxic|p2a: Latias","|-status|p2a: Latias|tox","|","|-heal|p1a: Gastrodon|354/425|[from] item: Leftovers","|-damage|p2a: Latias|262/363 tox|[from] psn","|turn|19","|","|switch|p2a: Salamence|Salamence, M, shiny|331/331","|-damage|p2a: Salamence|249/331|[from] Stealth Rock","|move|p1a: Gastrodon|Scald|p2a: Salamence","|-resisted|p2a: Salamence","|-damage|p2a: Salamence|167/331","|","|-heal|p1a: Gastrodon|380/425|[from] item: Leftovers","|turn|20","|","|move|p2a: Salamence|Outrage|p1a: Gastrodon","|-damage|p1a: Gastrodon|114/425","|-damage|p2a: Salamence|134/331|[from] item: Life Orb","|move|p1a: Gastrodon|Scald|p2a: Salamence","|-resisted|p2a: Salamence","|-damage|p2a: Salamence|51/331","|","|-heal|p1a: Gastrodon|140/425|[from] item: Leftovers","|turn|21","|","|move|p2a: Salamence|Outrage|p1a: Gastrodon","|-damage|p1a: Gastrodon|0 fnt","|-damage|p2a: Salamence|18/331|[from] item: Life Orb","|-start|p2a: Salamence|confusion|[fatigue]","|faint|p1a: Gastrodon","|-boost|p2a: Salamence|atk|1|[from] ability: Moxie","|","|","|switch|p1a: Steelix|Steelix, F|291/291","|-damage|p1a: Steelix|282/291|[from] Stealth Rock","|turn|22","|","|detailschange|p1a: Steelix|Steelix-Mega, F","|-mega|p1a: Steelix|Steelix|Steelixite","|-activate|p2a: Salamence|confusion","|move|p2a: Salamence|Fire Fang|p1a: Steelix","|-supereffective|p1a: Steelix","|-damage|p1a: Steelix|123/291","|-damage|p2a: Salamence|0 fnt|[from] item: Life Orb","|faint|p2a: Salamence","|cant|p1a: Steelix|flinch","|","|","|switch|p2a: Latias|Latias-Mega, F, shiny|262/363 tox","|-damage|p2a: Latias|217/363 tox|[from] Stealth Rock","|turn|23","|","|move|p2a: Latias|Surf|p1a: Steelix","|-supereffective|p1a: Steelix","|-damage|p1a: Steelix|0 fnt","|faint|p1a: Steelix","|","|win|R06L29A01"],"p1rating":{"entryid":"6083148","serverid":"eos","formatid":"monotype","userid":"defenderofsinnoh","username":"Defender Of Sinnoh","w":"28","l":44,"t":"0","gxe":39.9,"r":"1404.4304529194","rd":"48.019117152128","sigma":"0","rptime":"1438160400","rpr":1422.2022484405,"rprd":45.918248019411,"rpsigma":"0","acre":1113.4080143577,"lacre":1113.4080143577,"oldacre":"1137.6602155461"},"p2rating":{"entryid":"6931648","serverid":"eos","formatid":"monotype","userid":"r06l29a01","username":"R06L29A01","w":40,"l":"38","t":"0","gxe":52.4,"r":"1510.5207071928","rd":"40.781458005066","sigma":"0","rptime":"1438160400","rpr":1517.9877424303,"rprd":40.299276191097,"rpsigma":"0","acre":1172.307994587,"lacre":1172.307994587,"oldacre":"1148.0557933986"},"endType":"normal"}