{"seed":[61479,3870,20308,24331],"turns":31,"p1":"R06L29A01","p2":"Wаrden Arguѕ","p1team":[{"name":"Druddigon","species":"Druddigon","item":"focussash","ability":"Rough Skin","moves":["glare","dragontail","earthquake","stealthrock"],"nature":"Adamant","evs":{"hp":248,"atk":252,"def":0,"spa":0,"spd":8,"spe":0},"shiny":true,"ivs":{"hp":31,"atk":31,"def":31,"spa":31,"spd":31,"spe":31}},{"name":"Dragonite","species":"Dragonite","item":"weaknesspolicy","ability":"Multiscale","moves":["extremespeed","dragondance","dragonclaw","earthquake"],"nature":"Adamant","evs":{"hp":0,"atk":252,"def":0,"spa":0,"spd":4,"spe":252},"ivs":{"hp":31,"atk":31,"def":31,"spa":31,"spd":31,"spe":31}},{"name":"Goodra","species":"Goodra","item":"assaultvest","ability":"Gooey","moves":["dragonpulse","icebeam","flamethrower","sludgebomb"],"nature":"Modest","evs":{"hp":248,"atk":0,"def":0,"spa":252,"spd":8,"spe":0},"shiny":true,"ivs":{"hp":31,"atk":31,"def":31,"spa":31,"spd":31,"spe":31}},{"name":"Latias","species":"Latias","item":"latiasite","ability":"Levitate","moves":["thunderbolt","recover","dragonpulse","surf"],"nature":"Modest","evs":{"hp":248,"atk":0,"def":0,"spa":252,"spd":8,"spe":0},"shiny":true,"ivs":{"hp":31,"atk":31,"def":31,"spa":31,"spd":31,"spe":31}},{"name":"Garchomp","species":"Garchomp","item":"focussash","ability":"Rough Skin","moves":["dragonclaw","swordsdance","earthquake","firefang"],"nature":"Jolly","evs":{"hp":0,"atk":252,"def":0,"spa":0,"spd":4,"spe":252},"shiny":true,"ivs":{"hp":31,"atk":31,"def":31,"spa":31,"spd":31,"spe":31}},{"name":"Salamence","species":"Salamence","item":"lifeorb","ability":"Moxie","moves":["dragontail","irontail","firefang","outrage"],"nature":"Jolly","evs":{"hp":0,"atk":252,"def":0,"spa":0,"spd":4,"spe":252},"shiny":true,"ivs":{"hp":31,"atk":31,"def":31,"spa":31,"spd":31,"spe":31}}],"p2team":[{"name":"Sableye","species":"Sableye","item":"leftovers","ability":"Prankster","moves":["knockoff","willowisp","recover","taunt"],"nature":"Bold","evs":{"hp":228,"atk":0,"def":252,"spa":0,"spd":0,"spe":28},"gender":"M","ivs":{"hp":31,"atk":0,"def":31,"spa":31,"spd":31,"spe":31}},{"name":"Aegislash","species":"Aegislash","item":"weaknesspolicy","ability":"Stance Change","moves":["kingsshield","sacredsword","shadowball","shadowsneak"],"nature":"Lonely","evs":{"hp":0,"atk":252,"def":0,"spa":240,"spd":0,"spe":16},"gender":"M","shiny":true,"ivs":{"hp":31,"atk":31,"def":31,"spa":31,"spd":31,"spe":31}},{"name":"Jellicent","species":"Jellicent","item":"leftovers","ability":"Cursed Body","moves":["toxic","scald","recover","acidarmor"],"nature":"Calm","evs":{"hp":252,"atk":0,"def":0,"spa":0,"spd":252,"spe":4},"gender":"M","ivs":{"hp":31,"atk":0,"def":31,"spa":31,"spd":31,"spe":31},"shiny":true},{"name":"Golurk","species":"Golurk","item":"focussash","ability":"No Guard","moves":["stealthrock","stoneedge","dynamicpunch","curse"],"nature":"Adamant","evs":{"hp":0,"atk":252,"def":0,"spa":0,"spd":4,"spe":252},"shiny":true,"ivs":{"hp":31,"atk":31,"def":31,"spa":31,"spd":31,"spe":31}},{"name":"Chandelure","species":"Chandelure","item":"choicescarf","ability":"Infiltrator","moves":["flamethrower","shadowball","energyball","trick"],"nature":"Modest","evs":{"hp":0,"atk":0,"def":0,"spa":252,"spd":4,"spe":252},"gender":"F","ivs":{"hp":31,"atk":0,"def":31,"spa":31,"spd":31,"spe":31}},{"name":"Gengar","species":"Gengar","item":"focussash","ability":"Levitate","moves":["destinybond","sludgebomb","shadowball","energyball"],"nature":"Timid","evs":{"hp":0,"atk":0,"def":0,"spa":252,"spd":4,"spe":252},"gender":"F","ivs":{"hp":31,"atk":0,"def":31,"spa":31,"spd":31,"spe":31},"shiny":true}],"log":["|player|p1|R06L29A01|209","|player|p2|Wаrden Arguѕ|argus2spooky.png","|gametype|singles","|gen|6","|tier|Monotype","|rated","|rule|Baton Pass Clause: Limit one Baton Passer, can't pass Spe and other stats simultaneously","|rule|Swagger Clause: Swagger is banned","|rule|Same Type Clause: Pokémon in a team must share a type","|clearpoke","|poke|p1|Druddigon, M, shiny","|poke|p1|Dragonite, F","|poke|p1|Goodra, M, shiny","|poke|p1|Latias, F, shiny","|poke|p1|Garchomp, F, shiny","|poke|p1|Salamence, M, shiny","|poke|p2|Sableye, M","|poke|p2|Aegislash, M, shiny","|poke|p2|Jellicent, M, shiny","|poke|p2|Golurk, shiny","|poke|p2|Chandelure, F","|poke|p2|Gengar, F, shiny","|rule|Sleep Clause Mod: Limit one foe put to sleep","|rule|Species Clause: Limit one of each Pokémon","|rule|OHKO Clause: OHKO moves are banned","|rule|Moody Clause: Moody is banned","|rule|Evasion Moves Clause: Evasion moves are banned","|rule|Endless Battle Clause: Forcing endless battles is banned","|rule|HP Percentage Mod: HP is shown in percentages","|teampreview","|","|start","|switch|p1a: Druddigon|Druddigon, M, shiny|357/357","|switch|p2a: Sableye|Sableye, M|298/298","|turn|1","|","|move|p2a: Sableye|Taunt|p1a: Druddigon","|-start|p1a: Druddigon|move: Taunt","|move|p1a: Druddigon|Dragon Tail|p2a: Sableye","|-damage|p2a: Sableye|196/298","|drag|p2a: Golurk|Golurk, shiny|319/319","|","|turn|2","|","|move|p2a: Golurk|Stealth Rock|p1a: Druddigon","|-sidestart|p1: R06L29A01|move: Stealth Rock","|move|p1a: Druddigon|Earthquake|p2a: Golurk","|-damage|p2a: Golurk|178/319","|","|turn|3","|","|move|p2a: Golurk|Dynamic Punch|p1a: Druddigon","|-crit|p1a: Druddigon","|-damage|p1a: Druddigon|159/357","|-damage|p2a: Golurk|139/319|[from] ability: Rough Skin|[of] p1a: Druddigon","|-start|p1a: Druddigon|confusion","|-activate|p1a: Druddigon|confusion","|move|p1a: Druddigon|Earthquake|p2a: Golurk","|-damage|p2a: Golurk|0 fnt","|faint|p2a: Golurk","|","|-end|p1a: Druddigon|move: Taunt","|","|switch|p2a: Sableye|Sableye, M|196/298","|turn|4","|","|switch|p1a: Goodra|Goodra, M, shiny|383/383","|-damage|p1a: Goodra|336/383|[from] Stealth Rock","|move|p2a: Sableye|Will-O-Wisp|p1a: Goodra|[miss]","|-miss|p2a: Sableye|p1a: Goodra","|","|-heal|p2a: Sableye|214/298|[from] item: Leftovers","|turn|5","|","|switch|p2a: Jellicent|Jellicent, M, shiny|404/404","|move|p1a: Goodra|Sludge Bomb|p2a: Jellicent","|-resisted|p2a: Jellicent","|-damage|p2a: Jellicent|370/404","|-status|p2a: Jellicent|psn","|","|-heal|p2a: Jellicent|395/404 psn|[from] item: Leftovers","|-damage|p2a: Jellicent|345/404 psn|[from] psn","|turn|6","|","|move|p1a: Goodra|Dragon Pulse|p2a: Jellicent","|-damage|p2a: Jellicent|239/404 psn","|move|p2a: Jellicent|Toxic|p1a: Goodra","|-status|p1a: Goodra|tox","|","|-heal|p2a: Jellicent|264/404 psn|[from] item: Leftovers","|-damage|p1a: Goodra|313/383 tox|[from] psn","|-damage|p2a: Jellicent|214/404 psn|[from] psn","|turn|7","|","|switch|p1a: Druddigon|Druddigon, M, shiny|159/357","|-damage|p1a: Druddigon|115/357|[from] Stealth Rock","|move|p2a: Jellicent|Recover|p2a: Jellicent","|-heal|p2a: Jellicent|404/404 psn","|","|-damage|p2a: Jellicent|354/404 psn|[from] psn","|turn|8","|","|move|p2a: Jellicent|Scald|p1a: Druddigon","|-resisted|p1a: Druddigon","|-damage|p1a: Druddigon|68/357","|move|p1a: Druddigon|Stealth Rock|p2a: Jellicent","|-sidestart|p2: Wаrden Arguѕ|move: Stealth Rock","|","|-heal|p2a: Jellicent|379/404 psn|[from] item: Leftovers","|-damage|p2a: Jellicent|329/404 psn|[from] psn","|turn|9","|","|move|p2a: Jellicent|Scald|p1a: Druddigon","|-crit|p1a: Druddigon","|-resisted|p1a: Druddigon","|-damage|p1a: Druddigon|0 fnt","|faint|p1a: Druddigon","|","|-heal|p2a: Jellicent|354/404 psn|[from] item: Leftovers","|-damage|p2a: Jellicent|304/404 psn|[from] psn","|","|switch|p1a: Latias|Latias, F, shiny|363/363","|-damage|p1a: Latias|318/363|[from] Stealth Rock","|turn|10","|","|detailschange|p1a: Latias|Latias-Mega, F, shiny","|-mega|p1a: Latias|Latias|Latiasite","|move|p1a: Latias|Thunderbolt|p2a: Jellicent","|-supereffective|p2a: Jellicent","|-damage|p2a: Jellicent|144/404 psn","|-start|p1a: Latias|Disable|Thunderbolt","|move|p2a: Jellicent|Toxic|p1a: Latias","|-status|p1a: Latias|tox","|","|-heal|p2a: Jellicent|169/404 psn|[from] item: Leftovers","|-damage|p1a: Latias|296/363 tox|[from] psn","|-damage|p2a: Jellicent|119/404 psn|[from] psn","|turn|11","|","|switch|p1a: Goodra|Goodra, M, shiny|313/383 tox","|-damage|p1a: Goodra|266/383 tox|[from] Stealth Rock","|move|p2a: Jellicent|Recover|p2a: Jellicent","|-heal|p2a: Jellicent|321/404 psn","|","|-heal|p2a: Jellicent|346/404 psn|[from] item: Leftovers","|-damage|p1a: Goodra|243/383 tox|[from] psn","|-damage|p2a: Jellicent|296/404 psn|[from] psn","|turn|12","|","|move|p1a: Goodra|Dragon Pulse|p2a: Jellicent","|-damage|p2a: Jellicent|193/404 psn","|move|p2a: Jellicent|Recover|p2a: Jellicent","|-heal|p2a: Jellicent|395/404 psn","|","|-heal|p2a: Jellicent|404/404 psn|[from] item: Leftovers","|-damage|p1a: Goodra|197/383 tox|[from] psn","|-damage|p2a: Jellicent|354/404 psn|[from] psn","|turn|13","|","|switch|p1a: Salamence|Salamence, M, shiny|331/331","|-damage|p1a: Salamence|249/331|[from] Stealth Rock","|move|p2a: Jellicent|Acid Armor|p2a: Jellicent","|-boost|p2a: Jellicent|def|2","|","|-heal|p2a: Jellicent|379/404 psn|[from] item: Leftovers","|-damage|p2a: Jellicent|329/404 psn|[from] psn","|turn|14","|","|move|p2a: Jellicent|Scald|p1a: Salamence","|-resisted|p1a: Salamence","|-damage|p1a: Salamence|201/331","|-status|p1a: Salamence|brn","|move|p1a: Salamence|Dragon Tail|p2a: Jellicent","|-damage|p2a: Jellicent|285/404 psn","|-damage|p1a: Salamence|168/331 brn|[from] item: Life Orb","|drag|p2a: Aegislash|Aegislash, M, shiny|261/261","|-damage|p2a: Aegislash|245/261|[from] Stealth Rock","|","|-damage|p1a: Salamence|127/331 brn|[from] brn","|turn|15","|","|move|p2a: Aegislash|King's Shield|p2a: Aegislash","|-singleturn|p2a: Aegislash|Protect","|move|p1a: Salamence|Fire Fang|p2a: Aegislash","|-activate|p2a: Aegislash|Protect","|-unboost|p1a: Salamence|atk|2","|","|-damage|p1a: Salamence|86/331 brn|[from] brn","|turn|16","|","|-formechange|p2a: Aegislash|Aegislash-Blade","|move|p2a: Aegislash|Shadow Sneak|p1a: Salamence","|-damage|p1a: Salamence|0 fnt","|faint|p1a: Salamence","|","|","|switch|p1a: Goodra|Goodra, M, shiny|197/383 tox","|-damage|p1a: Goodra|150/383 tox|[from] Stealth Rock","|turn|17","|","|switch|p2a: Jellicent|Jellicent, M, shiny|285/404 psn","|-damage|p2a: Jellicent|235/404 psn|[from] Stealth Rock","|move|p1a: Goodra|Flamethrower|p2a: Jellicent","|-resisted|p2a: Jellicent","|-damage|p2a: Jellicent|201/404 psn","|-start|p1a: Goodra|Disable|Flamethrower","|","|-heal|p2a: Jellicent|226/404 psn|[from] item: Leftovers","|-damage|p1a: Goodra|127/383 tox|[from] psn","|-damage|p2a: Jellicent|176/404 psn|[from] psn","|turn|18","|","|move|p1a: Goodra|Dragon Pulse|p2a: Jellicent","|-damage|p2a: Jellicent|77/404 psn","|move|p2a: Jellicent|Recover|p2a: Jellicent","|-heal|p2a: Jellicent|279/404 psn","|","|-heal|p2a: Jellicent|304/404 psn|[from] item: Leftovers","|-damage|p1a: Goodra|81/383 tox|[from] psn","|-damage|p2a: Jellicent|254/404 psn|[from] psn","|turn|19","|","|move|p1a: Goodra|Dragon Pulse|p2a: Jellicent","|-damage|p2a: Jellicent|146/404 psn","|move|p2a: Jellicent|Recover|p2a: Jellicent","|-heal|p2a: Jellicent|348/404 psn","|","|-heal|p2a: Jellicent|373/404 psn|[from] item: Leftovers","|-damage|p1a: Goodra|12/383 tox|[from] psn","|-damage|p2a: Jellicent|323/404 psn|[from] psn","|turn|20","|","|move|p1a: Goodra|Dragon Pulse|p2a: Jellicent","|-damage|p2a: Jellicent|227/404 psn","|move|p2a: Jellicent|Acid Armor|p2a: Jellicent","|-boost|p2a: Jellicent|def|2","|","|-heal|p2a: Jellicent|252/404 psn|[from] item: Leftovers","|-damage|p1a: Goodra|0 fnt|[from] psn","|-damage|p2a: Jellicent|202/404 psn|[from] psn","|faint|p1a: Goodra","|","|switch|p1a: Garchomp|Garchomp, F, shiny|357/357","|-damage|p1a: Garchomp|335/357|[from] Stealth Rock","|turn|21","|","|move|p1a: Garchomp|Swords Dance|p1a: Garchomp","|-boost|p1a: Garchomp|atk|2","|move|p2a: Jellicent|Recover|p2a: Jellicent","|-heal|p2a: Jellicent|404/404 psn","|","|-damage|p2a: Jellicent|354/404 psn|[from] psn","|turn|22","|","|move|p1a: Garchomp|Dragon Claw|p2a: Jellicent","|-damage|p2a: Jellicent|146/404 psn","|move|p2a: Jellicent|Scald|p1a: Garchomp","|-damage|p1a: Garchomp|241/357","|","|-heal|p2a: Jellicent|171/404 psn|[from] item: Leftovers","|-damage|p2a: Jellicent|121/404 psn|[from] psn","|turn|23","|","|move|p1a: Garchomp|Dragon Claw|p2a: Jellicent","|-damage|p2a: Jellicent|0 fnt","|-start|p1a: Garchomp|Disable|Dragon Claw","|faint|p2a: Jellicent","|","|","|switch|p2a: Sableye|Sableye, M|214/298","|-damage|p2a: Sableye|177/298|[from] Stealth Rock","|turn|24","|","|move|p2a: Sableye|Will-O-Wisp|p1a: Garchomp","|-status|p1a: Garchomp|brn","|move|p1a: Garchomp|Earthquake|p2a: Sableye","|-crit|p2a: Sableye","|-damage|p2a: Sableye|0 fnt","|faint|p2a: Sableye","|","|-damage|p1a: Garchomp|197/357 brn|[from] brn","|","|switch|p2a: Aegislash|Aegislash, M, shiny|245/261","|-damage|p2a: Aegislash|229/261|[from] Stealth Rock","|turn|25","|","|switch|p2a: Gengar|Gengar, F, shiny|261/261","|-damage|p2a: Gengar|229/261|[from] Stealth Rock","|move|p1a: Garchomp|Earthquake|p2a: Gengar","|-immune|p2a: Gengar|[msg]","|","|-damage|p1a: Garchomp|153/357 brn|[from] brn","|turn|26","|","|move|p2a: Gengar|Shadow Ball|p1a: Garchomp","|-damage|p1a: Garchomp|3/357 brn","|move|p1a: Garchomp|Fire Fang|p2a: Gengar","|-crit|p2a: Gengar","|-damage|p2a: Gengar|40/261","|","|-damage|p1a: Garchomp|0 fnt|[from] brn","|faint|p1a: Garchomp","|","|switch|p1a: Dragonite|Dragonite, F|323/323","|-damage|p1a: Dragonite|243/323|[from] Stealth Rock","|turn|27","|","|move|p2a: Gengar|Sludge Bomb|p1a: Dragonite","|-damage|p1a: Dragonite|83/323","|move|p1a: Dragonite|Dragon Dance|p1a: Dragonite","|-boost|p1a: Dragonite|atk|1","|-boost|p1a: Dragonite|spe|1","|","|turn|28","|","|move|p1a: Dragonite|Dragon Claw|p2a: Gengar","|-damage|p2a: Gengar|0 fnt","|faint|p2a: Gengar","|","|","|switch|p2a: Aegislash|Aegislash, M, shiny|229/261","|-damage|p2a: Aegislash|213/261|[from] Stealth Rock","|turn|29","|","|-formechange|p2a: Aegislash|Aegislash-Blade","|move|p2a: Aegislash|Shadow Sneak|p1a: Dragonite","|-damage|p1a: Dragonite|0 fnt","|faint|p1a: Dragonite","|","|","|switch|p1a: Latias|Latias-Mega, F, shiny|296/363 tox","|-damage|p1a: Latias|251/363 tox|[from] Stealth Rock","|turn|30","|","|-formechange|p2a: Aegislash|Aegislash","|move|p2a: Aegislash|King's Shield|p2a: Aegislash","|-singleturn|p2a: Aegislash|Protect","|move|p1a: Latias|Thunderbolt|p2a: Aegislash","|-activate|p2a: Aegislash|Protect","|","|-damage|p1a: Latias|229/363 tox|[from] psn","|turn|31","|","|move|p1a: Latias|Thunderbolt|p2a: Aegislash","|-damage|p2a: Aegislash|125/261","|-formechange|p2a: Aegislash|Aegislash-Blade","|move|p2a: Aegislash|Shadow Ball|p1a: Latias","|-crit|p1a: Latias","|-supereffective|p1a: Latias","|-damage|p1a: Latias|0 fnt","|faint|p1a: Latias","|","|win|Wаrden Arguѕ"],"p1rating":{"entryid":"6931648","serverid":"eos","formatid":"monotype","userid":"r06l29a01","username":"R06L29A01","w":"41","l":42,"t":"0","gxe":50.1,"r":"1510.5207071928","rd":"40.781458005066","sigma":"0","rptime":"1438160400","rpr":1500.9330719279,"rprd":39.212191224403,"rpsigma":"0","acre":1083.934458339,"lacre":1083.934458339,"oldacre":"1113.677324611"},"p2rating":{"entryid":"7252450","serverid":"eos","formatid":"monotype","userid":"wrdenargu","username":"Wаrden Arguѕ","w":2,"l":"0","t":"0","gxe":57,"r":"1500","rd":"130","sigma":"0","rptime":"1438160400","rpr":1555.8340984137,"rprd":117.54943637376,"rpsigma":"0","acre":1086.1644530525,"lacre":1086.1644530525,"oldacre":"1046.955395271"},"endType":"normal"}