{"seed":[20854,52844,16802,1520],"turns":42,"p1":"Zukushiku","p2":"Alliance - Glacia","p1team":[{"name":"Banette","species":"Banette","item":"banettite","ability":"Frisk","moves":["substitute","shadowclaw","painsplit","suckerpunch"],"nature":"Adamant","evs":{"hp":168,"atk":252,"def":0,"spa":0,"spd":0,"spe":88},"ivs":{"hp":31,"atk":31,"def":31,"spa":31,"spd":31,"spe":31}},{"name":"Sableye","species":"Sableye","item":"leftovers","ability":"Prankster","moves":["recover","willowisp","taunt","foulplay"],"nature":"Calm","evs":{"hp":252,"atk":0,"def":0,"spa":0,"spd":232,"spe":24},"ivs":{"hp":31,"atk":31,"def":31,"spa":31,"spd":31,"spe":31}},{"name":"Spiritomb","species":"Spiritomb","item":"leftovers","ability":"Infiltrator","moves":["willowisp","foulplay","rest","sleeptalk"],"nature":"Impish","evs":{"hp":252,"atk":0,"def":252,"spa":0,"spd":0,"spe":4},"shiny":true,"ivs":{"hp":31,"atk":31,"def":31,"spa":31,"spd":31,"spe":31}},{"name":"Jellicent","species":"Jellicent","item":"leftovers","ability":"Water Absorb","moves":["taunt","toxic","recover","scald"],"nature":"Calm","evs":{"hp":248,"atk":0,"def":0,"spa":0,"spd":216,"spe":44},"gender":"F","ivs":{"hp":31,"atk":0,"def":31,"spa":31,"spd":31,"spe":31},"shiny":true},{"name":"Golurk","species":"Golurk","item":"leftovers","ability":"Iron Fist","moves":["stealthrock","earthquake","icepunch","drainpunch"],"nature":"Impish","evs":{"hp":252,"atk":76,"def":176,"spa":0,"spd":0,"spe":4},"ivs":{"hp":31,"atk":31,"def":31,"spa":31,"spd":31,"spe":31}},{"name":"Chandelure","species":"Chandelure","item":"lifeorb","ability":"Flash Fire","moves":["painsplit","shadowball","fireblast","taunt"],"nature":"Timid","evs":{"hp":160,"atk":0,"def":0,"spa":136,"spd":0,"spe":212},"ivs":{"hp":31,"atk":0,"def":31,"spa":31,"spd":31,"spe":31},"shiny":true}],"p2team":[{"name":"Usain","species":"weavile","item":"choiceband","ability":"Pressure","moves":["knockoff","iciclecrash","lowkick","iceshard"],"nature":"Jolly","evs":{"hp":0,"atk":252,"def":0,"spa":0,"spd":4,"spe":252},"ivs":{"hp":31,"atk":31,"def":31,"spa":31,"spd":31,"spe":31}},{"name":"Liopleurodon","species":"lapras","item":"choicespecs","ability":"Water Absorb","moves":["surf","freezedry","ancientpower","hiddenpowerfire"],"nature":"Modest","evs":{"hp":248,"atk":0,"def":0,"spa":252,"spd":8,"spe":0},"ivs":{"hp":31,"atk":30,"def":31,"spa":30,"spd":31,"spe":30}},{"name":"Bahamut","species":"kyuremblack","item":"choicescarf","ability":"Teravolt","moves":["outrage","fusionbolt","earthpower","icebeam"],"nature":"Naive","evs":{"hp":0,"atk":252,"def":0,"spa":4,"spd":0,"spe":252},"ivs":{"hp":31,"atk":31,"def":31,"spa":31,"spd":31,"spe":31}},{"name":"Jotunn","species":"regice","item":"chestoberry","ability":"Clear Body","moves":["thunderwave","seismictoss","counter","rest"],"nature":"Calm","evs":{"hp":248,"atk":0,"def":8,"spa":0,"spd":252,"spe":0},"ivs":{"hp":31,"atk":31,"def":31,"spa":31,"spd":31,"spe":31}},{"name":"T-Titanic-Kun...","species":"avalugg","item":"leftovers","ability":"Sturdy","moves":["rapidspin","avalanche","toxic","recover"],"nature":"Impish","evs":{"hp":252,"atk":4,"def":252,"spa":0,"spd":0,"spe":0},"ivs":{"hp":31,"atk":31,"def":31,"spa":31,"spd":31,"spe":31}},{"name":"Mamoswine","species":"Mamoswine","item":"focussash","ability":"Oblivious","moves":["endeavor","earthquake","knockoff","iceshard"],"nature":"Brave","evs":{"hp":248,"atk":252,"def":0,"spa":0,"spd":8,"spe":0},"ivs":{"hp":31,"atk":31,"def":31,"spa":31,"spd":31,"spe":31}}],"log":["|player|p1|Zukushiku|zukushiku.png","|player|p2|Alliance - Glacia|79","|gametype|singles","|gen|6","|tier|Monotype","|rated","|rule|Baton Pass Clause: Limit one Baton Passer, can't pass Spe and other stats simultaneously","|rule|Swagger Clause: Swagger is banned","|rule|Same Type Clause: Pokémon in a team must share a type","|clearpoke","|poke|p1|Banette, F","|poke|p1|Sableye, F","|poke|p1|Spiritomb, M, shiny","|poke|p1|Jellicent, F, shiny","|poke|p1|Golurk","|poke|p1|Chandelure, F, shiny","|poke|p2|Weavile, F","|poke|p2|Lapras, F","|poke|p2|Kyurem-Black","|poke|p2|Regice","|poke|p2|Avalugg, F","|poke|p2|Mamoswine, F","|rule|Sleep Clause Mod: Limit one foe put to sleep","|rule|Species Clause: Limit one of each Pokémon","|rule|OHKO Clause: OHKO moves are banned","|rule|Moody Clause: Moody is banned","|rule|Evasion Moves Clause: Evasion moves are banned","|rule|Endless Battle Clause: Forcing endless battles is banned","|rule|HP Percentage Mod: HP is shown in percentages","|teampreview","|","|start","|switch|p1a: Sableye|Sableye, F|304/304","|switch|p2a: Liopleurodon|Lapras, F|463/463","|turn|1","|","|move|p1a: Sableye|Will-O-Wisp|p2a: Liopleurodon","|-status|p2a: Liopleurodon|brn","|move|p2a: Liopleurodon|Freeze-Dry|p1a: Sableye","|-damage|p1a: Sableye|151/304","|","|-heal|p1a: Sableye|170/304|[from] item: Leftovers","|-damage|p2a: Liopleurodon|406/463 brn|[from] brn","|turn|2","|","|move|p1a: Sableye|Recover|p1a: Sableye","|-heal|p1a: Sableye|304/304","|move|p2a: Liopleurodon|Freeze-Dry|p1a: Sableye","|-damage|p1a: Sableye|162/304","|","|-heal|p1a: Sableye|181/304|[from] item: Leftovers","|-damage|p2a: Liopleurodon|349/463 brn|[from] brn","|turn|3","|","|switch|p2a: T-Titanic-Kun...|Avalugg, F|394/394","|switch|p1a: Chandelure|Chandelure, F, shiny|301/301","|","|turn|4","|","|switch|p1a: Spiritomb|Spiritomb, M, shiny|304/304","|switch|p2a: Jotunn|Regice|363/363","|","|turn|5","|","|switch|p1a: Jellicent|Jellicent, F, shiny|403/403","|move|p2a: Jotunn|Thunder Wave|p1a: Jellicent","|-status|p1a: Jellicent|par","|","|turn|6","|","|switch|p2a: Liopleurodon|Lapras, F|349/463 brn","|move|p1a: Jellicent|Toxic|p2a: Liopleurodon","|-fail|p2a: Liopleurodon","|","|-damage|p2a: Liopleurodon|292/463 brn|[from] brn","|turn|7","|","|move|p2a: Liopleurodon|Freeze-Dry|p1a: Jellicent","|-supereffective|p1a: Jellicent","|-damage|p1a: Jellicent|169/403 par","|move|p1a: Jellicent|Recover|p1a: Jellicent","|-heal|p1a: Jellicent|371/403 par","|","|-heal|p1a: Jellicent|396/403 par|[from] item: Leftovers","|-damage|p2a: Liopleurodon|235/463 brn|[from] brn","|turn|8","|","|move|p2a: Liopleurodon|Freeze-Dry|p1a: Jellicent","|-supereffective|p1a: Jellicent","|-damage|p1a: Jellicent|180/403 par","|move|p1a: Jellicent|Recover|p1a: Jellicent","|-heal|p1a: Jellicent|382/403 par","|","|-heal|p1a: Jellicent|403/403 par|[from] item: Leftovers","|-damage|p2a: Liopleurodon|178/463 brn|[from] brn","|turn|9","|","|switch|p1a: Chandelure|Chandelure, F, shiny|301/301","|move|p2a: Liopleurodon|Freeze-Dry|p1a: Chandelure","|-resisted|p1a: Chandelure","|-damage|p1a: Chandelure|220/301","|-status|p1a: Chandelure|frz","|","|-damage|p2a: Liopleurodon|121/463 brn|[from] brn","|turn|10","|","|switch|p2a: Mamoswine|Mamoswine, F|423/423","|cant|p1a: Chandelure|frz","|","|turn|11","|","|cant|p1a: Chandelure|frz","|move|p2a: Mamoswine|Earthquake|p1a: Chandelure","|-supereffective|p1a: Chandelure","|-damage|p1a: Chandelure|0 fnt","|faint|p1a: Chandelure","|","|","|switch|p1a: Spiritomb|Spiritomb, M, shiny|304/304","|turn|12","|","|move|p2a: Mamoswine|Knock Off|p1a: Spiritomb","|-damage|p1a: Spiritomb|219/304","|-enditem|p1a: Spiritomb|Leftovers|[from] move: Knock Off|[of] p2a: Mamoswine","|move|p1a: Spiritomb|Will-O-Wisp|p2a: Mamoswine","|-status|p2a: Mamoswine|brn","|","|-damage|p2a: Mamoswine|371/423 brn|[from] brn","|turn|13","|","|switch|p2a: Liopleurodon|Lapras, F|121/463 brn","|move|p1a: Spiritomb|Will-O-Wisp|p2a: Liopleurodon","|-fail|p2a: Liopleurodon|brn","|","|-damage|p2a: Liopleurodon|64/463 brn|[from] brn","|turn|14","|","|switch|p1a: Banette|Banette, F|311/311","|-item|p2a: Liopleurodon|Choice Specs|[from] ability: Frisk|[of] p1a: Banette|[identify]","|move|p2a: Liopleurodon|Freeze-Dry|p1a: Banette","|-damage|p1a: Banette|74/311","|","|-damage|p2a: Liopleurodon|7/463 brn|[from] brn","|turn|15","|","|detailschange|p1a: Banette|Banette-Mega, F","|-mega|p1a: Banette|Banette|Banettite","|move|p1a: Banette|Sucker Punch|p2a: Liopleurodon","|-damage|p2a: Liopleurodon|0 fnt","|faint|p2a: Liopleurodon","|","|","|switch|p2a: Usain|Weavile, F|281/281","|-ability|p2a: Usain|Pressure","|turn|16","|","|move|p2a: Usain|Ice Shard|p1a: Banette","|-damage|p1a: Banette|0 fnt","|faint|p1a: Banette","|","|","|switch|p1a: Spiritomb|Spiritomb, M, shiny|219/304","|turn|17","|","|switch|p2a: Mamoswine|Mamoswine, F|371/423 brn","|move|p1a: Spiritomb|Will-O-Wisp|p2a: Mamoswine","|-fail|p2a: Mamoswine|brn","|","|-damage|p2a: Mamoswine|319/423 brn|[from] brn","|turn|18","|","|switch|p1a: Golurk|Golurk|382/382","|move|p2a: Mamoswine|Earthquake|p1a: Golurk","|-damage|p1a: Golurk|292/382","|","|-heal|p1a: Golurk|315/382|[from] item: Leftovers","|-damage|p2a: Mamoswine|267/423 brn|[from] brn","|turn|19","|","|move|p2a: Mamoswine|Knock Off|p1a: Golurk","|-supereffective|p1a: Golurk","|-damage|p1a: Golurk|199/382","|-enditem|p1a: Golurk|Leftovers|[from] move: Knock Off|[of] p2a: Mamoswine","|move|p1a: Golurk|Stealth Rock|p2a: Mamoswine","|-sidestart|p2: Alliance - Glacia|move: Stealth Rock","|","|-damage|p2a: Mamoswine|215/423 brn|[from] brn","|turn|20","|","|move|p2a: Mamoswine|Ice Shard|p1a: Golurk","|-supereffective|p1a: Golurk","|-damage|p1a: Golurk|132/382","|move|p1a: Golurk|Drain Punch|p2a: Mamoswine","|-crit|p2a: Mamoswine","|-supereffective|p2a: Mamoswine","|-damage|p2a: Mamoswine|0 fnt","|-heal|p1a: Golurk|240/382|[from] drain|[of] p2a: Mamoswine","|faint|p2a: Mamoswine","|","|","|switch|p2a: T-Titanic-Kun...|Avalugg, F|394/394","|-damage|p2a: T-Titanic-Kun...|296/394|[from] Stealth Rock","|turn|21","|","|switch|p1a: Spiritomb|Spiritomb, M, shiny|219/304","|move|p2a: T-Titanic-Kun...|Avalanche|p1a: Spiritomb","|-crit|p1a: Spiritomb","|-damage|p1a: Spiritomb|137/304","|","|-heal|p2a: T-Titanic-Kun...|320/394|[from] item: Leftovers","|turn|22","|","|move|p1a: Spiritomb|Rest|p1a: Spiritomb","|-status|p1a: Spiritomb|slp","|-heal|p1a: Spiritomb|304/304 slp|[silent]","|-status|p1a: Spiritomb|slp|[from] move: Rest","|move|p2a: T-Titanic-Kun...|Toxic|p1a: Spiritomb","|-fail|p1a: Spiritomb","|","|-heal|p2a: T-Titanic-Kun...|344/394|[from] item: Leftovers","|turn|23","|","|switch|p2a: Bahamut|Kyurem-Black|391/391","|-damage|p2a: Bahamut|294/391|[from] Stealth Rock","|-ability|p2a: Bahamut|Teravolt","|cant|p1a: Spiritomb|slp","|move|p1a: Spiritomb|Sleep Talk|p1a: Spiritomb","|move|p1a: Spiritomb|Rest|p1a: Spiritomb|[from]Sleep Talk","|-fail|p1a: Spiritomb","|","|turn|24","|","|switch|p1a: Golurk|Golurk|240/382","|move|p2a: Bahamut|Outrage|p1a: Golurk","|-damage|p1a: Golurk|18/382","|","|turn|25","|","|move|p2a: Bahamut|Outrage|p1a: Golurk","|-damage|p1a: Golurk|0 fnt","|-start|p2a: Bahamut|confusion|[fatigue]","|faint|p1a: Golurk","|","|","|switch|p1a: Sableye|Sableye, F|181/304","|turn|26","|","|move|p1a: Sableye|Will-O-Wisp|p2a: Bahamut","|-status|p2a: Bahamut|brn","|-activate|p2a: Bahamut|confusion","|-damage|p2a: Bahamut|264/391 brn|[from] confusion","|","|-heal|p1a: Sableye|200/304|[from] item: Leftovers","|-damage|p2a: Bahamut|216/391 brn|[from] brn","|turn|27","|","|switch|p2a: Jotunn|Regice|363/363","|-damage|p2a: Jotunn|273/363|[from] Stealth Rock","|move|p1a: Sableye|Recover|p1a: Sableye","|-heal|p1a: Sableye|304/304","|","|turn|28","|","|switch|p1a: Jellicent|Jellicent, F, shiny|403/403 par","|move|p2a: Jotunn|Thunder Wave|p1a: Jellicent","|-fail|p1a: Jellicent|par","|","|turn|29","|","|switch|p1a: Sableye|Sableye, F|304/304","|move|p2a: Jotunn|Thunder Wave|p1a: Sableye","|-status|p1a: Sableye|par","|","|turn|30","|","|switch|p2a: Bahamut|Kyurem-Black|216/391 brn","|-damage|p2a: Bahamut|119/391 brn|[from] Stealth Rock","|-ability|p2a: Bahamut|Teravolt","|move|p1a: Sableye|Will-O-Wisp|p2a: Bahamut","|-fail|p2a: Bahamut|brn","|","|-damage|p2a: Bahamut|71/391 brn|[from] brn","|turn|31","|","|move|p1a: Sableye|Taunt|p2a: Bahamut","|-start|p2a: Bahamut|move: Taunt","|move|p2a: Bahamut|Outrage|p1a: Sableye","|-damage|p1a: Sableye|131/304 par","|","|-heal|p1a: Sableye|150/304 par|[from] item: Leftovers","|-damage|p2a: Bahamut|23/391 brn|[from] brn","|turn|32","|","|move|p1a: Sableye|Recover|p1a: Sableye","|-heal|p1a: Sableye|302/304 par","|move|p2a: Bahamut|Outrage|p1a: Sableye","|-damage|p1a: Sableye|140/304 par","|-start|p2a: Bahamut|confusion|[fatigue]","|","|-heal|p1a: Sableye|159/304 par|[from] item: Leftovers","|-damage|p2a: Bahamut|0 fnt|[from] brn","|faint|p2a: Bahamut","|","|switch|p2a: Usain|Weavile, F|281/281","|-damage|p2a: Usain|211/281|[from] Stealth Rock","|-ability|p2a: Usain|Pressure","|turn|33","|","|move|p1a: Sableye|Will-O-Wisp|p2a: Usain","|-status|p2a: Usain|brn","|move|p2a: Usain|Knock Off|p1a: Sableye","|-damage|p1a: Sableye|0 fnt","|-enditem|p1a: Sableye|Leftovers|[from] move: Knock Off|[of] p2a: Usain","|faint|p1a: Sableye","|","|-damage|p2a: Usain|176/281 brn|[from] brn","|","|switch|p1a: Spiritomb|Spiritomb, M, shiny|304/304 slp","|turn|34","|","|move|p2a: Usain|Knock Off|p1a: Spiritomb","|-damage|p1a: Spiritomb|250/304 slp","|cant|p1a: Spiritomb|slp","|move|p1a: Spiritomb|Sleep Talk|p1a: Spiritomb","|move|p1a: Spiritomb|Rest|p1a: Spiritomb|[from]Sleep Talk","|-fail|p1a: Spiritomb","|","|-damage|p2a: Usain|141/281 brn|[from] brn","|turn|35","|","|switch|p2a: T-Titanic-Kun...|Avalugg, F|344/394","|-damage|p2a: T-Titanic-Kun...|246/394|[from] Stealth Rock","|-curestatus|p1a: Spiritomb|slp","|move|p1a: Spiritomb|Foul Play|p2a: T-Titanic-Kun...","|-damage|p2a: T-Titanic-Kun...|182/394","|","|-heal|p2a: T-Titanic-Kun...|206/394|[from] item: Leftovers","|turn|36","|","|switch|p1a: Jellicent|Jellicent, F, shiny|403/403 par","|move|p2a: T-Titanic-Kun...|Recover|p2a: T-Titanic-Kun...","|-heal|p2a: T-Titanic-Kun...|394/394","|","|turn|37","|","|switch|p2a: Usain|Weavile, F|141/281 brn","|-damage|p2a: Usain|71/281 brn|[from] Stealth Rock","|-ability|p2a: Usain|Pressure","|move|p1a: Jellicent|Toxic|p2a: Usain","|-fail|p2a: Usain","|","|-damage|p2a: Usain|36/281 brn|[from] brn","|turn|38","|","|switch|p1a: Spiritomb|Spiritomb, M, shiny|250/304","|move|p2a: Usain|Icicle Crash|p1a: Spiritomb","|-damage|p1a: Spiritomb|172/304","|","|-damage|p2a: Usain|1/281 brn|[from] brn","|turn|39","|","|move|p2a: Usain|Icicle Crash|p1a: Spiritomb","|-damage|p1a: Spiritomb|100/304","|move|p1a: Spiritomb|Rest|p1a: Spiritomb","|-status|p1a: Spiritomb|slp","|-heal|p1a: Spiritomb|304/304 slp|[silent]","|-status|p1a: Spiritomb|slp|[from] move: Rest","|","|-damage|p2a: Usain|0 fnt|[from] brn","|faint|p2a: Usain","|","|switch|p2a: T-Titanic-Kun...|Avalugg, F|394/394","|-damage|p2a: T-Titanic-Kun...|296/394|[from] Stealth Rock","|turn|40","|","|switch|p1a: Jellicent|Jellicent, F, shiny|403/403 par","|move|p2a: T-Titanic-Kun...|Avalanche|p1a: Jellicent","|-resisted|p1a: Jellicent","|-damage|p1a: Jellicent|347/403 par","|","|-heal|p2a: T-Titanic-Kun...|320/394|[from] item: Leftovers","|-heal|p1a: Jellicent|372/403 par|[from] item: Leftovers","|turn|41","|","|move|p1a: Jellicent|Toxic|p2a: T-Titanic-Kun...","|-status|p2a: T-Titanic-Kun...|tox","|move|p2a: T-Titanic-Kun...|Avalanche|p1a: Jellicent","|-resisted|p1a: Jellicent","|-damage|p1a: Jellicent|319/403 par","|","|-heal|p2a: T-Titanic-Kun...|344/394 tox|[from] item: Leftovers","|-heal|p1a: Jellicent|344/403 par|[from] item: Leftovers","|-damage|p2a: T-Titanic-Kun...|320/394 tox|[from] psn","|turn|42","|","|win|Zukushiku"],"p1rating":{"entryid":"7076911","serverid":"eos","formatid":"monotype","userid":"zukushiku","username":"Zukushiku","w":12,"l":"5","t":"0","gxe":60.4,"r":"1536.705092843","rd":"79.942082814946","sigma":"0","rptime":"1438160400","rpr":1581.0729284973,"rprd":74.778375906191,"rpsigma":"0","acre":1259.0831961529,"lacre":1259.0831961529,"oldacre":"1242.7046280033"},"p2rating":{"entryid":"6141190","serverid":"eos","formatid":"monotype","userid":"allianceglacia","username":"Alliance - Glacia","w":"11","l":12,"t":"0","gxe":49.2,"r":"1561.9352382538","rd":"82.37040540344","sigma":"0","rptime":"1438160400","rpr":1493.7079048718,"rprd":69.848596348432,"rpsigma":"0","acre":1101.3899507029,"lacre":1101.3899507029,"oldacre":"1117.7685188525"},"endType":"forfeit"}