{"seed":[20790,57951,13731,50913],"turns":33,"p1":"Carnie Wight","p2":"Voidchrono","p1team":[{"name":"Innocent","species":"jirachi","item":"choicescarf","ability":"Serene Grace","moves":["icepunch","healingwish","uturn","ironhead"],"nature":"Hasty","evs":{"hp":4,"atk":252,"def":0,"spa":0,"spd":0,"spe":252},"shiny":true,"ivs":{"hp":31,"atk":31,"def":31,"spa":31,"spd":31,"spe":31}},{"name":"6 hands weeee!","species":"hoopaunbound","item":"choicescarf","ability":"Magician","moves":["hyperspacehole","hyperspacefury","gunkshot","drainpunch"],"nature":"Hasty","evs":{"hp":0,"atk":252,"def":0,"spa":4,"spd":0,"spe":252},"ivs":{"hp":31,"atk":31,"def":31,"spa":31,"spd":31,"spe":31}},{"name":"Senpai","species":"gardevoir","item":"gardevoirite","ability":"Synchronize","moves":["thunderbolt","psyshock","focusblast","hypervoice"],"nature":"Timid","evs":{"hp":0,"atk":0,"def":0,"spa":252,"spd":8,"spe":248},"ivs":{"hp":31,"atk":31,"def":31,"spa":31,"spd":31,"spe":31}},{"name":"Pinky","species":"latios","item":"choicescarf","ability":"Levitate","moves":["dracometeor","psyshock","icebeam","defog"],"nature":"Modest","evs":{"hp":0,"atk":0,"def":0,"spa":252,"spd":8,"spe":248},"shiny":true,"ivs":{"hp":31,"atk":31,"def":31,"spa":31,"spd":31,"spe":31}},{"name":"Peace","species":"victini","item":"choicescarf","ability":"Victory Star","moves":["vcreate","brickbreak","boltstrike","zenheadbutt"],"nature":"Jolly","evs":{"hp":0,"atk":252,"def":0,"spa":0,"spd":4,"spe":252},"ivs":{"hp":31,"atk":31,"def":31,"spa":31,"spd":31,"spe":31}},{"name":"Celery","species":"celebi","item":"leftovers","ability":"Natural Cure","moves":["synthesis","stealthrock","psychic","energyball"],"nature":"Modest","evs":{"hp":252,"atk":0,"def":0,"spa":252,"spd":4,"spe":0},"ivs":{"hp":31,"atk":31,"def":31,"spa":31,"spd":31,"spe":31}}],"p2team":[{"name":"Mew","species":"Mew","item":"bindingband","ability":"Synchronize","moves":["whirlpool","taunt","roost","willowisp"],"nature":"Calm","evs":{"hp":252,"atk":0,"def":84,"spa":0,"spd":172,"spe":0},"ivs":{"hp":31,"atk":31,"def":31,"spa":31,"spd":31,"spe":31}},{"name":"Gardevoir","species":"Gardevoir","item":"gardevoirite","ability":"Trace","moves":["hypervoice","focusblast","substitute","willowisp"],"nature":"Calm","evs":{"hp":248,"atk":0,"def":0,"spa":132,"spd":128,"spe":0},"ivs":{"hp":31,"atk":31,"def":31,"spa":31,"spd":31,"spe":31}},{"name":"Victini","species":"Victini","item":"choicescarf","ability":"Victory Star","moves":["trick","vcreate","boltstrike","uturn"],"nature":"Jolly","evs":{"hp":0,"atk":252,"def":0,"spa":0,"spd":4,"spe":252},"ivs":{"hp":31,"atk":31,"def":31,"spa":31,"spd":31,"spe":31}},{"name":"Slowbro","species":"Slowbro","item":"leftovers","ability":"Regenerator","moves":["flamethrower","scald","slackoff","thunderwave"],"nature":"Bold","evs":{"hp":252,"atk":0,"def":252,"spa":4,"spd":0,"spe":0},"ivs":{"hp":31,"atk":0,"def":31,"spa":31,"spd":31,"spe":31}},{"name":"Latios","species":"Latios","item":"choicescarf","ability":"Levitate","moves":["surf","energyball","dragonpulse","defog"],"nature":"Timid","evs":{"hp":0,"atk":0,"def":0,"spa":252,"spd":4,"spe":252},"ivs":{"hp":31,"atk":0,"def":31,"spa":31,"spd":31,"spe":31}},{"name":"Meloetta","species":"Meloetta","item":"assaultvest","ability":"Serene Grace","moves":["dazzlinggleam","hypervoice","shadowball","psyshock"],"nature":"Modest","evs":{"hp":72,"atk":0,"def":0,"spa":252,"spd":184,"spe":0},"ivs":{"hp":31,"atk":0,"def":31,"spa":31,"spd":31,"spe":31}}],"log":["|player|p1|Carnie Wight|96","|player|p2|Voidchrono|voidchrono.png","|gametype|singles","|gen|6","|tier|Monotype","|rated","|rule|Baton Pass Clause: Limit one Baton Passer, can't pass Spe and other stats simultaneously","|rule|Swagger Clause: Swagger is banned","|rule|Same Type Clause: Pokémon in a team must share a type","|clearpoke","|poke|p1|Jirachi, shiny","|poke|p1|Hoopa-Unbound","|poke|p1|Gardevoir, F","|poke|p1|Latios, M, shiny","|poke|p1|Victini","|poke|p1|Celebi","|poke|p2|Mew","|poke|p2|Gardevoir, M","|poke|p2|Victini","|poke|p2|Slowbro, F","|poke|p2|Latios, M","|poke|p2|Meloetta","|rule|Sleep Clause Mod: Limit one foe put to sleep","|rule|Species Clause: Limit one of each Pokémon","|rule|OHKO Clause: OHKO moves are banned","|rule|Moody Clause: Moody is banned","|rule|Evasion Moves Clause: Evasion moves are banned","|rule|Endless Battle Clause: Forcing endless battles is banned","|rule|HP Percentage Mod: HP is shown in percentages","|teampreview","|","|start","|switch|p1a: 6 hands weeee!|Hoopa-Unbound|301/301","|switch|p2a: Mew|Mew|404/404","|turn|1","|","|move|p1a: 6 hands weeee!|Hyperspace Hole|p2a: Mew","|-resisted|p2a: Mew","|-damage|p2a: Mew|347/404","|move|p2a: Mew|Will-O-Wisp|p1a: 6 hands weeee!|[miss]","|-miss|p2a: Mew|p1a: 6 hands weeee!","|","|turn|2","|","|switch|p1a: Peace|Victini|341/341","|move|p2a: Mew|Will-O-Wisp|p1a: Peace","|-immune|p1a: Peace|[msg]","|","|turn|3","|","|move|p1a: Peace|V-create|p2a: Mew","|-damage|p2a: Mew|104/404","|-unboost|p1a: Peace|def|1","|-unboost|p1a: Peace|spd|1","|-unboost|p1a: Peace|spe|1","|move|p2a: Mew|Roost|p2a: Mew","|-heal|p2a: Mew|306/404","|","|turn|4","|","|switch|p2a: Slowbro|Slowbro, F|394/394","|move|p1a: Peace|V-create|p2a: Slowbro","|-resisted|p2a: Slowbro","|-damage|p2a: Slowbro|302/394","|-unboost|p1a: Peace|def|1","|-unboost|p1a: Peace|spd|1","|-unboost|p1a: Peace|spe|1","|","|-heal|p2a: Slowbro|326/394|[from] item: Leftovers","|turn|5","|","|switch|p1a: Celery|Celebi|404/404","|move|p2a: Slowbro|Thunder Wave|p1a: Celery","|-status|p1a: Celery|par","|","|-heal|p2a: Slowbro|350/394|[from] item: Leftovers","|turn|6","|","|switch|p2a: Mew|Mew|306/404","|switch|p1a: Pinky|Latios, M, shiny|301/301","|","|turn|7","|","|switch|p1a: Peace|Victini|341/341","|move|p2a: Mew|Roost|p2a: Mew","|-heal|p2a: Mew|404/404","|","|turn|8","|","|move|p1a: Peace|V-create|p2a: Mew","|-damage|p2a: Mew|163/404","|-unboost|p1a: Peace|def|1","|-unboost|p1a: Peace|spd|1","|-unboost|p1a: Peace|spe|1","|move|p2a: Mew|Roost|p2a: Mew","|-heal|p2a: Mew|365/404","|","|turn|9","|","|switch|p2a: Victini|Victini|341/341","|move|p1a: Peace|V-create|p2a: Victini","|-resisted|p2a: Victini","|-damage|p2a: Victini|204/341","|-unboost|p1a: Peace|def|1","|-unboost|p1a: Peace|spd|1","|-unboost|p1a: Peace|spe|1","|","|turn|10","|","|switch|p1a: Pinky|Latios, M, shiny|301/301","|move|p2a: Victini|U-turn|p1a: Pinky","|-supereffective|p1a: Pinky","|-damage|p1a: Pinky|133/301","|","|switch|p2a: Mew|Mew|365/404","|","|turn|11","|","|move|p1a: Pinky|Draco Meteor|p2a: Mew","|-crit|p2a: Mew","|-damage|p2a: Mew|50/404","|-unboost|p1a: Pinky|spa|2","|move|p2a: Mew|Whirlpool|p1a: Pinky","|-resisted|p1a: Pinky","|-damage|p1a: Pinky|121/301","|-activate|p1a: Pinky|move: Whirlpool|[of] p2a: Mew","|","|-damage|p1a: Pinky|71/301|[from] move: Whirlpool|[partiallytrapped]","|turn|12","|","|switch|p2a: Meloetta|Meloetta|359/359","|move|p1a: Pinky|Draco Meteor|p2a: Meloetta","|-damage|p2a: Meloetta|301/359","|-unboost|p1a: Pinky|spa|2","|","|turn|13","|","|switch|p1a: Celery|Celebi|404/404","|move|p2a: Meloetta|Shadow Ball|p1a: Celery","|-supereffective|p1a: Celery","|-damage|p1a: Celery|212/404","|-unboost|p1a: Celery|spd|1","|","|-heal|p1a: Celery|237/404|[from] item: Leftovers","|turn|14","|","|move|p1a: Celery|Stealth Rock|p2a: Meloetta","|-sidestart|p2: Voidchrono|move: Stealth Rock","|move|p2a: Meloetta|Shadow Ball|p1a: Celery","|-supereffective|p1a: Celery","|-damage|p1a: Celery|0 fnt","|faint|p1a: Celery","|","|","|switch|p1a: Innocent|Jirachi, shiny|342/342","|turn|15","|","|switch|p2a: Slowbro|Slowbro, F|394/394","|-damage|p2a: Slowbro|345/394|[from] Stealth Rock","|move|p1a: Innocent|Iron Head|p2a: Slowbro","|-resisted|p2a: Slowbro","|-damage|p2a: Slowbro|308/394","|","|-heal|p2a: Slowbro|332/394|[from] item: Leftovers","|turn|16","|","|switch|p1a: Pinky|Latios, M, shiny|71/301","|move|p2a: Slowbro|Thunder Wave|p1a: Pinky","|-status|p1a: Pinky|par","|","|-heal|p2a: Slowbro|356/394|[from] item: Leftovers","|turn|17","|","|switch|p2a: Meloetta|Meloetta|301/359","|-damage|p2a: Meloetta|257/359|[from] Stealth Rock","|move|p1a: Pinky|Draco Meteor|p2a: Meloetta","|-crit|p2a: Meloetta","|-damage|p2a: Meloetta|76/359","|-unboost|p1a: Pinky|spa|2","|","|turn|18","|","|move|p2a: Meloetta|Shadow Ball|p1a: Pinky","|-supereffective|p1a: Pinky","|-damage|p1a: Pinky|0 fnt","|faint|p1a: Pinky","|","|","|switch|p1a: Senpai|Gardevoir, F|277/277","|turn|19","|","|detailschange|p1a: Senpai|Gardevoir-Mega, F","|-mega|p1a: Senpai|Gardevoir|Gardevoirite","|move|p1a: Senpai|Hyper Voice|p2a: Meloetta","|-damage|p2a: Meloetta|0 fnt","|faint|p2a: Meloetta","|","|","|switch|p2a: Victini|Victini|204/341","|-damage|p2a: Victini|119/341|[from] Stealth Rock","|turn|20","|","|move|p2a: Victini|V-create|p1a: Senpai","|-damage|p1a: Senpai|0 fnt","|-unboost|p2a: Victini|def|1","|-unboost|p2a: Victini|spd|1","|-unboost|p2a: Victini|spe|1","|faint|p1a: Senpai","|","|","|switch|p1a: 6 hands weeee!|Hoopa-Unbound|301/301","|turn|21","|","|switch|p2a: Mew|Mew|50/404","|-damage|p2a: Mew|0 fnt|[from] Stealth Rock","|faint|p2a: Mew","|move|p1a: 6 hands weeee!|Hyperspace Fury|p2: Mew|[notarget]","|-notarget","|","|","|switch|p2a: Latios|Latios, M|301/301","|-damage|p2a: Latios|264/301|[from] Stealth Rock","|turn|22","|","|move|p2a: Latios|Defog|p1a: 6 hands weeee!","|-unboost|p1a: 6 hands weeee!|evasion|1","|-sideend|p2: Voidchrono|Stealth Rock|[from] move: Defog|[of] p2a: Latios","|move|p1a: 6 hands weeee!|Hyperspace Fury|p2a: Latios","|-supereffective|p2a: Latios","|-damage|p2a: Latios|0 fnt","|-unboost|p1a: 6 hands weeee!|def|1","|faint|p2a: Latios","|","|","|switch|p2a: Victini|Victini|119/341","|turn|23","|","|switch|p1a: Innocent|Jirachi, shiny|342/342","|move|p2a: Victini|U-turn|p1a: Innocent","|-damage|p1a: Innocent|268/342","|","|switch|p2a: Slowbro|Slowbro, F|394/394","|","|turn|24","|","|switch|p2a: Victini|Victini|119/341","|move|p1a: Innocent|U-turn|p2a: Victini","|-damage|p2a: Victini|49/341","|","|switch|p1a: Peace|Victini|341/341","|","|turn|25","|","|switch|p2a: Slowbro|Slowbro, F|394/394","|move|p1a: Peace|Bolt Strike|p2a: Slowbro","|-supereffective|p2a: Slowbro","|-damage|p2a: Slowbro|206/394","|","|-heal|p2a: Slowbro|230/394|[from] item: Leftovers","|turn|26","|","|move|p1a: Peace|Bolt Strike|p2a: Slowbro","|-supereffective|p2a: Slowbro","|-damage|p2a: Slowbro|64/394","|move|p2a: Slowbro|Thunder Wave|p1a: Peace","|-status|p1a: Peace|par","|","|-heal|p2a: Slowbro|88/394|[from] item: Leftovers","|turn|27","|","|move|p1a: Peace|Bolt Strike|p2a: Slowbro","|-supereffective|p2a: Slowbro","|-damage|p2a: Slowbro|0 fnt","|faint|p2a: Slowbro","|","|","|switch|p2a: Gardevoir|Gardevoir, M|339/339","|-ability|p2a: Gardevoir|Victory Star|[from] ability: Trace|[of] p1a: Peace","|turn|28","|","|detailschange|p2a: Gardevoir|Gardevoir-Mega, M","|-mega|p2a: Gardevoir|Gardevoir|Gardevoirite","|move|p2a: Gardevoir|Substitute|p2a: Gardevoir","|-start|p2a: Gardevoir|Substitute","|-damage|p2a: Gardevoir|255/339","|cant|p1a: Peace|par","|","|turn|29","|","|move|p2a: Gardevoir|Hyper Voice|p1a: Peace","|-resisted|p1a: Peace","|-damage|p1a: Peace|230/341 par","|move|p1a: Peace|Bolt Strike|p2a: Gardevoir","|-end|p2a: Gardevoir|Substitute","|","|turn|30","|","|move|p2a: Gardevoir|Hyper Voice|p1a: Peace","|-resisted|p1a: Peace","|-damage|p1a: Peace|118/341 par","|cant|p1a: Peace|par","|","|turn|31","|","|move|p2a: Gardevoir|Hyper Voice|p1a: Peace","|-resisted|p1a: Peace","|-damage|p1a: Peace|0 fnt","|faint|p1a: Peace","|","|","|switch|p1a: Innocent|Jirachi, shiny|268/342","|turn|32","|","|move|p1a: Innocent|Iron Head|p2a: Gardevoir","|-supereffective|p2a: Gardevoir","|-damage|p2a: Gardevoir|0 fnt","|faint|p2a: Gardevoir","|","|","|switch|p2a: Victini|Victini|49/341","|turn|33","|","|move|p1a: Innocent|Iron Head|p2a: Victini","|-resisted|p2a: Victini","|-damage|p2a: Victini|0 fnt","|faint|p2a: Victini","|","|win|Carnie Wight"],"p1rating":{"entryid":"6265736","serverid":"eos","formatid":"monotype","userid":"carniewight","username":"Carnie Wight","w":42,"l":"36","t":"0","gxe":54.5,"r":"1520.448627408","rd":"47.765498577714","sigma":"0","rptime":"1438160400","rpr":1533.9286902765,"rprd":46.933644765996,"rpsigma":"0","acre":1185.1421223332,"lacre":1185.1421223332,"oldacre":"1148.8031176221"},"p2rating":{"entryid":"5810362","serverid":"eos","formatid":"monotype","userid":"voidchrono","username":"Void Chrono ת_תת_ת","w":"121","l":64,"t":"0","gxe":64.4,"r":"1612.5096232536","rd":"29.355272545275","sigma":"0","rptime":"1438160400","rpr":1611.6209261023,"rprd":29.162547739782,"rpsigma":"0","acre":1289.6881885254,"lacre":1289.6881885254,"oldacre":"1318.7593922943"},"endType":"normal"}