{"seed":[48981,5145,49618,46124],"turns":30,"p1":"Sovereign♕Blake","p2":"Zukushiku","p1team":[{"name":"Hippowdon","species":"Hippowdon","item":"leftovers","ability":"Sand Stream","moves":["toxic","whirlwind","stealthrock","slackoff"],"nature":"Bold","evs":{"hp":252,"atk":0,"def":252,"spa":0,"spd":4,"spe":0},"ivs":{"hp":31,"atk":31,"def":31,"spa":31,"spd":31,"spe":31}},{"name":"Excadrill","species":"Excadrill","item":"airballoon","ability":"Sand Rush","moves":["swordsdance","earthquake","ironhead","rockslide"],"nature":"Adamant","evs":{"hp":0,"atk":252,"def":0,"spa":0,"spd":4,"spe":252},"gender":"M","ivs":{"hp":31,"atk":31,"def":31,"spa":31,"spd":31,"spe":31}},{"name":"Landorus","species":"Landorus","item":"lifeorb","ability":"Sheer Force","moves":["sludgewave","earthpower","focusblast","gravity"],"nature":"Timid","evs":{"hp":0,"atk":0,"def":0,"spa":252,"spd":4,"spe":252},"ivs":{"hp":31,"atk":31,"def":31,"spa":31,"spd":31,"spe":31}},{"name":"Gastrodon","species":"Gastrodon","item":"leftovers","ability":"Storm Drain","moves":["scald","icebeam","toxic","recover"],"nature":"Bold","evs":{"hp":252,"atk":0,"def":252,"spa":4,"spd":0,"spe":0},"gender":"M","ivs":{"hp":31,"atk":31,"def":31,"spa":31,"spd":31,"spe":31}},{"name":"Mamoswine","species":"Mamoswine","item":"lifeorb","ability":"Thick Fat","moves":["freezedry","iciclecrash","earthquake","iceshard"],"nature":"Naive","evs":{"hp":0,"atk":252,"def":0,"spa":4,"spd":0,"spe":252},"gender":"M","ivs":{"hp":31,"atk":31,"def":31,"spa":31,"spd":31,"spe":31}},{"name":"Garchomp","species":"Garchomp","item":"garchompite","ability":"Sand Veil","moves":["swordsdance","outrage","irontail","earthquake"],"nature":"Adamant","evs":{"hp":248,"atk":252,"def":0,"spa":0,"spd":8,"spe":0},"gender":"M","ivs":{"hp":31,"atk":31,"def":31,"spa":31,"spd":31,"spe":31}}],"p2team":[{"name":"Banette","species":"Banette","item":"banettite","ability":"Frisk","moves":["substitute","shadowclaw","painsplit","suckerpunch"],"nature":"Adamant","evs":{"hp":168,"atk":252,"def":0,"spa":0,"spd":0,"spe":88},"ivs":{"hp":31,"atk":31,"def":31,"spa":31,"spd":31,"spe":31}},{"name":"Sableye","species":"Sableye","item":"leftovers","ability":"Prankster","moves":["recover","willowisp","taunt","foulplay"],"nature":"Calm","evs":{"hp":252,"atk":0,"def":0,"spa":0,"spd":232,"spe":24},"ivs":{"hp":31,"atk":31,"def":31,"spa":31,"spd":31,"spe":31}},{"name":"Spiritomb","species":"Spiritomb","item":"leftovers","ability":"Infiltrator","moves":["willowisp","foulplay","rest","sleeptalk"],"nature":"Impish","evs":{"hp":252,"atk":0,"def":252,"spa":0,"spd":0,"spe":4},"shiny":true,"ivs":{"hp":31,"atk":31,"def":31,"spa":31,"spd":31,"spe":31}},{"name":"Jellicent","species":"Jellicent","item":"leftovers","ability":"Water Absorb","moves":["taunt","toxic","recover","scald"],"nature":"Calm","evs":{"hp":248,"atk":0,"def":0,"spa":0,"spd":216,"spe":44},"gender":"F","ivs":{"hp":31,"atk":0,"def":31,"spa":31,"spd":31,"spe":31},"shiny":true},{"name":"Golurk","species":"Golurk","item":"leftovers","ability":"Iron Fist","moves":["stealthrock","earthquake","icepunch","drainpunch"],"nature":"Impish","evs":{"hp":252,"atk":76,"def":176,"spa":0,"spd":0,"spe":4},"ivs":{"hp":31,"atk":31,"def":31,"spa":31,"spd":31,"spe":31}},{"name":"Chandelure","species":"Chandelure","item":"lifeorb","ability":"Flash Fire","moves":["painsplit","shadowball","fireblast","taunt"],"nature":"Timid","evs":{"hp":160,"atk":0,"def":0,"spa":136,"spd":0,"spe":212},"ivs":{"hp":31,"atk":0,"def":31,"spa":31,"spd":31,"spe":31},"shiny":true}],"log":["|player|p1|Sovereign♕Blake|169","|player|p2|Zukushiku|zukushiku.png","|gametype|singles","|gen|6","|tier|Monotype","|rated","|rule|Baton Pass Clause: Limit one Baton Passer, can't pass Spe and other stats simultaneously","|rule|Swagger Clause: Swagger is banned","|rule|Same Type Clause: Pokémon in a team must share a type","|clearpoke","|poke|p1|Hippowdon, F","|poke|p1|Excadrill, M","|poke|p1|Landorus, M","|poke|p1|Gastrodon, M","|poke|p1|Mamoswine, M","|poke|p1|Garchomp, M","|poke|p2|Banette, F","|poke|p2|Sableye, F","|poke|p2|Spiritomb, F, shiny","|poke|p2|Jellicent, F, shiny","|poke|p2|Golurk","|poke|p2|Chandelure, M, shiny","|rule|Sleep Clause Mod: Limit one foe put to sleep","|rule|Species Clause: Limit one of each Pokémon","|rule|OHKO Clause: OHKO moves are banned","|rule|Moody Clause: Moody is banned","|rule|Evasion Moves Clause: Evasion moves are banned","|rule|Endless Battle Clause: Forcing endless battles is banned","|rule|HP Percentage Mod: HP is shown in percentages","|teampreview","|","|start","|switch|p1a: Hippowdon|Hippowdon, F|420/420","|switch|p2a: Jellicent|Jellicent, F, shiny|403/403","|-weather|Sandstorm","|turn|1","|","|move|p2a: Jellicent|Taunt|p1a: Hippowdon","|-start|p1a: Hippowdon|move: Taunt","|cant|p1a: Hippowdon|move: Taunt|Stealth Rock","|","|-weather|Sandstorm|[upkeep]","|-damage|p2a: Jellicent|378/403|[from] sandstorm","|-heal|p2a: Jellicent|403/403|[from] item: Leftovers","|turn|2","|","|switch|p1a: Gastrodon|Gastrodon, M|426/426","|move|p2a: Jellicent|Toxic|p1a: Gastrodon","|-status|p1a: Gastrodon|tox","|","|-weather|Sandstorm|[upkeep]","|-damage|p2a: Jellicent|378/403|[from] sandstorm","|-heal|p2a: Jellicent|403/403|[from] item: Leftovers","|-damage|p1a: Gastrodon|400/426 tox|[from] psn","|turn|3","|","|move|p2a: Jellicent|Taunt|p1a: Gastrodon","|-start|p1a: Gastrodon|move: Taunt","|cant|p1a: Gastrodon|move: Taunt|Toxic","|","|-weather|Sandstorm|[upkeep]","|-damage|p2a: Jellicent|378/403|[from] sandstorm","|-heal|p2a: Jellicent|403/403|[from] item: Leftovers","|-heal|p1a: Gastrodon|426/426 tox|[from] item: Leftovers","|-damage|p1a: Gastrodon|374/426 tox|[from] psn","|turn|4","|","|switch|p1a: Mamoswine|Mamoswine, M|361/361","|move|p2a: Jellicent|Scald|p1a: Mamoswine","|-supereffective|p1a: Mamoswine","|-damage|p1a: Mamoswine|107/361","|","|-weather|Sandstorm|[upkeep]","|-damage|p2a: Jellicent|378/403|[from] sandstorm","|-heal|p2a: Jellicent|403/403|[from] item: Leftovers","|turn|5","|","|switch|p2a: Spiritomb|Spiritomb, F, shiny|304/304","|move|p1a: Mamoswine|Freeze-Dry|p2a: Spiritomb","|-damage|p2a: Spiritomb|229/304","|-damage|p1a: Mamoswine|71/361|[from] item: Life Orb","|","|-weather|none","|-heal|p2a: Spiritomb|248/304|[from] item: Leftovers","|turn|6","|","|move|p1a: Mamoswine|Icicle Crash|p2a: Spiritomb","|-damage|p2a: Spiritomb|112/304","|-damage|p1a: Mamoswine|35/361|[from] item: Life Orb","|move|p2a: Spiritomb|Will-O-Wisp|p1a: Mamoswine","|-status|p1a: Mamoswine|brn","|","|-heal|p2a: Spiritomb|131/304|[from] item: Leftovers","|-damage|p1a: Mamoswine|0 fnt|[from] brn","|faint|p1a: Mamoswine","|","|switch|p1a: Hippowdon|Hippowdon, F|420/420","|-weather|Sandstorm","|turn|7","|","|move|p1a: Hippowdon|Stealth Rock|p2a: Spiritomb","|-sidestart|p2: Zukushiku|move: Stealth Rock","|move|p2a: Spiritomb|Will-O-Wisp|p1a: Hippowdon","|-status|p1a: Hippowdon|brn","|","|-weather|Sandstorm|[upkeep]","|-damage|p2a: Spiritomb|112/304|[from] sandstorm","|-heal|p2a: Spiritomb|131/304|[from] item: Leftovers","|-damage|p1a: Hippowdon|368/420 brn|[from] brn","|turn|8","|","|move|p1a: Hippowdon|Toxic|p2a: Spiritomb","|-status|p2a: Spiritomb|tox","|move|p2a: Spiritomb|Will-O-Wisp|p1a: Hippowdon","|-fail|p1a: Hippowdon|brn","|","|-weather|Sandstorm|[upkeep]","|-damage|p2a: Spiritomb|112/304 tox|[from] sandstorm","|-heal|p1a: Hippowdon|394/420 brn|[from] item: Leftovers","|-heal|p2a: Spiritomb|131/304 tox|[from] item: Leftovers","|-damage|p1a: Hippowdon|342/420 brn|[from] brn","|-damage|p2a: Spiritomb|112/304 tox|[from] psn","|turn|9","|","|move|p2a: Spiritomb|Rest|p2a: Spiritomb","|-status|p2a: Spiritomb|slp","|-heal|p2a: Spiritomb|304/304 slp|[silent]","|-status|p2a: Spiritomb|slp|[from] move: Rest","|move|p1a: Hippowdon|Whirlwind|p2a: Spiritomb","|drag|p2a: Chandelure|Chandelure, M, shiny|301/301","|-damage|p2a: Chandelure|226/301|[from] Stealth Rock","|","|-weather|Sandstorm|[upkeep]","|-damage|p2a: Chandelure|208/301|[from] sandstorm","|-heal|p1a: Hippowdon|368/420 brn|[from] item: Leftovers","|-damage|p1a: Hippowdon|316/420 brn|[from] brn","|turn|10","|","|move|p2a: Chandelure|Fire Blast|p1a: Hippowdon","|-damage|p1a: Hippowdon|0 fnt","|-damage|p2a: Chandelure|178/301|[from] item: Life Orb","|faint|p1a: Hippowdon","|","|-weather|Sandstorm|[upkeep]","|-damage|p2a: Chandelure|160/301|[from] sandstorm","|","|switch|p1a: Landorus|Landorus, M|319/319","|turn|11","|","|move|p1a: Landorus|Earth Power|p2a: Chandelure","|-supereffective|p2a: Chandelure","|-damage|p2a: Chandelure|0 fnt","|faint|p2a: Chandelure","|","|-weather|none","|","|switch|p2a: Jellicent|Jellicent, F, shiny|403/403","|-damage|p2a: Jellicent|353/403|[from] Stealth Rock","|turn|12","|","|move|p1a: Landorus|Earth Power|p2a: Jellicent","|-damage|p2a: Jellicent|181/403","|move|p2a: Jellicent|Toxic|p1a: Landorus","|-status|p1a: Landorus|tox","|","|-heal|p2a: Jellicent|206/403|[from] item: Leftovers","|-damage|p1a: Landorus|300/319 tox|[from] psn","|turn|13","|","|move|p1a: Landorus|Sludge Wave|p2a: Jellicent","|-crit|p2a: Jellicent","|-resisted|p2a: Jellicent","|-damage|p2a: Jellicent|114/403","|move|p2a: Jellicent|Recover|p2a: Jellicent","|-heal|p2a: Jellicent|316/403","|","|-heal|p2a: Jellicent|341/403|[from] item: Leftovers","|-damage|p1a: Landorus|262/319 tox|[from] psn","|turn|14","|","|move|p1a: Landorus|Earth Power|p2a: Jellicent","|-crit|p2a: Jellicent","|-damage|p2a: Jellicent|98/403","|move|p2a: Jellicent|Scald|p1a: Landorus","|-supereffective|p1a: Landorus","|-damage|p1a: Landorus|80/319 tox","|","|-heal|p2a: Jellicent|123/403|[from] item: Leftovers","|-damage|p1a: Landorus|23/319 tox|[from] psn","|turn|15","|","|switch|p1a: Excadrill|Excadrill, M|361/361","|-item|p1a: Excadrill|Air Balloon","|move|p2a: Jellicent|Recover|p2a: Jellicent","|-heal|p2a: Jellicent|325/403","|","|-heal|p2a: Jellicent|350/403|[from] item: Leftovers","|turn|16","|","|switch|p2a: Golurk|Golurk|382/382","|-damage|p2a: Golurk|359/382|[from] Stealth Rock","|move|p1a: Excadrill|Swords Dance|p1a: Excadrill","|-boost|p1a: Excadrill|atk|2","|","|-heal|p2a: Golurk|382/382|[from] item: Leftovers","|turn|17","|","|move|p1a: Excadrill|Earthquake|p2a: Golurk","|-damage|p2a: Golurk|25/382","|move|p2a: Golurk|Drain Punch|p1a: Excadrill","|-supereffective|p1a: Excadrill","|-damage|p1a: Excadrill|95/361","|-heal|p2a: Golurk|158/382|[from] drain|[of] p1a: Excadrill","|-enditem|p1a: Excadrill|Air Balloon","|","|-heal|p2a: Golurk|181/382|[from] item: Leftovers","|turn|18","|","|move|p1a: Excadrill|Earthquake|p2a: Golurk","|-damage|p2a: Golurk|0 fnt","|faint|p2a: Golurk","|","|","|switch|p2a: Banette|Banette, F|311/311","|-damage|p2a: Banette|273/311|[from] Stealth Rock","|turn|19","|","|detailschange|p2a: Banette|Banette-Mega, F","|-mega|p2a: Banette|Banette|Banettite","|move|p2a: Banette|Sucker Punch|p1a: Excadrill","|-damage|p1a: Excadrill|0 fnt","|faint|p1a: Excadrill","|","|","|switch|p1a: Garchomp|Garchomp, M|419/419","|turn|20","|","|detailschange|p1a: Garchomp|Garchomp-Mega, M","|-mega|p1a: Garchomp|Garchomp|Garchompite","|move|p2a: Banette|Substitute|p2a: Banette","|-start|p2a: Banette|Substitute","|-damage|p2a: Banette|196/311","|move|p1a: Garchomp|Swords Dance|p1a: Garchomp","|-boost|p1a: Garchomp|atk|2","|","|turn|21","|","|move|p1a: Garchomp|Earthquake|p2a: Banette","|-end|p2a: Banette|Substitute","|move|p2a: Banette|Shadow Claw|p1a: Garchomp","|-damage|p1a: Garchomp|269/419","|","|turn|22","|","|switch|p2a: Jellicent|Jellicent, F, shiny|350/403","|-damage|p2a: Jellicent|300/403|[from] Stealth Rock","|move|p1a: Garchomp|Earthquake|p2a: Jellicent","|-damage|p2a: Jellicent|0 fnt","|faint|p2a: Jellicent","|","|","|switch|p2a: Sableye|Sableye, F|304/304","|-damage|p2a: Sableye|266/304|[from] Stealth Rock","|turn|23","|","|move|p2a: Sableye|Will-O-Wisp|p1a: Garchomp","|-status|p1a: Garchomp|brn","|move|p1a: Garchomp|Earthquake|p2a: Sableye","|-damage|p2a: Sableye|0 fnt","|faint|p2a: Sableye","|","|-damage|p1a: Garchomp|217/419 brn|[from] brn","|","|switch|p2a: Spiritomb|Spiritomb, F, shiny|304/304 slp","|-damage|p2a: Spiritomb|266/304 slp|[from] Stealth Rock","|turn|24","|","|move|p1a: Garchomp|Swords Dance|p1a: Garchomp","|-boost|p1a: Garchomp|atk|2","|cant|p2a: Spiritomb|slp","|move|p2a: Spiritomb|Sleep Talk|p2a: Spiritomb","|move|p2a: Spiritomb|Will-O-Wisp|p1a: Garchomp|[from]Sleep Talk","|-fail|p1a: Garchomp|brn","|","|-heal|p2a: Spiritomb|285/304 slp|[from] item: Leftovers","|-damage|p1a: Garchomp|165/419 brn|[from] brn","|turn|25","|","|move|p1a: Garchomp|Swords Dance|p1a: Garchomp","|-boost|p1a: Garchomp|atk|2","|cant|p2a: Spiritomb|slp","|move|p2a: Spiritomb|Sleep Talk|p2a: Spiritomb","|move|p2a: Spiritomb|Foul Play|p1a: Garchomp|[from]Sleep Talk","|-damage|p1a: Garchomp|0 fnt","|faint|p1a: Garchomp","|","|-heal|p2a: Spiritomb|304/304 slp|[from] item: Leftovers","|","|switch|p1a: Landorus|Landorus, M|23/319 tox","|turn|26","|","|move|p1a: Landorus|Earth Power|p2a: Spiritomb","|-damage|p2a: Spiritomb|58/304 slp","|-curestatus|p2a: Spiritomb|slp","|move|p2a: Spiritomb|Sleep Talk|p2a: Spiritomb","|-fail|p2a: Spiritomb","|","|-heal|p2a: Spiritomb|77/304|[from] item: Leftovers","|-damage|p1a: Landorus|4/319 tox|[from] psn","|turn|27","|","|move|p1a: Landorus|Earth Power|p2a: Spiritomb","|-damage|p2a: Spiritomb|0 fnt","|faint|p2a: Spiritomb","|","|-damage|p1a: Landorus|0 fnt|[from] psn","|faint|p1a: Landorus","|","|switch|p2a: Banette|Banette-Mega, F|196/311","|switch|p1a: Gastrodon|Gastrodon, M|374/426 tox","|-damage|p2a: Banette|158/311|[from] Stealth Rock","|turn|28","|","|move|p2a: Banette|Substitute|p2a: Banette","|-start|p2a: Banette|Substitute","|-damage|p2a: Banette|81/311","|move|p1a: Gastrodon|Toxic|p2a: Banette","|-fail|p2a: Banette","|","|-heal|p1a: Gastrodon|400/426 tox|[from] item: Leftovers","|-damage|p1a: Gastrodon|374/426 tox|[from] psn","|turn|29","|","|move|p2a: Banette|Pain Split|p1a: Gastrodon","|-sethp|p1a: Gastrodon|227/426 tox|p2a: Banette|227/311|[from] move: Pain Split","|move|p1a: Gastrodon|Scald|p2a: Banette","|-end|p2a: Banette|Substitute","|","|-heal|p1a: Gastrodon|253/426 tox|[from] item: Leftovers","|-damage|p1a: Gastrodon|201/426 tox|[from] psn","|turn|30","|","|move|p2a: Banette|Shadow Claw|p1a: Gastrodon","|-crit|p1a: Gastrodon","|-damage|p1a: Gastrodon|0 fnt","|faint|p1a: Gastrodon","|","|win|Zukushiku"],"p1rating":{"entryid":"7151294","serverid":"eos","formatid":"monotype","userid":"sovereignblake","username":"Sovereign♕Blake","w":"4","l":7,"t":"0","gxe":39.4,"r":"1405.8731577829","rd":"89.463856305422","sigma":"0","rptime":"1438160400","rpr":1416.7016173284,"rprd":84.994591982765,"rpsigma":"0","acre":1065.3689375359,"lacre":1065.3689375359,"oldacre":"1079.610184388"},"p2rating":{"entryid":"7076911","serverid":"eos","formatid":"monotype","userid":"zukushiku","username":"Zukushiku","w":10,"l":"5","t":"0","gxe":56.2,"r":"1536.705092843","rd":"79.942082814946","sigma":"0","rptime":"1438160400","rpr":1547.779141731,"rprd":78.273580839636,"rpsigma":"0","acre":1223.1792193344,"lacre":1223.1792193344,"oldacre":"1206.952857303"},"endType":"normal"}