{"seed":[60980,58307,42061,56238],"turns":24,"p1":"Guard Darkrai","p2":"Professor ♅ ☯ Nyx","p1team":[{"name":"Toxicmurk","species":"toxicroak","item":"airballoon","ability":"Dry Skin","moves":["swordsdance","gunkshot","drainpunch","suckerpunch"],"nature":"Adamant","evs":{"hp":248,"atk":252,"def":0,"spa":0,"spd":8,"spe":0},"ivs":{"hp":31,"atk":31,"def":31,"spa":31,"spd":31,"spe":31}},{"name":"Not Darkrai ;-;","species":"drapion","item":"blacksludge","ability":"Battle Armor","moves":["knockoff","poisonjab","rockslide","earthquake"],"nature":"Adamant","evs":{"hp":252,"atk":252,"def":0,"spa":0,"spd":4,"spe":0},"ivs":{"hp":31,"atk":31,"def":31,"spa":31,"spd":31,"spe":31}},{"name":"How am I a Dragon?","species":"dragalge","item":"choicespecs","ability":"Adaptability","moves":["dracometeor","sludgewave","scald","hiddenpowerfire"],"nature":"Modest","evs":{"hp":248,"atk":0,"def":0,"spa":252,"spd":8,"spe":0},"ivs":{"hp":31,"atk":30,"def":31,"spa":30,"spd":31,"spe":30}},{"name":"Mac","species":"muk","item":"assaultvest","ability":"Poison Touch","moves":["gunkshot","poweruppunch","shadowsneak","icepunch"],"nature":"Adamant","evs":{"hp":248,"atk":252,"def":0,"spa":0,"spd":8,"spe":0},"ivs":{"hp":31,"atk":31,"def":31,"spa":31,"spd":31,"spe":31}},{"name":"Hi","species":"gengar","item":"lifeorb","ability":"Levitate","moves":["hex","sludgewave","focusblast","psychic"],"nature":"Timid","evs":{"hp":0,"atk":0,"def":0,"spa":252,"spd":4,"spe":252},"ivs":{"hp":31,"atk":31,"def":31,"spa":31,"spd":31,"spe":31}},{"name":"O god Im Sick","species":"weezing","item":"blacksludge","ability":"Levitate","moves":["painsplit","willowisp","toxicspikes","thunderbolt"],"nature":"Calm","evs":{"hp":252,"atk":0,"def":0,"spa":4,"spd":252,"spe":0},"ivs":{"hp":31,"atk":31,"def":31,"spa":31,"spd":31,"spe":31}}],"p2team":[{"name":"Tyranitar","species":"Tyranitar","item":"assaultvest","ability":"Sand Stream","moves":["stoneedge","earthquake","crunch","fireblast"],"nature":"Lonely","evs":{"hp":248,"atk":252,"def":0,"spa":8,"spd":0,"spe":0},"ivs":{"hp":31,"atk":31,"def":31,"spa":31,"spd":31,"spe":31}},{"name":"Aggron","species":"Aggron","item":"aggronite","ability":"Sturdy","moves":["curse","sleeptalk","rest","heavyslam"],"nature":"Careful","evs":{"hp":252,"atk":4,"def":56,"spa":0,"spd":196,"spe":0},"ivs":{"hp":31,"atk":31,"def":31,"spa":31,"spd":31,"spe":31}},{"name":"Terrakion","species":"Terrakion","item":"choicescarf","ability":"Justified","moves":["closecombat","stoneedge","earthquake","poisonjab"],"nature":"Jolly","evs":{"hp":4,"atk":252,"def":0,"spa":0,"spd":0,"spe":252},"ivs":{"hp":31,"atk":31,"def":31,"spa":31,"spd":31,"spe":31}},{"name":"Cradily","species":"Cradily","item":"leftovers","ability":"Storm Drain","moves":["stockpile","toxic","gigadrain","recover"],"nature":"Calm","gender":"F","evs":{"hp":0,"atk":0,"def":0,"spa":0,"spd":0,"spe":0},"ivs":{"hp":31,"atk":31,"def":31,"spa":31,"spd":31,"spe":31}},{"name":"Shuckle","species":"Shuckle","item":"leftovers","ability":"Sturdy","moves":["toxic","encore","stickyweb","stealthrock"],"nature":"Bold","evs":{"hp":252,"atk":0,"def":252,"spa":0,"spd":4,"spe":0},"ivs":{"hp":31,"atk":31,"def":31,"spa":31,"spd":31,"spe":31}},{"name":"Lord Helix","species":"omastar","item":"focussash","ability":"Weak Armor","moves":["shellsmash","surf","icebeam","hiddenpowergrass"],"nature":"Timid","evs":{"hp":0,"atk":0,"def":4,"spa":252,"spd":0,"spe":252},"ivs":{"hp":31,"atk":30,"def":31,"spa":30,"spd":31,"spe":31}}],"log":["|player|p1|Guard Darkrai|guarddarkrai.png","|player|p2|Professor ♅ ☯ Nyx|132","|gametype|singles","|gen|6","|tier|Monotype","|rated","|rule|Baton Pass Clause: Limit one Baton Passer, can't pass Spe and other stats simultaneously","|rule|Swagger Clause: Swagger is banned","|rule|Same Type Clause: Pokémon in a team must share a type","|clearpoke","|poke|p1|Toxicroak, F","|poke|p1|Drapion, M","|poke|p1|Dragalge, M","|poke|p1|Muk, F","|poke|p1|Gengar, M","|poke|p1|Weezing, F","|poke|p2|Tyranitar, F","|poke|p2|Aggron, M","|poke|p2|Terrakion","|poke|p2|Cradily, F","|poke|p2|Shuckle, F","|poke|p2|Omastar, F","|rule|Sleep Clause Mod: Limit one foe put to sleep","|rule|Species Clause: Limit one of each Pokémon","|rule|OHKO Clause: OHKO moves are banned","|rule|Moody Clause: Moody is banned","|rule|Evasion Moves Clause: Evasion moves are banned","|rule|Endless Battle Clause: Forcing endless battles is banned","|rule|HP Percentage Mod: HP is shown in percentages","|teampreview","|","|start","|switch|p1a: O god Im Sick|Weezing, F|334/334","|switch|p2a: Shuckle|Shuckle, F|244/244","|turn|1","|","|move|p1a: O god Im Sick|Toxic Spikes|p2a: Shuckle","|-sidestart|p2: Professor ♅ ☯ Nyx|move: Toxic Spikes","|move|p2a: Shuckle|Sticky Web|p1a: O god Im Sick","|-sidestart|p1: Guard Darkrai|move: Sticky Web","|","|turn|2","|","|move|p1a: O god Im Sick|Toxic Spikes|p2a: Shuckle","|-sidestart|p2: Professor ♅ ☯ Nyx|move: Toxic Spikes","|move|p2a: Shuckle|Encore|p1a: O god Im Sick","|-start|p1a: O god Im Sick|Encore","|","|turn|3","|","|switch|p1a: How am I a Dragon?|Dragalge, M|333/333","|-activate|p1a: How am I a Dragon?|move: Sticky Web","|-unboost|p1a: How am I a Dragon?|spe|1","|move|p2a: Shuckle|Stealth Rock|p1a: How am I a Dragon?","|-sidestart|p1: Guard Darkrai|move: Stealth Rock","|","|turn|4","|","|move|p1a: How am I a Dragon?|Scald|p2a: Shuckle","|-crit|p2a: Shuckle","|-supereffective|p2a: Shuckle","|-damage|p2a: Shuckle|50/244","|move|p2a: Shuckle|Encore|p1a: How am I a Dragon?","|-start|p1a: How am I a Dragon?|Encore","|","|-heal|p2a: Shuckle|65/244|[from] item: Leftovers","|turn|5","|","|switch|p2a: Cradily|Cradily, F|313/313","|-status|p2a: Cradily|tox","|move|p1a: How am I a Dragon?|Scald|p2a: Cradily","|-boost|p2a: Cradily|spa|1|[from] ability: Storm Drain","|","|-damage|p2a: Cradily|294/313 tox|[from] psn","|turn|6","|","|switch|p1a: Toxicmurk|Toxicroak, F|369/369","|-damage|p1a: Toxicmurk|346/369|[from] Stealth Rock","|-item|p1a: Toxicmurk|Air Balloon","|move|p2a: Cradily|Giga Drain|p1a: Toxicmurk","|-resisted|p1a: Toxicmurk","|-damage|p1a: Toxicmurk|265/369","|-heal|p2a: Cradily|313/313 tox|[from] drain|[of] p1a: Toxicmurk","|-enditem|p1a: Toxicmurk|Air Balloon","|","|-damage|p2a: Cradily|275/313 tox|[from] psn","|turn|7","|","|switch|p2a: Shuckle|Shuckle, F|65/244","|-status|p2a: Shuckle|tox","|move|p1a: Toxicmurk|Swords Dance|p1a: Toxicmurk","|-boost|p1a: Toxicmurk|atk|2","|","|-heal|p2a: Shuckle|80/244 tox|[from] item: Leftovers","|-damage|p2a: Shuckle|65/244 tox|[from] psn","|turn|8","|","|move|p1a: Toxicmurk|Drain Punch|p2a: Shuckle","|-damage|p2a: Shuckle|0 fnt","|-heal|p1a: Toxicmurk|298/369|[from] drain|[of] p2a: Shuckle","|faint|p2a: Shuckle","|","|","|switch|p2a: Aggron|Aggron, M|344/344","|turn|9","|","|detailschange|p2a: Aggron|Aggron-Mega, M","|-mega|p2a: Aggron|Aggron|Aggronite","|move|p1a: Toxicmurk|Drain Punch|p2a: Aggron","|-supereffective|p2a: Aggron","|-damage|p2a: Aggron|154/344","|-heal|p1a: Toxicmurk|369/369|[from] drain|[of] p2a: Aggron","|move|p2a: Aggron|Curse|p2a: Aggron","|-boost|p2a: Aggron|atk|1","|-boost|p2a: Aggron|def|1","|-unboost|p2a: Aggron|spe|1","|","|turn|10","|","|move|p1a: Toxicmurk|Drain Punch|p2a: Aggron","|-supereffective|p2a: Aggron","|-damage|p2a: Aggron|33/344","|move|p2a: Aggron|Rest|p2a: Aggron","|-status|p2a: Aggron|slp","|-heal|p2a: Aggron|344/344 slp|[silent]","|-status|p2a: Aggron|slp|[from] move: Rest","|","|turn|11","|","|move|p1a: Toxicmurk|Swords Dance|p1a: Toxicmurk","|-boost|p1a: Toxicmurk|atk|2","|cant|p2a: Aggron|slp","|move|p2a: Aggron|Sleep Talk|p2a: Aggron","|move|p2a: Aggron|Heavy Slam|p1a: Toxicmurk|[from]Sleep Talk","|-damage|p1a: Toxicmurk|0 fnt","|faint|p1a: Toxicmurk","|","|","|switch|p1a: How am I a Dragon?|Dragalge, M|333/333","|-activate|p1a: How am I a Dragon?|move: Sticky Web","|-unboost|p1a: How am I a Dragon?|spe|1","|-damage|p1a: How am I a Dragon?|292/333|[from] Stealth Rock","|turn|12","|","|cant|p2a: Aggron|slp","|move|p2a: Aggron|Sleep Talk|p2a: Aggron","|move|p2a: Aggron|Heavy Slam|p1a: How am I a Dragon?|[from]Sleep Talk","|-damage|p1a: How am I a Dragon?|48/333","|move|p1a: How am I a Dragon?|Hidden Power|p2a: Aggron","|-supereffective|p2a: Aggron","|-damage|p2a: Aggron|223/344 slp","|","|turn|13","|","|-curestatus|p2a: Aggron|slp","|move|p2a: Aggron|Heavy Slam|p1a: How am I a Dragon?","|-damage|p1a: How am I a Dragon?|0 fnt","|faint|p1a: How am I a Dragon?","|","|","|switch|p1a: Hi|Gengar, M|261/261","|-damage|p1a: Hi|229/261|[from] Stealth Rock","|turn|14","|","|move|p1a: Hi|Focus Blast|p2a: Aggron","|-crit|p2a: Aggron","|-supereffective|p2a: Aggron","|-damage|p2a: Aggron|0 fnt","|-damage|p1a: Hi|203/261|[from] item: Life Orb","|faint|p2a: Aggron","|","|","|switch|p2a: Terrakion|Terrakion|324/324","|-status|p2a: Terrakion|tox","|turn|15","|","|switch|p1a: O god Im Sick|Weezing, F|334/334","|-damage|p1a: O god Im Sick|293/334|[from] Stealth Rock","|move|p2a: Terrakion|Stone Edge|p1a: O god Im Sick","|-damage|p1a: O god Im Sick|128/334","|","|-heal|p1a: O god Im Sick|148/334|[from] item: Black Sludge","|-damage|p2a: Terrakion|304/324 tox|[from] psn","|turn|16","|","|move|p2a: Terrakion|Stone Edge|p1a: O god Im Sick","|-damage|p1a: O god Im Sick|0 fnt","|faint|p1a: O god Im Sick","|","|-damage|p2a: Terrakion|264/324 tox|[from] psn","|","|switch|p1a: Mac|Muk, F|413/413","|-damage|p1a: Mac|362/413|[from] Stealth Rock","|-activate|p1a: Mac|move: Sticky Web","|-unboost|p1a: Mac|spe|1","|turn|17","|","|switch|p2a: Tyranitar|Tyranitar, F|403/403","|-status|p2a: Tyranitar|tox","|-weather|Sandstorm","|move|p1a: Mac|Power-Up Punch|p2a: Tyranitar","|-supereffective|p2a: Tyranitar","|-damage|p2a: Tyranitar|231/403 tox","|-boost|p1a: Mac|atk|1","|","|-weather|Sandstorm|[upkeep]","|-damage|p1a: Mac|337/413|[from] sandstorm","|-damage|p2a: Tyranitar|206/403 tox|[from] psn","|turn|18","|","|move|p2a: Tyranitar|Earthquake|p1a: Mac","|-supereffective|p1a: Mac","|-damage|p1a: Mac|17/413","|move|p1a: Mac|Power-Up Punch|p2a: Tyranitar","|-supereffective|p2a: Tyranitar","|-damage|p2a: Tyranitar|0 fnt","|-boost|p1a: Mac|atk|1","|faint|p2a: Tyranitar","|","|-weather|Sandstorm|[upkeep]","|-damage|p1a: Mac|0 fnt|[from] sandstorm","|faint|p1a: Mac","|","|switch|p2a: Lord Helix|Omastar, F|281/281","|switch|p1a: Not Darkrai ;-;|Drapion, M|344/344","|-status|p2a: Lord Helix|tox","|-activate|p1a: Not Darkrai ;-;|move: Sticky Web","|-unboost|p1a: Not Darkrai ;-;|spe|1","|-damage|p1a: Not Darkrai ;-;|301/344|[from] Stealth Rock","|turn|19","|","|move|p2a: Lord Helix|Surf|p1a: Not Darkrai ;-;","|-damage|p1a: Not Darkrai ;-;|126/344","|move|p1a: Not Darkrai ;-;|Earthquake|p2a: Lord Helix","|-supereffective|p2a: Lord Helix","|-damage|p2a: Lord Helix|101/281 tox","|-boost|p2a: Lord Helix|spe|1|[from] ability: Weak Armor","|-unboost|p2a: Lord Helix|def|1|[from] ability: Weak Armor","|","|-weather|Sandstorm|[upkeep]","|-damage|p1a: Not Darkrai ;-;|105/344|[from] sandstorm","|-heal|p1a: Not Darkrai ;-;|126/344|[from] item: Black Sludge","|-damage|p2a: Lord Helix|84/281 tox|[from] psn","|turn|20","|","|move|p2a: Lord Helix|Surf|p1a: Not Darkrai ;-;","|-damage|p1a: Not Darkrai ;-;|0 fnt","|faint|p1a: Not Darkrai ;-;","|","|-weather|Sandstorm|[upkeep]","|-damage|p2a: Lord Helix|50/281 tox|[from] psn","|","|switch|p1a: Hi|Gengar, M|203/261","|-damage|p1a: Hi|171/261|[from] Stealth Rock","|turn|21","|","|move|p1a: Hi|Hex|p2a: Lord Helix","|-damage|p2a: Lord Helix|0 fnt","|-damage|p1a: Hi|145/261|[from] item: Life Orb","|faint|p2a: Lord Helix","|","|-weather|none","|","|switch|p2a: Cradily|Cradily, F|275/313 tox","|turn|22","|","|move|p1a: Hi|Hex|p2a: Cradily","|-damage|p2a: Cradily|37/313 tox","|-damage|p1a: Hi|119/261|[from] item: Life Orb","|move|p2a: Cradily|Recover|p2a: Cradily","|-heal|p2a: Cradily|194/313 tox","|","|-heal|p2a: Cradily|213/313 tox|[from] item: Leftovers","|-damage|p2a: Cradily|194/313 tox|[from] psn","|turn|23","|","|move|p1a: Hi|Hex|p2a: Cradily","|-damage|p2a: Cradily|0 fnt","|-damage|p1a: Hi|93/261|[from] item: Life Orb","|faint|p2a: Cradily","|","|","|switch|p2a: Terrakion|Terrakion|264/324 tox","|turn|24","|","|move|p2a: Terrakion|Stone Edge|p1a: Hi","|-damage|p1a: Hi|0 fnt","|faint|p1a: Hi","|","|win|Professor ♅ ☯ Nyx"],"p1rating":{"entryid":"6034648","serverid":"eos","formatid":"monotype","userid":"guarddarkrai","username":"Guard Darkrai","w":"46","l":48,"t":"0","gxe":49.5,"r":"1505.3573432245","rd":"40.605443945392","sigma":"0","rptime":"1438160400","rpr":1496.5240128834,"rprd":39.193132848209,"rpsigma":"0","acre":1082.7108823098,"lacre":1082.7108823098,"oldacre":"1104.9989879271"},"p2rating":{"entryid":"6674868","serverid":"eos","formatid":"monotype","userid":"professornyx","username":"Professor ♅ ☯ Nyx","w":47,"l":"35","t":"0","gxe":55.3,"r":"1535.3837270982","rd":"42.319395529688","sigma":"0","rptime":"1438160400","rpr":1539.9922608365,"rprd":42.016137789867,"rpsigma":"0","acre":1165.1243167611,"lacre":1165.1243167611,"oldacre":"1142.8362111438"},"endType":"normal"}