{"seed":[37736,46683,32404,13548],"turns":23,"p1":"Carnie Marx","p2":"Cilex Prism","p1team":[{"name":"Ferrothorn","species":"Ferrothorn","item":"rockyhelmet","ability":"Iron Barbs","moves":["ironhead","thunderwave","leechseed","ingrain"],"nature":"Impish","evs":{"hp":248,"atk":8,"def":252,"spa":0,"spd":0,"spe":0},"ivs":{"hp":31,"atk":31,"def":31,"spa":31,"spd":31,"spe":31}},{"name":"Breloom","species":"Breloom","item":"focussash","ability":"Technician","moves":["bulletseed","machpunch","spore","rockslide"],"nature":"Jolly","evs":{"hp":0,"atk":252,"def":0,"spa":0,"spd":4,"spe":252},"ivs":{"hp":31,"atk":31,"def":31,"spa":31,"spd":31,"spe":31}},{"name":"Venusaur","species":"Venusaur","item":"venusaurite","ability":"Overgrow","moves":["gigadrain","synthesis","sludgebomb","leechseed"],"nature":"Bold","evs":{"hp":248,"atk":0,"def":252,"spa":8,"spd":0,"spe":0},"ivs":{"hp":31,"atk":31,"def":31,"spa":31,"spd":31,"spe":31}},{"name":"Serperior","species":"Serperior","item":"lifeorb","ability":"Contrary","moves":["leafstorm","gigadrain","dragonpulse","hiddenpowerice"],"nature":"Timid","evs":{"hp":0,"atk":0,"def":0,"spa":252,"spd":4,"spe":252},"ivs":{"hp":31,"atk":30,"def":30,"spa":31,"spd":31,"spe":31}},{"name":"Whimsicott","species":"Whimsicott","item":"flameorb","ability":"Prankster","moves":["cottonguard","leechseed","gigadrain","switcheroo"],"nature":"Calm","evs":{"hp":248,"atk":0,"def":0,"spa":8,"spd":252,"spe":0},"ivs":{"hp":31,"atk":31,"def":31,"spa":31,"spd":31,"spe":31}},{"name":"Virizion","species":"Virizion","item":"assaultvest","ability":"Justified","moves":["gigadrain","sacredsword","stoneedge","xscissor"],"nature":"Lonely","evs":{"hp":248,"atk":252,"def":0,"spa":8,"spd":0,"spe":0},"ivs":{"hp":31,"atk":31,"def":31,"spa":31,"spd":31,"spe":31}}],"p2team":[{"name":"Victini","species":"Victini","item":"leftovers","ability":"Victory Star","moves":["boltstrike","vcreate","magiccoat","thunderwave"],"nature":"Jolly","evs":{"hp":4,"atk":252,"def":0,"spa":0,"spd":0,"spe":252},"ivs":{"hp":31,"atk":31,"def":31,"spa":31,"spd":31,"spe":31}},{"name":"Hoopa-Unbound","species":"Hoopa-Unbound","item":"choicescarf","ability":"Magician","moves":["hyperspacefury","firepunch","drainpunch","zenheadbutt"],"nature":"Adamant","evs":{"hp":0,"atk":252,"def":0,"spa":0,"spd":4,"spe":252},"ivs":{"hp":31,"atk":31,"def":31,"spa":31,"spd":31,"spe":31}},{"name":"Sigilyph","species":"Sigilyph","item":"flameorb","ability":"Magic Guard","moves":["psychoshift","roost","cosmicpower","storedpower"],"nature":"Timid","evs":{"hp":248,"atk":0,"def":0,"spa":8,"spd":0,"spe":252},"ivs":{"hp":31,"atk":31,"def":31,"spa":31,"spd":31,"spe":31}},{"name":"Alakazam","species":"Alakazam","item":"focussash","ability":"Magic Guard","moves":["dazzlinggleam","chargebeam","energyball","psyshock"],"nature":"Timid","evs":{"hp":0,"atk":0,"def":0,"spa":0,"spd":0,"spe":252},"ivs":{"hp":31,"atk":31,"def":31,"spa":31,"spd":31,"spe":31}},{"name":"Latias","species":"Latias","item":"lifeorb","ability":"Levitate","moves":["dracometeor","psychic","surf","icebeam"],"nature":"Timid","evs":{"hp":0,"atk":0,"def":0,"spa":252,"spd":4,"spe":252},"ivs":{"hp":31,"atk":31,"def":31,"spa":31,"spd":31,"spe":31}},{"name":"Medicham","species":"Medicham","item":"medichamite","ability":"Pure Power","moves":["drainpunch","bulletpunch","icepunch","fakeout"],"nature":"Jolly","evs":{"hp":0,"atk":252,"def":0,"spa":0,"spd":4,"spe":252},"ivs":{"hp":31,"atk":31,"def":31,"spa":31,"spd":31,"spe":31}}],"log":["|player|p1|Carnie Marx|238","|player|p2|Cilex Prism|209","|gametype|singles","|gen|6","|tier|Monotype","|rated","|rule|Baton Pass Clause: Limit one Baton Passer, can't pass Spe and other stats simultaneously","|rule|Swagger Clause: Swagger is banned","|rule|Same Type Clause: Pokémon in a team must share a type","|clearpoke","|poke|p1|Ferrothorn, F","|poke|p1|Breloom, M","|poke|p1|Venusaur, M","|poke|p1|Serperior, F","|poke|p1|Whimsicott, F","|poke|p1|Virizion","|poke|p2|Victini","|poke|p2|Hoopa-Unbound","|poke|p2|Sigilyph, F","|poke|p2|Alakazam, M","|poke|p2|Latias, F","|poke|p2|Medicham, F","|rule|Sleep Clause Mod: Limit one foe put to sleep","|rule|Species Clause: Limit one of each Pokémon","|rule|OHKO Clause: OHKO moves are banned","|rule|Moody Clause: Moody is banned","|rule|Evasion Moves Clause: Evasion moves are banned","|rule|Endless Battle Clause: Forcing endless battles is banned","|rule|HP Percentage Mod: HP is shown in percentages","|teampreview","|","|start","|switch|p1a: Virizion|Virizion|385/385","|switch|p2a: Victini|Victini|342/342","|turn|1","|","|move|p2a: Victini|Thunder Wave|p1a: Virizion","|-status|p1a: Virizion|par","|cant|p1a: Virizion|par","|","|turn|2","|","|move|p2a: Victini|V-create|p1a: Virizion","|-supereffective|p1a: Virizion","|-damage|p1a: Virizion|0 fnt","|-unboost|p2a: Victini|def|1","|-unboost|p2a: Victini|spd|1","|-unboost|p2a: Victini|spe|1","|faint|p1a: Virizion","|","|","|switch|p1a: Breloom|Breloom, M|261/261","|turn|3","|","|switch|p2a: Latias|Latias, F|301/301","|move|p1a: Breloom|Rock Slide|p2a: Latias","|-damage|p2a: Latias|211/301","|","|turn|4","|","|move|p2a: Latias|Psychic|p1a: Breloom","|-crit|p1a: Breloom","|-supereffective|p1a: Breloom","|-enditem|p1a: Breloom|Focus Sash","|-damage|p1a: Breloom|1/261","|-damage|p2a: Latias|181/301|[from] item: Life Orb","|move|p1a: Breloom|Spore|p2a: Latias","|-status|p2a: Latias|slp","|","|turn|5","|","|cant|p2a: Latias|slp","|move|p1a: Breloom|Rock Slide|p2a: Latias","|-damage|p2a: Latias|78/301 slp","|","|turn|6","|","|cant|p2a: Latias|slp","|move|p1a: Breloom|Rock Slide|p2a: Latias","|-damage|p2a: Latias|0 fnt","|faint|p2a: Latias","|","|","|switch|p2a: Sigilyph|Sigilyph, F|347/347","|turn|7","|","|move|p2a: Sigilyph|Stored Power|p1a: Breloom","|-supereffective|p1a: Breloom","|-damage|p1a: Breloom|0 fnt","|faint|p1a: Breloom","|","|-status|p2a: Sigilyph|brn|[from] item: Flame Orb","|","|switch|p1a: Serperior|Serperior, F|291/291","|turn|8","|","|move|p1a: Serperior|Leaf Storm|p2a: Sigilyph","|-resisted|p2a: Sigilyph","|-damage|p2a: Sigilyph|230/347 brn","|-boost|p1a: Serperior|spa|2","|-damage|p1a: Serperior|262/291|[from] item: Life Orb","|move|p2a: Sigilyph|Cosmic Power|p2a: Sigilyph","|-boost|p2a: Sigilyph|def|1","|-boost|p2a: Sigilyph|spd|1","|","|turn|9","|","|move|p1a: Serperior|Hidden Power|p2a: Sigilyph","|-supereffective|p2a: Sigilyph","|-damage|p2a: Sigilyph|17/347 brn","|-damage|p1a: Serperior|233/291|[from] item: Life Orb","|move|p2a: Sigilyph|Roost|p2a: Sigilyph","|-heal|p2a: Sigilyph|191/347 brn","|","|turn|10","|","|move|p1a: Serperior|Hidden Power|p2a: Sigilyph","|-supereffective|p2a: Sigilyph","|-damage|p2a: Sigilyph|0 fnt","|-damage|p1a: Serperior|204/291|[from] item: Life Orb","|faint|p2a: Sigilyph","|","|","|switch|p2a: Medicham|Medicham, F|261/261","|turn|11","|","|switch|p1a: Ferrothorn|Ferrothorn, F|351/351","|detailschange|p2a: Medicham|Medicham-Mega, F","|-mega|p2a: Medicham|Medicham|Medichamite","|move|p2a: Medicham|Fake Out|p1a: Ferrothorn","|-crit|p1a: Ferrothorn","|-resisted|p1a: Ferrothorn","|-damage|p1a: Ferrothorn|316/351","|-damage|p2a: Medicham|229/261|[from] ability: Iron Barbs|[of] p1a: Ferrothorn","|-damage|p2a: Medicham|186/261|[from] item: Rocky Helmet|[of] p1a: Ferrothorn","|","|turn|12","|","|switch|p2a: Victini|Victini|342/342","|move|p1a: Ferrothorn|Thunder Wave|p2a: Victini","|-status|p2a: Victini|par","|","|turn|13","|","|move|p2a: Victini|Thunder Wave|p1a: Ferrothorn","|-status|p1a: Ferrothorn|par","|move|p1a: Ferrothorn|Leech Seed|p2a: Victini|[miss]","|-miss|p1a: Ferrothorn|p2a: Victini","|","|turn|14","|","|cant|p2a: Victini|par","|cant|p1a: Ferrothorn|par","|","|turn|15","|","|move|p2a: Victini|V-create|p1a: Ferrothorn","|-supereffective|p1a: Ferrothorn","|-damage|p1a: Ferrothorn|0 fnt","|-damage|p2a: Victini|300/342 par|[from] ability: Iron Barbs|[of] p1a: Ferrothorn","|-damage|p2a: Victini|243/342 par|[from] item: Rocky Helmet|[of] p1a: Ferrothorn","|-unboost|p2a: Victini|def|1","|-unboost|p2a: Victini|spd|1","|-unboost|p2a: Victini|spe|1","|faint|p1a: Ferrothorn","|","|-heal|p2a: Victini|264/342 par|[from] item: Leftovers","|","|switch|p1a: Serperior|Serperior, F|204/291","|turn|16","|","|switch|p2a: Medicham|Medicham-Mega, F|186/261","|move|p1a: Serperior|Dragon Pulse|p2a: Medicham","|-damage|p2a: Medicham|81/261","|-damage|p1a: Serperior|175/291|[from] item: Life Orb","|","|turn|17","|","|move|p2a: Medicham|Fake Out|p1a: Serperior","|-damage|p1a: Serperior|97/291","|cant|p1a: Serperior|flinch","|","|turn|18","|","|move|p2a: Medicham|Bullet Punch|p1a: Serperior","|-damage|p1a: Serperior|12/291","|move|p1a: Serperior|Giga Drain|p2a: Medicham","|-damage|p2a: Medicham|0 fnt","|-heal|p1a: Serperior|53/291|[from] drain|[of] p2a: Medicham","|-damage|p1a: Serperior|24/291|[from] item: Life Orb","|faint|p2a: Medicham","|","|","|switch|p2a: Hoopa-Unbound|Hoopa-Unbound|301/301","|turn|19","|","|move|p2a: Hoopa-Unbound|Zen Headbutt|p1a: Serperior|[miss]","|-miss|p2a: Hoopa-Unbound|p1a: Serperior","|move|p1a: Serperior|Leaf Storm|p2a: Hoopa-Unbound","|-damage|p2a: Hoopa-Unbound|122/301","|-boost|p1a: Serperior|spa|2","|-damage|p1a: Serperior|0 fnt|[from] item: Life Orb","|faint|p1a: Serperior","|","|","|switch|p1a: Venusaur|Venusaur, M|363/363","|turn|20","|","|detailschange|p1a: Venusaur|Venusaur-Mega, M","|-mega|p1a: Venusaur|Venusaur|Venusaurite","|move|p2a: Hoopa-Unbound|Zen Headbutt|p1a: Venusaur","|-supereffective|p1a: Venusaur","|-damage|p1a: Venusaur|141/363","|move|p1a: Venusaur|Sludge Bomb|p2a: Hoopa-Unbound","|-damage|p2a: Hoopa-Unbound|22/301","|","|turn|21","|","|move|p2a: Hoopa-Unbound|Zen Headbutt|p1a: Venusaur","|-supereffective|p1a: Venusaur","|-damage|p1a: Venusaur|0 fnt","|faint|p1a: Venusaur","|","|","|switch|p1a: Whimsicott|Whimsicott, F|323/323","|turn|22","|","|move|p2a: Hoopa-Unbound|Zen Headbutt|p1a: Whimsicott","|-damage|p1a: Whimsicott|128/323","|move|p1a: Whimsicott|Giga Drain|p2a: Hoopa-Unbound","|-damage|p2a: Hoopa-Unbound|0 fnt","|-heal|p1a: Whimsicott|139/323|[from] drain|[of] p2a: Hoopa-Unbound","|faint|p2a: Hoopa-Unbound","|","|-status|p1a: Whimsicott|brn|[from] item: Flame Orb","|","|switch|p2a: Victini|Victini|264/342 par","|turn|23","|","|move|p1a: Whimsicott|Cotton Guard|p1a: Whimsicott","|-boost|p1a: Whimsicott|def|3","|move|p2a: Victini|V-create|p1a: Whimsicott","|-supereffective|p1a: Whimsicott","|-damage|p1a: Whimsicott|0 fnt","|-unboost|p2a: Victini|def|1","|-unboost|p2a: Victini|spd|1","|-unboost|p2a: Victini|spe|1","|faint|p1a: Whimsicott","|","|win|Cilex Prism"],"p1rating":{"entryid":"5821777","serverid":"eos","formatid":"monotype","userid":"carniemarx","username":"Carnie Marx","w":"55","l":63,"t":"0","gxe":47,"r":"1477.5908915915","rd":"39.560501039045","sigma":"0","rptime":"1438160400","rpr":1477.4622214711,"rprd":39.097642446241,"rpsigma":"0","acre":1074.4180103477,"lacre":1074.4180103477,"oldacre":"1100.8802827944"},"p2rating":{"entryid":"6768148","serverid":"eos","formatid":"monotype","userid":"cilexprism","username":"Cilex Prism","w":4,"l":"6","t":"0","gxe":42.8,"r":1417.3121568938,"rd":91.903545115288,"sigma":"0","rptime":1438160400,"rpr":1443.7749182121,"rprd":88.976197469817,"rpsigma":"0","acre":1110.0880038599,"lacre":1110.0880038599,"oldacre":"1080.5352408557"},"endType":"normal"}