{"seed":[19573,43643,51948,34548],"turns":22,"p1":"Guard Wanderer","p2":"Mr. Marston","p1team":[{"name":"Weezing","species":"Weezing","item":"sitrusberry","ability":"Levitate","moves":["toxicspikes","willowisp","memento","thief"],"nature":"Careful","evs":{"hp":248,"atk":8,"def":0,"spa":0,"spd":252,"spe":0},"ivs":{"hp":31,"atk":31,"def":31,"spa":31,"spd":31,"spe":31}},{"name":"Tentacruel","species":"Tentacruel","item":"assaultvest","ability":"Liquid Ooze","moves":["scald","acidspray","gigadrain","hex"],"nature":"Timid","evs":{"hp":0,"atk":0,"def":4,"spa":252,"spd":0,"spe":252},"ivs":{"hp":31,"atk":31,"def":31,"spa":31,"spd":31,"spe":31}},{"name":"Skuntank","species":"Skuntank","item":"","ability":"Stench","moves":["snatch","thief","suckerpunch","poisonjab"],"nature":"Adamant","evs":{"hp":248,"atk":252,"def":0,"spa":0,"spd":8,"spe":0},"ivs":{"hp":31,"atk":31,"def":31,"spa":31,"spd":31,"spe":31}},{"name":"Crobat","species":"Crobat","item":"whiteherb","ability":"Infiltrator","moves":["curse","acrobatics","roost","venoshock"],"nature":"Jolly","evs":{"hp":248,"atk":8,"def":0,"spa":0,"spd":0,"spe":252},"ivs":{"hp":31,"atk":31,"def":31,"spa":31,"spd":31,"spe":31}},{"name":"Gengar","species":"Gengar","item":"choicescarf","ability":"Levitate","moves":["trick","destinybond","venoshock","hex"],"nature":"Timid","evs":{"hp":0,"atk":0,"def":0,"spa":252,"spd":4,"spe":252},"ivs":{"hp":31,"atk":31,"def":31,"spa":31,"spd":31,"spe":31}},{"name":"Amoonguss","species":"Amoonguss","item":"blacksludge","ability":"Regenerator","moves":["spore","gigadrain","gastroacid","stunspore"],"nature":"Calm","evs":{"hp":248,"atk":0,"def":0,"spa":8,"spd":252,"spe":0},"shiny":true,"ivs":{"hp":31,"atk":31,"def":31,"spa":31,"spd":31,"spe":31}}],"p2team":[{"name":"Terrakion","species":"Terrakion","item":"expertbelt","ability":"Justified","moves":["earthquake","closecombat","ironhead","rockslide"],"nature":"Jolly","evs":{"hp":0,"atk":252,"def":0,"spa":0,"spd":4,"spe":252},"ivs":{"hp":31,"atk":31,"def":31,"spa":31,"spd":31,"spe":31}},{"name":"Tyranitar","species":"Tyranitar","item":"tyranitarite","ability":"Sand Stream","moves":["dragondance","rockslide","crunch","earthquake"],"nature":"Adamant","evs":{"hp":0,"atk":252,"def":0,"spa":0,"spd":4,"spe":252},"ivs":{"hp":31,"atk":31,"def":31,"spa":31,"spd":31,"spe":31}},{"name":"Rhyperior","species":"Rhyperior","item":"assaultvest","ability":"Solid Rock","moves":["earthquake","megahorn","icefang","rockwrecker"],"nature":"Adamant","evs":{"hp":248,"atk":252,"def":0,"spa":0,"spd":8,"spe":0},"ivs":{"hp":31,"atk":31,"def":31,"spa":31,"spd":31,"spe":31}},{"name":"Crustle","species":"Crustle","item":"airballoon","ability":"Sturdy","moves":["shellsmash","rockblast","xscissor","substitute"],"nature":"Adamant","evs":{"hp":0,"atk":252,"def":0,"spa":0,"spd":4,"spe":252},"ivs":{"hp":31,"atk":31,"def":31,"spa":31,"spd":31,"spe":31}},{"name":"Aerodactyl","species":"Aerodactyl","item":"expertbelt","ability":"Rock Head","moves":["earthquake","thunderfang","firefang","rockslide"],"nature":"Jolly","evs":{"hp":0,"atk":252,"def":0,"spa":0,"spd":4,"spe":252},"ivs":{"hp":31,"atk":31,"def":31,"spa":31,"spd":31,"spe":31}},{"name":"Cradily","species":"Cradily","item":"airballoon","ability":"Suction Cups","moves":["sludgewave","ancientpower","stealthrock","energyball"],"nature":"Modest","evs":{"hp":248,"atk":0,"def":0,"spa":252,"spd":8,"spe":0},"ivs":{"hp":31,"atk":31,"def":31,"spa":31,"spd":31,"spe":31}}],"log":["|player|p1|Guard Wanderer|235","|player|p2|Mr. Marston|238","|gametype|singles","|gen|6","|tier|Monotype","|rated","|rule|Baton Pass Clause: Limit one Baton Passer, can't pass Spe and other stats simultaneously","|rule|Swagger Clause: Swagger is banned","|rule|Same Type Clause: Pokémon in a team must share a type","|clearpoke","|poke|p1|Weezing, M","|poke|p1|Tentacruel, M","|poke|p1|Skuntank, F","|poke|p1|Crobat, F","|poke|p1|Gengar, M","|poke|p1|Amoonguss, M, shiny","|poke|p2|Terrakion","|poke|p2|Tyranitar, F","|poke|p2|Rhyperior, M","|poke|p2|Crustle, M","|poke|p2|Aerodactyl, M","|poke|p2|Cradily, M","|rule|Sleep Clause Mod: Limit one foe put to sleep","|rule|Species Clause: Limit one of each Pokémon","|rule|OHKO Clause: OHKO moves are banned","|rule|Moody Clause: Moody is banned","|rule|Evasion Moves Clause: Evasion moves are banned","|rule|Endless Battle Clause: Forcing endless battles is banned","|rule|HP Percentage Mod: HP is shown in percentages","|teampreview","|","|start","|switch|p1a: Weezing|Weezing, M|333/333","|switch|p2a: Aerodactyl|Aerodactyl, M|301/301","|turn|1","|","|move|p2a: Aerodactyl|Rock Slide|p1a: Weezing","|-damage|p1a: Weezing|239/333","|cant|p1a: Weezing|flinch","|","|turn|2","|","|move|p2a: Aerodactyl|Rock Slide|p1a: Weezing","|-crit|p1a: Weezing","|-damage|p1a: Weezing|80/333","|-enditem|p1a: Weezing|Sitrus Berry|[eat]","|-heal|p1a: Weezing|163/333|[from] item: Sitrus Berry","|move|p1a: Weezing|Toxic Spikes|p2a: Aerodactyl","|-sidestart|p2: Mr. Marston|move: Toxic Spikes","|","|turn|3","|","|move|p2a: Aerodactyl|Rock Slide|p1a: Weezing","|-crit|p1a: Weezing","|-damage|p1a: Weezing|7/333","|move|p1a: Weezing|Will-O-Wisp|p2a: Aerodactyl","|-status|p2a: Aerodactyl|brn","|","|-damage|p2a: Aerodactyl|264/301 brn|[from] brn","|turn|4","|","|switch|p1a: Amoonguss|Amoonguss, M, shiny|431/431","|move|p2a: Aerodactyl|Rock Slide|p1a: Amoonguss","|-damage|p1a: Amoonguss|359/431","|","|-heal|p1a: Amoonguss|385/431|[from] item: Black Sludge","|-damage|p2a: Aerodactyl|227/301 brn|[from] brn","|turn|5","|","|move|p2a: Aerodactyl|Fire Fang|p1a: Amoonguss","|-supereffective|p1a: Amoonguss","|-damage|p1a: Amoonguss|287/431","|move|p1a: Amoonguss|Giga Drain|p2a: Aerodactyl","|-damage|p2a: Aerodactyl|124/301 brn","|-heal|p1a: Amoonguss|339/431|[from] drain|[of] p2a: Aerodactyl","|","|-heal|p1a: Amoonguss|365/431|[from] item: Black Sludge","|-damage|p2a: Aerodactyl|87/301 brn|[from] brn","|turn|6","|","|move|p2a: Aerodactyl|Earthquake|p1a: Amoonguss","|-damage|p1a: Amoonguss|297/431","|move|p1a: Amoonguss|Giga Drain|p2a: Aerodactyl","|-damage|p2a: Aerodactyl|0 fnt","|-heal|p1a: Amoonguss|341/431|[from] drain|[of] p2a: Aerodactyl","|faint|p2a: Aerodactyl","|","|-heal|p1a: Amoonguss|367/431|[from] item: Black Sludge","|","|switch|p2a: Tyranitar|Tyranitar, F|341/341","|-status|p2a: Tyranitar|psn","|-weather|Sandstorm","|turn|7","|","|detailschange|p2a: Tyranitar|Tyranitar-Mega, F","|-mega|p2a: Tyranitar|Tyranitar|Tyranitarite","|move|p2a: Tyranitar|Dragon Dance|p2a: Tyranitar","|-boost|p2a: Tyranitar|atk|1","|-boost|p2a: Tyranitar|spe|1","|move|p1a: Amoonguss|Giga Drain|p2a: Tyranitar","|-crit|p2a: Tyranitar","|-supereffective|p2a: Tyranitar","|-damage|p2a: Tyranitar|207/341 psn","|-heal|p1a: Amoonguss|431/431|[from] drain|[of] p2a: Tyranitar","|","|-weather|Sandstorm|[upkeep]","|-damage|p1a: Amoonguss|405/431|[from] sandstorm","|-heal|p1a: Amoonguss|431/431|[from] item: Black Sludge","|-damage|p2a: Tyranitar|165/341 psn|[from] psn","|turn|8","|","|move|p2a: Tyranitar|Earthquake|p1a: Amoonguss","|-damage|p1a: Amoonguss|142/431","|move|p1a: Amoonguss|Giga Drain|p2a: Tyranitar","|-supereffective|p2a: Tyranitar","|-damage|p2a: Tyranitar|69/341 psn","|-heal|p1a: Amoonguss|190/431|[from] drain|[of] p2a: Tyranitar","|","|-weather|Sandstorm|[upkeep]","|-damage|p1a: Amoonguss|164/431|[from] sandstorm","|-heal|p1a: Amoonguss|190/431|[from] item: Black Sludge","|-damage|p2a: Tyranitar|27/341 psn|[from] psn","|turn|9","|","|switch|p1a: Weezing|Weezing, M|7/333","|move|p2a: Tyranitar|Earthquake|p1a: Weezing","|-immune|p1a: Weezing|[msg]","|","|-weather|Sandstorm|[upkeep]","|-damage|p1a: Weezing|0 fnt|[from] sandstorm","|-damage|p2a: Tyranitar|0 fnt|[from] psn","|faint|p1a: Weezing","|faint|p2a: Tyranitar","|","|switch|p1a: Crobat|Crobat, F|373/373","|switch|p2a: Rhyperior|Rhyperior, M|433/433","|-status|p2a: Rhyperior|psn","|turn|10","|","|move|p1a: Crobat|Venoshock|p2a: Rhyperior","|-resisted|p2a: Rhyperior","|-damage|p2a: Rhyperior|415/433 psn","|move|p2a: Rhyperior|Rock Wrecker|p1a: Crobat","|-supereffective|p1a: Crobat","|-damage|p1a: Crobat|0 fnt","|faint|p1a: Crobat","|","|-weather|Sandstorm|[upkeep]","|-damage|p2a: Rhyperior|361/433 psn|[from] psn","|","|switch|p1a: Tentacruel|Tentacruel, M|301/301","|turn|11","|-mustrecharge|p2a: Rhyperior","|-mustrecharge|p2a: Rhyperior","|","|move|p1a: Tentacruel|Acid Spray|p2a: Rhyperior","|-resisted|p2a: Rhyperior","|-damage|p2a: Rhyperior|352/433 psn","|-unboost|p2a: Rhyperior|spd|2","|cant|p2a: Rhyperior|recharge","|","|-weather|none","|-damage|p2a: Rhyperior|298/433 psn|[from] psn","|turn|12","|","|move|p1a: Tentacruel|Giga Drain|p2a: Rhyperior","|-supereffective|p2a: Rhyperior","|-damage|p2a: Rhyperior|0 fnt","|faint|p2a: Rhyperior","|","|","|switch|p2a: Cradily|Cradily, M|375/375","|-item|p2a: Cradily|Air Balloon","|turn|13","|","|move|p1a: Tentacruel|Acid Spray|p2a: Cradily","|-damage|p2a: Cradily|329/375","|-enditem|p2a: Cradily|Air Balloon","|-unboost|p2a: Cradily|spd|2","|move|p2a: Cradily|Stealth Rock|p1a: Tentacruel","|-sidestart|p1: Guard Wanderer|move: Stealth Rock","|","|turn|14","|","|move|p1a: Tentacruel|Acid Spray|p2a: Cradily","|-damage|p2a: Cradily|223/375","|-unboost|p2a: Cradily|spd|2","|move|p2a: Cradily|Energy Ball|p1a: Tentacruel","|-damage|p1a: Tentacruel|231/301","|","|turn|15","|","|move|p1a: Tentacruel|Giga Drain|p2a: Cradily","|-damage|p2a: Cradily|49/375","|-heal|p1a: Tentacruel|301/301|[from] drain|[of] p2a: Cradily","|move|p2a: Cradily|Energy Ball|p1a: Tentacruel","|-damage|p1a: Tentacruel|223/301","|","|turn|16","|","|switch|p2a: Terrakion|Terrakion|323/323","|-status|p2a: Terrakion|psn","|move|p1a: Tentacruel|Giga Drain|p2a: Terrakion","|-supereffective|p2a: Terrakion","|-damage|p2a: Terrakion|177/323 psn","|-heal|p1a: Tentacruel|296/301|[from] drain|[of] p2a: Terrakion","|","|-damage|p2a: Terrakion|137/323 psn|[from] psn","|turn|17","|","|switch|p1a: Amoonguss|Amoonguss, M, shiny|333/431","|-damage|p1a: Amoonguss|280/431|[from] Stealth Rock","|move|p2a: Terrakion|Earthquake|p1a: Amoonguss","|-damage|p1a: Amoonguss|122/431","|","|-heal|p1a: Amoonguss|148/431|[from] item: Black Sludge","|-damage|p2a: Terrakion|97/323 psn|[from] psn","|turn|18","|","|switch|p1a: Gengar|Gengar, M|261/261","|-damage|p1a: Gengar|229/261|[from] Stealth Rock","|move|p2a: Terrakion|Rock Slide|p1a: Gengar","|-damage|p1a: Gengar|15/261","|","|-damage|p2a: Terrakion|57/323 psn|[from] psn","|turn|19","|","|move|p1a: Gengar|Hex|p2a: Terrakion","|-damage|p2a: Terrakion|0 fnt","|faint|p2a: Terrakion","|","|","|switch|p2a: Crustle|Crustle, M|281/281","|-item|p2a: Crustle|Air Balloon","|turn|20","|","|move|p1a: Gengar|Hex|p2a: Crustle","|-damage|p2a: Crustle|140/281","|-enditem|p2a: Crustle|Air Balloon","|move|p2a: Crustle|Shell Smash|p2a: Crustle","|-boost|p2a: Crustle|atk|2","|-boost|p2a: Crustle|spa|2","|-boost|p2a: Crustle|spe|2","|-unboost|p2a: Crustle|def|1","|-unboost|p2a: Crustle|spd|1","|","|turn|21","|","|move|p1a: Gengar|Hex|p2a: Crustle","|-damage|p2a: Crustle|0 fnt","|faint|p2a: Crustle","|","|","|switch|p2a: Cradily|Cradily, M|49/375","|-status|p2a: Cradily|psn","|turn|22","|","|move|p1a: Gengar|Hex|p2a: Cradily","|-damage|p2a: Cradily|0 fnt","|faint|p2a: Cradily","|","|win|Guard Wanderer"],"p1rating":{"entryid":"6731189","serverid":"eos","formatid":"monotype","userid":"guardwanderer","username":"Guard Wanderer","w":62,"l":"88","t":"0","gxe":39.1,"r":1413.6525109524,"rd":32.515335441479,"sigma":"0","rptime":1438160400,"rpr":1416.4548063964,"rprd":32.384035050339,"rpsigma":"0","acre":1063.7355841745,"lacre":1063.7355841745,"oldacre":"1024"},"p2rating":{"entryid":"6102219","serverid":"eos","formatid":"monotype","userid":"mrmarston","username":"Mr. Marston","w":"6","l":13,"t":"0","gxe":35.4,"r":"1400.3871151613","rd":"87.122905437235","sigma":"0","rptime":"1438160400","rpr":1384.2498173471,"rprd":80.478373764862,"rpsigma":"0","acre":1035.8532514453,"lacre":1035.8532514453,"oldacre":"1055.9274992425"},"endType":"normal"}