{"seed":[47915,55793,40832,11332],"turns":23,"p1":"Dusk Deucez","p2":"Rain Fei","p1team":[{"name":"Volcarona","species":"Volcarona","item":"focussash","ability":"Flame Body","moves":["bugbuzz","quiverdance","fierydance","gigadrain"],"nature":"Modest","evs":{"hp":0,"atk":0,"def":0,"spa":252,"spd":4,"spe":252},"gender":"M","shiny":true,"ivs":{"hp":31,"atk":31,"def":31,"spa":31,"spd":31,"spe":31}},{"name":"Shuckle","species":"Shuckle","item":"redcard","ability":"Sturdy","moves":["stickyweb","stealthrock","knockoff","encore"],"nature":"Careful","evs":{"hp":248,"atk":8,"def":0,"spa":0,"spd":252,"spe":0},"gender":"M","ivs":{"hp":31,"atk":31,"def":31,"spa":31,"spd":31,"spe":0},"shiny":true},{"name":"Scizor","species":"Scizor","item":"scizorite","ability":"Technician","moves":["bulletpunch","roost","swordsdance","bugbite"],"nature":"Adamant","evs":{"hp":248,"atk":252,"def":0,"spa":0,"spd":8,"spe":0},"gender":"M","shiny":true,"ivs":{"hp":31,"atk":31,"def":31,"spa":31,"spd":31,"spe":31}},{"name":"Armaldo","species":"Armaldo","item":"rockyhelmet","ability":"Battle Armor","moves":["rapidspin","aquajet","earthquake","rockslide"],"nature":"Adamant","evs":{"hp":252,"atk":252,"def":0,"spa":0,"spd":0,"spe":4},"gender":"M","ivs":{"hp":31,"atk":31,"def":31,"spa":31,"spd":31,"spe":31}},{"name":"Crustle","species":"Crustle","item":"whiteherb","ability":"Sturdy","moves":["shellsmash","earthquake","xscissor","rockslide"],"nature":"Adamant","evs":{"hp":0,"atk":252,"def":0,"spa":0,"spd":4,"spe":252},"gender":"M","shiny":true,"ivs":{"hp":31,"atk":31,"def":31,"spa":31,"spd":31,"spe":31}},{"name":"Genesect","species":"Genesect","item":"choicescarf","ability":"Download","moves":["bugbuzz","extremespeed","ironhead","icebeam"],"nature":"Hasty","evs":{"hp":100,"atk":150,"def":4,"spa":150,"spd":4,"spe":100},"shiny":true,"ivs":{"hp":31,"atk":31,"def":31,"spa":31,"spd":31,"spe":31}}],"p2team":[{"name":"Gallade","species":"Gallade","item":"galladite","ability":"Justified","moves":["swordsdance","drainpunch","leafblade","knockoff"],"nature":"Adamant","evs":{"hp":248,"atk":252,"def":0,"spa":0,"spd":8,"spe":0},"ivs":{"hp":31,"atk":31,"def":31,"spa":31,"spd":31,"spe":31}},{"name":"Cobalion","species":"Cobalion","item":"leftovers","ability":"Justified","moves":["thunderwave","stealthrock","ironhead","sacredsword"],"nature":"Jolly","evs":{"hp":0,"atk":252,"def":0,"spa":0,"spd":4,"spe":252},"ivs":{"hp":31,"atk":31,"def":31,"spa":31,"spd":31,"spe":31}},{"name":"Breloom","species":"Breloom","item":"focussash","ability":"Effect Spore","moves":["spore","rocktomb","bulletseed","swordsdance"],"nature":"Jolly","evs":{"hp":0,"atk":252,"def":0,"spa":0,"spd":4,"spe":252},"ivs":{"hp":31,"atk":31,"def":31,"spa":31,"spd":31,"spe":31}},{"name":"Hawlucha","species":"Hawlucha","item":"powerherb","ability":"Unburden","moves":["acrobatics","skyattack","highjumpkick","swordsdance"],"nature":"Adamant","evs":{"hp":0,"atk":252,"def":0,"spa":0,"spd":4,"spe":252},"ivs":{"hp":31,"atk":31,"def":31,"spa":31,"spd":31,"spe":31}},{"name":"Keldeo","species":"Keldeo","item":"leftovers","ability":"Justified","moves":["secretsword","calmmind","hydropump","icywind"],"nature":"Timid","evs":{"hp":0,"atk":0,"def":0,"spa":252,"spd":4,"spe":252},"ivs":{"hp":31,"atk":31,"def":31,"spa":31,"spd":31,"spe":31}},{"name":"Conkeldurr","species":"Conkeldurr","item":"flameorb","ability":"Guts","moves":["drainpunch","bulkup","machpunch","stoneedge"],"nature":"Adamant","evs":{"hp":248,"atk":252,"def":0,"spa":0,"spd":8,"spe":0},"ivs":{"hp":31,"atk":31,"def":31,"spa":31,"spd":31,"spe":31}}],"log":["|player|p1|Dusk Deucez|acedeuce92.png","|player|p2|Rain Fei|rainfei.png","|gametype|singles","|gen|6","|tier|Monotype","|rated","|rule|Baton Pass Clause: Limit one Baton Passer, can't pass Spe and other stats simultaneously","|rule|Swagger Clause: Swagger is banned","|rule|Same Type Clause: Pokémon in a team must share a type","|clearpoke","|poke|p1|Volcarona, M, shiny","|poke|p1|Shuckle, M, shiny","|poke|p1|Scizor, M, shiny","|poke|p1|Armaldo, M","|poke|p1|Crustle, M, shiny","|poke|p1|Genesect-*, shiny","|poke|p2|Gallade, M","|poke|p2|Cobalion","|poke|p2|Breloom, F","|poke|p2|Hawlucha, M","|poke|p2|Keldeo","|poke|p2|Conkeldurr, M","|rule|Sleep Clause Mod: Limit one foe put to sleep","|rule|Species Clause: Limit one of each Pokémon","|rule|OHKO Clause: OHKO moves are banned","|rule|Moody Clause: Moody is banned","|rule|Evasion Moves Clause: Evasion moves are banned","|rule|Endless Battle Clause: Forcing endless battles is banned","|rule|HP Percentage Mod: HP is shown in percentages","|teampreview","|","|start","|switch|p1a: Shuckle|Shuckle, M, shiny|243/243","|switch|p2a: Breloom|Breloom, F|261/261","|turn|1","|","|move|p2a: Breloom|Spore|p1a: Shuckle","|-status|p1a: Shuckle|slp","|cant|p1a: Shuckle|slp","|","|turn|2","|","|move|p2a: Breloom|Rock Tomb|p1a: Shuckle|[miss]","|-miss|p2a: Breloom|p1a: Shuckle","|-curestatus|p1a: Shuckle|slp","|move|p1a: Shuckle|Stealth Rock|p2a: Breloom","|-sidestart|p2: Rain Fei|move: Stealth Rock","|","|turn|3","|","|move|p2a: Breloom|Spore|p1a: Shuckle","|-status|p1a: Shuckle|slp","|cant|p1a: Shuckle|slp","|","|turn|4","|","|move|p2a: Breloom|Swords Dance|p2a: Breloom","|-boost|p2a: Breloom|atk|2","|cant|p1a: Shuckle|slp","|","|turn|5","|","|move|p2a: Breloom|Swords Dance|p2a: Breloom","|-boost|p2a: Breloom|atk|2","|-curestatus|p1a: Shuckle|slp","|move|p1a: Shuckle|Sticky Web|p2a: Breloom","|-sidestart|p2: Rain Fei|move: Sticky Web","|","|turn|6","|","|move|p2a: Breloom|Spore|p1a: Shuckle","|-status|p1a: Shuckle|slp","|cant|p1a: Shuckle|slp","|","|turn|7","|","|move|p2a: Breloom|Bullet Seed|p1a: Shuckle","|-crit|p1a: Shuckle","|-damage|p1a: Shuckle|146/243 slp","|-damage|p1a: Shuckle|86/243 slp","|-damage|p1a: Shuckle|25/243 slp","|-hitcount|p1a: Shuckle|3","|-enditem|p1a: Shuckle|Red Card|[of] p2a: Breloom","|drag|p2a: Hawlucha|Hawlucha, M|297/297","|-damage|p2a: Hawlucha|260/297|[from] Stealth Rock","|cant|p1a: Shuckle|slp","|","|turn|8","|","|move|p2a: Hawlucha|Swords Dance|p2a: Hawlucha","|-boost|p2a: Hawlucha|atk|2","|-curestatus|p1a: Shuckle|slp","|move|p1a: Shuckle|Knock Off|p2a: Hawlucha","|-resisted|p2a: Hawlucha","|-damage|p2a: Hawlucha|247/297","|-enditem|p2a: Hawlucha|Power Herb|[from] move: Knock Off|[of] p1a: Shuckle","|","|turn|9","|","|move|p2a: Hawlucha|Acrobatics|p1a: Shuckle","|-damage|p1a: Shuckle|0 fnt","|faint|p1a: Shuckle","|","|","|switch|p1a: Crustle|Crustle, M, shiny|281/281","|turn|10","|","|move|p2a: Hawlucha|High Jump Kick|p1a: Crustle","|-activate|p1a: Crustle|Sturdy","|-damage|p1a: Crustle|1/281","|move|p1a: Crustle|Shell Smash|p1a: Crustle","|-boost|p1a: Crustle|atk|2","|-boost|p1a: Crustle|spa|2","|-boost|p1a: Crustle|spe|2","|-unboost|p1a: Crustle|def|1","|-unboost|p1a: Crustle|spd|1","|-enditem|p1a: Crustle|White Herb","|-restoreboost|p1a: Crustle|[silent]","|","|turn|11","|","|move|p2a: Hawlucha|Acrobatics|p1a: Crustle","|-damage|p1a: Crustle|0 fnt","|faint|p1a: Crustle","|","|","|switch|p1a: Genesect|Genesect, shiny|308/308","|-boost|p1a: Genesect|spa|1|[from] ability: Download","|turn|12","|","|move|p2a: Hawlucha|Acrobatics|p1a: Genesect","|-damage|p1a: Genesect|0 fnt","|faint|p1a: Genesect","|","|","|switch|p1a: Volcarona|Volcarona, M, shiny|311/311","|turn|13","|","|move|p2a: Hawlucha|Acrobatics|p1a: Volcarona","|-supereffective|p1a: Volcarona","|-enditem|p1a: Volcarona|Focus Sash","|-damage|p1a: Volcarona|1/311","|-status|p2a: Hawlucha|brn","|move|p1a: Volcarona|Fiery Dance|p2a: Hawlucha","|-damage|p2a: Hawlucha|13/297 brn","|","|-damage|p2a: Hawlucha|0 fnt|[from] brn","|faint|p2a: Hawlucha","|","|switch|p2a: Conkeldurr|Conkeldurr, M|413/413","|-damage|p2a: Conkeldurr|388/413|[from] Stealth Rock","|-activate|p2a: Conkeldurr|move: Sticky Web","|-unboost|p2a: Conkeldurr|spe|1","|turn|14","|","|switch|p1a: Armaldo|Armaldo, M|354/354","|move|p2a: Conkeldurr|Mach Punch|p1a: Armaldo","|-damage|p1a: Armaldo|278/354","|-damage|p2a: Conkeldurr|320/413|[from] item: Rocky Helmet|[of] p1a: Armaldo","|","|-status|p2a: Conkeldurr|brn|[from] item: Flame Orb","|turn|15","|","|move|p1a: Armaldo|Aqua Jet|p2a: Conkeldurr","|-crit|p2a: Conkeldurr","|-damage|p2a: Conkeldurr|236/413 brn","|move|p2a: Conkeldurr|Drain Punch|p1a: Armaldo","|-damage|p1a: Armaldo|37/354","|-heal|p2a: Conkeldurr|357/413 brn|[from] drain|[of] p1a: Armaldo","|-damage|p2a: Conkeldurr|289/413 brn|[from] item: Rocky Helmet|[of] p1a: Armaldo","|","|-damage|p2a: Conkeldurr|238/413 brn|[from] brn","|turn|16","|","|move|p2a: Conkeldurr|Mach Punch|p1a: Armaldo","|-damage|p1a: Armaldo|0 fnt","|-damage|p2a: Conkeldurr|170/413 brn|[from] item: Rocky Helmet|[of] p1a: Armaldo","|faint|p1a: Armaldo","|","|-damage|p2a: Conkeldurr|119/413 brn|[from] brn","|","|switch|p1a: Scizor|Scizor, M, shiny|343/343","|turn|17","|","|detailschange|p1a: Scizor|Scizor-Mega, M, shiny","|-mega|p1a: Scizor|Scizor|Scizorite","|move|p1a: Scizor|Bullet Punch|p2a: Conkeldurr","|-damage|p2a: Conkeldurr|0 fnt","|faint|p2a: Conkeldurr","|","|","|switch|p2a: Cobalion|Cobalion|323/323","|-activate|p2a: Cobalion|move: Sticky Web","|-unboost|p2a: Cobalion|spe|1","|-damage|p2a: Cobalion|313/323|[from] Stealth Rock","|turn|18","|","|move|p2a: Cobalion|Thunder Wave|p1a: Scizor","|-status|p1a: Scizor|par","|move|p1a: Scizor|Swords Dance|p1a: Scizor","|-boost|p1a: Scizor|atk|2","|","|-heal|p2a: Cobalion|323/323|[from] item: Leftovers","|turn|19","|","|move|p2a: Cobalion|Stealth Rock|p1a: Scizor","|-sidestart|p1: Dusk Deucez|move: Stealth Rock","|move|p1a: Scizor|Bug Bite|p2a: Cobalion","|-resisted|p2a: Cobalion","|-damage|p2a: Cobalion|246/323","|","|-heal|p2a: Cobalion|266/323|[from] item: Leftovers","|turn|20","|","|move|p2a: Cobalion|Sacred Sword|p1a: Scizor","|-crit|p1a: Scizor","|-damage|p1a: Scizor|208/343 par","|cant|p1a: Scizor|par","|","|-heal|p2a: Cobalion|286/323|[from] item: Leftovers","|turn|21","|","|move|p2a: Cobalion|Sacred Sword|p1a: Scizor","|-damage|p1a: Scizor|112/343 par","|move|p1a: Scizor|Swords Dance|p1a: Scizor","|-boost|p1a: Scizor|atk|2","|","|-heal|p2a: Cobalion|306/323|[from] item: Leftovers","|turn|22","|","|move|p2a: Cobalion|Iron Head|p1a: Scizor","|-crit|p1a: Scizor","|-resisted|p1a: Scizor","|-damage|p1a: Scizor|46/343 par","|cant|p1a: Scizor|flinch","|","|-heal|p2a: Cobalion|323/323|[from] item: Leftovers","|turn|23","|","|move|p1a: Scizor|Bullet Punch|p2a: Cobalion","|-resisted|p2a: Cobalion","|-damage|p2a: Cobalion|162/323","|move|p2a: Cobalion|Sacred Sword|p1a: Scizor","|-damage|p1a: Scizor|0 fnt","|faint|p1a: Scizor","|","|-heal|p2a: Cobalion|182/323|[from] item: Leftovers","|","|switch|p1a: Volcarona|Volcarona, M, shiny|1/311","|-damage|p1a: Volcarona|0 fnt|[from] Stealth Rock","|faint|p1a: Volcarona","|","|win|Rain Fei"],"p1rating":{"entryid":"7193240","serverid":"eos","formatid":"monotype","userid":"duskdeucez","username":"Dusk Deucez - ⒶⓌⒶⓎ","w":"11","l":10,"t":"0","gxe":53.4,"r":"1548.2578417101","rd":"73.325295271521","sigma":"0","rptime":"1438160400","rpr":1526.0995449672,"rprd":69.427042875424,"rpsigma":"0","acre":1078.0670927139,"lacre":1078.0670927139,"oldacre":"1110.7786856663"},"p2rating":{"entryid":"6596109","serverid":"eos","formatid":"monotype","userid":"rainfei","username":"Rain ☆ Fei","w":1,"l":"2","t":"0","gxe":47,"r":1426.6994261178,"rd":120.62718934642,"sigma":"0","rptime":1438160400,"rpr":1475.8602745555,"rprd":114.90722933748,"rpsigma":"0","acre":1052.3385487239,"lacre":1052.3385487239,"oldacre":"1000"},"endType":"normal"}