{"seed":[9234,46705,33247,16733],"turns":23,"p1":"MasterrSage.","p2":"GTXShinigami","p1team":[{"name":"Ferrothorn","species":"Ferrothorn","item":"leftovers","ability":"Iron Barbs","moves":["seedbomb","leechseed","gyroball","toxic"],"nature":"Relaxed","evs":{"hp":252,"atk":4,"def":252,"spa":0,"spd":0,"spe":0},"ivs":{"hp":31,"atk":31,"def":31,"spa":31,"spd":31,"spe":0},"shiny":true},{"name":"Bronzong","species":"Bronzong","item":"airballoon","ability":"Heatproof","moves":["zenheadbutt","earthquake","stealthrock","heavyslam"],"nature":"Adamant","evs":{"hp":248,"atk":252,"def":0,"spa":0,"spd":8,"spe":0},"ivs":{"hp":31,"atk":31,"def":31,"spa":31,"spd":31,"spe":31}},{"name":"Scizor","species":"Scizor","item":"scizorite","ability":"Technician","moves":["bulletpunch","superpower","swordsdance","bugbite"],"nature":"Adamant","evs":{"hp":248,"atk":252,"def":0,"spa":0,"spd":8,"spe":0},"shiny":true,"ivs":{"hp":31,"atk":31,"def":31,"spa":31,"spd":31,"spe":31}},{"name":"Skarmory","species":"Skarmory","item":"leftovers","ability":"Sturdy","moves":["bravebird","stealthrock","whirlwind","spikes"],"nature":"Impish","evs":{"hp":248,"atk":0,"def":236,"spa":0,"spd":0,"spe":24},"shiny":true,"ivs":{"hp":31,"atk":31,"def":31,"spa":31,"spd":31,"spe":31}},{"name":"Heatran","species":"Heatran","item":"airballoon","ability":"Flash Fire","moves":["flamethrower","flashcannon","earthpower","ancientpower"],"nature":"Modest","evs":{"hp":248,"atk":0,"def":0,"spa":252,"spd":8,"spe":0},"ivs":{"hp":31,"atk":31,"def":31,"spa":31,"spd":31,"spe":31}},{"name":"Lucario","species":"Lucario","item":"lifeorb","ability":"Steadfast","moves":["extremespeed","closecombat","psychic","earthquake"],"nature":"Hasty","evs":{"hp":0,"atk":252,"def":0,"spa":4,"spd":0,"spe":252},"shiny":true,"ivs":{"hp":31,"atk":31,"def":31,"spa":31,"spd":31,"spe":31}}],"p2team":[{"name":"Avant-Garde","species":"aegislash","item":"weaknesspolicy","ability":"Stance Change","moves":["kingsshield","swordsdance","shadowsneak","sacredsword"],"nature":"Adamant","evs":{"hp":252,"atk":252,"def":4,"spa":0,"spd":0,"spe":0},"shiny":true,"ivs":{"hp":31,"atk":31,"def":31,"spa":31,"spd":31,"spe":31}},{"name":"Stalleye","species":"sableye","item":"sablenite","ability":"Prankster","moves":["nastyplot","dazzlinggleam","recover","willowisp"],"nature":"Bold","evs":{"hp":252,"atk":0,"def":252,"spa":0,"spd":4,"spe":0},"ivs":{"hp":31,"atk":0,"def":31,"spa":31,"spd":31,"spe":31}},{"name":"Mr. Pringles","species":"jellicent","item":"leftovers","ability":"Cursed Body","moves":["scald","willowisp","confuseray","recover"],"nature":"Calm","evs":{"hp":252,"atk":0,"def":0,"spa":4,"spd":252,"spe":0},"gender":"M","ivs":{"hp":31,"atk":0,"def":31,"spa":31,"spd":31,"spe":31}},{"name":"Evil-Stitch","species":"gengar","item":"focussash","ability":"Levitate","moves":["destinybond","shadowball","drainpunch","haze"],"nature":"Timid","evs":{"hp":0,"atk":0,"def":0,"spa":252,"spd":4,"spe":252},"gender":"M","ivs":{"hp":31,"atk":31,"def":31,"spa":31,"spd":31,"spe":31}},{"name":"Guardian","species":"golurk","item":"focussash","ability":"No Guard","moves":["dynamicpunch","curse","stoneedge","stealthrock"],"nature":"Adamant","evs":{"hp":248,"atk":252,"def":0,"spa":0,"spd":8,"spe":0},"shiny":true,"ivs":{"hp":31,"atk":31,"def":31,"spa":31,"spd":31,"spe":31}},{"name":"Willow","species":"trevenant","item":"sitrusberry","ability":"Harvest","moves":["hornleech","leechseed","willowisp","xscissor"],"nature":"Careful","evs":{"hp":248,"atk":8,"def":0,"spa":0,"spd":252,"spe":0},"shiny":true,"ivs":{"hp":31,"atk":31,"def":31,"spa":31,"spd":31,"spe":31}}],"log":["|player|p1|MasterrSage.|154","|player|p2|GTXShinigami|1","|gametype|singles","|gen|6","|tier|Monotype","|rated","|rule|Baton Pass Clause: Limit one Baton Passer, can't pass Spe and other stats simultaneously","|rule|Swagger Clause: Swagger is banned","|rule|Same Type Clause: Pokémon in a team must share a type","|clearpoke","|poke|p1|Ferrothorn, F, shiny","|poke|p1|Bronzong","|poke|p1|Scizor, F, shiny","|poke|p1|Skarmory, F, shiny","|poke|p1|Heatran, F","|poke|p1|Lucario, M, shiny","|poke|p2|Aegislash, F, shiny","|poke|p2|Sableye, F","|poke|p2|Jellicent, M","|poke|p2|Gengar, M","|poke|p2|Golurk, shiny","|poke|p2|Trevenant, F, shiny","|rule|Sleep Clause Mod: Limit one foe put to sleep","|rule|Species Clause: Limit one of each Pokémon","|rule|OHKO Clause: OHKO moves are banned","|rule|Moody Clause: Moody is banned","|rule|Evasion Moves Clause: Evasion moves are banned","|rule|Endless Battle Clause: Forcing endless battles is banned","|rule|HP Percentage Mod: HP is shown in percentages","|teampreview","|","|start","|switch|p1a: Skarmory|Skarmory, F, shiny|333/333","|switch|p2a: Guardian|Golurk, shiny|381/381","|turn|1","|","|move|p1a: Skarmory|Stealth Rock|p2a: Guardian","|-sidestart|p2: GTXShinigami|move: Stealth Rock","|move|p2a: Guardian|Dynamic Punch|p1a: Skarmory","|-damage|p1a: Skarmory|258/333","|-start|p1a: Skarmory|confusion","|","|-heal|p1a: Skarmory|278/333|[from] item: Leftovers","|turn|2","|","|switch|p1a: Bronzong|Bronzong|337/337","|-item|p1a: Bronzong|Air Balloon","|move|p2a: Guardian|Stone Edge|p1a: Bronzong","|-resisted|p1a: Bronzong","|-damage|p1a: Bronzong|281/337","|-enditem|p1a: Bronzong|Air Balloon","|","|turn|3","|","|move|p2a: Guardian|Dynamic Punch|p1a: Bronzong","|-damage|p1a: Bronzong|169/337","|-start|p1a: Bronzong|confusion","|-activate|p1a: Bronzong|confusion","|move|p1a: Bronzong|Earthquake|p2a: Guardian","|-damage|p2a: Guardian|268/381","|","|turn|4","|","|switch|p1a: Ferrothorn|Ferrothorn, F, shiny|352/352","|move|p2a: Guardian|Stone Edge|p1a: Ferrothorn","|-resisted|p1a: Ferrothorn","|-damage|p1a: Ferrothorn|315/352","|","|-heal|p1a: Ferrothorn|337/352|[from] item: Leftovers","|turn|5","|","|move|p2a: Guardian|Dynamic Punch|p1a: Ferrothorn","|-supereffective|p1a: Ferrothorn","|-damage|p1a: Ferrothorn|187/352","|-damage|p2a: Guardian|221/381|[from] ability: Iron Barbs|[of] p1a: Ferrothorn","|-start|p1a: Ferrothorn|confusion","|-activate|p1a: Ferrothorn|confusion","|move|p1a: Ferrothorn|Toxic|p2a: Guardian","|-status|p2a: Guardian|tox","|","|-heal|p1a: Ferrothorn|209/352|[from] item: Leftovers","|-damage|p2a: Guardian|198/381 tox|[from] psn","|turn|6","|","|switch|p1a: Bronzong|Bronzong|169/337","|move|p2a: Guardian|Dynamic Punch|p1a: Bronzong","|-damage|p1a: Bronzong|52/337","|-start|p1a: Bronzong|confusion","|","|-damage|p2a: Guardian|152/381 tox|[from] psn","|turn|7","|","|move|p2a: Guardian|Dynamic Punch|p1a: Bronzong","|-damage|p1a: Bronzong|0 fnt","|faint|p1a: Bronzong","|","|-damage|p2a: Guardian|83/381 tox|[from] psn","|","|switch|p1a: Skarmory|Skarmory, F, shiny|278/333","|turn|8","|","|move|p1a: Skarmory|Spikes|p2a: Guardian","|-sidestart|p2: GTXShinigami|Spikes","|move|p2a: Guardian|Dynamic Punch|p1a: Skarmory","|-damage|p1a: Skarmory|202/333","|-start|p1a: Skarmory|confusion","|","|-heal|p1a: Skarmory|222/333|[from] item: Leftovers","|-damage|p2a: Guardian|0 fnt|[from] psn","|faint|p2a: Guardian","|","|switch|p2a: Avant-Garde|Aegislash, F, shiny|324/324","|-damage|p2a: Avant-Garde|284/324|[from] Spikes","|-damage|p2a: Avant-Garde|264/324|[from] Stealth Rock","|turn|9","|","|move|p2a: Avant-Garde|King's Shield|p2a: Avant-Garde","|-singleturn|p2a: Avant-Garde|Protect","|-activate|p1a: Skarmory|confusion","|-damage|p1a: Skarmory|207/333|[from] confusion","|","|-heal|p1a: Skarmory|227/333|[from] item: Leftovers","|turn|10","|","|move|p2a: Avant-Garde|Swords Dance|p2a: Avant-Garde","|-boost|p2a: Avant-Garde|atk|2","|-activate|p1a: Skarmory|confusion","|-damage|p1a: Skarmory|211/333|[from] confusion","|","|-heal|p1a: Skarmory|231/333|[from] item: Leftovers","|turn|11","|","|-formechange|p2a: Avant-Garde|Aegislash-Blade","|move|p2a: Avant-Garde|Sacred Sword|p1a: Skarmory","|-damage|p1a: Skarmory|81/333","|-activate|p1a: Skarmory|confusion","|-damage|p1a: Skarmory|67/333|[from] confusion","|","|-heal|p1a: Skarmory|87/333|[from] item: Leftovers","|turn|12","|","|move|p2a: Avant-Garde|Sacred Sword|p1a: Skarmory","|-damage|p1a: Skarmory|0 fnt","|faint|p1a: Skarmory","|","|","|switch|p1a: Lucario|Lucario, M, shiny|281/281","|turn|13","|","|-formechange|p2a: Avant-Garde|Aegislash","|move|p2a: Avant-Garde|King's Shield|p2a: Avant-Garde","|-singleturn|p2a: Avant-Garde|Protect","|move|p1a: Lucario|Earthquake|p2a: Avant-Garde","|-activate|p2a: Avant-Garde|Protect","|","|turn|14","|","|switch|p1a: Ferrothorn|Ferrothorn, F, shiny|209/352","|-formechange|p2a: Avant-Garde|Aegislash-Blade","|move|p2a: Avant-Garde|Sacred Sword|p1a: Ferrothorn","|-supereffective|p1a: Ferrothorn","|-damage|p1a: Ferrothorn|0 fnt","|-damage|p2a: Avant-Garde|224/324|[from] ability: Iron Barbs|[of] p1a: Ferrothorn","|faint|p1a: Ferrothorn","|","|","|switch|p1a: Heatran|Heatran, F|385/385","|-item|p1a: Heatran|Air Balloon","|turn|15","|","|-formechange|p2a: Avant-Garde|Aegislash","|move|p2a: Avant-Garde|King's Shield|p2a: Avant-Garde","|-singleturn|p2a: Avant-Garde|Protect","|move|p1a: Heatran|Flamethrower|p2a: Avant-Garde","|-activate|p2a: Avant-Garde|Protect","|","|turn|16","|","|-formechange|p2a: Avant-Garde|Aegislash-Blade","|move|p2a: Avant-Garde|Shadow Sneak|p1a: Heatran","|-damage|p1a: Heatran|217/385","|-enditem|p1a: Heatran|Air Balloon","|move|p1a: Heatran|Flamethrower|p2a: Avant-Garde","|-supereffective|p2a: Avant-Garde","|-damage|p2a: Avant-Garde|0 fnt","|faint|p2a: Avant-Garde","|","|","|switch|p2a: Evil-Stitch|Gengar, M|261/261","|-damage|p2a: Evil-Stitch|229/261|[from] Stealth Rock","|turn|17","|","|move|p2a: Evil-Stitch|Drain Punch|p1a: Heatran","|-supereffective|p1a: Heatran","|-damage|p1a: Heatran|147/385","|-heal|p2a: Evil-Stitch|261/261|[from] drain|[of] p1a: Heatran","|move|p1a: Heatran|Ancient Power|p2a: Evil-Stitch","|-damage|p2a: Evil-Stitch|156/261","|","|turn|18","|","|move|p2a: Evil-Stitch|Drain Punch|p1a: Heatran","|-supereffective|p1a: Heatran","|-damage|p1a: Heatran|81/385","|-heal|p2a: Evil-Stitch|189/261|[from] drain|[of] p1a: Heatran","|move|p1a: Heatran|Flamethrower|p2a: Evil-Stitch","|-damage|p2a: Evil-Stitch|0 fnt","|faint|p2a: Evil-Stitch","|","|","|switch|p2a: Mr. Pringles|Jellicent, M|404/404","|-damage|p2a: Mr. Pringles|354/404|[from] Spikes","|-damage|p2a: Mr. Pringles|304/404|[from] Stealth Rock","|turn|19","|","|move|p1a: Heatran|Ancient Power|p2a: Mr. Pringles","|-damage|p2a: Mr. Pringles|247/404","|-start|p1a: Heatran|Disable|Ancient Power","|-boost|p1a: Heatran|atk|1","|-boost|p1a: Heatran|def|1","|-boost|p1a: Heatran|spa|1","|-boost|p1a: Heatran|spd|1","|-boost|p1a: Heatran|spe|1","|move|p2a: Mr. Pringles|Scald|p1a: Heatran","|-supereffective|p1a: Heatran","|-damage|p1a: Heatran|0 fnt","|faint|p1a: Heatran","|","|-heal|p2a: Mr. Pringles|272/404|[from] item: Leftovers","|","|switch|p1a: Scizor|Scizor, F, shiny|343/343","|turn|20","|","|detailschange|p1a: Scizor|Scizor-Mega, F, shiny","|-mega|p1a: Scizor|Scizor|Scizorite","|move|p1a: Scizor|Swords Dance|p1a: Scizor","|-boost|p1a: Scizor|atk|2","|move|p2a: Mr. Pringles|Confuse Ray|p1a: Scizor","|-start|p1a: Scizor|confusion","|","|-heal|p2a: Mr. Pringles|297/404|[from] item: Leftovers","|turn|21","|","|-activate|p1a: Scizor|confusion","|-damage|p1a: Scizor|217/343|[from] confusion","|move|p2a: Mr. Pringles|Will-O-Wisp|p1a: Scizor|[miss]","|-miss|p2a: Mr. Pringles|p1a: Scizor","|","|-heal|p2a: Mr. Pringles|322/404|[from] item: Leftovers","|turn|22","|","|-activate|p1a: Scizor|confusion","|-damage|p1a: Scizor|85/343|[from] confusion","|move|p2a: Mr. Pringles|Scald|p1a: Scizor","|-damage|p1a: Scizor|3/343","|","|-heal|p2a: Mr. Pringles|347/404|[from] item: Leftovers","|turn|23","|","|win|GTXShinigami"],"p1rating":{"entryid":"6976480","serverid":"eos","formatid":"monotype","userid":"masterrsage","username":"MasterrSage.","w":"34","l":30,"t":"0","gxe":50.4,"r":"1522.070079317","rd":"45.560351348872","sigma":"0","rptime":"1438160400","rpr":1502.8528034605,"rprd":44.647610058475,"rpsigma":"0","acre":1037.858302275,"lacre":1037.858302275,"oldacre":"1056.8976576834"},"p2rating":{"entryid":"7117851","serverid":"eos","formatid":"monotype","userid":"gtxshinigami","username":"GTX▽Shinigami","w":3,"l":"14","t":"0","gxe":27.5,"r":"1277.598009507","rd":"83.363656164758","sigma":"0","rptime":"1438160400","rpr":1312.8733757512,"rprd":77.504506966504,"rpsigma":"0","acre":1081.2147868446,"lacre":1081.2147868446,"oldacre":"1047.4344921758"},"endType":"forfeit"}