{"seed":[56108,30728,61476,6939],"turns":25,"p1":"Metalyte","p2":"Knight♕Miku","p1team":[{"name":"Carbink","species":"Carbink","item":"lightclay","ability":"Sturdy","moves":["reflect","lightscreen","stealthrock","trickroom"],"nature":"Bold","evs":{"hp":252,"atk":0,"def":128,"spa":0,"spd":128,"spe":0},"ivs":{"hp":31,"atk":31,"def":31,"spa":31,"spd":31,"spe":0}},{"name":"Sylveon","species":"Sylveon","item":"choicespecs","ability":"Pixilate","moves":["hypervoice","echoedvoice","psyshock","shadowball"],"nature":"Modest","evs":{"hp":248,"atk":0,"def":0,"spa":252,"spd":8,"spe":0},"ivs":{"hp":31,"atk":31,"def":31,"spa":31,"spd":31,"spe":31}},{"name":"Granbull","species":"Granbull","item":"choiceband","ability":"Intimidate","moves":["playrough","closecombat","earthquake","stoneedge"],"nature":"Adamant","evs":{"hp":248,"atk":252,"def":0,"spa":0,"spd":8,"spe":0},"ivs":{"hp":31,"atk":31,"def":31,"spa":31,"spd":31,"spe":31}},{"name":"Gardevoir","species":"Gardevoir","item":"gardevoirite","ability":"Synchronize","moves":["hypervoice","psyshock","focusblast","thunderwave"],"nature":"Quiet","evs":{"hp":252,"atk":0,"def":4,"spa":252,"spd":0,"spe":0},"ivs":{"hp":31,"atk":31,"def":31,"spa":31,"spd":31,"spe":31}},{"name":"Azumarill","species":"Azumarill","item":"sitrusberry","ability":"Huge Power","moves":["bellydrum","aquajet","waterfall","playrough"],"nature":"Adamant","evs":{"hp":252,"atk":252,"def":0,"spa":0,"spd":4,"spe":0},"ivs":{"hp":31,"atk":31,"def":31,"spa":31,"spd":31,"spe":31}},{"name":"Togekiss","species":"Togekiss","item":"leftovers","ability":"Serene Grace","moves":["roost","thunderwave","airslash","psyshock"],"nature":"Calm","evs":{"hp":252,"atk":0,"def":0,"spa":4,"spd":252,"spe":0},"ivs":{"hp":31,"atk":31,"def":31,"spa":31,"spd":31,"spe":31}}],"p2team":[{"name":"Anal Beads","species":"thundurus","item":"lifeorb","ability":"Prankster","moves":["thunderwave","grassknot","flashcannon","voltswitch"],"nature":"Timid","evs":{"hp":0,"atk":0,"def":0,"spa":252,"spd":4,"spe":252},"ivs":{"hp":31,"atk":31,"def":31,"spa":31,"spd":31,"spe":31}},{"name":"Butt Leech","species":"eelektross","item":"leftovers","ability":"Levitate","moves":["coil","knockoff","superpower","aquatail"],"nature":"Adamant","evs":{"hp":248,"atk":252,"def":0,"spa":0,"spd":8,"spe":0},"gender":"F","shiny":true,"ivs":{"hp":31,"atk":31,"def":31,"spa":31,"spd":31,"spe":31}},{"name":"Zap","species":"zapdos","item":"leftovers","ability":"Pressure","moves":["roost","defog","heatwave","toxic"],"nature":"Calm","evs":{"hp":248,"atk":0,"def":0,"spa":8,"spd":252,"spe":0},"ivs":{"hp":31,"atk":31,"def":31,"spa":31,"spd":31,"spe":31}},{"name":"Spooky","species":"rotomwash","item":"leftovers","ability":"Levitate","moves":["hydropump","voltswitch","willowisp","painsplit"],"nature":"Bold","evs":{"hp":252,"atk":0,"def":252,"spa":4,"spd":0,"spe":0},"ivs":{"hp":31,"atk":31,"def":31,"spa":31,"spd":31,"spe":31}},{"name":"Blitz","species":"manectric","item":"manectite","ability":"Lightning Rod","moves":["hiddenpowerice","thunderbolt","voltswitch","flamethrower"],"nature":"Timid","evs":{"hp":0,"atk":0,"def":0,"spa":252,"spd":4,"spe":252},"gender":"M","ivs":{"hp":31,"atk":30,"def":30,"spa":31,"spd":31,"spe":31},"shiny":true},{"name":"Palmtop Tiger","species":"raikou","item":"choicespecs","ability":"Pressure","moves":["shadowball","thunderbolt","extrasensory","hiddenpowerice"],"nature":"Timid","evs":{"hp":0,"atk":0,"def":0,"spa":252,"spd":4,"spe":252},"ivs":{"hp":31,"atk":30,"def":30,"spa":31,"spd":31,"spe":31},"shiny":true}],"log":["|player|p1|Metalyte|165","|player|p2|Knight♕Miku|gtxbronze.gif","|gametype|singles","|gen|6","|tier|Monotype","|rated","|rule|Baton Pass Clause: Limit one Baton Passer, can't pass Spe and other stats simultaneously","|rule|Swagger Clause: Swagger is banned","|rule|Same Type Clause: Pokémon in a team must share a type","|clearpoke","|poke|p1|Carbink","|poke|p1|Sylveon, M","|poke|p1|Granbull, M","|poke|p1|Gardevoir, F","|poke|p1|Azumarill, M","|poke|p1|Togekiss, M","|poke|p2|Thundurus, M","|poke|p2|Eelektross, F, shiny","|poke|p2|Zapdos","|poke|p2|Rotom-Wash","|poke|p2|Manectric, M, shiny","|poke|p2|Raikou, shiny","|rule|Sleep Clause Mod: Limit one foe put to sleep","|rule|Species Clause: Limit one of each Pokémon","|rule|OHKO Clause: OHKO moves are banned","|rule|Moody Clause: Moody is banned","|rule|Evasion Moves Clause: Evasion moves are banned","|rule|Endless Battle Clause: Forcing endless battles is banned","|rule|HP Percentage Mod: HP is shown in percentages","|teampreview","|","|start","|switch|p1a: Carbink|Carbink|304/304","|switch|p2a: Blitz|Manectric, M, shiny|281/281","|turn|1","|","|detailschange|p2a: Blitz|Manectric-Mega, M, shiny","|-mega|p2a: Blitz|Manectric|Manectite","|-ability|p2a: Blitz|Intimidate","|-unboost|p1a: Carbink|atk|1","|move|p2a: Blitz|Volt Switch|p1a: Carbink","|-damage|p1a: Carbink|228/304","|","|switch|p2a: Anal Beads|Thundurus, M|299/299","|move|p1a: Carbink|Light Screen|p1a: Carbink","|-sidestart|p1: Metalyte|move: Light Screen","|","|turn|2","|","|move|p2a: Anal Beads|Flash Cannon|p1a: Carbink","|-supereffective|p1a: Carbink","|-damage|p1a: Carbink|67/304","|-damage|p2a: Anal Beads|270/299|[from] item: Life Orb","|move|p1a: Carbink|Trick Room|p1a: Carbink","|-fieldstart|move: Trick Room|[of] p1a: Carbink","|","|turn|3","|","|switch|p2a: Zap|Zapdos|383/383","|-ability|p2a: Zap|Pressure","|move|p1a: Carbink|Stealth Rock|p2a: Zap","|-sidestart|p2: Knight♕Miku|move: Stealth Rock","|","|turn|4","|","|switch|p1a: Sylveon|Sylveon, M|393/393","|move|p2a: Zap|Defog|p1a: Sylveon","|-unboost|p1a: Sylveon|evasion|1","|-sideend|p1: Metalyte|move: Light Screen","|-sideend|p2: Knight♕Miku|Stealth Rock|[from] move: Defog|[of] p2a: Zap","|","|turn|5","|","|move|p1a: Sylveon|Hyper Voice|p2a: Zap","|-crit|p2a: Zap","|-damage|p2a: Zap|47/383","|move|p2a: Zap|Toxic|p1a: Sylveon","|-status|p1a: Sylveon|tox","|","|-heal|p2a: Zap|70/383|[from] item: Leftovers","|-damage|p1a: Sylveon|369/393 tox|[from] psn","|turn|6","|","|move|p1a: Sylveon|Hyper Voice|p2a: Zap","|-damage|p2a: Zap|0 fnt","|faint|p2a: Zap","|","|-damage|p1a: Sylveon|321/393 tox|[from] psn","|-fieldend|move: Trick Room","|","|switch|p2a: Anal Beads|Thundurus, M|270/299","|turn|7","|","|move|p2a: Anal Beads|Flash Cannon|p1a: Sylveon","|-supereffective|p1a: Sylveon","|-damage|p1a: Sylveon|121/393 tox","|-damage|p2a: Anal Beads|241/299|[from] item: Life Orb","|move|p1a: Sylveon|Hyper Voice|p2a: Anal Beads","|-damage|p2a: Anal Beads|0 fnt","|faint|p2a: Anal Beads","|","|-damage|p1a: Sylveon|49/393 tox|[from] psn","|","|switch|p2a: Spooky|Rotom-Wash|304/304","|turn|8","|","|move|p2a: Spooky|Hydro Pump|p1a: Sylveon","|-damage|p1a: Sylveon|0 fnt","|faint|p1a: Sylveon","|","|","|switch|p1a: Azumarill|Azumarill, M|404/404","|turn|9","|","|move|p2a: Spooky|Will-O-Wisp|p1a: Azumarill","|-status|p1a: Azumarill|brn","|move|p1a: Azumarill|Belly Drum|p1a: Azumarill","|-damage|p1a: Azumarill|202/404 brn","|-setboost|p1a: Azumarill|atk|6|[from] move: Belly Drum","|-enditem|p1a: Azumarill|Sitrus Berry|[eat]","|-heal|p1a: Azumarill|303/404 brn|[from] item: Sitrus Berry","|","|-damage|p1a: Azumarill|253/404 brn|[from] brn","|turn|10","|","|move|p2a: Spooky|Volt Switch|p1a: Azumarill","|-supereffective|p1a: Azumarill","|-damage|p1a: Azumarill|47/404 brn","|","|switch|p2a: Blitz|Manectric-Mega, M, shiny|281/281","|-ability|p2a: Blitz|Intimidate","|-unboost|p1a: Azumarill|atk|1","|move|p1a: Azumarill|Play Rough|p2a: Blitz","|-damage|p2a: Blitz|0 fnt","|faint|p2a: Blitz","|","|-damage|p1a: Azumarill|0 fnt|[from] brn","|faint|p1a: Azumarill","|","|switch|p2a: Palmtop Tiger|Raikou, shiny|321/321","|switch|p1a: Carbink|Carbink|67/304","|-ability|p2a: Palmtop Tiger|Pressure","|turn|11","|","|move|p2a: Palmtop Tiger|Thunderbolt|p1a: Carbink","|-damage|p1a: Carbink|0 fnt","|faint|p1a: Carbink","|","|","|switch|p1a: Gardevoir|Gardevoir, F|340/340","|turn|12","|","|switch|p2a: Butt Leech|Eelektross, F, shiny|373/373","|detailschange|p1a: Gardevoir|Gardevoir-Mega, F","|-mega|p1a: Gardevoir|Gardevoir|Gardevoirite","|move|p1a: Gardevoir|Hyper Voice|p2a: Butt Leech","|-damage|p2a: Butt Leech|28/373","|","|-heal|p2a: Butt Leech|51/373|[from] item: Leftovers","|turn|13","|","|move|p1a: Gardevoir|Hyper Voice|p2a: Butt Leech","|-damage|p2a: Butt Leech|0 fnt","|faint|p2a: Butt Leech","|","|","|switch|p2a: Palmtop Tiger|Raikou, shiny|321/321","|-ability|p2a: Palmtop Tiger|Pressure","|turn|14","|","|move|p2a: Palmtop Tiger|Shadow Ball|p1a: Gardevoir","|-supereffective|p1a: Gardevoir","|-damage|p1a: Gardevoir|136/340","|move|p1a: Gardevoir|Hyper Voice|p2a: Palmtop Tiger","|-damage|p2a: Palmtop Tiger|32/321","|","|turn|15","|","|switch|p1a: Togekiss|Togekiss, M|374/374","|move|p2a: Palmtop Tiger|Shadow Ball|p1a: Togekiss","|-damage|p1a: Togekiss|282/374","|","|-heal|p1a: Togekiss|305/374|[from] item: Leftovers","|turn|16","|","|switch|p2a: Spooky|Rotom-Wash|304/304","|move|p1a: Togekiss|Psyshock|p2a: Spooky","|-damage|p2a: Spooky|254/304","|","|-heal|p2a: Spooky|273/304|[from] item: Leftovers","|-heal|p1a: Togekiss|328/374|[from] item: Leftovers","|turn|17","|","|move|p2a: Spooky|Hydro Pump|p1a: Togekiss","|-damage|p1a: Togekiss|240/374","|move|p1a: Togekiss|Air Slash|p2a: Spooky","|-resisted|p2a: Spooky","|-damage|p2a: Spooky|222/304","|","|-heal|p2a: Spooky|241/304|[from] item: Leftovers","|-heal|p1a: Togekiss|263/374|[from] item: Leftovers","|turn|18","|","|move|p2a: Spooky|Volt Switch|p1a: Togekiss","|-supereffective|p1a: Togekiss","|-damage|p1a: Togekiss|141/374","|","|switch|p2a: Palmtop Tiger|Raikou, shiny|32/321","|-ability|p2a: Palmtop Tiger|Pressure","|move|p1a: Togekiss|Roost|p1a: Togekiss","|-heal|p1a: Togekiss|328/374","|","|-heal|p1a: Togekiss|351/374|[from] item: Leftovers","|turn|19","|","|move|p2a: Palmtop Tiger|Thunderbolt|p1a: Togekiss","|-crit|p1a: Togekiss","|-supereffective|p1a: Togekiss","|-damage|p1a: Togekiss|0 fnt","|faint|p1a: Togekiss","|","|","|switch|p1a: Granbull|Granbull, M|383/383","|-ability|p1a: Granbull|Intimidate","|-unboost|p2a: Palmtop Tiger|atk|1","|turn|20","|","|switch|p2a: Spooky|Rotom-Wash|241/304","|move|p1a: Granbull|Play Rough|p2a: Spooky","|-damage|p2a: Spooky|82/304","|","|-heal|p2a: Spooky|101/304|[from] item: Leftovers","|turn|21","|","|switch|p1a: Gardevoir|Gardevoir-Mega, F|136/340","|move|p2a: Spooky|Pain Split|p1a: Gardevoir","|-sethp|p1a: Gardevoir|118/340|p2a: Spooky|118/304|[from] move: Pain Split","|","|-heal|p2a: Spooky|137/304|[from] item: Leftovers","|turn|22","|","|move|p1a: Gardevoir|Hyper Voice|p2a: Spooky","|-damage|p2a: Spooky|0 fnt","|faint|p2a: Spooky","|","|","|switch|p2a: Palmtop Tiger|Raikou, shiny|32/321","|-ability|p2a: Palmtop Tiger|Pressure","|turn|23","|","|switch|p1a: Granbull|Granbull, M|383/383","|-ability|p1a: Granbull|Intimidate","|-unboost|p2a: Palmtop Tiger|atk|1","|move|p2a: Palmtop Tiger|Thunderbolt|p1a: Granbull","|-damage|p1a: Granbull|56/383","|","|turn|24","|","|move|p2a: Palmtop Tiger|Thunderbolt|p1a: Granbull","|-crit|p1a: Granbull","|-damage|p1a: Granbull|0 fnt","|faint|p1a: Granbull","|","|","|switch|p1a: Gardevoir|Gardevoir-Mega, F|118/340","|turn|25","|","|move|p2a: Palmtop Tiger|Thunderbolt|p1a: Gardevoir","|-damage|p1a: Gardevoir|0 fnt","|faint|p1a: Gardevoir","|","|win|Knight♕Miku"],"p1rating":{"entryid":"6571486","serverid":"eos","formatid":"monotype","userid":"metalyte","username":"Metalyte","w":"17","l":13,"t":"0","gxe":52.4,"r":"1545.3494489765","rd":"69.583031888558","sigma":"0","rptime":"1438160400","rpr":1518.3414310987,"rprd":67.274878995583,"rpsigma":"0","acre":1132.3795034062,"lacre":1132.3795034062,"oldacre":"1159.7660121326"},"p2rating":{"entryid":"7210042","serverid":"eos","formatid":"monotype","userid":"knightmiku","username":"Knight♕Miku","w":5,"l":"2","t":"0","gxe":58,"r":"1512.1035244739","rd":"101.88956278065","sigma":"0","rptime":"1438160400","rpr":1562.8767136888,"rprd":94.818631156677,"rpsigma":"0","acre":1153.8848994722,"lacre":1153.8848994722,"oldacre":"1126.4983907458"},"endType":"normal"}