{"seed":[63270,26999,15360,55656],"turns":28,"p1":"Zukushiku","p2":"MachoSalad","p1team":[{"name":"Banette","species":"Banette","item":"banettite","ability":"Frisk","moves":["substitute","shadowclaw","painsplit","suckerpunch"],"nature":"Adamant","evs":{"hp":168,"atk":252,"def":0,"spa":0,"spd":0,"spe":88},"ivs":{"hp":31,"atk":31,"def":31,"spa":31,"spd":31,"spe":31}},{"name":"Sableye","species":"Sableye","item":"leftovers","ability":"Prankster","moves":["recover","willowisp","taunt","foulplay"],"nature":"Calm","evs":{"hp":252,"atk":0,"def":0,"spa":0,"spd":232,"spe":24},"ivs":{"hp":31,"atk":31,"def":31,"spa":31,"spd":31,"spe":31}},{"name":"Spiritomb","species":"Spiritomb","item":"leftovers","ability":"Infiltrator","moves":["willowisp","foulplay","rest","sleeptalk"],"nature":"Impish","evs":{"hp":252,"atk":0,"def":252,"spa":0,"spd":0,"spe":4},"shiny":true,"ivs":{"hp":31,"atk":31,"def":31,"spa":31,"spd":31,"spe":31}},{"name":"Jellicent","species":"Jellicent","item":"leftovers","ability":"Water Absorb","moves":["taunt","toxic","recover","scald"],"nature":"Calm","evs":{"hp":248,"atk":0,"def":0,"spa":0,"spd":216,"spe":44},"gender":"F","ivs":{"hp":31,"atk":0,"def":31,"spa":31,"spd":31,"spe":31},"shiny":true},{"name":"Golurk","species":"Golurk","item":"leftovers","ability":"Iron Fist","moves":["stealthrock","earthquake","icepunch","drainpunch"],"nature":"Impish","evs":{"hp":252,"atk":76,"def":176,"spa":0,"spd":0,"spe":4},"ivs":{"hp":31,"atk":31,"def":31,"spa":31,"spd":31,"spe":31}},{"name":"Chandelure","species":"Chandelure","item":"lifeorb","ability":"Flash Fire","moves":["painsplit","shadowball","fireblast","taunt"],"nature":"Timid","evs":{"hp":160,"atk":0,"def":0,"spa":136,"spd":0,"spe":212},"ivs":{"hp":31,"atk":0,"def":31,"spa":31,"spd":31,"spe":31},"shiny":true}],"p2team":[{"name":"Skarmory","species":"Skarmory","item":"rockyhelmet","ability":"Sturdy","moves":["roost","stealthrock","defog","whirlwind"],"nature":"Bold","evs":{"hp":248,"atk":0,"def":252,"spa":0,"spd":0,"spe":8},"ivs":{"hp":31,"atk":0,"def":31,"spa":31,"spd":31,"spe":31}},{"name":"Charizard","species":"Charizard","item":"charizarditex","ability":"Blaze","moves":["flareblitz","dragonclaw","dragondance","earthquake"],"nature":"Adamant","evs":{"hp":0,"atk":252,"def":0,"spa":0,"spd":4,"spe":252},"ivs":{"hp":31,"atk":31,"def":31,"spa":31,"spd":31,"spe":31}},{"name":"Hawlucha","species":"Hawlucha","item":"sitrusberry","ability":"Unburden","moves":["swordsdance","highjumpkick","substitute","acrobatics"],"nature":"Adamant","evs":{"hp":0,"atk":252,"def":4,"spa":0,"spd":0,"spe":252},"ivs":{"hp":31,"atk":31,"def":31,"spa":31,"spd":31,"spe":31}},{"name":"Dragonite","species":"Dragonite","item":"weaknesspolicy","ability":"Multiscale","moves":["dragondance","extremespeed","firepunch","dragonclaw"],"nature":"Adamant","evs":{"hp":0,"atk":252,"def":4,"spa":0,"spd":0,"spe":252},"ivs":{"hp":31,"atk":31,"def":31,"spa":31,"spd":31,"spe":31}},{"name":"Landorus","species":"Landorus","item":"lifeorb","ability":"Sheer Force","moves":["sludgebomb","hiddenpowerice","earthpower","psychic"],"nature":"Timid","evs":{"hp":0,"atk":0,"def":4,"spa":252,"spd":0,"spe":252},"ivs":{"hp":31,"atk":0,"def":30,"spa":31,"spd":31,"spe":31}},{"name":"Mandibuzz","species":"Mandibuzz","item":"leftovers","ability":"Overcoat","moves":["bravebird","foulplay","roost","knockoff"],"nature":"Careful","evs":{"hp":248,"atk":0,"def":4,"spa":0,"spd":252,"spe":4},"ivs":{"hp":31,"atk":31,"def":31,"spa":31,"spd":31,"spe":31}}],"log":["|player|p1|Zukushiku|zukushiku.png","|player|p2|MachoSalad|224","|gametype|singles","|gen|6","|tier|Monotype","|rated","|rule|Baton Pass Clause: Limit one Baton Passer, can't pass Spe and other stats simultaneously","|rule|Swagger Clause: Swagger is banned","|rule|Same Type Clause: Pokémon in a team must share a type","|clearpoke","|poke|p1|Banette, M","|poke|p1|Sableye, M","|poke|p1|Spiritomb, M, shiny","|poke|p1|Jellicent, F, shiny","|poke|p1|Golurk","|poke|p1|Chandelure, M, shiny","|poke|p2|Skarmory, F","|poke|p2|Charizard, M","|poke|p2|Hawlucha, F","|poke|p2|Dragonite, M","|poke|p2|Landorus, M","|poke|p2|Mandibuzz, F","|rule|Sleep Clause Mod: Limit one foe put to sleep","|rule|Species Clause: Limit one of each Pokémon","|rule|OHKO Clause: OHKO moves are banned","|rule|Moody Clause: Moody is banned","|rule|Evasion Moves Clause: Evasion moves are banned","|rule|Endless Battle Clause: Forcing endless battles is banned","|rule|HP Percentage Mod: HP is shown in percentages","|teampreview","|","|start","|switch|p1a: Chandelure|Chandelure, M, shiny|301/301","|switch|p2a: Charizard|Charizard, M|297/297","|turn|1","|","|detailschange|p2a: Charizard|Charizard-Mega-X, M","|-mega|p2a: Charizard|Charizard|Charizardite X","|move|p2a: Charizard|Dragon Claw|p1a: Chandelure","|-damage|p1a: Chandelure|60/301","|move|p1a: Chandelure|Shadow Ball|p2a: Charizard","|-damage|p2a: Charizard|67/297","|-damage|p1a: Chandelure|30/301|[from] item: Life Orb","|","|turn|2","|","|switch|p1a: Golurk|Golurk|382/382","|move|p2a: Charizard|Dragon Claw|p1a: Golurk","|-damage|p1a: Golurk|190/382","|","|-heal|p1a: Golurk|213/382|[from] item: Leftovers","|turn|3","|","|move|p2a: Charizard|Flare Blitz|p1a: Golurk","|-damage|p1a: Golurk|0 fnt","|-damage|p2a: Charizard|0 fnt|[from] recoil|[of] p1a: Golurk","|faint|p1a: Golurk","|faint|p2a: Charizard","|","|","|switch|p2a: Landorus|Landorus, M|319/319","|switch|p1a: Sableye|Sableye, M|304/304","|turn|4","|","|switch|p1a: Jellicent|Jellicent, F, shiny|403/403","|move|p2a: Landorus|Earth Power|p1a: Jellicent","|-damage|p1a: Jellicent|216/403","|","|-heal|p1a: Jellicent|241/403|[from] item: Leftovers","|turn|5","|","|switch|p2a: Mandibuzz|Mandibuzz, F|423/423","|move|p1a: Jellicent|Taunt|p2a: Mandibuzz","|-start|p2a: Mandibuzz|move: Taunt","|","|-heal|p1a: Jellicent|266/403|[from] item: Leftovers","|turn|6","|","|switch|p2a: Landorus|Landorus, M|319/319","|move|p1a: Jellicent|Recover|p1a: Jellicent","|-heal|p1a: Jellicent|403/403","|","|turn|7","|","|switch|p2a: Mandibuzz|Mandibuzz, F|423/423","|move|p1a: Jellicent|Scald|p2a: Mandibuzz","|-damage|p2a: Mandibuzz|360/423","|","|-heal|p2a: Mandibuzz|386/423|[from] item: Leftovers","|turn|8","|","|switch|p1a: Spiritomb|Spiritomb, M, shiny|304/304","|move|p2a: Mandibuzz|Knock Off|p1a: Spiritomb","|-damage|p1a: Spiritomb|252/304","|-enditem|p1a: Spiritomb|Leftovers|[from] move: Knock Off|[of] p2a: Mandibuzz","|","|-heal|p2a: Mandibuzz|412/423|[from] item: Leftovers","|turn|9","|","|switch|p2a: Landorus|Landorus, M|319/319","|move|p1a: Spiritomb|Will-O-Wisp|p2a: Landorus","|-status|p2a: Landorus|brn","|","|-damage|p2a: Landorus|280/319 brn|[from] brn","|turn|10","|","|switch|p1a: Jellicent|Jellicent, F, shiny|403/403","|move|p2a: Landorus|Earth Power|p1a: Jellicent","|-damage|p1a: Jellicent|222/403","|","|-heal|p1a: Jellicent|247/403|[from] item: Leftovers","|-damage|p2a: Landorus|241/319 brn|[from] brn","|turn|11","|","|move|p2a: Landorus|Earth Power|p1a: Jellicent","|-damage|p1a: Jellicent|62/403","|move|p1a: Jellicent|Recover|p1a: Jellicent","|-heal|p1a: Jellicent|264/403","|","|-heal|p1a: Jellicent|289/403|[from] item: Leftovers","|-damage|p2a: Landorus|202/319 brn|[from] brn","|turn|12","|","|switch|p2a: Mandibuzz|Mandibuzz, F|412/423","|move|p1a: Jellicent|Scald|p2a: Mandibuzz","|-crit|p2a: Mandibuzz","|-damage|p2a: Mandibuzz|324/423","|","|-heal|p2a: Mandibuzz|350/423|[from] item: Leftovers","|-heal|p1a: Jellicent|314/403|[from] item: Leftovers","|turn|13","|","|switch|p2a: Landorus|Landorus, M|202/319 brn","|switch|p1a: Spiritomb|Spiritomb, M, shiny|252/304","|","|-damage|p2a: Landorus|163/319 brn|[from] brn","|turn|14","|","|switch|p1a: Chandelure|Chandelure, M, shiny|30/301","|move|p2a: Landorus|Earth Power|p1a: Chandelure","|-supereffective|p1a: Chandelure","|-damage|p1a: Chandelure|0 fnt","|faint|p1a: Chandelure","|","|-damage|p2a: Landorus|124/319 brn|[from] brn","|","|switch|p1a: Jellicent|Jellicent, F, shiny|314/403","|turn|15","|","|switch|p2a: Mandibuzz|Mandibuzz, F|350/423","|move|p1a: Jellicent|Scald|p2a: Mandibuzz","|-damage|p2a: Mandibuzz|284/423","|","|-heal|p2a: Mandibuzz|310/423|[from] item: Leftovers","|-heal|p1a: Jellicent|339/403|[from] item: Leftovers","|turn|16","|","|switch|p1a: Spiritomb|Spiritomb, M, shiny|252/304","|move|p2a: Mandibuzz|Brave Bird|p1a: Spiritomb","|-damage|p1a: Spiritomb|183/304","|-damage|p2a: Mandibuzz|287/423|[from] recoil|[of] p1a: Spiritomb","|","|-heal|p2a: Mandibuzz|313/423|[from] item: Leftovers","|turn|17","|","|move|p2a: Mandibuzz|Roost|p2a: Mandibuzz","|-heal|p2a: Mandibuzz|423/423","|move|p1a: Spiritomb|Foul Play|p2a: Mandibuzz","|-resisted|p2a: Mandibuzz","|-damage|p2a: Mandibuzz|386/423","|","|-heal|p2a: Mandibuzz|412/423|[from] item: Leftovers","|turn|18","|","|switch|p2a: Landorus|Landorus, M|124/319 brn","|move|p1a: Spiritomb|Foul Play|p2a: Landorus","|-damage|p2a: Landorus|15/319 brn","|","|-damage|p2a: Landorus|0 fnt|[from] brn","|faint|p2a: Landorus","|","|switch|p2a: Hawlucha|Hawlucha, F|297/297","|turn|19","|","|switch|p2a: Skarmory|Skarmory, F|333/333","|move|p1a: Spiritomb|Will-O-Wisp|p2a: Skarmory|[miss]","|-miss|p1a: Spiritomb|p2a: Skarmory","|","|turn|20","|","|move|p2a: Skarmory|Stealth Rock|p1a: Spiritomb","|-sidestart|p1: Zukushiku|move: Stealth Rock","|move|p1a: Spiritomb|Will-O-Wisp|p2a: Skarmory","|-status|p2a: Skarmory|brn","|","|-damage|p2a: Skarmory|292/333 brn|[from] brn","|turn|21","|","|move|p1a: Spiritomb|Will-O-Wisp|p2a: Skarmory","|-fail|p2a: Skarmory|brn","|move|p2a: Skarmory|Whirlwind|p1a: Spiritomb","|drag|p1a: Sableye|Sableye, M|304/304","|-damage|p1a: Sableye|266/304|[from] Stealth Rock","|","|-heal|p1a: Sableye|285/304|[from] item: Leftovers","|-damage|p2a: Skarmory|251/333 brn|[from] brn","|turn|22","|","|move|p1a: Sableye|Will-O-Wisp|p2a: Skarmory","|-fail|p2a: Skarmory|brn","|move|p2a: Skarmory|Roost|p2a: Skarmory","|-heal|p2a: Skarmory|333/333 brn","|","|-heal|p1a: Sableye|304/304|[from] item: Leftovers","|-damage|p2a: Skarmory|292/333 brn|[from] brn","|turn|23","|","|move|p1a: Sableye|Taunt|p2a: Skarmory","|-start|p2a: Skarmory|move: Taunt","|cant|p2a: Skarmory|move: Taunt|Whirlwind","|","|-damage|p2a: Skarmory|251/333 brn|[from] brn","|turn|24","|","|switch|p2a: Mandibuzz|Mandibuzz, F|412/423","|move|p1a: Sableye|Will-O-Wisp|p2a: Mandibuzz","|-status|p2a: Mandibuzz|brn","|","|-heal|p2a: Mandibuzz|423/423 brn|[from] item: Leftovers","|-damage|p2a: Mandibuzz|371/423 brn|[from] brn","|turn|25","|","|switch|p1a: Spiritomb|Spiritomb, M, shiny|183/304","|-damage|p1a: Spiritomb|145/304|[from] Stealth Rock","|move|p2a: Mandibuzz|Knock Off|p1a: Spiritomb","|-damage|p1a: Spiritomb|126/304","|","|-heal|p2a: Mandibuzz|397/423 brn|[from] item: Leftovers","|-damage|p2a: Mandibuzz|345/423 brn|[from] brn","|turn|26","|","|move|p2a: Mandibuzz|Brave Bird|p1a: Spiritomb","|-damage|p1a: Spiritomb|93/304","|-damage|p2a: Mandibuzz|334/423 brn|[from] recoil|[of] p1a: Spiritomb","|move|p1a: Spiritomb|Rest|p1a: Spiritomb","|-status|p1a: Spiritomb|slp","|-heal|p1a: Spiritomb|304/304 slp|[silent]","|-status|p1a: Spiritomb|slp|[from] move: Rest","|","|-heal|p2a: Mandibuzz|360/423 brn|[from] item: Leftovers","|-damage|p2a: Mandibuzz|308/423 brn|[from] brn","|turn|27","|","|switch|p2a: Hawlucha|Hawlucha, F|297/297","|cant|p1a: Spiritomb|slp","|move|p1a: Spiritomb|Sleep Talk|p1a: Spiritomb","|move|p1a: Spiritomb|Will-O-Wisp|p2a: Hawlucha|[from]Sleep Talk","|-status|p2a: Hawlucha|brn","|","|-damage|p2a: Hawlucha|260/297 brn|[from] brn","|turn|28","|","|win|Zukushiku"],"p1rating":{"entryid":"7076911","serverid":"eos","formatid":"monotype","userid":"zukushiku","username":"Zukushiku","w":11,"l":"5","t":"0","gxe":58.4,"r":"1536.705092843","rd":"79.942082814946","sigma":"0","rptime":"1438160400","rpr":1565.6587693733,"rprd":76.445768103167,"rpsigma":"0","acre":1242.7046280033,"lacre":1242.7046280033,"oldacre":"1223.1792193344"},"p2rating":{"entryid":"7206348","serverid":"eos","formatid":"monotype","userid":"machosalad","username":"MachoSalad","w":"23","l":14,"t":"0","gxe":60.2,"r":"1576.6964130643","rd":"59.402447105915","sigma":"0","rptime":"1438160400","rpr":1578.8221198933,"rprd":55.855873370274,"rpsigma":"0","acre":1126.3187075056,"lacre":1126.3187075056,"oldacre":"1145.8441161745"},"endType":"forfeit"}