{"seed":[25772,1200,45762,35536],"turns":20,"p1":"Leade✘ Viewz","p2":"Emg Storm34","p1team":[{"name":"Ferrothorn","species":"Ferrothorn","item":"leftovers","ability":"Iron Barbs","moves":["stealthrock","leechseed","gyroball","protect"],"nature":"Relaxed","evs":{"hp":252,"atk":4,"def":252,"spa":0,"spd":0,"spe":0},"ivs":{"hp":31,"atk":31,"def":31,"spa":31,"spd":31,"spe":0}},{"name":"Heatran","species":"Heatran","item":"choicespecs","ability":"Flash Fire","moves":["fireblast","flamethrower","earthpower","flashcannon"],"nature":"Modest","evs":{"hp":248,"atk":0,"def":0,"spa":252,"spd":8,"spe":0},"ivs":{"hp":31,"atk":31,"def":31,"spa":31,"spd":31,"spe":31}},{"name":"Lucario","species":"Lucario","item":"focussash","ability":"Inner Focus","moves":["swordsdance","closecombat","extremespeed","icepunch"],"nature":"Jolly","evs":{"hp":0,"atk":252,"def":0,"spa":0,"spd":4,"spe":252},"ivs":{"hp":31,"atk":31,"def":31,"spa":31,"spd":31,"spe":31}},{"name":"Magnezone","species":"Magnezone","item":"choicescarf","ability":"Sturdy","moves":["voltswitch","thunderbolt","flashcannon","signalbeam"],"nature":"Timid","evs":{"hp":0,"atk":0,"def":0,"spa":252,"spd":4,"spe":252},"ivs":{"hp":31,"atk":31,"def":31,"spa":31,"spd":31,"spe":31}},{"name":"Scizor","species":"Scizor","item":"scizorite","ability":"Technician","moves":["swordsdance","bulletpunch","knockoff","roost"],"nature":"Adamant","evs":{"hp":248,"atk":252,"def":0,"spa":0,"spd":8,"spe":0},"ivs":{"hp":31,"atk":31,"def":31,"spa":31,"spd":31,"spe":31}},{"name":"Empoleon","species":"Empoleon","item":"leftovers","ability":"Torrent","moves":["defog","scald","knockoff","roar"],"nature":"Calm","evs":{"hp":252,"atk":0,"def":0,"spa":4,"spd":252,"spe":0},"ivs":{"hp":31,"atk":31,"def":31,"spa":31,"spd":31,"spe":31}}],"p2team":[{"name":"Rotom-Heat","species":"Rotom-Heat","item":"choicespecs","ability":"Levitate","moves":["voltswitch","thunderbolt","overheat","hiddenpowerice"],"nature":"Modest","evs":{"hp":248,"atk":0,"def":0,"spa":252,"spd":8,"spe":0},"ivs":{"hp":31,"atk":30,"def":30,"spa":31,"spd":31,"spe":31}},{"name":"Arcanine","species":"Arcanine","item":"leftovers","ability":"Intimidate","moves":["morningsun","willowisp","flareblitz","wildcharge"],"nature":"Impish","evs":{"hp":252,"atk":0,"def":252,"spa":0,"spd":4,"spe":0},"ivs":{"hp":31,"atk":31,"def":31,"spa":31,"spd":31,"spe":31}},{"name":"Charizard","species":"Charizard","item":"charizarditey","ability":"Blaze","moves":["flamethrower","airslash","solarbeam","roost"],"nature":"Modest","evs":{"hp":8,"atk":0,"def":0,"spa":252,"spd":0,"spe":248},"ivs":{"hp":31,"atk":31,"def":31,"spa":31,"spd":31,"spe":31}},{"name":"Heatran","species":"Heatran","item":"leftovers","ability":"Flash Fire","moves":["stealthrock","roar","lavaplume","flashcannon"],"nature":"Calm","evs":{"hp":248,"atk":0,"def":0,"spa":8,"spd":252,"spe":0},"ivs":{"hp":31,"atk":31,"def":31,"spa":31,"spd":31,"spe":31}},{"name":"Infernape","species":"Infernape","item":"focussash","ability":"Blaze","moves":["closecombat","firepunch","poisonjab","machpunch"],"nature":"Jolly","evs":{"hp":0,"atk":252,"def":0,"spa":0,"spd":4,"spe":252},"ivs":{"hp":31,"atk":31,"def":31,"spa":31,"spd":31,"spe":31}},{"name":"Darmanitan","species":"Darmanitan","item":"choicescarf","ability":"Sheer Force","moves":["flareblitz","earthquake","stoneedge","uturn"],"nature":"Jolly","evs":{"hp":0,"atk":252,"def":0,"spa":0,"spd":4,"spe":252},"ivs":{"hp":31,"atk":31,"def":31,"spa":31,"spd":31,"spe":31}}],"log":["|player|p1|Leade✘ Viewz|169","|player|p2|Emg Storm34|170","|gametype|singles","|gen|6","|tier|Monotype","|rated","|rule|Baton Pass Clause: Limit one Baton Passer, can't pass Spe and other stats simultaneously","|rule|Swagger Clause: Swagger is banned","|rule|Same Type Clause: Pokémon in a team must share a type","|clearpoke","|poke|p1|Ferrothorn, M","|poke|p1|Heatran, F","|poke|p1|Lucario, M","|poke|p1|Magnezone","|poke|p1|Scizor, M","|poke|p1|Empoleon, F","|poke|p2|Rotom-Heat","|poke|p2|Arcanine, F","|poke|p2|Charizard, F","|poke|p2|Heatran, M","|poke|p2|Infernape, M","|poke|p2|Darmanitan, M","|rule|Sleep Clause Mod: Limit one foe put to sleep","|rule|Species Clause: Limit one of each Pokémon","|rule|OHKO Clause: OHKO moves are banned","|rule|Moody Clause: Moody is banned","|rule|Evasion Moves Clause: Evasion moves are banned","|rule|Endless Battle Clause: Forcing endless battles is banned","|rule|HP Percentage Mod: HP is shown in percentages","|teampreview","|","|start","|switch|p1a: Ferrothorn|Ferrothorn, M|352/352","|switch|p2a: Darmanitan|Darmanitan, M|351/351","|turn|1","|","|move|p1a: Ferrothorn|Protect|p1a: Ferrothorn","|-singleturn|p1a: Ferrothorn|Protect","|move|p2a: Darmanitan|U-turn|p1a: Ferrothorn","|-activate|p1a: Ferrothorn|Protect","|","|turn|2","|","|switch|p2a: Heatran|Heatran, M|385/385","|move|p1a: Ferrothorn|Stealth Rock|p2a: Heatran","|-sidestart|p2: Emg Storm34|move: Stealth Rock","|","|turn|3","|","|switch|p1a: Empoleon|Empoleon, F|372/372","|move|p2a: Heatran|Lava Plume|p1a: Empoleon","|-damage|p1a: Empoleon|281/372","|","|-heal|p1a: Empoleon|304/372|[from] item: Leftovers","|turn|4","|","|move|p2a: Heatran|Stealth Rock|p1a: Empoleon","|-sidestart|p1: Leade✘ Viewz|move: Stealth Rock","|move|p1a: Empoleon|Scald|p2a: Heatran","|-crit|p2a: Heatran","|-supereffective|p2a: Heatran","|-damage|p2a: Heatran|163/385","|","|-heal|p2a: Heatran|187/385|[from] item: Leftovers","|-heal|p1a: Empoleon|327/372|[from] item: Leftovers","|turn|5","|","|move|p2a: Heatran|Lava Plume|p1a: Empoleon","|-damage|p1a: Empoleon|242/372","|move|p1a: Empoleon|Scald|p2a: Heatran","|-supereffective|p2a: Heatran","|-damage|p2a: Heatran|41/385","|","|-heal|p2a: Heatran|65/385|[from] item: Leftovers","|-heal|p1a: Empoleon|265/372|[from] item: Leftovers","|turn|6","|","|move|p2a: Heatran|Lava Plume|p1a: Empoleon","|-damage|p1a: Empoleon|174/372","|move|p1a: Empoleon|Scald|p2a: Heatran","|-supereffective|p2a: Heatran","|-damage|p2a: Heatran|0 fnt","|faint|p2a: Heatran","|","|-heal|p1a: Empoleon|197/372|[from] item: Leftovers","|","|switch|p2a: Rotom-Heat|Rotom-Heat|303/303","|-damage|p2a: Rotom-Heat|228/303|[from] Stealth Rock","|turn|7","|","|move|p2a: Rotom-Heat|Thunderbolt|p1a: Empoleon","|-supereffective|p1a: Empoleon","|-damage|p1a: Empoleon|0 fnt","|faint|p1a: Empoleon","|","|","|switch|p1a: Ferrothorn|Ferrothorn, M|352/352","|-damage|p1a: Ferrothorn|330/352|[from] Stealth Rock","|turn|8","|","|move|p2a: Rotom-Heat|Thunderbolt|p1a: Ferrothorn","|-resisted|p1a: Ferrothorn","|-damage|p1a: Ferrothorn|238/352","|move|p1a: Ferrothorn|Leech Seed|p2a: Rotom-Heat","|-start|p2a: Rotom-Heat|move: Leech Seed","|","|-heal|p1a: Ferrothorn|260/352|[from] item: Leftovers","|-damage|p2a: Rotom-Heat|191/303|[from] Leech Seed|[of] p1a: Ferrothorn","|-heal|p1a: Ferrothorn|297/352|[silent]","|turn|9","|","|switch|p2a: Arcanine|Arcanine, F|384/384","|-damage|p2a: Arcanine|288/384|[from] Stealth Rock","|-ability|p2a: Arcanine|Intimidate","|-unboost|p1a: Ferrothorn|atk|1","|move|p1a: Ferrothorn|Leech Seed|p2a: Arcanine","|-start|p2a: Arcanine|move: Leech Seed","|","|-heal|p2a: Arcanine|312/384|[from] item: Leftovers","|-heal|p1a: Ferrothorn|319/352|[from] item: Leftovers","|-damage|p2a: Arcanine|264/384|[from] Leech Seed|[of] p1a: Ferrothorn","|-heal|p1a: Ferrothorn|352/352|[silent]","|turn|10","|","|switch|p1a: Heatran|Heatran, F|385/385","|-damage|p1a: Heatran|337/385|[from] Stealth Rock","|move|p2a: Arcanine|Flare Blitz|p1a: Heatran","|-start|p1a: Heatran|ability: Flash Fire","|","|-heal|p2a: Arcanine|288/384|[from] item: Leftovers","|-damage|p2a: Arcanine|240/384|[from] Leech Seed|[of] p1a: Heatran","|-heal|p1a: Heatran|385/385|[silent]","|turn|11","|","|switch|p2a: Rotom-Heat|Rotom-Heat|191/303","|-damage|p2a: Rotom-Heat|116/303|[from] Stealth Rock","|move|p1a: Heatran|Fire Blast|p2a: Rotom-Heat","|-resisted|p2a: Rotom-Heat","|-damage|p2a: Rotom-Heat|0 fnt","|faint|p2a: Rotom-Heat","|","|","|switch|p2a: Infernape|Infernape, M|293/293","|-damage|p2a: Infernape|257/293|[from] Stealth Rock","|turn|12","|","|-end|p1a: Heatran|ability: Flash Fire|[silent]","|switch|p1a: Ferrothorn|Ferrothorn, M|352/352","|-damage|p1a: Ferrothorn|330/352|[from] Stealth Rock","|move|p2a: Infernape|Close Combat|p1a: Ferrothorn","|-supereffective|p1a: Ferrothorn","|-damage|p1a: Ferrothorn|100/352","|-damage|p2a: Infernape|221/293|[from] ability: Iron Barbs|[of] p1a: Ferrothorn","|-unboost|p2a: Infernape|def|1","|-unboost|p2a: Infernape|spd|1","|","|-heal|p1a: Ferrothorn|122/352|[from] item: Leftovers","|turn|13","|","|move|p2a: Infernape|Fire Punch|p1a: Ferrothorn","|-crit|p1a: Ferrothorn","|-supereffective|p1a: Ferrothorn","|-damage|p1a: Ferrothorn|0 fnt","|-damage|p2a: Infernape|185/293|[from] ability: Iron Barbs|[of] p1a: Ferrothorn","|faint|p1a: Ferrothorn","|","|","|switch|p1a: Magnezone|Magnezone|281/281","|-damage|p1a: Magnezone|264/281|[from] Stealth Rock","|turn|14","|","|move|p1a: Magnezone|Volt Switch|p2a: Infernape","|-damage|p2a: Infernape|0 fnt","|faint|p2a: Infernape","|","|switch|p1a: Lucario|Lucario, M|281/281","|-damage|p1a: Lucario|273/281|[from] Stealth Rock","|","|","|switch|p2a: Darmanitan|Darmanitan, M|351/351","|-damage|p2a: Darmanitan|264/351|[from] Stealth Rock","|turn|15","|","|move|p1a: Lucario|Extreme Speed|p2a: Darmanitan","|-damage|p2a: Darmanitan|125/351","|move|p2a: Darmanitan|Flare Blitz|p1a: Lucario","|-supereffective|p1a: Lucario","|-damage|p1a: Lucario|0 fnt","|-damage|p2a: Darmanitan|35/351|[from] recoil|[of] p1a: Lucario","|faint|p1a: Lucario","|","|","|switch|p1a: Heatran|Heatran, F|385/385","|-damage|p1a: Heatran|337/385|[from] Stealth Rock","|turn|16","|","|switch|p2a: Arcanine|Arcanine, F|240/384","|-damage|p2a: Arcanine|144/384|[from] Stealth Rock","|-ability|p2a: Arcanine|Intimidate","|-unboost|p1a: Heatran|atk|1","|move|p1a: Heatran|Flamethrower|p2a: Arcanine","|-resisted|p2a: Arcanine","|-damage|p2a: Arcanine|0 fnt","|faint|p2a: Arcanine","|","|","|switch|p2a: Charizard|Charizard, F|299/299","|-damage|p2a: Charizard|150/299|[from] Stealth Rock","|turn|17","|","|move|p2a: Charizard|Roost|p2a: Charizard","|-heal|p2a: Charizard|299/299","|move|p1a: Heatran|Flamethrower|p2a: Charizard","|-crit|p2a: Charizard","|-resisted|p2a: Charizard","|-damage|p2a: Charizard|77/299","|","|turn|18","|","|move|p2a: Charizard|Roost|p2a: Charizard","|-heal|p2a: Charizard|227/299","|move|p1a: Heatran|Flamethrower|p2a: Charizard","|-resisted|p2a: Charizard","|-damage|p2a: Charizard|69/299","|","|turn|19","|","|move|p2a: Charizard|Roost|p2a: Charizard","|-heal|p2a: Charizard|219/299","|move|p1a: Heatran|Flamethrower|p2a: Charizard","|-resisted|p2a: Charizard","|-damage|p2a: Charizard|78/299","|","|turn|20","|","|win|Leade✘ Viewz"],"p1rating":{"entryid":"6898543","serverid":"eos","formatid":"monotype","userid":"leadeviewz","username":"Leade✘ Viewz","w":88,"l":"38","t":"0","gxe":71.5,"r":"1669.6286558183","rd":"37.065176608989","sigma":"0","rptime":"1438160400","rpr":1674.0674241499,"rprd":36.744475006649,"rpsigma":"0","acre":1407.9202543259,"lacre":1407.9202543259,"oldacre":"1400.4482679541"},"p2rating":{"entryid":"7244702","serverid":"eos","formatid":"monotype","userid":"emgstorm34","username":"Emg Storm34","w":"5","l":2,"t":"0","gxe":60.1,"r":"1500","rd":"130","sigma":"0","rptime":"1438160400","rpr":1580.1712341683,"rprd":95.625681304511,"rpsigma":"0","acre":1135.5796961351,"lacre":1135.5796961351,"oldacre":"1144.9196790999"},"endType":"forfeit"}