{"seed":[20220,60837,58506,8332],"turns":25,"p1":"Scraftionite","p2":"DJ Entr0-P","p1team":[{"name":"Torkoal","species":"Torkoal","item":"leftovers","ability":"Shell Armor","moves":["stealthrock","rapidspin","yawn","lavaplume"],"nature":"Bold","evs":{"hp":252,"atk":0,"def":252,"spa":0,"spd":4,"spe":0},"ivs":{"hp":31,"atk":0,"def":31,"spa":31,"spd":31,"spe":31}},{"name":"Entei","species":"Entei","item":"lifeorb","ability":"Pressure","moves":["sacredfire","extremespeed","stoneedge","bulldoze"],"nature":"Adamant","evs":{"hp":0,"atk":252,"def":0,"spa":0,"spd":4,"spe":252},"shiny":true,"ivs":{"hp":31,"atk":31,"def":31,"spa":31,"spd":31,"spe":31}},{"name":"Charizard","species":"Charizard","item":"charizarditey","ability":"Blaze","moves":["fireblast","roost","focusblast","solarbeam"],"nature":"Timid","evs":{"hp":0,"atk":0,"def":0,"spa":252,"spd":4,"spe":252},"ivs":{"hp":31,"atk":0,"def":31,"spa":31,"spd":31,"spe":31},"shiny":true},{"name":"Darmanitan","species":"Darmanitan","item":"choicescarf","ability":"Sheer Force","moves":["flareblitz","superpower","rockslide","uturn"],"nature":"Jolly","evs":{"hp":0,"atk":252,"def":0,"spa":0,"spd":4,"spe":252},"ivs":{"hp":31,"atk":31,"def":31,"spa":31,"spd":31,"spe":31}},{"name":"Heatran","species":"Heatran","item":"airballoon","ability":"Flash Fire","moves":["lavaplume","earthpower","toxic","flashcannon"],"nature":"Calm","evs":{"hp":248,"atk":0,"def":0,"spa":8,"spd":252,"spe":0},"ivs":{"hp":31,"atk":0,"def":31,"spa":31,"spd":31,"spe":31}},{"name":"Rotom-Heat","species":"Rotom-Heat","item":"sitrusberry","ability":"Levitate","moves":["reflect","thunderbolt","overheat","lightscreen"],"nature":"Timid","evs":{"hp":0,"atk":0,"def":0,"spa":252,"spd":4,"spe":252},"ivs":{"hp":31,"atk":0,"def":30,"spa":31,"spd":31,"spe":31}}],"p2team":[{"name":"Rook","species":"golurk","item":"choiceband","ability":"No Guard","moves":["dynamicpunch","earthquake","shadowpunch","icepunch"],"nature":"Brave","evs":{"hp":248,"atk":252,"def":0,"spa":0,"spd":8,"spe":0},"ivs":{"hp":31,"atk":31,"def":30,"spa":31,"spd":30,"spe":31}},{"name":"Bishop","species":"trevenant","item":"sitrusberry","ability":"Harvest","moves":["hornleech","willowisp","substitute","leechseed"],"nature":"Careful","evs":{"hp":252,"atk":4,"def":0,"spa":0,"spd":252,"spe":0},"ivs":{"hp":31,"atk":31,"def":31,"spa":31,"spd":31,"spe":31}},{"name":"Knight","species":"aegislash","item":"leftovers","ability":"Stance Change","moves":["shadowball","shadowsneak","kingsshield","flashcannon"],"nature":"Quiet","evs":{"hp":244,"atk":0,"def":12,"spa":252,"spd":0,"spe":0},"ivs":{"hp":31,"atk":31,"def":31,"spa":31,"spd":31,"spe":31}},{"name":"King","species":"jellicent","item":"leftovers","ability":"Water Absorb","moves":["scald","toxic","trickroom","recover"],"nature":"Calm","evs":{"hp":252,"atk":0,"def":4,"spa":0,"spd":252,"spe":0},"gender":"M","ivs":{"hp":31,"atk":31,"def":31,"spa":31,"spd":31,"spe":0}},{"name":"Queen","species":"sableye","item":"sablenite","ability":"Prankster","moves":["recover","willowisp","darkpulse","calmmind"],"nature":"Bold","evs":{"hp":248,"atk":0,"def":252,"spa":8,"spd":0,"spe":0},"gender":"F","ivs":{"hp":31,"atk":31,"def":31,"spa":31,"spd":31,"spe":31}},{"name":"Pawn","species":"cofagrigus","item":"leftovers","ability":"Mummy","moves":["shadowball","willowisp","trickroom","destinybond"],"nature":"Sassy","evs":{"hp":252,"atk":0,"def":0,"spa":4,"spd":252,"spe":0},"ivs":{"hp":31,"atk":31,"def":31,"spa":31,"spd":31,"spe":0}}],"log":["|player|p1|Scraftionite|2","|player|p2|DJ Entr0-P|290","|gametype|singles","|gen|6","|tier|Monotype","|rated","|rule|Baton Pass Clause: Limit one Baton Passer, can't pass Spe and other stats simultaneously","|rule|Swagger Clause: Swagger is banned","|rule|Same Type Clause: Pokémon in a team must share a type","|clearpoke","|poke|p1|Torkoal, M","|poke|p1|Entei, shiny","|poke|p1|Charizard, M, shiny","|poke|p1|Darmanitan, M","|poke|p1|Heatran, M","|poke|p1|Rotom-Heat","|poke|p2|Golurk","|poke|p2|Trevenant, F","|poke|p2|Aegislash, F","|poke|p2|Jellicent, M","|poke|p2|Sableye, F","|poke|p2|Cofagrigus, M","|rule|Sleep Clause Mod: Limit one foe put to sleep","|rule|Species Clause: Limit one of each Pokémon","|rule|OHKO Clause: OHKO moves are banned","|rule|Moody Clause: Moody is banned","|rule|Evasion Moves Clause: Evasion moves are banned","|rule|Endless Battle Clause: Forcing endless battles is banned","|rule|HP Percentage Mod: HP is shown in percentages","|teampreview","|","|start","|switch|p1a: Charizard|Charizard, M, shiny|297/297","|switch|p2a: Pawn|Cofagrigus, M|320/320","|turn|1","|","|switch|p1a: Rotom-Heat|Rotom-Heat|241/241","|move|p2a: Pawn|Trick Room|p2a: Pawn","|-fieldstart|move: Trick Room|[of] p2a: Pawn","|","|turn|2","|","|switch|p2a: Rook|Golurk|381/381","|move|p1a: Rotom-Heat|Light Screen|p1a: Rotom-Heat","|-sidestart|p1: Scraftionite|move: Light Screen","|","|turn|3","|","|switch|p1a: Torkoal|Torkoal, M|344/344","|move|p2a: Rook|Dynamic Punch|p1a: Torkoal","|-damage|p1a: Torkoal|243/344","|-start|p1a: Torkoal|confusion","|","|-heal|p1a: Torkoal|264/344|[from] item: Leftovers","|turn|4","|","|-activate|p1a: Torkoal|confusion","|move|p1a: Torkoal|Stealth Rock|p2a: Rook","|-sidestart|p2: DJ Entr0-P|move: Stealth Rock","|move|p2a: Rook|Dynamic Punch|p1a: Torkoal","|-damage|p1a: Torkoal|156/344","|","|-heal|p1a: Torkoal|177/344|[from] item: Leftovers","|turn|5","|","|switch|p1a: Charizard|Charizard, M, shiny|297/297","|move|p2a: Rook|Dynamic Punch|p1a: Charizard","|-resisted|p1a: Charizard","|-damage|p1a: Charizard|182/297","|-start|p1a: Charizard|confusion","|","|-fieldend|move: Trick Room","|turn|6","|","|detailschange|p1a: Charizard|Charizard-Mega-Y, M, shiny","|-mega|p1a: Charizard|Charizard|Charizardite Y","|-weather|SunnyDay","|-activate|p1a: Charizard|confusion","|-damage|p1a: Charizard|151/297|[from] confusion","|move|p2a: Rook|Dynamic Punch|p1a: Charizard","|-resisted|p1a: Charizard","|-damage|p1a: Charizard|44/297","|","|-weather|SunnyDay|[upkeep]","|-sideend|p1: Scraftionite|move: Light Screen","|turn|7","|","|-activate|p1a: Charizard|confusion","|-damage|p1a: Charizard|14/297|[from] confusion","|move|p2a: Rook|Dynamic Punch|p1a: Charizard","|-resisted|p1a: Charizard","|-damage|p1a: Charizard|0 fnt","|faint|p1a: Charizard","|","|-weather|SunnyDay|[upkeep]","|","|switch|p1a: Entei|Entei, shiny|371/371","|-ability|p1a: Entei|Pressure","|turn|8","|","|move|p1a: Entei|Sacred Fire|p2a: Rook","|-damage|p2a: Rook|0 fnt","|-damage|p1a: Entei|334/371|[from] item: Life Orb","|faint|p2a: Rook","|","|-weather|SunnyDay|[upkeep]","|","|switch|p2a: Pawn|Cofagrigus, M|320/320","|-damage|p2a: Pawn|280/320|[from] Stealth Rock","|turn|9","|","|move|p1a: Entei|Sacred Fire|p2a: Pawn","|-damage|p2a: Pawn|21/320","|-status|p2a: Pawn|brn","|-damage|p1a: Entei|297/371|[from] item: Life Orb","|move|p2a: Pawn|Trick Room|p2a: Pawn","|-fieldstart|move: Trick Room|[of] p2a: Pawn","|","|-weather|SunnyDay|[upkeep]","|-heal|p2a: Pawn|41/320 brn|[from] item: Leftovers","|-damage|p2a: Pawn|1/320 brn|[from] brn","|turn|10","|","|switch|p1a: Rotom-Heat|Rotom-Heat|241/241","|move|p2a: Pawn|Destiny Bond|p2a: Pawn","|-singlemove|p2a: Pawn|Destiny Bond","|","|-weather|none","|-heal|p2a: Pawn|21/320 brn|[from] item: Leftovers","|-damage|p2a: Pawn|0 fnt|[from] brn","|faint|p2a: Pawn","|","|switch|p2a: Queen|Sableye, F|303/303","|-damage|p2a: Queen|266/303|[from] Stealth Rock","|turn|11","|","|detailschange|p2a: Queen|Sableye-Mega, F","|-mega|p2a: Queen|Sableye|Sablenite","|move|p2a: Queen|Calm Mind|p2a: Queen","|-boost|p2a: Queen|spa|1","|-boost|p2a: Queen|spd|1","|move|p1a: Rotom-Heat|Light Screen|p1a: Rotom-Heat","|-sidestart|p1: Scraftionite|move: Light Screen","|","|turn|12","|","|move|p2a: Queen|Calm Mind|p2a: Queen","|-boost|p2a: Queen|spa|1","|-boost|p2a: Queen|spd|1","|move|p1a: Rotom-Heat|Thunderbolt|p2a: Queen","|-damage|p2a: Queen|205/303","|","|turn|13","|","|switch|p1a: Entei|Entei, shiny|297/371","|-ability|p1a: Entei|Pressure","|move|p2a: Queen|Calm Mind|p2a: Queen","|-boost|p2a: Queen|spa|1","|-boost|p2a: Queen|spd|1","|","|-fieldend|move: Trick Room","|turn|14","|","|move|p1a: Entei|Sacred Fire|p2a: Queen","|-damage|p2a: Queen|69/303","|-damage|p1a: Entei|260/371|[from] item: Life Orb","|move|p2a: Queen|Recover|p2a: Queen","|-heal|p2a: Queen|221/303","|","|turn|15","|","|move|p1a: Entei|Stone Edge|p2a: Queen","|-damage|p2a: Queen|121/303","|-damage|p1a: Entei|223/371|[from] item: Life Orb","|move|p2a: Queen|Recover|p2a: Queen","|-heal|p2a: Queen|273/303","|","|-sideend|p1: Scraftionite|move: Light Screen","|turn|16","|","|switch|p1a: Darmanitan|Darmanitan, M|351/351","|move|p2a: Queen|Dark Pulse|p1a: Darmanitan","|-damage|p1a: Darmanitan|47/351","|","|turn|17","|","|move|p1a: Darmanitan|Flare Blitz|p2a: Queen","|-damage|p2a: Queen|77/303","|-damage|p1a: Darmanitan|0 fnt|[from] recoil|[of] p2a: Queen","|faint|p1a: Darmanitan","|move|p2a: Queen|Dark Pulse|p1: Darmanitan|[notarget]","|-notarget","|","|","|switch|p1a: Entei|Entei, shiny|223/371","|-ability|p1a: Entei|Pressure","|turn|18","|","|switch|p2a: King|Jellicent, M|404/404","|-damage|p2a: King|354/404|[from] Stealth Rock","|move|p1a: Entei|Sacred Fire|p2a: King","|-resisted|p2a: King","|-damage|p2a: King|208/404","|-status|p2a: King|brn","|-damage|p1a: Entei|186/371|[from] item: Life Orb","|","|-heal|p2a: King|233/404 brn|[from] item: Leftovers","|-damage|p2a: King|183/404 brn|[from] brn","|turn|19","|","|switch|p1a: Rotom-Heat|Rotom-Heat|241/241","|move|p2a: King|Trick Room|p2a: King","|-fieldstart|move: Trick Room|[of] p2a: King","|","|-heal|p2a: King|208/404 brn|[from] item: Leftovers","|-damage|p2a: King|158/404 brn|[from] brn","|turn|20","|","|move|p2a: King|Scald|p1a: Rotom-Heat","|-supereffective|p1a: Rotom-Heat","|-damage|p1a: Rotom-Heat|77/241","|-enditem|p1a: Rotom-Heat|Sitrus Berry|[eat]","|-heal|p1a: Rotom-Heat|137/241|[from] item: Sitrus Berry","|move|p1a: Rotom-Heat|Light Screen|p1a: Rotom-Heat","|-sidestart|p1: Scraftionite|move: Light Screen","|","|-heal|p2a: King|183/404 brn|[from] item: Leftovers","|-damage|p2a: King|133/404 brn|[from] brn","|turn|21","|","|move|p2a: King|Toxic|p1a: Rotom-Heat","|-status|p1a: Rotom-Heat|tox","|move|p1a: Rotom-Heat|Thunderbolt|p2a: King","|-supereffective|p2a: King","|-damage|p2a: King|0 fnt","|faint|p2a: King","|","|-damage|p1a: Rotom-Heat|122/241 tox|[from] psn","|","|switch|p2a: Knight|Aegislash, F|322/322","|-damage|p2a: Knight|302/322|[from] Stealth Rock","|turn|22","|","|-formechange|p2a: Knight|Aegislash-Blade","|move|p2a: Knight|Shadow Ball|p1a: Rotom-Heat","|-damage|p1a: Rotom-Heat|41/241 tox","|move|p1a: Rotom-Heat|Overheat|p2a: Knight","|-crit|p2a: Knight","|-supereffective|p2a: Knight","|-damage|p2a: Knight|0 fnt","|-unboost|p1a: Rotom-Heat|spa|2","|faint|p2a: Knight","|","|-damage|p1a: Rotom-Heat|11/241 tox|[from] psn","|","|switch|p2a: Queen|Sableye-Mega, F|77/303","|-damage|p2a: Queen|40/303|[from] Stealth Rock","|turn|23","|","|move|p2a: Queen|Recover|p2a: Queen","|-heal|p2a: Queen|192/303","|move|p1a: Rotom-Heat|Overheat|p2a: Queen","|-damage|p2a: Queen|110/303","|-unboost|p1a: Rotom-Heat|spa|2","|","|-damage|p1a: Rotom-Heat|0 fnt|[from] psn","|-fieldend|move: Trick Room","|faint|p1a: Rotom-Heat","|","|switch|p1a: Entei|Entei, shiny|186/371","|-ability|p1a: Entei|Pressure","|turn|24","|","|move|p1a: Entei|Sacred Fire|p2a: Queen","|-damage|p2a: Queen|0 fnt","|-damage|p1a: Entei|149/371|[from] item: Life Orb","|faint|p2a: Queen","|","|-sideend|p1: Scraftionite|move: Light Screen","|","|switch|p2a: Bishop|Trevenant, F|374/374","|-damage|p2a: Bishop|328/374|[from] Stealth Rock","|turn|25","|","|move|p1a: Entei|Sacred Fire|p2a: Bishop","|-supereffective|p2a: Bishop","|-damage|p2a: Bishop|0 fnt","|-damage|p1a: Entei|112/371|[from] item: Life Orb","|faint|p2a: Bishop","|","|win|Scraftionite"],"p1rating":{"entryid":"7211730","serverid":"eos","formatid":"monotype","userid":"scraftionite","username":"Scraftionite","w":9,"l":"4","t":"0","gxe":60.7,"r":"1518.973469514","rd":"94.867607355499","sigma":"0","rptime":"1438160400","rpr":1583.6186472244,"rprd":80.035340095875,"rpsigma":"0","acre":1181.537433057,"lacre":1181.537433057,"oldacre":"1167.7499781847"},"p2rating":{"entryid":"7252722","serverid":"eos","formatid":"monotype","userid":"djentr0p","username":"DJ Entr0-P","w":"0","l":2,"t":"0","gxe":41,"r":"1500","rd":"130","sigma":"0","rptime":"1438160400","rpr":1427.5903775319,"rprd":115.55211614033,"rpsigma":"0","acre":1000,"lacre":1000,"oldacre":"1000"},"endType":"normal"}