{"seed":[27233,18400,31113,8179],"turns":47,"p1":"Wаrden Arguѕ","p2":"Void Wiley","p1team":[{"name":"Sableye","species":"Sableye","item":"leftovers","ability":"Prankster","moves":["knockoff","willowisp","recover","taunt"],"nature":"Bold","evs":{"hp":228,"atk":0,"def":252,"spa":0,"spd":0,"spe":28},"gender":"M","ivs":{"hp":31,"atk":0,"def":31,"spa":31,"spd":31,"spe":31}},{"name":"Aegislash","species":"Aegislash","item":"weaknesspolicy","ability":"Stance Change","moves":["kingsshield","sacredsword","shadowball","shadowsneak"],"nature":"Lonely","evs":{"hp":0,"atk":252,"def":0,"spa":240,"spd":0,"spe":16},"gender":"M","shiny":true,"ivs":{"hp":31,"atk":31,"def":31,"spa":31,"spd":31,"spe":31}},{"name":"Jellicent","species":"Jellicent","item":"leftovers","ability":"Cursed Body","moves":["toxic","scald","recover","acidarmor"],"nature":"Calm","evs":{"hp":252,"atk":0,"def":0,"spa":0,"spd":252,"spe":4},"gender":"M","ivs":{"hp":31,"atk":0,"def":31,"spa":31,"spd":31,"spe":31},"shiny":true},{"name":"Golurk","species":"Golurk","item":"focussash","ability":"No Guard","moves":["stealthrock","stoneedge","dynamicpunch","curse"],"nature":"Adamant","evs":{"hp":0,"atk":252,"def":0,"spa":0,"spd":4,"spe":252},"shiny":true,"ivs":{"hp":31,"atk":31,"def":31,"spa":31,"spd":31,"spe":31}},{"name":"Chandelure","species":"Chandelure","item":"choicescarf","ability":"Infiltrator","moves":["flamethrower","shadowball","energyball","trick"],"nature":"Modest","evs":{"hp":0,"atk":0,"def":0,"spa":252,"spd":4,"spe":252},"gender":"F","ivs":{"hp":31,"atk":0,"def":31,"spa":31,"spd":31,"spe":31}},{"name":"Gengar","species":"Gengar","item":"focussash","ability":"Levitate","moves":["destinybond","sludgebomb","shadowball","energyball"],"nature":"Timid","evs":{"hp":0,"atk":0,"def":0,"spa":252,"spd":4,"spe":252},"gender":"F","ivs":{"hp":31,"atk":0,"def":31,"spa":31,"spd":31,"spe":31},"shiny":true}],"p2team":[{"name":"Clefable","species":"Clefable","item":"leftovers","ability":"Unaware","moves":["wish","cosmicpower","storedpower","moonblast"],"nature":"Calm","evs":{"hp":252,"atk":0,"def":0,"spa":4,"spd":252,"spe":0},"ivs":{"hp":31,"atk":31,"def":31,"spa":31,"spd":31,"spe":31}},{"name":"Togekiss","species":"Togekiss","item":"choicescarf","ability":"Serene Grace","moves":["airslash","flamethrower","aurasphere","dazzlinggleam"],"nature":"Timid","evs":{"hp":0,"atk":0,"def":0,"spa":252,"spd":4,"spe":252},"ivs":{"hp":31,"atk":31,"def":31,"spa":31,"spd":31,"spe":31}},{"name":"Azumarill","species":"Azumarill","item":"sitrusberry","ability":"Huge Power","moves":["aquajet","bellydrum","brickbreak","playrough"],"nature":"Adamant","evs":{"hp":252,"atk":252,"def":0,"spa":0,"spd":4,"spe":0},"ivs":{"hp":31,"atk":31,"def":31,"spa":31,"spd":31,"spe":31}},{"name":"Klefki","species":"Klefki","item":"lightclay","ability":"Prankster","moves":["lightscreen","reflect","foulplay","thunderwave"],"nature":"Bold","evs":{"hp":248,"atk":0,"def":252,"spa":0,"spd":8,"spe":0},"ivs":{"hp":31,"atk":31,"def":31,"spa":31,"spd":31,"spe":31}},{"name":"Diancie","species":"Diancie","item":"diancite","ability":"Clear Body","moves":["diamondstorm","moonblast","earthpower","protect"],"nature":"Timid","evs":{"hp":4,"atk":0,"def":0,"spa":252,"spd":0,"spe":252},"ivs":{"hp":31,"atk":31,"def":31,"spa":31,"spd":31,"spe":31}},{"name":"Gardevoir","species":"Gardevoir","item":"choicescarf","ability":"Trace","moves":["moonblast","psyshock","energyball","focusblast"],"nature":"Timid","evs":{"hp":0,"atk":0,"def":0,"spa":252,"spd":4,"spe":252},"ivs":{"hp":31,"atk":31,"def":31,"spa":31,"spd":31,"spe":31}}],"log":["|player|p1|Wаrden Arguѕ|argus2spooky.png","|player|p2|Void Wiley|voidwiley.png","|gametype|singles","|gen|6","|tier|Monotype","|rated","|rule|Baton Pass Clause: Limit one Baton Passer, can't pass Spe and other stats simultaneously","|rule|Swagger Clause: Swagger is banned","|rule|Same Type Clause: Pokémon in a team must share a type","|clearpoke","|poke|p1|Sableye, M","|poke|p1|Aegislash, M, shiny","|poke|p1|Jellicent, M, shiny","|poke|p1|Golurk, shiny","|poke|p1|Chandelure, F","|poke|p1|Gengar, F, shiny","|poke|p2|Clefable, F","|poke|p2|Togekiss, F","|poke|p2|Azumarill, F","|poke|p2|Klefki, M","|poke|p2|Diancie","|poke|p2|Gardevoir, M","|rule|Sleep Clause Mod: Limit one foe put to sleep","|rule|Species Clause: Limit one of each Pokémon","|rule|OHKO Clause: OHKO moves are banned","|rule|Moody Clause: Moody is banned","|rule|Evasion Moves Clause: Evasion moves are banned","|rule|Endless Battle Clause: Forcing endless battles is banned","|rule|HP Percentage Mod: HP is shown in percentages","|teampreview","|","|start","|switch|p1a: Jellicent|Jellicent, M, shiny|404/404","|switch|p2a: Clefable|Clefable, F|394/394","|turn|1","|","|switch|p1a: Gengar|Gengar, F, shiny|261/261","|move|p2a: Clefable|Cosmic Power|p2a: Clefable","|-boost|p2a: Clefable|def|1","|-boost|p2a: Clefable|spd|1","|","|turn|2","|","|move|p1a: Gengar|Sludge Bomb|p2a: Clefable","|-supereffective|p2a: Clefable","|-damage|p2a: Clefable|226/394","|move|p2a: Clefable|Cosmic Power|p2a: Clefable","|-boost|p2a: Clefable|def|1","|-boost|p2a: Clefable|spd|1","|","|-heal|p2a: Clefable|250/394|[from] item: Leftovers","|turn|3","|","|switch|p1a: Chandelure|Chandelure, F|261/261","|move|p2a: Clefable|Wish|p2a: Clefable","|","|-heal|p2a: Clefable|274/394|[from] item: Leftovers","|turn|4","|","|move|p1a: Chandelure|Trick|p2a: Clefable","|-activate|p1a: Chandelure|move: Trick|[of] p2a: Clefable","|-item|p2a: Clefable|Choice Scarf|[from] move: Trick","|-item|p1a: Chandelure|Leftovers|[from] move: Trick","|move|p2a: Clefable|Cosmic Power|p2a: Clefable","|-boost|p2a: Clefable|def|1","|-boost|p2a: Clefable|spd|1","|","|-heal|p2a: Clefable|394/394|[from] move: Wish|[wisher] Clefable","|turn|5","|","|switch|p2a: Azumarill|Azumarill, F|404/404","|move|p1a: Chandelure|Trick|p2a: Azumarill","|-activate|p1a: Chandelure|move: Trick|[of] p2a: Azumarill","|-item|p2a: Azumarill|Leftovers|[from] move: Trick","|-item|p1a: Chandelure|Sitrus Berry|[from] move: Trick","|","|turn|6","|","|move|p2a: Azumarill|Aqua Jet|p1a: Chandelure","|-supereffective|p1a: Chandelure","|-damage|p1a: Chandelure|79/261","|-enditem|p1a: Chandelure|Sitrus Berry|[eat]","|-heal|p1a: Chandelure|144/261|[from] item: Sitrus Berry","|move|p1a: Chandelure|Energy Ball|p2a: Azumarill","|-supereffective|p2a: Azumarill","|-damage|p2a: Azumarill|104/404","|","|-heal|p2a: Azumarill|129/404|[from] item: Leftovers","|turn|7","|","|move|p2a: Azumarill|Aqua Jet|p1a: Chandelure","|-supereffective|p1a: Chandelure","|-damage|p1a: Chandelure|0 fnt","|faint|p1a: Chandelure","|","|-heal|p2a: Azumarill|154/404|[from] item: Leftovers","|","|switch|p1a: Aegislash|Aegislash, M, shiny|261/261","|turn|8","|","|switch|p2a: Klefki|Klefki, M|317/317","|-formechange|p1a: Aegislash|Aegislash-Blade","|move|p1a: Aegislash|Shadow Ball|p2a: Klefki","|-damage|p2a: Klefki|148/317","|","|turn|9","|","|move|p2a: Klefki|Thunder Wave|p1a: Aegislash","|-status|p1a: Aegislash|par","|cant|p1a: Aegislash|par","|","|turn|10","|","|switch|p1a: Sableye|Sableye, M|298/298","|move|p2a: Klefki|Reflect|p2a: Klefki","|-sidestart|p2: Void Wiley|Reflect","|","|turn|11","|","|move|p2a: Klefki|Light Screen|p2a: Klefki","|-sidestart|p2: Void Wiley|move: Light Screen","|move|p1a: Sableye|Knock Off|p2a: Klefki","|-resisted|p2a: Klefki","|-damage|p2a: Klefki|136/317","|-enditem|p2a: Klefki|Light Clay|[from] move: Knock Off|[of] p1a: Sableye","|","|turn|12","|","|move|p2a: Klefki|Thunder Wave|p1a: Sableye","|-status|p1a: Sableye|par","|move|p1a: Sableye|Will-O-Wisp|p2a: Klefki|[miss]","|-miss|p1a: Sableye|p2a: Klefki","|","|turn|13","|","|move|p1a: Sableye|Will-O-Wisp|p2a: Klefki","|-status|p2a: Klefki|brn","|move|p2a: Klefki|Foul Play|p1a: Sableye","|-damage|p1a: Sableye|280/298 par","|","|-heal|p1a: Sableye|298/298 par|[from] item: Leftovers","|-damage|p2a: Klefki|97/317 brn|[from] brn","|turn|14","|","|move|p1a: Sableye|Will-O-Wisp|p2a: Klefki","|-fail|p2a: Klefki|brn","|move|p2a: Klefki|Foul Play|p1a: Sableye","|-damage|p1a: Sableye|279/298 par","|","|-heal|p1a: Sableye|297/298 par|[from] item: Leftovers","|-damage|p2a: Klefki|58/317 brn|[from] brn","|turn|15","|","|cant|p1a: Sableye|par","|move|p2a: Klefki|Foul Play|p1a: Sableye","|-damage|p1a: Sableye|279/298 par","|","|-heal|p1a: Sableye|297/298 par|[from] item: Leftovers","|-damage|p2a: Klefki|19/317 brn|[from] brn","|turn|16","|","|move|p1a: Sableye|Will-O-Wisp|p2a: Klefki","|-fail|p2a: Klefki|brn","|move|p2a: Klefki|Foul Play|p1a: Sableye","|-damage|p1a: Sableye|279/298 par","|","|-heal|p1a: Sableye|297/298 par|[from] item: Leftovers","|-damage|p2a: Klefki|0 fnt|[from] brn","|faint|p2a: Klefki","|","|switch|p2a: Gardevoir|Gardevoir, M|277/277","|-ability|p2a: Gardevoir|Prankster|[from] ability: Trace|[of] p1a: Sableye","|turn|17","|","|move|p1a: Sableye|Will-O-Wisp|p2a: Gardevoir","|-status|p2a: Gardevoir|brn","|move|p2a: Gardevoir|Moonblast|p1a: Sableye","|-supereffective|p1a: Sableye","|-damage|p1a: Sableye|0 fnt","|faint|p1a: Sableye","|","|-damage|p2a: Gardevoir|243/277 brn|[from] brn","|-sideend|p2: Void Wiley|Reflect","|","|switch|p1a: Jellicent|Jellicent, M, shiny|404/404","|turn|18","|","|move|p2a: Gardevoir|Moonblast|p1a: Jellicent","|-damage|p1a: Jellicent|287/404","|move|p1a: Jellicent|Acid Armor|p1a: Jellicent","|-boost|p1a: Jellicent|def|2","|","|-heal|p1a: Jellicent|312/404|[from] item: Leftovers","|-damage|p2a: Gardevoir|209/277 brn|[from] brn","|-sideend|p2: Void Wiley|move: Light Screen","|turn|19","|","|move|p2a: Gardevoir|Moonblast|p1a: Jellicent","|-damage|p1a: Jellicent|186/404","|-unboost|p1a: Jellicent|spa|1","|move|p1a: Jellicent|Scald|p2a: Gardevoir","|-damage|p2a: Gardevoir|164/277 brn","|","|-heal|p1a: Jellicent|211/404|[from] item: Leftovers","|-damage|p2a: Gardevoir|130/277 brn|[from] brn","|turn|20","|","|move|p2a: Gardevoir|Moonblast|p1a: Jellicent","|-damage|p1a: Jellicent|85/404","|-unboost|p1a: Jellicent|spa|1","|move|p1a: Jellicent|Recover|p1a: Jellicent","|-heal|p1a: Jellicent|287/404","|","|-heal|p1a: Jellicent|312/404|[from] item: Leftovers","|-damage|p2a: Gardevoir|96/277 brn|[from] brn","|turn|21","|","|move|p2a: Gardevoir|Moonblast|p1a: Jellicent","|-damage|p1a: Jellicent|189/404","|-start|p2a: Gardevoir|Disable|Moonblast","|-unboost|p1a: Jellicent|spa|1","|move|p1a: Jellicent|Recover|p1a: Jellicent","|-heal|p1a: Jellicent|391/404","|","|-heal|p1a: Jellicent|404/404|[from] item: Leftovers","|-damage|p2a: Gardevoir|62/277 brn|[from] brn","|turn|22","|","|-activate|p2a: Gardevoir|move: Struggle","|move|p2a: Gardevoir|Struggle|p1a: Jellicent","|-damage|p1a: Jellicent|396/404","|-damage|p2a: Gardevoir|0 fnt|[from] recoil","|faint|p2a: Gardevoir","|move|p1a: Jellicent|Acid Armor|p1a: Jellicent","|-boost|p1a: Jellicent|def|2","|","|-heal|p1a: Jellicent|404/404|[from] item: Leftovers","|","|switch|p2a: Clefable|Clefable, F|394/394","|turn|23","|","|move|p2a: Clefable|Cosmic Power|p2a: Clefable","|-boost|p2a: Clefable|def|1","|-boost|p2a: Clefable|spd|1","|move|p1a: Jellicent|Scald|p2a: Clefable","|-damage|p2a: Clefable|352/394","|","|turn|24","|","|move|p2a: Clefable|Cosmic Power|p2a: Clefable","|-boost|p2a: Clefable|def|1","|-boost|p2a: Clefable|spd|1","|move|p1a: Jellicent|Scald|p2a: Clefable","|-damage|p2a: Clefable|321/394","|","|turn|25","|","|switch|p1a: Golurk|Golurk, shiny|319/319","|move|p2a: Clefable|Cosmic Power|p2a: Clefable","|-boost|p2a: Clefable|def|1","|-boost|p2a: Clefable|spd|1","|","|turn|26","|","|move|p2a: Clefable|Cosmic Power|p2a: Clefable","|-boost|p2a: Clefable|def|1","|-boost|p2a: Clefable|spd|1","|move|p1a: Golurk|Stealth Rock|p2a: Clefable","|-sidestart|p2: Void Wiley|move: Stealth Rock","|","|turn|27","|","|move|p2a: Clefable|Cosmic Power|p2a: Clefable","|-boost|p2a: Clefable|def|1","|-boost|p2a: Clefable|spd|1","|move|p1a: Golurk|Dynamic Punch|p2a: Clefable","|-resisted|p2a: Clefable","|-damage|p2a: Clefable|297/394","|-start|p2a: Clefable|confusion","|","|turn|28","|","|-activate|p2a: Clefable|confusion","|move|p2a: Clefable|Cosmic Power|p2a: Clefable","|-boost|p2a: Clefable|def|1","|-boost|p2a: Clefable|spd|1","|move|p1a: Golurk|Stone Edge|p2a: Clefable","|-damage|p2a: Clefable|258/394","|","|turn|29","|","|-activate|p2a: Clefable|confusion","|-damage|p2a: Clefable|250/394|[from] confusion","|move|p1a: Golurk|Stone Edge|p2a: Clefable","|-damage|p2a: Clefable|210/394","|","|turn|30","|","|-activate|p2a: Clefable|confusion","|-damage|p2a: Clefable|202/394|[from] confusion","|move|p1a: Golurk|Stone Edge|p2a: Clefable","|-damage|p2a: Clefable|160/394","|","|turn|31","|","|-end|p2a: Clefable|confusion","|move|p2a: Clefable|Cosmic Power|p2a: Clefable","|-fail|p2a: Clefable","|move|p1a: Golurk|Stone Edge|p2a: Clefable","|-damage|p2a: Clefable|117/394","|","|turn|32","|","|move|p2a: Clefable|Cosmic Power|p2a: Clefable","|-fail|p2a: Clefable","|move|p1a: Golurk|Stone Edge|p2a: Clefable","|-damage|p2a: Clefable|75/394","|","|turn|33","|","|move|p2a: Clefable|Cosmic Power|p2a: Clefable","|-fail|p2a: Clefable","|move|p1a: Golurk|Stone Edge|p2a: Clefable","|-crit|p2a: Clefable","|-damage|p2a: Clefable|0 fnt","|faint|p2a: Clefable","|","|","|switch|p2a: Azumarill|Azumarill, F|154/404","|-damage|p2a: Azumarill|104/404|[from] Stealth Rock","|turn|34","|","|move|p2a: Azumarill|Aqua Jet|p1a: Golurk","|-supereffective|p1a: Golurk","|-damage|p1a: Golurk|103/319","|move|p1a: Golurk|Stone Edge|p2a: Azumarill","|-damage|p2a: Azumarill|0 fnt","|faint|p2a: Azumarill","|","|","|switch|p2a: Togekiss|Togekiss, F|311/311","|-damage|p2a: Togekiss|234/311|[from] Stealth Rock","|turn|35","|","|move|p2a: Togekiss|Air Slash|p1a: Golurk","|-damage|p1a: Golurk|0 fnt","|faint|p1a: Golurk","|","|","|switch|p1a: Jellicent|Jellicent, M, shiny|404/404","|turn|36","|","|move|p2a: Togekiss|Air Slash|p1a: Jellicent","|-damage|p1a: Jellicent|319/404","|cant|p1a: Jellicent|flinch","|","|-heal|p1a: Jellicent|344/404|[from] item: Leftovers","|turn|37","|","|move|p2a: Togekiss|Air Slash|p1a: Jellicent","|-damage|p1a: Jellicent|260/404","|move|p1a: Jellicent|Acid Armor|p1a: Jellicent","|-boost|p1a: Jellicent|def|2","|","|-heal|p1a: Jellicent|285/404|[from] item: Leftovers","|turn|38","|","|move|p2a: Togekiss|Air Slash|p1a: Jellicent","|-damage|p1a: Jellicent|200/404","|cant|p1a: Jellicent|flinch","|","|-heal|p1a: Jellicent|225/404|[from] item: Leftovers","|turn|39","|","|move|p2a: Togekiss|Air Slash|p1a: Jellicent","|-damage|p1a: Jellicent|134/404","|cant|p1a: Jellicent|flinch","|","|-heal|p1a: Jellicent|159/404|[from] item: Leftovers","|turn|40","|","|move|p2a: Togekiss|Air Slash|p1a: Jellicent","|-damage|p1a: Jellicent|69/404","|-start|p2a: Togekiss|Disable|Air Slash","|cant|p1a: Jellicent|flinch","|","|-heal|p1a: Jellicent|94/404|[from] item: Leftovers","|turn|41","|","|switch|p2a: Diancie|Diancie|242/242","|-damage|p2a: Diancie|212/242|[from] Stealth Rock","|move|p1a: Jellicent|Recover|p1a: Jellicent","|-heal|p1a: Jellicent|296/404","|","|-heal|p1a: Jellicent|321/404|[from] item: Leftovers","|turn|42","|","|switch|p2a: Togekiss|Togekiss, F|234/311","|-damage|p2a: Togekiss|157/311|[from] Stealth Rock","|move|p1a: Jellicent|Scald|p2a: Togekiss","|-damage|p2a: Togekiss|85/311","|","|-heal|p1a: Jellicent|346/404|[from] item: Leftovers","|turn|43","|","|switch|p1a: Aegislash|Aegislash, M, shiny|261/261 par","|move|p2a: Togekiss|Air Slash|p1a: Aegislash","|-resisted|p1a: Aegislash","|-damage|p1a: Aegislash|214/261 par","|","|turn|44","|","|-formechange|p1a: Aegislash|Aegislash-Blade","|cant|p1a: Aegislash|par","|move|p2a: Togekiss|Air Slash|p1a: Aegislash","|-resisted|p1a: Aegislash","|-damage|p1a: Aegislash|97/261 par","|","|turn|45","|","|move|p1a: Aegislash|Shadow Sneak|p2a: Togekiss","|-damage|p2a: Togekiss|0 fnt","|faint|p2a: Togekiss","|","|","|switch|p2a: Diancie|Diancie|212/242","|-damage|p2a: Diancie|182/242|[from] Stealth Rock","|turn|46","|","|detailschange|p2a: Diancie|Diancie-Mega","|-mega|p2a: Diancie|Diancie|Diancite","|cant|p1a: Aegislash|par","|move|p2a: Diancie|Earth Power|p1a: Aegislash","|-supereffective|p1a: Aegislash","|-damage|p1a: Aegislash|0 fnt","|faint|p1a: Aegislash","|","|","|switch|p1a: Gengar|Gengar, F, shiny|261/261","|turn|47","|","|move|p2a: Diancie|Diamond Storm|p1a: Gengar","|-damage|p1a: Gengar|9/261","|-boost|p2a: Diancie|def|1","|move|p1a: Gengar|Energy Ball|p2a: Diancie","|-supereffective|p2a: Diancie","|-damage|p2a: Diancie|0 fnt","|faint|p2a: Diancie","|","|win|Wаrden Arguѕ"],"p1rating":{"entryid":"7252450","serverid":"eos","formatid":"monotype","userid":"wrdenargu","username":"Wаrden Arguѕ","w":9,"l":"1","t":"0","gxe":70.1,"r":"1500","rd":"130","sigma":"0","rptime":"1438160400","rpr":1665.6104586138,"rprd":86.365281051946,"rpsigma":"0","acre":1226.4914754033,"lacre":1226.4914754033,"oldacre":"1202.6926201557"},"p2rating":{"entryid":"5697050","serverid":"eos","formatid":"monotype","userid":"voidwiley","username":"Void Wiley","w":"144","l":130,"t":"0","gxe":54.8,"r":"1539.7205030319","rd":"25.930890478979","sigma":"0","rptime":"1438160400","rpr":1536.6106901143,"rprd":25.637450319441,"rpsigma":"0","acre":1162.188085319,"lacre":1162.188085319,"oldacre":"1185.9869405666"},"endType":"normal"}