{"seed":[8048,7766,24922,57743],"turns":20,"p1":"Wаrden Arguѕ","p2":"Poetiquette","p1team":[{"name":"Sableye","species":"Sableye","item":"leftovers","ability":"Prankster","moves":["knockoff","willowisp","recover","taunt"],"nature":"Bold","evs":{"hp":228,"atk":0,"def":252,"spa":0,"spd":0,"spe":28},"gender":"M","ivs":{"hp":31,"atk":0,"def":31,"spa":31,"spd":31,"spe":31}},{"name":"Aegislash","species":"Aegislash","item":"weaknesspolicy","ability":"Stance Change","moves":["kingsshield","sacredsword","shadowball","shadowsneak"],"nature":"Lonely","evs":{"hp":0,"atk":252,"def":0,"spa":240,"spd":0,"spe":16},"gender":"M","shiny":true,"ivs":{"hp":31,"atk":31,"def":31,"spa":31,"spd":31,"spe":31}},{"name":"Jellicent","species":"Jellicent","item":"leftovers","ability":"Cursed Body","moves":["toxic","scald","recover","acidarmor"],"nature":"Calm","evs":{"hp":252,"atk":0,"def":0,"spa":0,"spd":252,"spe":4},"gender":"M","ivs":{"hp":31,"atk":0,"def":31,"spa":31,"spd":31,"spe":31},"shiny":true},{"name":"Golurk","species":"Golurk","item":"focussash","ability":"No Guard","moves":["stealthrock","stoneedge","dynamicpunch","curse"],"nature":"Adamant","evs":{"hp":0,"atk":252,"def":0,"spa":0,"spd":4,"spe":252},"shiny":true,"ivs":{"hp":31,"atk":31,"def":31,"spa":31,"spd":31,"spe":31}},{"name":"Chandelure","species":"Chandelure","item":"choicescarf","ability":"Infiltrator","moves":["flamethrower","shadowball","energyball","trick"],"nature":"Modest","evs":{"hp":0,"atk":0,"def":0,"spa":252,"spd":4,"spe":252},"gender":"F","ivs":{"hp":31,"atk":0,"def":31,"spa":31,"spd":31,"spe":31}},{"name":"Gengar","species":"Gengar","item":"focussash","ability":"Levitate","moves":["destinybond","sludgebomb","shadowball","energyball"],"nature":"Timid","evs":{"hp":0,"atk":0,"def":0,"spa":252,"spd":4,"spe":252},"gender":"F","ivs":{"hp":31,"atk":0,"def":31,"spa":31,"spd":31,"spe":31},"shiny":true}],"p2team":[{"name":"Dirty Manga","species":"tentacruel","item":"airballoon","ability":"Liquid Ooze","moves":["scald","acidspray","knockoff","toxicspikes"],"nature":"Calm","evs":{"hp":240,"atk":0,"def":244,"spa":0,"spd":0,"spe":24},"gender":"M","shiny":true,"ivs":{"hp":31,"atk":31,"def":31,"spa":31,"spd":31,"spe":31}},{"name":"Flower","species":"skuntank","item":"airballoon","ability":"Aftermath","moves":["pursuit","poisonjab","suckerpunch","defog"],"nature":"Adamant","evs":{"hp":248,"atk":252,"def":8,"spa":0,"spd":0,"spe":0},"gender":"F","shiny":true,"ivs":{"hp":31,"atk":31,"def":31,"spa":31,"spd":31,"spe":31}},{"name":"I'm a Digimon","species":"venusaur","item":"venusaurite","ability":"Chlorophyll","moves":["gigadrain","sludgebomb","hiddenpowerfire","leechseed"],"nature":"Bold","evs":{"hp":248,"atk":96,"def":0,"spa":0,"spd":144,"spe":20},"gender":"F","ivs":{"hp":31,"atk":30,"def":31,"spa":30,"spd":31,"spe":30},"shiny":true},{"name":"Save The Queen","species":"nidoqueen","item":"lifeorb","ability":"Sheer Force","moves":["earthpower","sludgewave","icebeam","stealthrock"],"nature":"Timid","evs":{"hp":36,"atk":0,"def":0,"spa":252,"spd":4,"spe":216},"shiny":true,"ivs":{"hp":31,"atk":31,"def":31,"spa":31,"spd":31,"spe":31}},{"name":"B.Cancer Awareness","species":"crobat","item":"blacksludge","ability":"Infiltrator","moves":["bravebird","uturn","toxic","taunt"],"nature":"Jolly","evs":{"hp":248,"atk":0,"def":48,"spa":0,"spd":0,"spe":212},"shiny":true,"ivs":{"hp":31,"atk":31,"def":31,"spa":31,"spd":31,"spe":31}},{"name":"Kakuhou","species":"scolipede","item":"focussash","ability":"Speed Boost","moves":["megahorn","earthquake","rockslide","swordsdance"],"nature":"Adamant","evs":{"hp":0,"atk":252,"def":0,"spa":0,"spd":4,"spe":252},"gender":"M","shiny":true,"ivs":{"hp":31,"atk":31,"def":31,"spa":31,"spd":31,"spe":31}}],"log":["|player|p1|Wаrden Arguѕ|argus2spooky.png","|player|p2|Poetiquette|101","|gametype|singles","|gen|6","|tier|Monotype","|rated","|rule|Baton Pass Clause: Limit one Baton Passer, can't pass Spe and other stats simultaneously","|rule|Swagger Clause: Swagger is banned","|rule|Same Type Clause: Pokémon in a team must share a type","|clearpoke","|poke|p1|Sableye, M","|poke|p1|Aegislash, M, shiny","|poke|p1|Jellicent, M, shiny","|poke|p1|Golurk, shiny","|poke|p1|Chandelure, F","|poke|p1|Gengar, F, shiny","|poke|p2|Tentacruel, M, shiny","|poke|p2|Skuntank, F, shiny","|poke|p2|Venusaur, F, shiny","|poke|p2|Nidoqueen, F, shiny","|poke|p2|Crobat, M, shiny","|poke|p2|Scolipede, M, shiny","|rule|Sleep Clause Mod: Limit one foe put to sleep","|rule|Species Clause: Limit one of each Pokémon","|rule|OHKO Clause: OHKO moves are banned","|rule|Moody Clause: Moody is banned","|rule|Evasion Moves Clause: Evasion moves are banned","|rule|Endless Battle Clause: Forcing endless battles is banned","|rule|HP Percentage Mod: HP is shown in percentages","|teampreview","|","|start","|switch|p1a: Golurk|Golurk, shiny|319/319","|switch|p2a: B.Cancer Awareness|Crobat, M, shiny|373/373","|turn|1","|","|move|p2a: B.Cancer Awareness|Toxic|p1a: Golurk","|-status|p1a: Golurk|tox","|move|p1a: Golurk|Stone Edge|p2a: B.Cancer Awareness","|-supereffective|p2a: B.Cancer Awareness","|-damage|p2a: B.Cancer Awareness|91/373","|","|-heal|p2a: B.Cancer Awareness|114/373|[from] item: Black Sludge","|-damage|p1a: Golurk|300/319 tox|[from] psn","|turn|2","|","|move|p2a: B.Cancer Awareness|U-turn|p1a: Golurk","|-resisted|p1a: Golurk","|-damage|p1a: Golurk|267/319 tox","|","|switch|p2a: Save The Queen|Nidoqueen, F, shiny|330/330","|move|p1a: Golurk|Stealth Rock|p2a: Save The Queen","|-sidestart|p2: Poetiquette|move: Stealth Rock","|","|-damage|p1a: Golurk|229/319 tox|[from] psn","|turn|3","|","|move|p2a: Save The Queen|Stealth Rock|p1a: Golurk","|-sidestart|p1: Wаrden Arguѕ|move: Stealth Rock","|move|p1a: Golurk|Dynamic Punch|p2a: Save The Queen","|-resisted|p2a: Save The Queen","|-damage|p2a: Save The Queen|254/330","|-start|p2a: Save The Queen|confusion","|","|-damage|p1a: Golurk|172/319 tox|[from] psn","|turn|4","|","|switch|p2a: I'm a Digimon|Venusaur, F, shiny|363/363","|-damage|p2a: I'm a Digimon|318/363|[from] Stealth Rock","|move|p1a: Golurk|Curse|p2a: I'm a Digimon","|-start|p2a: I'm a Digimon|Curse|[of] p1a: Golurk","|-damage|p1a: Golurk|13/319 tox","|","|-damage|p1a: Golurk|0 fnt|[from] psn","|-damage|p2a: I'm a Digimon|228/363|[from] Curse","|faint|p1a: Golurk","|","|switch|p1a: Chandelure|Chandelure, F|261/261","|-damage|p1a: Chandelure|196/261|[from] Stealth Rock","|turn|5","|","|detailschange|p2a: I'm a Digimon|Venusaur-Mega, F, shiny","|-mega|p2a: I'm a Digimon|Venusaur|Venusaurite","|move|p1a: Chandelure|Shadow Ball|p2a: I'm a Digimon","|-damage|p2a: I'm a Digimon|98/363","|move|p2a: I'm a Digimon|Leech Seed|p1a: Chandelure","|-start|p1a: Chandelure|move: Leech Seed","|","|-damage|p1a: Chandelure|164/261|[from] Leech Seed|[of] p2a: I'm a Digimon","|-heal|p2a: I'm a Digimon|130/363|[silent]","|-damage|p2a: I'm a Digimon|40/363|[from] Curse","|turn|6","|","|move|p1a: Chandelure|Shadow Ball|p2a: I'm a Digimon","|-damage|p2a: I'm a Digimon|0 fnt","|faint|p2a: I'm a Digimon","|","|","|switch|p2a: Dirty Manga|Tentacruel, M, shiny|361/361","|-damage|p2a: Dirty Manga|316/361|[from] Stealth Rock","|-item|p2a: Dirty Manga|Air Balloon","|turn|7","|","|switch|p1a: Jellicent|Jellicent, M, shiny|404/404","|-damage|p1a: Jellicent|354/404|[from] Stealth Rock","|move|p2a: Dirty Manga|Toxic Spikes|p1a: Jellicent","|-sidestart|p1: Wаrden Arguѕ|move: Toxic Spikes","|","|-heal|p1a: Jellicent|379/404|[from] item: Leftovers","|turn|8","|","|move|p2a: Dirty Manga|Knock Off|p1a: Jellicent","|-supereffective|p1a: Jellicent","|-damage|p1a: Jellicent|235/404","|-enditem|p1a: Jellicent|Leftovers|[from] move: Knock Off|[of] p2a: Dirty Manga","|move|p1a: Jellicent|Scald|p2a: Dirty Manga","|-resisted|p2a: Dirty Manga","|-damage|p2a: Dirty Manga|283/361","|-enditem|p2a: Dirty Manga|Air Balloon","|-status|p2a: Dirty Manga|brn","|","|-damage|p2a: Dirty Manga|238/361 brn|[from] brn","|turn|9","|","|move|p2a: Dirty Manga|Toxic Spikes|p1a: Jellicent","|-sidestart|p1: Wаrden Arguѕ|move: Toxic Spikes","|move|p1a: Jellicent|Acid Armor|p1a: Jellicent","|-boost|p1a: Jellicent|def|2","|","|-damage|p2a: Dirty Manga|193/361 brn|[from] brn","|turn|10","|","|move|p2a: Dirty Manga|Acid Spray|p1a: Jellicent","|-resisted|p1a: Jellicent","|-damage|p1a: Jellicent|220/404","|-unboost|p1a: Jellicent|spd|2","|move|p1a: Jellicent|Recover|p1a: Jellicent","|-heal|p1a: Jellicent|404/404","|","|-damage|p2a: Dirty Manga|148/361 brn|[from] brn","|turn|11","|","|move|p2a: Dirty Manga|Acid Spray|p1a: Jellicent","|-resisted|p1a: Jellicent","|-damage|p1a: Jellicent|376/404","|-unboost|p1a: Jellicent|spd|2","|move|p1a: Jellicent|Scald|p2a: Dirty Manga","|-crit|p2a: Dirty Manga","|-resisted|p2a: Dirty Manga","|-damage|p2a: Dirty Manga|99/361 brn","|","|-damage|p2a: Dirty Manga|54/361 brn|[from] brn","|turn|12","|","|move|p2a: Dirty Manga|Scald|p1a: Jellicent","|-resisted|p1a: Jellicent","|-damage|p1a: Jellicent|300/404","|move|p1a: Jellicent|Scald|p2a: Dirty Manga","|-resisted|p2a: Dirty Manga","|-damage|p2a: Dirty Manga|21/361 brn","|","|-damage|p2a: Dirty Manga|0 fnt|[from] brn","|faint|p2a: Dirty Manga","|","|switch|p2a: Save The Queen|Nidoqueen, F, shiny|254/330","|-damage|p2a: Save The Queen|234/330|[from] Stealth Rock","|turn|13","|","|move|p2a: Save The Queen|Earth Power|p1a: Jellicent","|-damage|p1a: Jellicent|0 fnt","|-start|p2a: Save The Queen|Disable|Earth Power","|faint|p1a: Jellicent","|","|","|switch|p1a: Aegislash|Aegislash, M, shiny|261/261","|-damage|p1a: Aegislash|245/261|[from] Stealth Rock","|turn|14","|","|switch|p2a: Flower|Skuntank, F, shiny|409/409","|-damage|p2a: Flower|358/409|[from] Stealth Rock","|-item|p2a: Flower|Air Balloon","|-formechange|p1a: Aegislash|Aegislash-Blade","|move|p1a: Aegislash|Shadow Ball|p2a: Flower","|-resisted|p2a: Flower","|-damage|p2a: Flower|241/409","|-enditem|p2a: Flower|Air Balloon","|","|turn|15","|","|-formechange|p1a: Aegislash|Aegislash","|move|p1a: Aegislash|King's Shield|p1a: Aegislash","|-singleturn|p1a: Aegislash|Protect","|move|p2a: Flower|Sucker Punch|p1a: Aegislash","|-fail|p2a: Flower","|","|turn|16","|","|move|p2a: Flower|Pursuit|p1a: Aegislash","|-crit|p1a: Aegislash","|-supereffective|p1a: Aegislash","|-damage|p1a: Aegislash|107/261","|-enditem|p1a: Aegislash|Weakness Policy","|-boost|p1a: Aegislash|atk|2|[from] item: Weakness Policy","|-boost|p1a: Aegislash|spa|2|[from] item: Weakness Policy","|-formechange|p1a: Aegislash|Aegislash-Blade","|move|p1a: Aegislash|Sacred Sword|p2a: Flower","|-damage|p2a: Flower|0 fnt","|-damage|p1a: Aegislash|42/261|[from] ability: Aftermath|[of] p2a: Flower","|faint|p2a: Flower","|","|","|switch|p2a: B.Cancer Awareness|Crobat, M, shiny|114/373","|-damage|p2a: B.Cancer Awareness|21/373|[from] Stealth Rock","|turn|17","|","|move|p1a: Aegislash|Shadow Sneak|p2a: B.Cancer Awareness","|-damage|p2a: B.Cancer Awareness|0 fnt","|faint|p2a: B.Cancer Awareness","|","|","|switch|p2a: Save The Queen|Nidoqueen, F, shiny|234/330","|-damage|p2a: Save The Queen|214/330|[from] Stealth Rock","|turn|18","|","|move|p1a: Aegislash|Shadow Sneak|p2a: Save The Queen","|-damage|p2a: Save The Queen|19/330","|move|p2a: Save The Queen|Earth Power|p1a: Aegislash","|-supereffective|p1a: Aegislash","|-damage|p1a: Aegislash|0 fnt","|faint|p1a: Aegislash","|","|","|switch|p1a: Chandelure|Chandelure, F|164/261","|-status|p1a: Chandelure|tox","|-damage|p1a: Chandelure|99/261 tox|[from] Stealth Rock","|turn|19","|","|move|p1a: Chandelure|Flamethrower|p2a: Save The Queen","|-damage|p2a: Save The Queen|0 fnt","|faint|p2a: Save The Queen","|","|-damage|p1a: Chandelure|83/261 tox|[from] psn","|","|switch|p2a: Kakuhou|Scolipede, M, shiny|261/261","|-damage|p2a: Kakuhou|196/261|[from] Stealth Rock","|turn|20","|","|move|p1a: Chandelure|Flamethrower|p2a: Kakuhou","|-crit|p2a: Kakuhou","|-supereffective|p2a: Kakuhou","|-damage|p2a: Kakuhou|0 fnt","|faint|p2a: Kakuhou","|","|win|Wаrden Arguѕ"],"p1rating":{"entryid":"7252450","serverid":"eos","formatid":"monotype","userid":"wrdenargu","username":"Wаrden Arguѕ","w":10,"l":"1","t":"0","gxe":71.3,"r":"1500","rd":"130","sigma":"0","rptime":"1438160400","rpr":1676.1547568388,"rprd":84.171598439406,"rpsigma":"0","acre":1237.1678704669,"lacre":1237.1678704669,"oldacre":"1226.4914754033"},"p2rating":{"entryid":7255130,"formatid":"monotype","userid":"poetiquette","username":"Poetiquette","r":1500,"rd":130,"sigma":0,"rpr":1459.8393856612,"rprd":122.8583080769,"rpsigma":0,"rptime":1438160400,"w":0,"l":1,"t":0,"gxe":45,"acre":1000,"lacre":1000,"oldacre":1000},"endType":"normal"}