{"seed":[63046,65059,17645,8105],"turns":30,"p1":"GTXShinigami","p2":"Full Entropy","p1team":[{"name":"Avant-Garde","species":"aegislash","item":"weaknesspolicy","ability":"Stance Change","moves":["kingsshield","swordsdance","shadowsneak","sacredsword"],"nature":"Adamant","evs":{"hp":252,"atk":252,"def":4,"spa":0,"spd":0,"spe":0},"shiny":true,"ivs":{"hp":31,"atk":31,"def":31,"spa":31,"spd":31,"spe":31}},{"name":"Stalleye","species":"sableye","item":"sablenite","ability":"Prankster","moves":["taunt","dazzlinggleam","recover","willowisp"],"nature":"Bold","evs":{"hp":252,"atk":0,"def":252,"spa":0,"spd":4,"spe":0},"ivs":{"hp":31,"atk":0,"def":31,"spa":31,"spd":31,"spe":31}},{"name":"Jellicent","species":"Jellicent","item":"leftovers","ability":"Cursed Body","moves":["scald","willowisp","confuseray","recover"],"nature":"Calm","evs":{"hp":252,"atk":0,"def":0,"spa":4,"spd":252,"spe":0},"gender":"M","ivs":{"hp":31,"atk":0,"def":31,"spa":31,"spd":31,"spe":31}},{"name":"Evil-Stitch","species":"gengar","item":"focussash","ability":"Levitate","moves":["destinybond","dazzlinggleam","shadowball","toxic"],"nature":"Timid","evs":{"hp":0,"atk":0,"def":0,"spa":252,"spd":4,"spe":252},"gender":"M","ivs":{"hp":31,"atk":31,"def":31,"spa":31,"spd":31,"spe":31}},{"name":"Chandelure Bing","species":"chandelure","item":"choicescarf","ability":"Flash Fire","moves":["fireblast","shadowball","confuseray","hex"],"nature":"Timid","evs":{"hp":0,"atk":0,"def":0,"spa":252,"spd":4,"spe":252},"gender":"M","shiny":true,"ivs":{"hp":31,"atk":31,"def":31,"spa":31,"spd":31,"spe":31}},{"name":"Guardian","species":"golurk","item":"focussash","ability":"No Guard","moves":["dynamicpunch","curse","stoneedge","stealthrock"],"nature":"Adamant","evs":{"hp":248,"atk":252,"def":0,"spa":0,"spd":8,"spe":0},"shiny":true,"ivs":{"hp":31,"atk":31,"def":31,"spa":31,"spd":31,"spe":31}}],"p2team":[{"name":"Rook","species":"golurk","item":"choiceband","ability":"Iron Fist","moves":["drainpunch","earthquake","shadowpunch","icepunch"],"nature":"Adamant","evs":{"hp":248,"atk":252,"def":0,"spa":0,"spd":8,"spe":0},"ivs":{"hp":31,"atk":31,"def":31,"spa":31,"spd":31,"spe":31}},{"name":"Bishop","species":"hoopa","item":"choicespecs","ability":"Magician","moves":["hyperspacehole","focusblast","darkpulse","shadowball"],"nature":"Quiet","evs":{"hp":252,"atk":0,"def":0,"spa":252,"spd":4,"spe":0},"ivs":{"hp":31,"atk":31,"def":31,"spa":31,"spd":31,"spe":0}},{"name":"Knight","species":"aegislash","item":"leftovers","ability":"Stance Change","moves":["shadowball","shadowsneak","kingsshield","flashcannon"],"nature":"Quiet","evs":{"hp":244,"atk":0,"def":12,"spa":252,"spd":0,"spe":0},"ivs":{"hp":31,"atk":31,"def":31,"spa":31,"spd":31,"spe":31}},{"name":"King","species":"jellicent","item":"leftovers","ability":"Water Absorb","moves":["scald","toxic","trickroom","recover"],"nature":"Calm","evs":{"hp":252,"atk":0,"def":4,"spa":0,"spd":252,"spe":0},"gender":"M","ivs":{"hp":31,"atk":31,"def":31,"spa":31,"spd":31,"spe":0}},{"name":"Queen","species":"sableye","item":"sablenite","ability":"Prankster","moves":["recover","toxic","darkpulse","taunt"],"nature":"Bold","evs":{"hp":248,"atk":0,"def":252,"spa":8,"spd":0,"spe":0},"gender":"F","ivs":{"hp":31,"atk":31,"def":31,"spa":31,"spd":31,"spe":31}},{"name":"Pawn","species":"cofagrigus","item":"leftovers","ability":"Mummy","moves":["shadowball","willowisp","trickroom","painsplit"],"nature":"Sassy","evs":{"hp":252,"atk":0,"def":0,"spa":4,"spd":252,"spe":0},"ivs":{"hp":31,"atk":31,"def":31,"spa":31,"spd":31,"spe":0}}],"log":["|player|p1|GTXShinigami|1","|player|p2|Full Entropy|290","|gametype|singles","|gen|6","|tier|Monotype","|rated","|rule|Baton Pass Clause: Limit one Baton Passer, can't pass Spe and other stats simultaneously","|rule|Swagger Clause: Swagger is banned","|rule|Same Type Clause: Pokémon in a team must share a type","|clearpoke","|poke|p1|Aegislash, F, shiny","|poke|p1|Sableye, M","|poke|p1|Jellicent, M","|poke|p1|Gengar, M","|poke|p1|Chandelure, M, shiny","|poke|p1|Golurk, shiny","|poke|p2|Golurk","|poke|p2|Hoopa","|poke|p2|Aegislash, M","|poke|p2|Jellicent, M","|poke|p2|Sableye, F","|poke|p2|Cofagrigus, F","|rule|Sleep Clause Mod: Limit one foe put to sleep","|rule|Species Clause: Limit one of each Pokémon","|rule|OHKO Clause: OHKO moves are banned","|rule|Moody Clause: Moody is banned","|rule|Evasion Moves Clause: Evasion moves are banned","|rule|Endless Battle Clause: Forcing endless battles is banned","|rule|HP Percentage Mod: HP is shown in percentages","|teampreview","|","|start","|switch|p1a: Evil-Stitch|Gengar, M|261/261","|switch|p2a: Pawn|Cofagrigus, F|320/320","|turn|1","|","|move|p1a: Evil-Stitch|Shadow Ball|p2a: Pawn","|-supereffective|p2a: Pawn","|-damage|p2a: Pawn|134/320","|-unboost|p2a: Pawn|spd|1","|move|p2a: Pawn|Trick Room|p2a: Pawn","|-fieldstart|move: Trick Room|[of] p2a: Pawn","|","|-heal|p2a: Pawn|154/320|[from] item: Leftovers","|turn|2","|","|move|p2a: Pawn|Shadow Ball|p1a: Evil-Stitch","|-supereffective|p1a: Evil-Stitch","|-damage|p1a: Evil-Stitch|43/261","|move|p1a: Evil-Stitch|Shadow Ball|p2a: Pawn","|-supereffective|p2a: Pawn","|-damage|p2a: Pawn|0 fnt","|faint|p2a: Pawn","|","|","|switch|p2a: Rook|Golurk|381/381","|turn|3","|","|move|p2a: Rook|Shadow Punch|p1a: Evil-Stitch","|-supereffective|p1a: Evil-Stitch","|-damage|p1a: Evil-Stitch|0 fnt","|faint|p1a: Evil-Stitch","|","|","|switch|p1a: Jellicent|Jellicent, M|404/404","|turn|4","|","|switch|p2a: Knight|Aegislash, M|322/322","|move|p1a: Jellicent|Confuse Ray|p2a: Knight","|-start|p2a: Knight|confusion","|","|turn|5","|","|-formechange|p2a: Knight|Aegislash-Blade","|-activate|p2a: Knight|confusion","|-damage|p2a: Knight|249/322|[from] confusion","|move|p1a: Jellicent|Will-O-Wisp|p2a: Knight","|-status|p2a: Knight|brn","|","|-heal|p2a: Knight|269/322 brn|[from] item: Leftovers","|-damage|p2a: Knight|229/322 brn|[from] brn","|-fieldend|move: Trick Room","|turn|6","|","|move|p1a: Jellicent|Scald|p2a: Knight","|-damage|p2a: Knight|85/322 brn","|-activate|p2a: Knight|confusion","|-damage|p2a: Knight|48/322 brn|[from] confusion","|","|-heal|p2a: Knight|68/322 brn|[from] item: Leftovers","|-damage|p2a: Knight|28/322 brn|[from] brn","|turn|7","|","|move|p1a: Jellicent|Scald|p2a: Knight","|-damage|p2a: Knight|0 fnt","|faint|p2a: Knight","|","|","|switch|p2a: King|Jellicent, M|404/404","|turn|8","|","|move|p1a: Jellicent|Confuse Ray|p2a: King","|-start|p2a: King|confusion","|-activate|p2a: King|confusion","|-damage|p2a: King|378/404|[from] confusion","|","|-heal|p2a: King|403/404|[from] item: Leftovers","|turn|9","|","|move|p1a: Jellicent|Will-O-Wisp|p2a: King","|-status|p2a: King|brn","|-end|p2a: King|confusion","|move|p2a: King|Trick Room|p2a: King","|-fieldstart|move: Trick Room|[of] p2a: King","|","|-heal|p2a: King|404/404 brn|[from] item: Leftovers","|-damage|p2a: King|354/404 brn|[from] brn","|turn|10","|","|move|p2a: King|Toxic|p1a: Jellicent","|-status|p1a: Jellicent|tox","|move|p1a: Jellicent|Confuse Ray|p2a: King","|-start|p2a: King|confusion","|","|-heal|p2a: King|379/404 brn|[from] item: Leftovers","|-damage|p2a: King|329/404 brn|[from] brn","|-damage|p1a: Jellicent|379/404 tox|[from] psn","|turn|11","|","|switch|p2a: Bishop|Hoopa|364/364","|switch|p1a: Avant-Garde|Aegislash, F, shiny|324/324","|","|turn|12","|","|switch|p2a: Queen|Sableye, F|303/303","|move|p1a: Avant-Garde|King's Shield|p1a: Avant-Garde","|-fail|p1a: Avant-Garde","|","|turn|13","|","|detailschange|p2a: Queen|Sableye-Mega, F","|-mega|p2a: Queen|Sableye|Sablenite","|move|p2a: Queen|Taunt|p1a: Avant-Garde","|-start|p1a: Avant-Garde|move: Taunt","|-formechange|p1a: Avant-Garde|Aegislash-Blade","|move|p1a: Avant-Garde|Shadow Sneak|p2a: Queen","|-damage|p2a: Queen|249/303","|","|-fieldend|move: Trick Room","|turn|14","|","|switch|p1a: Stalleye|Sableye, M|304/304","|move|p2a: Queen|Dark Pulse|p1a: Stalleye","|-damage|p1a: Stalleye|192/304","|","|turn|15","|","|detailschange|p1a: Stalleye|Sableye-Mega, M","|-mega|p1a: Stalleye|Sableye|Sablenite","|move|p1a: Stalleye|Will-O-Wisp|p2a: Queen","|move|p2a: Queen|Will-O-Wisp|p1a: Stalleye|[from]Magic Bounce","|-status|p1a: Stalleye|brn","|move|p2a: Queen|Dark Pulse|p1a: Stalleye","|-damage|p1a: Stalleye|119/304 brn","|","|-damage|p1a: Stalleye|81/304 brn|[from] brn","|turn|16","|","|move|p1a: Stalleye|Recover|p1a: Stalleye","|-heal|p1a: Stalleye|233/304 brn","|move|p2a: Queen|Dark Pulse|p1a: Stalleye","|-damage|p1a: Stalleye|166/304 brn","|","|-damage|p1a: Stalleye|128/304 brn|[from] brn","|turn|17","|","|move|p1a: Stalleye|Recover|p1a: Stalleye","|-heal|p1a: Stalleye|280/304 brn","|move|p2a: Queen|Dark Pulse|p1a: Stalleye","|-damage|p1a: Stalleye|208/304 brn","|","|-damage|p1a: Stalleye|170/304 brn|[from] brn","|turn|18","|","|switch|p2a: Bishop|Hoopa|364/364","|move|p1a: Stalleye|Dazzling Gleam|p2a: Bishop","|-damage|p2a: Bishop|322/364","|","|-damage|p1a: Stalleye|132/304 brn|[from] brn","|turn|19","|","|move|p2a: Bishop|Shadow Ball|p1a: Stalleye","|-damage|p1a: Stalleye|0 fnt","|faint|p1a: Stalleye","|","|","|switch|p1a: Chandelure Bing|Chandelure, M, shiny|261/261","|turn|20","|","|switch|p2a: Queen|Sableye-Mega, F|249/303","|move|p1a: Chandelure Bing|Shadow Ball|p2a: Queen","|-damage|p2a: Queen|117/303","|","|turn|21","|","|move|p1a: Chandelure Bing|Shadow Ball|p2a: Queen","|-damage|p2a: Queen|0 fnt","|faint|p2a: Queen","|","|","|switch|p2a: King|Jellicent, M|329/404 brn","|turn|22","|","|move|p1a: Chandelure Bing|Shadow Ball|p2a: King","|-supereffective|p2a: King","|-damage|p2a: King|117/404 brn","|move|p2a: King|Trick Room|p2a: King","|-fieldstart|move: Trick Room|[of] p2a: King","|","|-heal|p2a: King|142/404 brn|[from] item: Leftovers","|-damage|p2a: King|92/404 brn|[from] brn","|turn|23","|","|switch|p1a: Jellicent|Jellicent, M|379/404 tox","|move|p2a: King|Scald|p1a: Jellicent","|-resisted|p1a: Jellicent","|-damage|p1a: Jellicent|352/404 tox","|-start|p2a: King|Disable|Scald","|","|-heal|p2a: King|117/404 brn|[from] item: Leftovers","|-heal|p1a: Jellicent|377/404 tox|[from] item: Leftovers","|-damage|p2a: King|67/404 brn|[from] brn","|-damage|p1a: Jellicent|352/404 tox|[from] psn","|turn|24","|","|move|p2a: King|Recover|p2a: King","|-heal|p2a: King|269/404 brn","|move|p1a: Jellicent|Confuse Ray|p2a: King","|-start|p2a: King|confusion","|","|-heal|p2a: King|294/404 brn|[from] item: Leftovers","|-heal|p1a: Jellicent|377/404 tox|[from] item: Leftovers","|-damage|p2a: King|244/404 brn|[from] brn","|-damage|p1a: Jellicent|327/404 tox|[from] psn","|turn|25","|","|switch|p2a: Bishop|Hoopa|322/364","|move|p1a: Jellicent|Scald|p2a: Bishop","|-damage|p2a: Bishop|261/364","|","|-heal|p1a: Jellicent|352/404 tox|[from] item: Leftovers","|-damage|p1a: Jellicent|277/404 tox|[from] psn","|turn|26","|","|move|p2a: Bishop|Shadow Ball|p1a: Jellicent","|-supereffective|p1a: Jellicent","|-damage|p1a: Jellicent|0 fnt","|faint|p1a: Jellicent","|","|-fieldend|move: Trick Room","|","|switch|p1a: Chandelure Bing|Chandelure, M, shiny|261/261","|turn|27","|","|switch|p2a: Rook|Golurk|381/381","|move|p1a: Chandelure Bing|Shadow Ball|p2a: Rook","|-supereffective|p2a: Rook","|-damage|p2a: Rook|0 fnt","|faint|p2a: Rook","|","|","|switch|p2a: King|Jellicent, M|244/404 brn","|turn|28","|","|move|p1a: Chandelure Bing|Shadow Ball|p2a: King","|-supereffective|p2a: King","|-damage|p2a: King|32/404 brn","|move|p2a: King|Trick Room|p2a: King","|-fieldstart|move: Trick Room|[of] p2a: King","|","|-heal|p2a: King|57/404 brn|[from] item: Leftovers","|-damage|p2a: King|7/404 brn|[from] brn","|turn|29","|","|switch|p1a: Avant-Garde|Aegislash, F, shiny|324/324","|move|p2a: King|Scald|p1a: Avant-Garde","|-damage|p1a: Avant-Garde|263/324","|-status|p1a: Avant-Garde|brn","|","|-heal|p2a: King|32/404 brn|[from] item: Leftovers","|-damage|p2a: King|0 fnt|[from] brn","|-damage|p1a: Avant-Garde|223/324 brn|[from] brn","|faint|p2a: King","|","|switch|p2a: Bishop|Hoopa|261/364","|turn|30","|","|-formechange|p1a: Avant-Garde|Aegislash-Blade","|move|p1a: Avant-Garde|Shadow Sneak|p2a: Bishop","|-supereffective|p2a: Bishop","|-damage|p2a: Bishop|0 fnt","|faint|p2a: Bishop","|","|win|GTXShinigami"],"p1rating":{"entryid":"7117851","serverid":"eos","formatid":"monotype","userid":"gtxshinigami","username":"GTX▽Shinigami","w":2,"l":"14","t":"0","gxe":24.8,"r":"1277.598009507","rd":"83.363656164758","sigma":"0","rptime":"1438160400","rpr":1285.7116014267,"rprd":78.737508684599,"rpsigma":"0","acre":1047.4344921758,"lacre":1047.4344921758,"oldacre":"1000"},"p2rating":{"entryid":"5769241","serverid":"eos","formatid":"monotype","userid":"fullentropy","username":"Full Entropy","w":"8","l":22,"t":"0","gxe":31.7,"r":"1393.4422519296","rd":"68.349225955361","sigma":"0","rptime":"1438160400","rpr":1353.5869446115,"rprd":61.468751747081,"rpsigma":"0","acre":1041.8542683555,"lacre":1041.8542683555,"oldacre":"1065.3345602204"},"endType":"normal"}