{"seed":[44245,40050,5474,29633],"turns":33,"p1":"Diamond Jax","p2":"MrNyanNyanz","p1team":[{"name":"Darude","species":"hippowdon","item":"leftovers","ability":"Sand Stream","moves":["stealthrock","earthquake","slackoff","roar"],"nature":"Impish","evs":{"hp":252,"atk":4,"def":252,"spa":0,"spd":0,"spe":0},"ivs":{"hp":31,"atk":31,"def":31,"spa":31,"spd":31,"spe":31}},{"name":"War Stripes","species":"excadrill","item":"lifeorb","ability":"Sand Rush","moves":["earthquake","rockslide","ironhead","rapidspin"],"nature":"Adamant","evs":{"hp":0,"atk":252,"def":0,"spa":0,"spd":4,"spe":252},"ivs":{"hp":31,"atk":31,"def":31,"spa":31,"spd":31,"spe":31}},{"name":"Pinhead Larry","species":"landorus","item":"lifeorb","ability":"Sheer Force","moves":["earthpower","psychic","sludgewave","gravity"],"nature":"Timid","evs":{"hp":0,"atk":0,"def":0,"spa":252,"spd":4,"spe":252},"ivs":{"hp":31,"atk":31,"def":31,"spa":31,"spd":31,"spe":31}},{"name":"Land Shark","species":"garchomp","item":"choicescarf","ability":"Sand Veil","moves":["earthquake","stoneedge","fireblast","outrage"],"nature":"Naive","evs":{"hp":0,"atk":252,"def":0,"spa":4,"spd":0,"spe":252},"ivs":{"hp":31,"atk":31,"def":31,"spa":31,"spd":31,"spe":31}},{"name":"Glazed","species":"claydol","item":"lightclay","ability":"Levitate","moves":["lightscreen","reflect","toxic","psychic"],"nature":"Calm","evs":{"hp":248,"atk":0,"def":0,"spa":8,"spd":252,"spe":0},"ivs":{"hp":31,"atk":31,"def":31,"spa":31,"spd":31,"spe":31}},{"name":"Elefante","species":"nidoking","item":"assaultvest","ability":"Sheer Force","moves":["sludgewave","earthpower","fireblast","icebeam"],"nature":"Timid","evs":{"hp":8,"atk":0,"def":0,"spa":252,"spd":0,"spe":248},"ivs":{"hp":31,"atk":31,"def":31,"spa":31,"spd":31,"spe":31}}],"p2team":[{"name":"Kecleon","species":"Kecleon","item":"lifeorb","ability":"Protean","moves":["suckerpunch","poweruppunch","shadowsneak","fakeout"],"nature":"Adamant","evs":{"hp":248,"atk":252,"def":0,"spa":0,"spd":8,"spe":0},"ivs":{"hp":31,"atk":31,"def":31,"spa":31,"spd":31,"spe":31}},{"name":"Chansey","species":"Chansey","item":"eviolite","ability":"Natural Cure","moves":["healbell","toxic","seismictoss","wish"],"nature":"Bold","evs":{"hp":248,"atk":0,"def":252,"spa":0,"spd":8,"spe":0},"ivs":{"hp":31,"atk":31,"def":31,"spa":31,"spd":31,"spe":31}},{"name":"Pidgeot","species":"Pidgeot","item":"pidgeotite","ability":"Keen Eye","moves":["hurricane","heatwave","protect","ominouswind"],"nature":"Timid","evs":{"hp":0,"atk":0,"def":0,"spa":252,"spd":4,"spe":252},"ivs":{"hp":31,"atk":31,"def":31,"spa":31,"spd":31,"spe":31}},{"name":"Staraptor","species":"Staraptor","item":"choicescarf","ability":"Reckless","moves":["bravebird","closecombat","doubleedge","uturn"],"nature":"Jolly","evs":{"hp":0,"atk":252,"def":0,"spa":0,"spd":4,"spe":252},"ivs":{"hp":31,"atk":31,"def":31,"spa":31,"spd":31,"spe":31}},{"name":"Porygon2","species":"Porygon2","item":"eviolite","ability":"Trace","moves":["recover","icebeam","discharge","toxic"],"nature":"Modest","evs":{"hp":252,"atk":0,"def":2,"spa":252,"spd":2,"spe":0},"ivs":{"hp":31,"atk":31,"def":31,"spa":31,"spd":31,"spe":31}},{"name":"Cinccino","species":"Cinccino","item":"kingsrock","ability":"Skill Link","moves":["bulletseed","rockblast","tailslap","encore"],"nature":"Jolly","evs":{"hp":0,"atk":252,"def":0,"spa":0,"spd":4,"spe":252},"ivs":{"hp":31,"atk":31,"def":31,"spa":31,"spd":31,"spe":31}}],"log":["|player|p1|Diamond Jax|diamondjax.png","|player|p2|MrNyanNyanz|mrnyannyanz.png","|gametype|singles","|gen|6","|tier|Monotype","|rated","|rule|Baton Pass Clause: Limit one Baton Passer, can't pass Spe and other stats simultaneously","|rule|Swagger Clause: Swagger is banned","|rule|Same Type Clause: Pokémon in a team must share a type","|clearpoke","|poke|p1|Hippowdon, M","|poke|p1|Excadrill, M","|poke|p1|Landorus, M","|poke|p1|Garchomp, F","|poke|p1|Claydol","|poke|p1|Nidoking, M","|poke|p2|Kecleon, M","|poke|p2|Chansey, F","|poke|p2|Pidgeot, F","|poke|p2|Staraptor, F","|poke|p2|Porygon2","|poke|p2|Cinccino, M","|rule|Sleep Clause Mod: Limit one foe put to sleep","|rule|Species Clause: Limit one of each Pokémon","|rule|OHKO Clause: OHKO moves are banned","|rule|Moody Clause: Moody is banned","|rule|Evasion Moves Clause: Evasion moves are banned","|rule|Endless Battle Clause: Forcing endless battles is banned","|rule|HP Percentage Mod: HP is shown in percentages","|teampreview","|","|start","|switch|p1a: Darude|Hippowdon, M|420/420","|switch|p2a: Porygon2|Porygon2|374/374","|-ability|p2a: Porygon2|Sand Stream|[from] ability: Trace|[of] p1a: Darude","|-weather|Sandstorm","|turn|1","|","|switch|p1a: Glazed|Claydol|323/323","|move|p2a: Porygon2|Ice Beam|p1a: Glazed","|-supereffective|p1a: Glazed","|-damage|p1a: Glazed|189/323","|","|-weather|Sandstorm|[upkeep]","|-damage|p2a: Porygon2|351/374|[from] sandstorm","|turn|2","|","|move|p1a: Glazed|Light Screen|p1a: Glazed","|-sidestart|p1: Diamond Jax|move: Light Screen","|move|p2a: Porygon2|Toxic|p1a: Glazed","|-status|p1a: Glazed|tox","|","|-weather|Sandstorm|[upkeep]","|-damage|p2a: Porygon2|328/374|[from] sandstorm","|-damage|p1a: Glazed|169/323 tox|[from] psn","|turn|3","|","|switch|p2a: Kecleon|Kecleon, M|323/323","|move|p1a: Glazed|Toxic|p2a: Kecleon","|-status|p2a: Kecleon|tox","|","|-weather|Sandstorm|[upkeep]","|-damage|p2a: Kecleon|303/323 tox|[from] sandstorm","|-damage|p1a: Glazed|129/323 tox|[from] psn","|-damage|p2a: Kecleon|283/323 tox|[from] psn","|turn|4","|","|move|p2a: Kecleon|Fake Out|p1a: Glazed","|-damage|p1a: Glazed|50/323 tox","|-damage|p2a: Kecleon|251/323 tox|[from] item: Life Orb","|cant|p1a: Glazed|flinch","|","|-weather|Sandstorm|[upkeep]","|-damage|p2a: Kecleon|231/323 tox|[from] sandstorm","|-damage|p1a: Glazed|0 fnt|[from] psn","|-damage|p2a: Kecleon|191/323 tox|[from] psn","|faint|p1a: Glazed","|","|switch|p1a: Elefante|Nidoking, M|305/305","|turn|5","|","|switch|p2a: Chansey|Chansey, F|703/703","|move|p1a: Elefante|Sludge Wave|p2a: Chansey","|-damage|p2a: Chansey|591/703","|","|-weather|none","|turn|6","|","|switch|p1a: Darude|Hippowdon, M|420/420","|-weather|Sandstorm","|move|p2a: Chansey|Heal Bell|p2a: Chansey","|-cureteam|p2a: Chansey|[from] move: HealBell","|","|-weather|Sandstorm|[upkeep]","|-damage|p2a: Chansey|548/703|[from] sandstorm","|turn|7","|","|move|p2a: Chansey|Wish|p2a: Chansey","|move|p1a: Darude|Roar|p2a: Chansey","|drag|p2a: Porygon2|Porygon2|328/374","|-ability|p2a: Porygon2|Sand Stream|[from] ability: Trace|[of] p1a: Darude","|","|-weather|Sandstorm|[upkeep]","|-damage|p2a: Porygon2|305/374|[from] sandstorm","|turn|8","|","|move|p2a: Porygon2|Ice Beam|p1a: Darude","|-supereffective|p1a: Darude","|-damage|p1a: Darude|295/420","|move|p1a: Darude|Stealth Rock|p2a: Porygon2","|-sidestart|p2: MrNyanNyanz|move: Stealth Rock","|","|-weather|Sandstorm|[upkeep]","|-damage|p2a: Porygon2|282/374|[from] sandstorm","|-heal|p2a: Porygon2|374/374|[from] move: Wish|[wisher] Chansey","|-heal|p1a: Darude|321/420|[from] item: Leftovers","|turn|9","|","|switch|p1a: War Stripes|Excadrill, M|361/361","|move|p2a: Porygon2|Toxic|p1a: War Stripes","|-immune|p1a: War Stripes|[msg]","|","|-weather|Sandstorm|[upkeep]","|-damage|p2a: Porygon2|351/374|[from] sandstorm","|-sideend|p1: Diamond Jax|move: Light Screen","|turn|10","|","|move|p1a: War Stripes|Earthquake|p2a: Porygon2","|-damage|p2a: Porygon2|176/374","|-damage|p1a: War Stripes|325/361|[from] item: Life Orb","|move|p2a: Porygon2|Ice Beam|p1a: War Stripes","|-damage|p1a: War Stripes|177/361","|","|-weather|none","|turn|11","|","|move|p1a: War Stripes|Iron Head|p2a: Porygon2","|-damage|p2a: Porygon2|23/374","|-damage|p1a: War Stripes|141/361|[from] item: Life Orb","|cant|p2a: Porygon2|flinch","|","|turn|12","|","|move|p1a: War Stripes|Iron Head|p2a: Porygon2","|-damage|p2a: Porygon2|0 fnt","|-damage|p1a: War Stripes|105/361|[from] item: Life Orb","|faint|p2a: Porygon2","|","|","|switch|p2a: Kecleon|Kecleon, M|191/323","|-damage|p2a: Kecleon|151/323|[from] Stealth Rock","|turn|13","|","|switch|p1a: Darude|Hippowdon, M|321/420","|-weather|Sandstorm","|move|p2a: Kecleon|Fake Out|p1a: Darude","|-damage|p1a: Darude|266/420","|-damage|p2a: Kecleon|119/323|[from] item: Life Orb","|","|-weather|Sandstorm|[upkeep]","|-damage|p2a: Kecleon|99/323|[from] sandstorm","|-heal|p1a: Darude|292/420|[from] item: Leftovers","|turn|14","|","|switch|p2a: Cinccino|Cinccino, M|291/291","|-damage|p2a: Cinccino|255/291|[from] Stealth Rock","|move|p1a: Darude|Slack Off|p1a: Darude","|-heal|p1a: Darude|420/420","|","|-weather|Sandstorm|[upkeep]","|-damage|p2a: Cinccino|237/291|[from] sandstorm","|turn|15","|","|move|p2a: Cinccino|Bullet Seed|p1a: Darude","|-supereffective|p1a: Darude","|-damage|p1a: Darude|388/420","|-supereffective|p1a: Darude","|-damage|p1a: Darude|354/420","|-supereffective|p1a: Darude","|-damage|p1a: Darude|320/420","|-supereffective|p1a: Darude","|-damage|p1a: Darude|288/420","|-supereffective|p1a: Darude","|-damage|p1a: Darude|256/420","|-hitcount|p1a: Darude|5","|cant|p1a: Darude|flinch","|","|-weather|Sandstorm|[upkeep]","|-damage|p2a: Cinccino|219/291|[from] sandstorm","|-heal|p1a: Darude|282/420|[from] item: Leftovers","|turn|16","|","|switch|p1a: Land Shark|Garchomp, F|357/357","|move|p2a: Cinccino|Bullet Seed|p1a: Land Shark","|-damage|p1a: Land Shark|332/357","|-damage|p1a: Land Shark|305/357","|-damage|p1a: Land Shark|281/357","|-damage|p1a: Land Shark|257/357","|-damage|p1a: Land Shark|232/357","|-hitcount|p1a: Land Shark|5","|","|-weather|Sandstorm|[upkeep]","|-damage|p2a: Cinccino|201/291|[from] sandstorm","|turn|17","|","|move|p1a: Land Shark|Outrage|p2a: Cinccino","|-damage|p2a: Cinccino|0 fnt","|faint|p2a: Cinccino","|","|-weather|none","|","|switch|p2a: Kecleon|Kecleon, M|99/323","|-damage|p2a: Kecleon|59/323|[from] Stealth Rock","|turn|18","|","|move|p2a: Kecleon|Fake Out|p1a: Land Shark","|-damage|p1a: Land Shark|145/357","|-damage|p2a: Kecleon|27/323|[from] item: Life Orb","|cant|p1a: Land Shark|flinch","|","|-start|p1a: Land Shark|confusion|[fatigue]","|turn|19","|","|switch|p1a: Darude|Hippowdon, M|282/420","|-weather|Sandstorm","|move|p2a: Kecleon|Sucker Punch|p1a: Darude","|-start|p2a: Kecleon|typechange|Dark|[from] Protean","|-fail|p2a: Kecleon","|","|-weather|Sandstorm|[upkeep]","|-damage|p2a: Kecleon|7/323|[from] sandstorm","|-heal|p1a: Darude|308/420|[from] item: Leftovers","|turn|20","|","|move|p1a: Darude|Slack Off|p1a: Darude","|-heal|p1a: Darude|420/420","|move|p2a: Kecleon|Power-Up Punch|p1a: Darude","|-start|p2a: Kecleon|typechange|Fighting|[from] Protean","|-damage|p1a: Darude|369/420","|-boost|p2a: Kecleon|atk|1","|-damage|p2a: Kecleon|0 fnt|[from] item: Life Orb","|faint|p2a: Kecleon","|","|-weather|Sandstorm|[upkeep]","|-heal|p1a: Darude|395/420|[from] item: Leftovers","|","|switch|p2a: Pidgeot|Pidgeot, F|307/307","|-damage|p2a: Pidgeot|231/307|[from] Stealth Rock","|turn|21","|","|switch|p1a: War Stripes|Excadrill, M|105/361","|detailschange|p2a: Pidgeot|Pidgeot-Mega, F","|-mega|p2a: Pidgeot|Pidgeot|Pidgeotite","|move|p2a: Pidgeot|Hurricane|p1a: War Stripes","|-resisted|p1a: War Stripes","|-damage|p1a: War Stripes|0 fnt","|faint|p1a: War Stripes","|","|-weather|Sandstorm|[upkeep]","|-damage|p2a: Pidgeot|212/307|[from] sandstorm","|","|switch|p1a: Land Shark|Garchomp, F|145/357","|turn|22","|","|move|p2a: Pidgeot|Protect|p2a: Pidgeot","|-singleturn|p2a: Pidgeot|Protect","|move|p1a: Land Shark|Stone Edge|p2a: Pidgeot","|-activate|p2a: Pidgeot|Protect","|","|-weather|Sandstorm|[upkeep]","|-damage|p2a: Pidgeot|193/307|[from] sandstorm","|turn|23","|","|switch|p2a: Chansey|Chansey, F|548/703","|-damage|p2a: Chansey|461/703|[from] Stealth Rock","|move|p1a: Land Shark|Stone Edge|p2a: Chansey","|-damage|p2a: Chansey|311/703","|","|-weather|none","|turn|24","|","|switch|p1a: Darude|Hippowdon, M|395/420","|-weather|Sandstorm","|move|p2a: Chansey|Wish|p2a: Chansey","|","|-weather|Sandstorm|[upkeep]","|-damage|p2a: Chansey|268/703|[from] sandstorm","|-heal|p1a: Darude|420/420|[from] item: Leftovers","|turn|25","|","|move|p2a: Chansey|Toxic|p1a: Darude","|-status|p1a: Darude|tox","|move|p1a: Darude|Earthquake|p2a: Chansey","|-damage|p2a: Chansey|99/703","|","|-weather|Sandstorm|[upkeep]","|-damage|p2a: Chansey|56/703|[from] sandstorm","|-heal|p2a: Chansey|407/703|[from] move: Wish|[wisher] Chansey","|-damage|p1a: Darude|394/420 tox|[from] psn","|turn|26","|","|move|p2a: Chansey|Wish|p2a: Chansey","|move|p1a: Darude|Earthquake|p2a: Chansey","|-damage|p2a: Chansey|245/703","|","|-weather|Sandstorm|[upkeep]","|-damage|p2a: Chansey|202/703|[from] sandstorm","|-heal|p1a: Darude|420/420 tox|[from] item: Leftovers","|-damage|p1a: Darude|368/420 tox|[from] psn","|turn|27","|","|move|p2a: Chansey|Seismic Toss|p1a: Darude","|-damage|p1a: Darude|268/420 tox","|move|p1a: Darude|Roar|p2a: Chansey","|drag|p2a: Staraptor|Staraptor, F|311/311","|-damage|p2a: Staraptor|234/311|[from] Stealth Rock","|","|-weather|Sandstorm|[upkeep]","|-damage|p2a: Staraptor|215/311|[from] sandstorm","|-heal|p2a: Staraptor|311/311|[from] move: Wish|[wisher] Chansey","|-heal|p1a: Darude|294/420 tox|[from] item: Leftovers","|-damage|p1a: Darude|216/420 tox|[from] psn","|turn|28","|","|move|p2a: Staraptor|Brave Bird|p1a: Darude","|-damage|p1a: Darude|57/420 tox","|-damage|p2a: Staraptor|259/311|[from] recoil|[of] p1a: Darude","|move|p1a: Darude|Roar|p2a: Staraptor","|drag|p2a: Pidgeot|Pidgeot-Mega, F|193/307","|-damage|p2a: Pidgeot|117/307|[from] Stealth Rock","|","|-weather|none","|-heal|p1a: Darude|83/420 tox|[from] item: Leftovers","|-damage|p1a: Darude|0 fnt|[from] psn","|faint|p1a: Darude","|","|switch|p1a: Land Shark|Garchomp, F|145/357","|turn|29","|","|move|p2a: Pidgeot|Protect|p2a: Pidgeot","|-singleturn|p2a: Pidgeot|Protect","|move|p1a: Land Shark|Outrage|p2a: Pidgeot","|-activate|p2a: Pidgeot|Protect","|","|turn|30","|","|switch|p2a: Chansey|Chansey, F|202/703","|-damage|p2a: Chansey|115/703|[from] Stealth Rock","|move|p1a: Land Shark|Outrage|p2a: Chansey","|-damage|p2a: Chansey|0 fnt","|faint|p2a: Chansey","|","|","|switch|p2a: Pidgeot|Pidgeot-Mega, F|117/307","|-damage|p2a: Pidgeot|41/307|[from] Stealth Rock","|turn|31","|","|move|p2a: Pidgeot|Protect|p2a: Pidgeot","|-singleturn|p2a: Pidgeot|Protect","|move|p1a: Land Shark|Outrage|p2a: Pidgeot","|-activate|p2a: Pidgeot|Protect","|","|turn|32","|","|move|p1a: Land Shark|Outrage|p2a: Pidgeot","|-damage|p2a: Pidgeot|0 fnt","|faint|p2a: Pidgeot","|","|","|switch|p2a: Staraptor|Staraptor, F|259/311","|-damage|p2a: Staraptor|182/311|[from] Stealth Rock","|turn|33","|","|move|p1a: Land Shark|Outrage|p2a: Staraptor","|-damage|p2a: Staraptor|0 fnt","|-start|p1a: Land Shark|confusion|[fatigue]","|faint|p2a: Staraptor","|","|win|Diamond Jax"],"p1rating":{"entryid":"6934379","serverid":"eos","formatid":"monotype","userid":"diamondjax","username":"Diamond Jax","w":55,"l":"23","t":"0","gxe":66.5,"r":"1620.668178716","rd":"41.895015148118","sigma":"0","rptime":"1438160400","rpr":1629.9941622311,"rprd":41.334562146355,"rpsigma":"0","acre":1359.5961466727,"lacre":1359.5961466727,"oldacre":"1350.7593642264"},"p2rating":{"entryid":"6703862","serverid":"eos","formatid":"monotype","userid":"mrnyannyanz","username":"MrNyanNyanz","w":"15","l":10,"t":"0","gxe":54.2,"r":"1542.2359024055","rd":"68.065334661196","sigma":"0","rptime":"1438160400","rpr":1532.2843467241,"rprd":66.875958871008,"rpsigma":"0","acre":1120.7741348227,"lacre":1120.7741348227,"oldacre":"1131.8201128805"},"endType":"normal"}