{"seed":[31116,58232,39515,63719],"turns":26,"p1":"GTX♅Bzumzum","p2":"Masterr arceus","p1team":[{"name":"Blue Eggey","species":"azumarill","item":"leftovers","ability":"Sap Sipper","moves":["aquajet","perishsong","playrough","waterfall"],"nature":"Impish","evs":{"hp":8,"atk":248,"def":0,"spa":0,"spd":0,"spe":252},"gender":"M","ivs":{"hp":31,"atk":31,"def":31,"spa":31,"spd":31,"spe":31}},{"name":"Big-Mouth","species":"gyarados","item":"kingsrock","ability":"Intimidate","moves":["dragondance","bounce","waterfall","earthquake"],"nature":"Jolly","evs":{"hp":4,"atk":252,"def":0,"spa":0,"spd":0,"spe":252},"gender":"M","shiny":true,"ivs":{"hp":31,"atk":31,"def":31,"spa":31,"spd":31,"spe":31}},{"name":"Watch-me-Sweep","species":"rotomwash","item":"redcard","ability":"Levitate","moves":["hydropump","willowisp","voltswitch","thunder"],"nature":"Timid","evs":{"hp":196,"atk":0,"def":0,"spa":60,"spd":252,"spe":0},"shiny":true,"ivs":{"hp":31,"atk":31,"def":31,"spa":31,"spd":31,"spe":31}},{"name":"Wish upon Me","species":"starmie","item":"leftovers","ability":"Natural Cure","moves":["flashcannon","icebeam","rapidspin","recover"],"nature":"Modest","evs":{"hp":252,"atk":0,"def":12,"spa":220,"spd":24,"spe":0},"shiny":true,"ivs":{"hp":31,"atk":31,"def":31,"spa":31,"spd":31,"spe":31}},{"name":"WHAT-A-BLAST!!!","species":"blastoise","item":"blastoisinite","ability":"Rain Dish","moves":["hydropump","aurasphere","dragonpulse","signalbeam"],"nature":"Timid","evs":{"hp":248,"atk":0,"def":0,"spa":252,"spd":8,"spe":0},"gender":"M","shiny":true,"ivs":{"hp":31,"atk":31,"def":31,"spa":31,"spd":31,"spe":31}},{"name":"Sharpest Fish","species":"sharpedo","item":"focussash","ability":"Speed Boost","moves":["aquajet","earthquake","icefang","protect"],"nature":"Adamant","evs":{"hp":4,"atk":252,"def":0,"spa":0,"spd":0,"spe":252},"gender":"M","shiny":true,"ivs":{"hp":31,"atk":31,"def":31,"spa":31,"spd":31,"spe":31}}],"p2team":[{"name":"Heatran","species":"Heatran","item":"airballoon","ability":"Flash Fire","moves":["fireblast","hiddenpowerice","ancientpower","earthpower"],"nature":"Modest","evs":{"hp":248,"atk":0,"def":0,"spa":252,"spd":8,"spe":0},"ivs":{"hp":31,"atk":30,"def":30,"spa":31,"spd":31,"spe":31}},{"name":"Charizard","species":"Charizard","item":"charizarditey","ability":"Blaze","moves":["hiddenpowerice","ancientpower","fireblast","focusblast"],"nature":"Timid","evs":{"hp":0,"atk":0,"def":0,"spa":252,"spd":4,"spe":252},"ivs":{"hp":31,"atk":30,"def":30,"spa":31,"spd":31,"spe":31}},{"name":"Torkoal","species":"Torkoal","item":"leftovers","ability":"White Smoke","moves":["stoneedge","stealthrock","rapidspin","toxic"],"nature":"Impish","evs":{"hp":252,"atk":4,"def":252,"spa":0,"spd":0,"spe":0},"ivs":{"hp":31,"atk":31,"def":31,"spa":31,"spd":31,"spe":31}},{"name":"Volcarona","species":"Volcarona","item":"focussash","ability":"Flame Body","moves":["gigadrain","quiverdance","hiddenpowerground","fierydance"],"nature":"Modest","evs":{"hp":0,"atk":0,"def":0,"spa":252,"spd":4,"spe":252},"ivs":{"hp":31,"atk":31,"def":31,"spa":30,"spd":30,"spe":31}},{"name":"Victini","species":"Victini","item":"choicescarf","ability":"Victory Star","moves":["boltstrike","vcreate","glaciate","uturn"],"nature":"Hasty","evs":{"hp":0,"atk":252,"def":0,"spa":4,"spd":0,"spe":252},"ivs":{"hp":31,"atk":30,"def":30,"spa":31,"spd":31,"spe":31}},{"name":"Ninetales","species":"Ninetales","item":"heatrock","ability":"Drought","moves":["painsplit","substitute","flamethrower","solarbeam"],"nature":"Bold","evs":{"hp":0,"atk":0,"def":0,"spa":252,"spd":4,"spe":252},"ivs":{"hp":31,"atk":31,"def":31,"spa":31,"spd":31,"spe":31}}],"log":["|player|p1|GTX♅Bzumzum|225","|player|p2|Masterr arceus|268","|gametype|singles","|gen|6","|tier|Monotype","|rated","|rule|Baton Pass Clause: Limit one Baton Passer, can't pass Spe and other stats simultaneously","|rule|Swagger Clause: Swagger is banned","|rule|Same Type Clause: Pokémon in a team must share a type","|clearpoke","|poke|p1|Azumarill, M","|poke|p1|Gyarados, M, shiny","|poke|p1|Rotom-Wash, shiny","|poke|p1|Starmie, shiny","|poke|p1|Blastoise, M, shiny","|poke|p1|Sharpedo, M, shiny","|poke|p2|Heatran, F","|poke|p2|Charizard, M","|poke|p2|Torkoal, M","|poke|p2|Volcarona, F","|poke|p2|Victini","|poke|p2|Ninetales, M","|rule|Sleep Clause Mod: Limit one foe put to sleep","|rule|Species Clause: Limit one of each Pokémon","|rule|OHKO Clause: OHKO moves are banned","|rule|Moody Clause: Moody is banned","|rule|Evasion Moves Clause: Evasion moves are banned","|rule|Endless Battle Clause: Forcing endless battles is banned","|rule|HP Percentage Mod: HP is shown in percentages","|teampreview","|","|start","|switch|p1a: Sharpest Fish|Sharpedo, M, shiny|282/282","|switch|p2a: Ninetales|Ninetales, M|287/287","|-weather|SunnyDay","|turn|1","|","|move|p1a: Sharpest Fish|Protect|p1a: Sharpest Fish","|-singleturn|p1a: Sharpest Fish|Protect","|move|p2a: Ninetales|Solar Beam|p1a: Sharpest Fish|[still]","|-prepare|p2a: Ninetales|Solar Beam|p1a: Sharpest Fish","|-anim|p2a: Ninetales|Solar Beam|p1a: Sharpest Fish","|-activate|p1a: Sharpest Fish|Protect","|","|-weather|SunnyDay|[upkeep]","|-boost|p1a: Sharpest Fish|spe|1|[from] ability: Speed Boost","|turn|2","|","|move|p1a: Sharpest Fish|Earthquake|p2a: Ninetales","|-supereffective|p2a: Ninetales","|-damage|p2a: Ninetales|3/287","|move|p2a: Ninetales|Solar Beam|p1a: Sharpest Fish|[still]","|-prepare|p2a: Ninetales|Solar Beam|p1a: Sharpest Fish","|-anim|p2a: Ninetales|Solar Beam|p1a: Sharpest Fish","|-supereffective|p1a: Sharpest Fish","|-enditem|p1a: Sharpest Fish|Focus Sash","|-damage|p1a: Sharpest Fish|1/282","|","|-weather|SunnyDay|[upkeep]","|-boost|p1a: Sharpest Fish|spe|1|[from] ability: Speed Boost","|turn|3","|","|switch|p2a: Torkoal|Torkoal, M|344/344","|move|p1a: Sharpest Fish|Aqua Jet|p2a: Torkoal","|-supereffective|p2a: Torkoal","|-damage|p2a: Torkoal|296/344","|","|-weather|SunnyDay|[upkeep]","|-heal|p2a: Torkoal|317/344|[from] item: Leftovers","|-boost|p1a: Sharpest Fish|spe|1|[from] ability: Speed Boost","|turn|4","|","|move|p1a: Sharpest Fish|Protect|p1a: Sharpest Fish","|-singleturn|p1a: Sharpest Fish|Protect","|move|p2a: Torkoal|Stealth Rock|p1a: Sharpest Fish","|-sidestart|p1: GTX♅Bzumzum|move: Stealth Rock","|","|-weather|SunnyDay|[upkeep]","|-heal|p2a: Torkoal|338/344|[from] item: Leftovers","|-boost|p1a: Sharpest Fish|spe|1|[from] ability: Speed Boost","|turn|5","|","|move|p1a: Sharpest Fish|Earthquake|p2a: Torkoal","|-supereffective|p2a: Torkoal","|-damage|p2a: Torkoal|196/344","|move|p2a: Torkoal|Rapid Spin|p1a: Sharpest Fish","|-damage|p1a: Sharpest Fish|0 fnt","|faint|p1a: Sharpest Fish","|","|-weather|SunnyDay|[upkeep]","|-heal|p2a: Torkoal|217/344|[from] item: Leftovers","|","|switch|p1a: Wish upon Me|Starmie, shiny|324/324","|-damage|p1a: Wish upon Me|284/324|[from] Stealth Rock","|turn|6","|","|move|p1a: Wish upon Me|Flash Cannon|p2a: Torkoal","|-resisted|p2a: Torkoal","|-damage|p2a: Torkoal|159/344","|move|p2a: Torkoal|Toxic|p1a: Wish upon Me","|-status|p1a: Wish upon Me|tox","|","|-weather|SunnyDay|[upkeep]","|-heal|p1a: Wish upon Me|304/324 tox|[from] item: Leftovers","|-heal|p2a: Torkoal|180/344|[from] item: Leftovers","|-damage|p1a: Wish upon Me|284/324 tox|[from] psn","|turn|7","|","|move|p1a: Wish upon Me|Rapid Spin|p2a: Torkoal","|-damage|p2a: Torkoal|174/344","|-sideend|p1: GTX♅Bzumzum|Stealth Rock|[from] move: Rapid Spin|[of] p1a: Wish upon Me","|move|p2a: Torkoal|Stone Edge|p1a: Wish upon Me","|-damage|p1a: Wish upon Me|202/324 tox","|","|-weather|SunnyDay|[upkeep]","|-heal|p1a: Wish upon Me|222/324 tox|[from] item: Leftovers","|-heal|p2a: Torkoal|195/344|[from] item: Leftovers","|-damage|p1a: Wish upon Me|182/324 tox|[from] psn","|turn|8","|","|switch|p2a: Volcarona|Volcarona, F|311/311","|move|p1a: Wish upon Me|Flash Cannon|p2a: Volcarona","|-resisted|p2a: Volcarona","|-damage|p2a: Volcarona|267/311","|-unboost|p2a: Volcarona|spd|1","|","|-weather|none","|-heal|p1a: Wish upon Me|202/324 tox|[from] item: Leftovers","|-damage|p1a: Wish upon Me|142/324 tox|[from] psn","|turn|9","|","|switch|p1a: Blue Eggey|Azumarill, M|343/343","|move|p2a: Volcarona|Quiver Dance|p2a: Volcarona","|-boost|p2a: Volcarona|spa|1","|-boost|p2a: Volcarona|spd|1","|-boost|p2a: Volcarona|spe|1","|","|turn|10","|","|move|p1a: Blue Eggey|Aqua Jet|p2a: Volcarona","|-supereffective|p2a: Volcarona","|-damage|p2a: Volcarona|157/311","|move|p2a: Volcarona|Giga Drain|p1a: Blue Eggey","|-boost|p1a: Blue Eggey|atk|1|[from] ability: Sap Sipper","|","|turn|11","|","|move|p1a: Blue Eggey|Aqua Jet|p2a: Volcarona","|-supereffective|p2a: Volcarona","|-damage|p2a: Volcarona|0 fnt","|-status|p1a: Blue Eggey|brn","|faint|p2a: Volcarona","|","|-damage|p1a: Blue Eggey|301/343 brn|[from] brn","|","|switch|p2a: Ninetales|Ninetales, M|3/287","|-weather|SunnyDay","|turn|12","|","|switch|p2a: Heatran|Heatran, F|385/385","|-item|p2a: Heatran|Air Balloon","|move|p1a: Blue Eggey|Aqua Jet|p2a: Heatran","|-supereffective|p2a: Heatran","|-damage|p2a: Heatran|355/385","|-enditem|p2a: Heatran|Air Balloon","|","|-weather|SunnyDay|[upkeep]","|-heal|p1a: Blue Eggey|322/343 brn|[from] item: Leftovers","|-damage|p1a: Blue Eggey|280/343 brn|[from] brn","|turn|13","|","|move|p1a: Blue Eggey|Perish Song|p1a: Blue Eggey","|-start|p1a: Blue Eggey|perish3|[silent]","|-start|p2a: Heatran|perish3|[silent]","|-fieldactivate|move: Perish Song","|move|p2a: Heatran|Ancient Power|p1a: Blue Eggey","|-damage|p1a: Blue Eggey|190/343 brn","|","|-start|p1a: Blue Eggey|perish3","|-start|p2a: Heatran|perish3","|-weather|SunnyDay|[upkeep]","|-heal|p1a: Blue Eggey|211/343 brn|[from] item: Leftovers","|-damage|p1a: Blue Eggey|169/343 brn|[from] brn","|turn|14","|","|move|p1a: Blue Eggey|Waterfall|p2a: Heatran","|-supereffective|p2a: Heatran","|-damage|p2a: Heatran|292/385","|move|p2a: Heatran|Ancient Power|p1a: Blue Eggey","|-damage|p1a: Blue Eggey|78/343 brn","|","|-start|p1a: Blue Eggey|perish2","|-start|p2a: Heatran|perish2","|-weather|SunnyDay|[upkeep]","|-heal|p1a: Blue Eggey|99/343 brn|[from] item: Leftovers","|-damage|p1a: Blue Eggey|57/343 brn|[from] brn","|turn|15","|","|move|p1a: Blue Eggey|Waterfall|p2a: Heatran","|-supereffective|p2a: Heatran","|-damage|p2a: Heatran|232/385","|move|p2a: Heatran|Ancient Power|p1a: Blue Eggey","|-damage|p1a: Blue Eggey|0 fnt","|faint|p1a: Blue Eggey","|","|-start|p2a: Heatran|perish1","|-weather|SunnyDay|[upkeep]","|","|switch|p1a: Wish upon Me|Starmie, shiny|142/324","|turn|16","|","|move|p1a: Wish upon Me|Recover|p1a: Wish upon Me","|-heal|p1a: Wish upon Me|304/324","|move|p2a: Heatran|Fire Blast|p1a: Wish upon Me","|-resisted|p1a: Wish upon Me","|-damage|p1a: Wish upon Me|136/324","|","|-start|p2a: Heatran|perish0","|-weather|SunnyDay|[upkeep]","|-heal|p1a: Wish upon Me|156/324|[from] item: Leftovers","|faint|p2a: Heatran","|","|switch|p2a: Ninetales|Ninetales, M|3/287","|turn|17","|","|move|p2a: Ninetales|Substitute|p2a: Ninetales","|-fail|p2a: Ninetales|move: Substitute|[weak]","|move|p1a: Wish upon Me|Recover|p1a: Wish upon Me","|-heal|p1a: Wish upon Me|318/324","|","|-weather|SunnyDay|[upkeep]","|-heal|p1a: Wish upon Me|324/324|[from] item: Leftovers","|turn|18","|","|switch|p1a: Big-Mouth|Gyarados, M, shiny|332/332","|-ability|p1a: Big-Mouth|Intimidate","|-unboost|p2a: Ninetales|atk|1","|move|p2a: Ninetales|Solar Beam|p1a: Big-Mouth|[still]","|-prepare|p2a: Ninetales|Solar Beam|p1a: Big-Mouth","|-anim|p2a: Ninetales|Solar Beam|p1a: Big-Mouth","|-damage|p1a: Big-Mouth|230/332","|","|-weather|SunnyDay|[upkeep]","|turn|19","|","|move|p2a: Ninetales|Flamethrower|p1a: Big-Mouth","|-resisted|p1a: Big-Mouth","|-damage|p1a: Big-Mouth|143/332","|move|p1a: Big-Mouth|Dragon Dance|p1a: Big-Mouth","|-boost|p1a: Big-Mouth|atk|1","|-boost|p1a: Big-Mouth|spe|1","|","|-weather|none","|turn|20","|","|move|p1a: Big-Mouth|Dragon Dance|p1a: Big-Mouth","|-boost|p1a: Big-Mouth|atk|1","|-boost|p1a: Big-Mouth|spe|1","|move|p2a: Ninetales|Pain Split|p1a: Big-Mouth","|-sethp|p1a: Big-Mouth|73/332|p2a: Ninetales|73/287|[from] move: Pain Split","|","|turn|21","|","|move|p1a: Big-Mouth|Waterfall|p2a: Ninetales","|-supereffective|p2a: Ninetales","|-damage|p2a: Ninetales|0 fnt","|faint|p2a: Ninetales","|","|","|switch|p2a: Charizard|Charizard, M|297/297","|turn|22","|","|detailschange|p2a: Charizard|Charizard-Mega-Y, M","|-mega|p2a: Charizard|Charizard|Charizardite Y","|-weather|SunnyDay","|move|p1a: Big-Mouth|Bounce|p2a: Charizard|[still]","|-prepare|p1a: Big-Mouth|Bounce|p2a: Charizard","|move|p2a: Charizard|Ancient Power|p1a: Big-Mouth|[miss]","|-miss|p2a: Charizard|p1a: Big-Mouth","|","|-weather|SunnyDay|[upkeep]","|turn|23","|","|move|p1a: Big-Mouth|Bounce|p2a: Charizard","|-damage|p2a: Charizard|0 fnt","|faint|p2a: Charizard","|","|-weather|SunnyDay|[upkeep]","|","|switch|p2a: Torkoal|Torkoal, M|195/344","|turn|24","|","|move|p1a: Big-Mouth|Earthquake|p2a: Torkoal","|-supereffective|p2a: Torkoal","|-damage|p2a: Torkoal|0 fnt","|faint|p2a: Torkoal","|","|-weather|SunnyDay|[upkeep]","|","|switch|p2a: Victini|Victini|341/341","|turn|25","|","|move|p1a: Big-Mouth|Waterfall|p2a: Victini","|-supereffective|p2a: Victini","|-damage|p2a: Victini|33/341","|move|p2a: Victini|Bolt Strike|p1a: Big-Mouth","|-supereffective|p1a: Big-Mouth","|-damage|p1a: Big-Mouth|0 fnt","|faint|p1a: Big-Mouth","|","|-weather|SunnyDay|[upkeep]","|","|switch|p1a: Watch-me-Sweep|Rotom-Wash, shiny|290/290","|turn|26","|","|move|p2a: Victini|Bolt Strike|p1a: Watch-me-Sweep","|-damage|p1a: Watch-me-Sweep|177/290","|move|p1a: Watch-me-Sweep|Volt Switch|p2a: Victini","|-damage|p2a: Victini|0 fnt","|faint|p2a: Victini","|","|win|GTX♅Bzumzum"],"p1rating":{"entryid":"6857825","serverid":"eos","formatid":"monotype","userid":"gtxbzumzum","username":"GTX♅Bzumzum","w":14,"l":"61","t":"0","gxe":21.6,"r":"1249.0890443318","rd":"45.899885728111","sigma":"0","rptime":"1438160400","rpr":1255.6251593712,"rprd":44.43928366148,"rpsigma":"0","acre":1062.1401934355,"lacre":1062.1401934355,"oldacre":"1029.6032084823"},"p2rating":{"entryid":"7248676","serverid":"eos","formatid":"monotype","userid":"masterrarceus","username":"Masterr arceus","w":"0","l":3,"t":"0","gxe":33.2,"r":"1500","rd":"130","sigma":"0","rptime":"1438160400","rpr":1361.38937686,"rprd":112.8302505494,"rpsigma":"0","acre":1000,"lacre":1000,"oldacre":"1000"},"endType":"normal"}