{"seed":[45537,3887,64360,7843],"turns":21,"p1":"Knight♕Miku","p2":"Nеowulf","p1team":[{"name":"Anal Beads","species":"thundurus","item":"lifeorb","ability":"Prankster","moves":["thunderwave","grassknot","flashcannon","voltswitch"],"nature":"Timid","evs":{"hp":0,"atk":0,"def":0,"spa":252,"spd":4,"spe":252},"ivs":{"hp":31,"atk":31,"def":31,"spa":31,"spd":31,"spe":31}},{"name":"feelsgd","species":"luxray","item":"flameorb","ability":"Guts","moves":["facade","wildcharge","superpower","crunch"],"nature":"Jolly","evs":{"hp":0,"atk":252,"def":0,"spa":0,"spd":4,"spe":252},"gender":"M","shiny":true,"ivs":{"hp":31,"atk":31,"def":31,"spa":31,"spd":31,"spe":31}},{"name":"Zap","species":"zapdos","item":"leftovers","ability":"Pressure","moves":["roost","defog","heatwave","toxic"],"nature":"Calm","evs":{"hp":248,"atk":0,"def":0,"spa":8,"spd":252,"spe":0},"ivs":{"hp":31,"atk":31,"def":31,"spa":31,"spd":31,"spe":31}},{"name":"Spooky","species":"rotomwash","item":"leftovers","ability":"Levitate","moves":["hydropump","voltswitch","willowisp","painsplit"],"nature":"Bold","evs":{"hp":252,"atk":0,"def":252,"spa":4,"spd":0,"spe":0},"ivs":{"hp":31,"atk":31,"def":31,"spa":31,"spd":31,"spe":31}},{"name":"Blitz","species":"manectric","item":"manectite","ability":"Lightning Rod","moves":["hiddenpowerice","thunderbolt","voltswitch","flamethrower"],"nature":"Timid","evs":{"hp":0,"atk":0,"def":0,"spa":252,"spd":4,"spe":252},"gender":"M","ivs":{"hp":31,"atk":30,"def":30,"spa":31,"spd":31,"spe":31},"shiny":true},{"name":"Palmtop Tiger","species":"raikou","item":"choicespecs","ability":"Pressure","moves":["shadowball","thunderbolt","extrasensory","hiddenpowerice"],"nature":"Timid","evs":{"hp":0,"atk":0,"def":0,"spa":252,"spd":4,"spe":252},"ivs":{"hp":31,"atk":30,"def":30,"spa":31,"spd":31,"spe":31},"shiny":true}],"p2team":[{"name":"Landorus-Therian","species":"Landorus-Therian","item":"choicescarf","ability":"Intimidate","moves":["earthquake","stoneedge","knockoff","uturn"],"nature":"Jolly","evs":{"hp":0,"atk":252,"def":0,"spa":0,"spd":4,"spe":252},"ivs":{"hp":31,"atk":31,"def":31,"spa":31,"spd":31,"spe":31}},{"name":"Skarmory","species":"Skarmory","item":"leftovers","ability":"Sturdy","moves":["ironhead","roost","stealthrock","whirlwind"],"nature":"Impish","evs":{"hp":252,"atk":0,"def":232,"spa":0,"spd":0,"spe":24},"ivs":{"hp":31,"atk":31,"def":31,"spa":31,"spd":31,"spe":31}},{"name":"Mandibuzz","species":"Mandibuzz","item":"leftovers","ability":"Overcoat","moves":["toxic","roost","foulplay","defog"],"nature":"Careful","evs":{"hp":240,"atk":0,"def":16,"spa":0,"spd":252,"spe":0},"ivs":{"hp":31,"atk":31,"def":31,"spa":31,"spd":31,"spe":31}},{"name":"Tornadus-Therian","species":"Tornadus-Therian","item":"assaultvest","ability":"Regenerator","moves":["hurricane","heatwave","uturn","focusblast"],"nature":"Hasty","evs":{"hp":132,"atk":0,"def":0,"spa":160,"spd":0,"spe":216},"ivs":{"hp":31,"atk":31,"def":31,"spa":31,"spd":31,"spe":31}},{"name":"Charizard","species":"Charizard","item":"charizarditex","ability":"Blaze","moves":["dragondance","dragonclaw","firepunch","roost"],"nature":"Jolly","evs":{"hp":0,"atk":252,"def":0,"spa":0,"spd":4,"spe":252},"ivs":{"hp":31,"atk":31,"def":31,"spa":31,"spd":31,"spe":31}},{"name":"Thundurus","species":"Thundurus","item":"leftovers","ability":"Prankster","moves":["taunt","thunderwave","thunderbolt","hiddenpowerice"],"nature":"Timid","evs":{"hp":0,"atk":0,"def":0,"spa":252,"spd":4,"spe":252},"ivs":{"hp":31,"atk":30,"def":30,"spa":31,"spd":31,"spe":31}}],"log":["|player|p1|Knight♕Miku|gtxbronze.gif","|player|p2|Nеowulf|143","|gametype|singles","|gen|6","|tier|Monotype","|rated","|rule|Baton Pass Clause: Limit one Baton Passer, can't pass Spe and other stats simultaneously","|rule|Swagger Clause: Swagger is banned","|rule|Same Type Clause: Pokémon in a team must share a type","|clearpoke","|poke|p1|Thundurus, M","|poke|p1|Luxray, M, shiny","|poke|p1|Zapdos","|poke|p1|Rotom-Wash","|poke|p1|Manectric, M, shiny","|poke|p1|Raikou, shiny","|poke|p2|Landorus-Therian, M","|poke|p2|Skarmory, M","|poke|p2|Mandibuzz, F","|poke|p2|Tornadus-Therian, M","|poke|p2|Charizard, F","|poke|p2|Thundurus, M","|rule|Sleep Clause Mod: Limit one foe put to sleep","|rule|Species Clause: Limit one of each Pokémon","|rule|OHKO Clause: OHKO moves are banned","|rule|Moody Clause: Moody is banned","|rule|Evasion Moves Clause: Evasion moves are banned","|rule|Endless Battle Clause: Forcing endless battles is banned","|rule|HP Percentage Mod: HP is shown in percentages","|teampreview","|","|start","|switch|p1a: Blitz|Manectric, M, shiny|281/281","|switch|p2a: Thundurus|Thundurus, M|299/299","|turn|1","|","|switch|p2a: Mandibuzz|Mandibuzz, F|421/421","|detailschange|p1a: Blitz|Manectric-Mega, M, shiny","|-mega|p1a: Blitz|Manectric|Manectite","|-ability|p1a: Blitz|Intimidate","|-unboost|p2a: Mandibuzz|atk|1","|move|p1a: Blitz|Hidden Power|p2a: Mandibuzz","|-crit|p2a: Mandibuzz","|-supereffective|p2a: Mandibuzz","|-damage|p2a: Mandibuzz|241/421","|","|-heal|p2a: Mandibuzz|267/421|[from] item: Leftovers","|turn|2","|","|move|p1a: Blitz|Volt Switch|p2a: Mandibuzz","|-supereffective|p2a: Mandibuzz","|-damage|p2a: Mandibuzz|91/421","|","|switch|p1a: Spooky|Rotom-Wash|304/304","|move|p2a: Mandibuzz|Toxic|p1a: Spooky","|-status|p1a: Spooky|tox","|","|-heal|p2a: Mandibuzz|117/421|[from] item: Leftovers","|-damage|p1a: Spooky|285/304 tox|[from] psn","|turn|3","|","|move|p1a: Spooky|Hydro Pump|p2a: Mandibuzz","|-damage|p2a: Mandibuzz|11/421","|move|p2a: Mandibuzz|Roost|p2a: Mandibuzz","|-heal|p2a: Mandibuzz|222/421","|","|-heal|p1a: Spooky|304/304 tox|[from] item: Leftovers","|-heal|p2a: Mandibuzz|248/421|[from] item: Leftovers","|-damage|p1a: Spooky|266/304 tox|[from] psn","|turn|4","|","|move|p1a: Spooky|Volt Switch|p2a: Mandibuzz","|-supereffective|p2a: Mandibuzz","|-damage|p2a: Mandibuzz|114/421","|","|switch|p1a: Blitz|Manectric-Mega, M, shiny|281/281","|-ability|p1a: Blitz|Intimidate","|-unboost|p2a: Mandibuzz|atk|1","|move|p2a: Mandibuzz|Roost|p2a: Mandibuzz","|-heal|p2a: Mandibuzz|325/421","|","|-heal|p2a: Mandibuzz|351/421|[from] item: Leftovers","|turn|5","|","|move|p1a: Blitz|Thunderbolt|p2a: Mandibuzz","|-supereffective|p2a: Mandibuzz","|-damage|p2a: Mandibuzz|111/421","|move|p2a: Mandibuzz|Toxic|p1a: Blitz","|-status|p1a: Blitz|tox","|","|-heal|p2a: Mandibuzz|137/421|[from] item: Leftovers","|-damage|p1a: Blitz|264/281 tox|[from] psn","|turn|6","|","|move|p1a: Blitz|Hidden Power|p2a: Mandibuzz","|-supereffective|p2a: Mandibuzz","|-damage|p2a: Mandibuzz|33/421","|move|p2a: Mandibuzz|Roost|p2a: Mandibuzz","|-heal|p2a: Mandibuzz|244/421","|","|-heal|p2a: Mandibuzz|270/421|[from] item: Leftovers","|-damage|p1a: Blitz|230/281 tox|[from] psn","|turn|7","|","|switch|p2a: Landorus-Therian|Landorus-Therian, M|319/319","|-ability|p2a: Landorus-Therian|Intimidate","|-unboost|p1a: Blitz|atk|1","|move|p1a: Blitz|Volt Switch|p2a: Landorus-Therian","|-immune|p2a: Landorus-Therian|[msg]","|","|-damage|p1a: Blitz|179/281 tox|[from] psn","|turn|8","|","|move|p2a: Landorus-Therian|U-turn|p1a: Blitz","|-damage|p1a: Blitz|64/281 tox","|","|switch|p2a: Mandibuzz|Mandibuzz, F|270/421","|move|p1a: Blitz|Hidden Power|p2a: Mandibuzz","|-supereffective|p2a: Mandibuzz","|-damage|p2a: Mandibuzz|156/421","|","|-heal|p2a: Mandibuzz|182/421|[from] item: Leftovers","|-damage|p1a: Blitz|0 fnt|[from] psn","|faint|p1a: Blitz","|","|switch|p1a: feelsgd|Luxray, M, shiny|301/301","|turn|9","|","|move|p1a: feelsgd|Wild Charge|p2a: Mandibuzz","|-supereffective|p2a: Mandibuzz","|-damage|p2a: Mandibuzz|0 fnt","|-damage|p1a: feelsgd|255/301|[from] recoil|[of] p2a: Mandibuzz","|faint|p2a: Mandibuzz","|","|-status|p1a: feelsgd|brn|[from] item: Flame Orb","|","|switch|p2a: Landorus-Therian|Landorus-Therian, M|319/319","|-ability|p2a: Landorus-Therian|Intimidate","|-unboost|p1a: feelsgd|atk|1","|turn|10","|","|switch|p1a: Spooky|Rotom-Wash|266/304 tox","|move|p2a: Landorus-Therian|U-turn|p1a: Spooky","|-damage|p1a: Spooky|199/304 tox","|","|switch|p2a: Thundurus|Thundurus, M|299/299","|","|-heal|p1a: Spooky|218/304 tox|[from] item: Leftovers","|-damage|p1a: Spooky|199/304 tox|[from] psn","|turn|11","|","|move|p2a: Thundurus|Thunderbolt|p1a: Spooky","|-damage|p1a: Spooky|54/304 tox","|move|p1a: Spooky|Volt Switch|p2a: Thundurus","|-damage|p2a: Thundurus|193/299","|","|switch|p1a: Palmtop Tiger|Raikou, shiny|321/321","|-ability|p1a: Palmtop Tiger|Pressure","|","|-heal|p2a: Thundurus|211/299|[from] item: Leftovers","|turn|12","|","|move|p2a: Thundurus|Taunt|p1a: Palmtop Tiger","|-start|p1a: Palmtop Tiger|move: Taunt","|move|p1a: Palmtop Tiger|Hidden Power|p2a: Thundurus","|-supereffective|p2a: Thundurus","|-damage|p2a: Thundurus|0 fnt","|faint|p2a: Thundurus","|","|","|switch|p2a: Charizard|Charizard, F|297/297","|turn|13","|","|switch|p1a: Spooky|Rotom-Wash|54/304 tox","|detailschange|p2a: Charizard|Charizard-Mega-X, F","|-mega|p2a: Charizard|Charizard|Charizardite X","|move|p2a: Charizard|Dragon Dance|p2a: Charizard","|-boost|p2a: Charizard|atk|1","|-boost|p2a: Charizard|spe|1","|","|-heal|p1a: Spooky|73/304 tox|[from] item: Leftovers","|-damage|p1a: Spooky|54/304 tox|[from] psn","|turn|14","|","|move|p2a: Charizard|Dragon Claw|p1a: Spooky","|-damage|p1a: Spooky|0 fnt","|faint|p1a: Spooky","|","|","|switch|p1a: Anal Beads|Thundurus, M|299/299","|turn|15","|","|move|p1a: Anal Beads|Thunder Wave|p2a: Charizard","|-status|p2a: Charizard|par","|move|p2a: Charizard|Dragon Claw|p1a: Anal Beads","|-damage|p1a: Anal Beads|0 fnt","|faint|p1a: Anal Beads","|","|","|switch|p1a: feelsgd|Luxray, M, shiny|255/301 brn","|turn|16","|","|move|p1a: feelsgd|Facade|p2a: Charizard","|-damage|p2a: Charizard|83/297 par","|move|p2a: Charizard|Dragon Claw|p1a: feelsgd","|-crit|p1a: feelsgd","|-damage|p1a: feelsgd|0 fnt","|faint|p1a: feelsgd","|","|","|switch|p1a: Palmtop Tiger|Raikou, shiny|321/321","|-ability|p1a: Palmtop Tiger|Pressure","|turn|17","|","|move|p1a: Palmtop Tiger|Thunderbolt|p2a: Charizard","|-resisted|p2a: Charizard","|-damage|p2a: Charizard|0 fnt","|faint|p2a: Charizard","|","|","|switch|p2a: Landorus-Therian|Landorus-Therian, M|319/319","|-ability|p2a: Landorus-Therian|Intimidate","|-unboost|p1a: Palmtop Tiger|atk|1","|turn|18","|","|move|p2a: Landorus-Therian|Earthquake|p1a: Palmtop Tiger","|-supereffective|p1a: Palmtop Tiger","|-damage|p1a: Palmtop Tiger|0 fnt","|faint|p1a: Palmtop Tiger","|","|","|switch|p1a: Zap|Zapdos|383/383","|-ability|p1a: Zap|Pressure","|turn|19","|","|switch|p2a: Skarmory|Skarmory, M|334/334","|move|p1a: Zap|Heat Wave|p2a: Skarmory","|-supereffective|p2a: Skarmory","|-damage|p2a: Skarmory|108/334","|","|-heal|p2a: Skarmory|128/334|[from] item: Leftovers","|turn|20","|","|move|p1a: Zap|Heat Wave|p2a: Skarmory","|-supereffective|p2a: Skarmory","|-damage|p2a: Skarmory|0 fnt","|faint|p2a: Skarmory","|","|","|switch|p2a: Landorus-Therian|Landorus-Therian, M|319/319","|-ability|p2a: Landorus-Therian|Intimidate","|-unboost|p1a: Zap|atk|1","|turn|21","|","|move|p2a: Landorus-Therian|Stone Edge|p1a: Zap","|-crit|p1a: Zap","|-supereffective|p1a: Zap","|-damage|p1a: Zap|0 fnt","|faint|p1a: Zap","|","|win|Nеowulf"],"p1rating":{"entryid":"7210042","serverid":"eos","formatid":"monotype","userid":"knightmiku","username":"Knight♕Miku","w":"7","l":4,"t":"0","gxe":55.6,"r":"1512.1035244739","rd":"101.88956278065","sigma":"0","rptime":"1438160400","rpr":1543.822757463,"rprd":84.934954993891,"rpsigma":"0","acre":1145.5752675572,"lacre":1145.5752675572,"oldacre":"1177.3244620334"},"p2rating":{"entryid":"7257985","serverid":"eos","formatid":"monotype","userid":"nowulf","username":"Nеowulf","w":3,"l":"0","t":"0","gxe":60.9,"r":"1500","rd":"130","sigma":"0","rptime":"1438160400","rpr":1587.3719334351,"rprd":110.56032636794,"rpsigma":"0","acre":1116.4853272179,"lacre":1116.4853272179,"oldacre":"1081.1441925565"},"endType":"normal"}