{"seed":[44234,49364,3201,47525],"turns":26,"p1":"Defender of Sinnoh","p2":"Nеowսlf","p1team":[{"name":"Torterra","species":"Torterra","item":"assaultvest","ability":"Overgrow","moves":["earthquake","stoneedge","seedbomb","crunch"],"nature":"Adamant","evs":{"hp":248,"atk":252,"def":0,"spa":0,"spd":8,"spe":0},"ivs":{"hp":31,"atk":31,"def":31,"spa":31,"spd":31,"spe":31}},{"name":"Garchomp","species":"Garchomp","item":"rockyhelmet","ability":"Rough Skin","moves":["earthquake","dragonclaw","swordsdance","stoneedge"],"nature":"Jolly","evs":{"hp":0,"atk":252,"def":0,"spa":0,"spd":4,"spe":252},"ivs":{"hp":31,"atk":31,"def":31,"spa":31,"spd":31,"spe":31}},{"name":"Camerupt","species":"Camerupt","item":"cameruptite","ability":"Magma Armor","moves":["earthpower","flamethrower","willowisp","ancientpower"],"nature":"Modest","evs":{"hp":248,"atk":0,"def":0,"spa":252,"spd":8,"spe":0},"shiny":true,"ivs":{"hp":31,"atk":31,"def":31,"spa":31,"spd":31,"spe":31}},{"name":"Excadrill","species":"Excadrill","item":"airballoon","ability":"Mold Breaker","moves":["earthquake","ironhead","rockslide","rapidspin"],"nature":"Jolly","evs":{"hp":0,"atk":252,"def":0,"spa":0,"spd":8,"spe":248},"ivs":{"hp":31,"atk":31,"def":31,"spa":31,"spd":31,"spe":31}},{"name":"Gastrodon","species":"Gastrodon","item":"leftovers","ability":"Storm Drain","moves":["earthpower","scald","recover","toxic"],"nature":"Bold","evs":{"hp":248,"atk":0,"def":252,"spa":8,"spd":0,"spe":0},"ivs":{"hp":31,"atk":31,"def":31,"spa":31,"spd":31,"spe":31}},{"name":"Mamoswine","species":"Mamoswine","item":"focussash","ability":"Thick Fat","moves":["iceshard","iciclecrash","earthquake","freezedry"],"nature":"Naughty","evs":{"hp":248,"atk":252,"def":0,"spa":8,"spd":0,"spe":0},"ivs":{"hp":31,"atk":31,"def":31,"spa":31,"spd":31,"spe":31}}],"p2team":[{"name":"Sableye","species":"Sableye","item":"sablenite","ability":"Prankster","moves":["willowisp","calmmind","recover","snarl"],"nature":"Bold","evs":{"hp":152,"atk":0,"def":252,"spa":4,"spd":100,"spe":0},"ivs":{"hp":31,"atk":31,"def":31,"spa":31,"spd":31,"spe":31}},{"name":"Mandibuzz","species":"Mandibuzz","item":"leftovers","ability":"Overcoat","moves":["airslash","toxic","roost","defog"],"nature":"Bold","evs":{"hp":252,"atk":0,"def":252,"spa":4,"spd":0,"spe":0},"ivs":{"hp":31,"atk":31,"def":31,"spa":31,"spd":31,"spe":31}},{"name":"Houndoom","species":"Houndoom","item":"choicescarf","ability":"Flash Fire","moves":["fireblast","hiddenpowergrass","destinybond","flamethrower"],"nature":"Timid","evs":{"hp":0,"atk":0,"def":0,"spa":252,"spd":4,"spe":252},"ivs":{"hp":31,"atk":30,"def":31,"spa":30,"spd":31,"spe":31}},{"name":"Bisharp","species":"Bisharp","item":"lifeorb","ability":"Defiant","moves":["swordsdance","suckerpunch","knockoff","ironhead"],"nature":"Jolly","evs":{"hp":0,"atk":252,"def":0,"spa":0,"spd":4,"spe":252},"ivs":{"hp":31,"atk":31,"def":31,"spa":31,"spd":31,"spe":31}},{"name":"Weavile","species":"Weavile","item":"lifeorb","ability":"Pressure","moves":["iceshard","iciclecrash","poisonjab","knockoff"],"nature":"Jolly","evs":{"hp":0,"atk":252,"def":0,"spa":0,"spd":4,"spe":252},"ivs":{"hp":31,"atk":31,"def":31,"spa":31,"spd":31,"spe":31}},{"name":"Hydreigon","species":"Hydreigon","item":"choicescarf","ability":"Levitate","moves":["dracometeor","flashcannon","fireblast","uturn"],"nature":"Timid","evs":{"hp":0,"atk":0,"def":0,"spa":252,"spd":4,"spe":252},"ivs":{"hp":31,"atk":31,"def":31,"spa":31,"spd":31,"spe":31}}],"log":["|player|p1|Defender of Sinnoh|25","|player|p2|Nеowսlf|143","|gametype|singles","|gen|6","|tier|Monotype","|rated","|rule|Baton Pass Clause: Limit one Baton Passer, can't pass Spe and other stats simultaneously","|rule|Swagger Clause: Swagger is banned","|rule|Same Type Clause: Pokémon in a team must share a type","|clearpoke","|poke|p1|Torterra, M","|poke|p1|Garchomp, F","|poke|p1|Camerupt, M, shiny","|poke|p1|Excadrill, F","|poke|p1|Gastrodon, M","|poke|p1|Mamoswine, M","|poke|p2|Sableye, F","|poke|p2|Mandibuzz, F","|poke|p2|Houndoom, F","|poke|p2|Bisharp, M","|poke|p2|Weavile, M","|poke|p2|Hydreigon, M","|rule|Sleep Clause Mod: Limit one foe put to sleep","|rule|Species Clause: Limit one of each Pokémon","|rule|OHKO Clause: OHKO moves are banned","|rule|Moody Clause: Moody is banned","|rule|Evasion Moves Clause: Evasion moves are banned","|rule|Endless Battle Clause: Forcing endless battles is banned","|rule|HP Percentage Mod: HP is shown in percentages","|teampreview","|","|start","|switch|p1a: Gastrodon|Gastrodon, M|425/425","|switch|p2a: Hydreigon|Hydreigon, M|325/325","|turn|1","|","|move|p2a: Hydreigon|Draco Meteor|p1a: Gastrodon","|-damage|p1a: Gastrodon|175/425","|-unboost|p2a: Hydreigon|spa|2","|move|p1a: Gastrodon|Toxic|p2a: Hydreigon","|-status|p2a: Hydreigon|tox","|","|-heal|p1a: Gastrodon|201/425|[from] item: Leftovers","|-damage|p2a: Hydreigon|305/325 tox|[from] psn","|turn|2","|","|switch|p2a: Mandibuzz|Mandibuzz, F|424/424","|move|p1a: Gastrodon|Scald|p2a: Mandibuzz","|-damage|p2a: Mandibuzz|333/424","|","|-heal|p2a: Mandibuzz|359/424|[from] item: Leftovers","|-heal|p1a: Gastrodon|227/425|[from] item: Leftovers","|turn|3","|","|move|p2a: Mandibuzz|Toxic|p1a: Gastrodon","|-status|p1a: Gastrodon|tox","|move|p1a: Gastrodon|Toxic|p2a: Mandibuzz","|-status|p2a: Mandibuzz|tox","|","|-heal|p2a: Mandibuzz|385/424 tox|[from] item: Leftovers","|-heal|p1a: Gastrodon|253/425 tox|[from] item: Leftovers","|-damage|p2a: Mandibuzz|359/424 tox|[from] psn","|-damage|p1a: Gastrodon|227/425 tox|[from] psn","|turn|4","|","|move|p2a: Mandibuzz|Air Slash|p1a: Gastrodon","|-damage|p1a: Gastrodon|163/425 tox","|move|p1a: Gastrodon|Scald|p2a: Mandibuzz","|-crit|p2a: Mandibuzz","|-damage|p2a: Mandibuzz|223/424 tox","|","|-heal|p2a: Mandibuzz|249/424 tox|[from] item: Leftovers","|-heal|p1a: Gastrodon|189/425 tox|[from] item: Leftovers","|-damage|p2a: Mandibuzz|197/424 tox|[from] psn","|-damage|p1a: Gastrodon|137/425 tox|[from] psn","|turn|5","|","|move|p2a: Mandibuzz|Roost|p2a: Mandibuzz","|-heal|p2a: Mandibuzz|409/424 tox","|move|p1a: Gastrodon|Scald|p2a: Mandibuzz","|-damage|p2a: Mandibuzz|312/424 tox","|","|-heal|p2a: Mandibuzz|338/424 tox|[from] item: Leftovers","|-heal|p1a: Gastrodon|163/425 tox|[from] item: Leftovers","|-damage|p2a: Mandibuzz|260/424 tox|[from] psn","|-damage|p1a: Gastrodon|85/425 tox|[from] psn","|turn|6","|","|move|p2a: Mandibuzz|Roost|p2a: Mandibuzz","|-heal|p2a: Mandibuzz|424/424 tox","|move|p1a: Gastrodon|Recover|p1a: Gastrodon","|-heal|p1a: Gastrodon|298/425 tox","|","|-heal|p1a: Gastrodon|324/425 tox|[from] item: Leftovers","|-damage|p2a: Mandibuzz|320/424 tox|[from] psn","|-damage|p1a: Gastrodon|220/425 tox|[from] psn","|turn|7","|","|move|p2a: Mandibuzz|Roost|p2a: Mandibuzz","|-heal|p2a: Mandibuzz|424/424 tox","|move|p1a: Gastrodon|Scald|p2a: Mandibuzz","|-damage|p2a: Mandibuzz|328/424 tox","|","|-heal|p2a: Mandibuzz|354/424 tox|[from] item: Leftovers","|-heal|p1a: Gastrodon|246/425 tox|[from] item: Leftovers","|-damage|p2a: Mandibuzz|224/424 tox|[from] psn","|-damage|p1a: Gastrodon|116/425 tox|[from] psn","|turn|8","|","|move|p2a: Mandibuzz|Air Slash|p1a: Gastrodon","|-damage|p1a: Gastrodon|49/425 tox","|move|p1a: Gastrodon|Recover|p1a: Gastrodon","|-heal|p1a: Gastrodon|262/425 tox","|","|-heal|p2a: Mandibuzz|250/424 tox|[from] item: Leftovers","|-heal|p1a: Gastrodon|288/425 tox|[from] item: Leftovers","|-damage|p2a: Mandibuzz|94/424 tox|[from] psn","|-damage|p1a: Gastrodon|132/425 tox|[from] psn","|turn|9","|","|move|p2a: Mandibuzz|Roost|p2a: Mandibuzz","|-heal|p2a: Mandibuzz|306/424 tox","|move|p1a: Gastrodon|Recover|p1a: Gastrodon","|-heal|p1a: Gastrodon|345/425 tox","|","|-heal|p2a: Mandibuzz|332/424 tox|[from] item: Leftovers","|-heal|p1a: Gastrodon|371/425 tox|[from] item: Leftovers","|-damage|p2a: Mandibuzz|150/424 tox|[from] psn","|-damage|p1a: Gastrodon|189/425 tox|[from] psn","|turn|10","|","|move|p2a: Mandibuzz|Roost|p2a: Mandibuzz","|-heal|p2a: Mandibuzz|362/424 tox","|move|p1a: Gastrodon|Recover|p1a: Gastrodon","|-heal|p1a: Gastrodon|402/425 tox","|","|-heal|p2a: Mandibuzz|388/424 tox|[from] item: Leftovers","|-heal|p1a: Gastrodon|425/425 tox|[from] item: Leftovers","|-damage|p2a: Mandibuzz|180/424 tox|[from] psn","|-damage|p1a: Gastrodon|217/425 tox|[from] psn","|turn|11","|","|move|p2a: Mandibuzz|Roost|p2a: Mandibuzz","|-heal|p2a: Mandibuzz|392/424 tox","|move|p1a: Gastrodon|Recover|p1a: Gastrodon","|-heal|p1a: Gastrodon|425/425 tox","|","|-heal|p2a: Mandibuzz|418/424 tox|[from] item: Leftovers","|-damage|p2a: Mandibuzz|184/424 tox|[from] psn","|-damage|p1a: Gastrodon|191/425 tox|[from] psn","|turn|12","|","|switch|p2a: Houndoom|Houndoom, F|291/291","|move|p1a: Gastrodon|Scald|p2a: Houndoom","|-supereffective|p2a: Houndoom","|-damage|p2a: Houndoom|63/291","|","|-heal|p1a: Gastrodon|217/425 tox|[from] item: Leftovers","|-damage|p1a: Gastrodon|0 fnt|[from] psn","|faint|p1a: Gastrodon","|","|switch|p1a: Garchomp|Garchomp, F|357/357","|turn|13","|","|move|p2a: Houndoom|Destiny Bond|p2a: Houndoom","|-singlemove|p2a: Houndoom|Destiny Bond","|move|p1a: Garchomp|Dragon Claw|p2a: Houndoom","|-damage|p2a: Houndoom|0 fnt","|faint|p2a: Houndoom","|-activate|p2a: Houndoom|Destiny Bond","|faint|p1a: Garchomp","|","|","|switch|p2a: Hydreigon|Hydreigon, M|305/325 tox","|switch|p1a: Excadrill|Excadrill, F|361/361","|-ability|p1a: Excadrill|Mold Breaker","|-item|p1a: Excadrill|Air Balloon","|turn|14","|","|move|p2a: Hydreigon|Fire Blast|p1a: Excadrill","|-supereffective|p1a: Excadrill","|-damage|p1a: Excadrill|31/361","|-enditem|p1a: Excadrill|Air Balloon","|move|p1a: Excadrill|Iron Head|p2a: Hydreigon","|-damage|p2a: Hydreigon|136/325 tox","|","|-damage|p2a: Hydreigon|116/325 tox|[from] psn","|turn|15","|","|move|p2a: Hydreigon|Fire Blast|p1a: Excadrill","|-supereffective|p1a: Excadrill","|-damage|p1a: Excadrill|0 fnt","|faint|p1a: Excadrill","|","|-damage|p2a: Hydreigon|76/325 tox|[from] psn","|","|switch|p1a: Camerupt|Camerupt, M, shiny|343/343","|turn|16","|","|switch|p2a: Mandibuzz|Mandibuzz, F|184/424 tox","|detailschange|p1a: Camerupt|Camerupt-Mega, M, shiny","|-mega|p1a: Camerupt|Camerupt|Cameruptite","|move|p1a: Camerupt|Ancient Power|p2a: Mandibuzz","|-supereffective|p2a: Mandibuzz","|-damage|p2a: Mandibuzz|0 fnt","|faint|p2a: Mandibuzz","|","|","|switch|p2a: Hydreigon|Hydreigon, M|76/325 tox","|turn|17","|","|move|p2a: Hydreigon|Draco Meteor|p1a: Camerupt","|-damage|p1a: Camerupt|139/343","|-unboost|p2a: Hydreigon|spa|2","|move|p1a: Camerupt|Ancient Power|p2a: Hydreigon","|-damage|p2a: Hydreigon|0 fnt","|faint|p2a: Hydreigon","|","|","|switch|p2a: Bisharp|Bisharp, M|271/271","|turn|18","|","|move|p2a: Bisharp|Sucker Punch|p1a: Camerupt","|-damage|p1a: Camerupt|0 fnt","|-damage|p2a: Bisharp|244/271|[from] item: Life Orb","|faint|p1a: Camerupt","|","|","|switch|p1a: Torterra|Torterra, M|393/393","|turn|19","|","|move|p2a: Bisharp|Knock Off|p1a: Torterra","|-damage|p1a: Torterra|173/393","|-enditem|p1a: Torterra|Assault Vest|[from] move: Knock Off|[of] p2a: Bisharp","|-damage|p2a: Bisharp|217/271|[from] item: Life Orb","|move|p1a: Torterra|Earthquake|p2a: Bisharp","|-supereffective|p2a: Bisharp","|-damage|p2a: Bisharp|0 fnt","|faint|p2a: Bisharp","|","|","|switch|p2a: Weavile|Weavile, M|281/281","|-ability|p2a: Weavile|Pressure","|turn|20","|","|move|p2a: Weavile|Icicle Crash|p1a: Torterra","|-supereffective|p1a: Torterra","|-damage|p1a: Torterra|0 fnt","|-damage|p2a: Weavile|253/281|[from] item: Life Orb","|faint|p1a: Torterra","|","|","|switch|p1a: Mamoswine|Mamoswine, M|423/423","|turn|21","|","|move|p2a: Weavile|Icicle Crash|p1a: Mamoswine","|-damage|p1a: Mamoswine|316/423","|-damage|p2a: Weavile|225/281|[from] item: Life Orb","|move|p1a: Mamoswine|Earthquake|p2a: Weavile","|-damage|p2a: Weavile|0 fnt","|faint|p2a: Weavile","|","|","|switch|p2a: Sableye|Sableye, F|279/279","|turn|22","|","|move|p2a: Sableye|Will-O-Wisp|p1a: Mamoswine","|-status|p1a: Mamoswine|brn","|move|p1a: Mamoswine|Icicle Crash|p2a: Sableye","|-damage|p2a: Sableye|203/279","|","|-damage|p1a: Mamoswine|264/423 brn|[from] brn","|turn|23","|","|move|p2a: Sableye|Calm Mind|p2a: Sableye","|-boost|p2a: Sableye|spa|1","|-boost|p2a: Sableye|spd|1","|move|p1a: Mamoswine|Icicle Crash|p2a: Sableye","|-damage|p2a: Sableye|128/279","|","|-damage|p1a: Mamoswine|212/423 brn|[from] brn","|turn|24","|","|detailschange|p2a: Sableye|Sableye-Mega, F","|-mega|p2a: Sableye|Sableye|Sablenite","|move|p2a: Sableye|Recover|p2a: Sableye","|-heal|p2a: Sableye|268/279","|move|p1a: Mamoswine|Icicle Crash|p2a: Sableye","|-damage|p2a: Sableye|214/279","|","|-damage|p1a: Mamoswine|160/423 brn|[from] brn","|turn|25","|","|move|p1a: Mamoswine|Icicle Crash|p2a: Sableye","|-damage|p2a: Sableye|167/279","|cant|p2a: Sableye|flinch","|","|-damage|p1a: Mamoswine|108/423 brn|[from] brn","|turn|26","|","|move|p1a: Mamoswine|Icicle Crash|p2a: Sableye","|-damage|p2a: Sableye|111/279","|move|p2a: Sableye|Snarl|p1a: Mamoswine","|-damage|p1a: Mamoswine|0 fnt","|faint|p1a: Mamoswine","|","|win|Nеowսlf"],"p1rating":{"entryid":"6083148","serverid":"eos","formatid":"monotype","userid":"defenderofsinnoh","username":"Defender Of Sinnoh","w":"35","l":48,"t":"0","gxe":42.2,"r":"1404.4304529194","rd":"48.019117152128","sigma":"0","rptime":"1438160400","rpr":1440.4482984947,"rprd":42.481109125498,"rpsigma":"0","acre":1150.4698416675,"lacre":1150.4698416675,"oldacre":"1177.2152994679"},"p2rating":{"entryid":"7254104","serverid":"eos","formatid":"monotype","userid":"nowlf","username":"Nеowսlf","w":6,"l":"1","t":"0","gxe":63.6,"r":"1500","rd":"130","sigma":"0","rptime":"1438160400","rpr":1608.6161132214,"rprd":94.683356972076,"rpsigma":"0","acre":1179.6638605123,"lacre":1179.6638605123,"oldacre":"1152.9184027119"},"endType":"normal"}