{"seed":[65372,34615,50186,13181],"turns":33,"p1":"Traine✘ Fleek","p2":"Dusk Deucez","p1team":[{"name":"Beedrill","species":"Beedrill","item":"beedrillite","ability":"Sniper","moves":["protect","drillrun","uturn","poisonjab"],"nature":"Jolly","evs":{"hp":0,"atk":252,"def":0,"spa":0,"spd":4,"spe":252},"shiny":true,"ivs":{"hp":31,"atk":31,"def":31,"spa":31,"spd":31,"spe":31}},{"name":"Drapion","species":"Drapion","item":"blacksludge","ability":"Sniper","moves":["nightslash","crosspoison","whirlwind","toxicspikes"],"nature":"Adamant","evs":{"hp":252,"atk":252,"def":0,"spa":0,"spd":4,"spe":0},"ivs":{"hp":31,"atk":30,"def":31,"spa":30,"spd":31,"spe":30}},{"name":"Tentacruel","species":"Tentacruel","item":"assaultvest","ability":"Liquid Ooze","moves":["rapidspin","scald","sludgebomb","icywind"],"nature":"Bold","evs":{"hp":252,"atk":0,"def":0,"spa":4,"spd":252,"spe":0},"ivs":{"hp":31,"atk":31,"def":31,"spa":31,"spd":31,"spe":31}},{"name":"Nidoking","species":"Nidoking","item":"lifeorb","ability":"Sheer Force","moves":["earthpower","sludgebomb","icebeam","flamethrower"],"nature":"Timid","evs":{"hp":0,"atk":0,"def":0,"spa":252,"spd":4,"spe":252},"ivs":{"hp":31,"atk":31,"def":31,"spa":31,"spd":31,"spe":31}},{"name":"Gengar","species":"Gengar","item":"focussash","ability":"Levitate","moves":["willowisp","gigadrain","shadowball","destinybond"],"nature":"Timid","evs":{"hp":0,"atk":0,"def":0,"spa":252,"spd":4,"spe":252},"ivs":{"hp":31,"atk":31,"def":31,"spa":31,"spd":31,"spe":31}},{"name":"Venusaur","species":"Venusaur","item":"lightclay","ability":"Chlorophyll","moves":["leechseed","lightscreen","gigadrain","synthesis"],"nature":"Calm","evs":{"hp":252,"atk":0,"def":140,"spa":0,"spd":116,"spe":0},"ivs":{"hp":31,"atk":31,"def":31,"spa":31,"spd":31,"spe":31}}],"p2team":[{"name":"Stoutland","species":"Stoutland","item":"lifeorb","ability":"Scrappy","moves":["crunch","playrough","return","superpower"],"nature":"Jolly","evs":{"hp":4,"atk":252,"def":0,"spa":0,"spd":0,"spe":252},"gender":"M","ivs":{"hp":31,"atk":31,"def":31,"spa":31,"spd":31,"spe":31}},{"name":"Side Chick","species":"meloetta","item":"assaultvest","ability":"Serene Grace","moves":["psychic","focusblast","hypervoice","shadowball"],"nature":"Modest","evs":{"hp":248,"atk":0,"def":0,"spa":252,"spd":8,"spe":0},"ivs":{"hp":31,"atk":31,"def":31,"spa":31,"spd":31,"spe":31}},{"name":"S3x Toy","species":"porygon2","item":"eviolite","ability":"Trace","moves":["thunderwave","icebeam","foulplay","recover"],"nature":"Bold","evs":{"hp":252,"atk":0,"def":252,"spa":4,"spd":0,"spe":0},"shiny":true,"ivs":{"hp":31,"atk":31,"def":31,"spa":31,"spd":31,"spe":31}},{"name":"Fat ass hoe","species":"chansey","item":"eviolite","ability":"Natural Cure","moves":["wish","softboiled","seismictoss","healbell"],"nature":"Sassy","evs":{"hp":252,"atk":0,"def":252,"spa":0,"spd":4,"spe":0},"ivs":{"hp":31,"atk":31,"def":31,"spa":31,"spd":31,"spe":0}},{"name":"Mah Nigga","species":"staraptor","item":"leftovers","ability":"Intimidate","moves":["defog","featherdance","bravebird","roost"],"nature":"Impish","evs":{"hp":4,"atk":0,"def":252,"spa":0,"spd":0,"spe":252},"gender":"M","shiny":true,"ivs":{"hp":31,"atk":31,"def":31,"spa":31,"spd":31,"spe":31}},{"name":"Bae","species":"lopunny","item":"lopunnite","ability":"Limber","moves":["fakeout","poweruppunch","return","highjumpkick"],"nature":"Jolly","evs":{"hp":0,"atk":252,"def":0,"spa":0,"spd":4,"spe":252},"gender":"F","shiny":true,"ivs":{"hp":31,"atk":31,"def":31,"spa":31,"spd":31,"spe":31}}],"log":["|player|p1|Traine✘ Fleek|94","|player|p2|Dusk Deucez|acedeuce92.png","|gametype|singles","|gen|6","|tier|Monotype","|rated","|rule|Baton Pass Clause: Limit one Baton Passer, can't pass Spe and other stats simultaneously","|rule|Swagger Clause: Swagger is banned","|rule|Same Type Clause: Pokémon in a team must share a type","|clearpoke","|poke|p1|Beedrill, M, shiny","|poke|p1|Drapion, F","|poke|p1|Tentacruel, F","|poke|p1|Nidoking, M","|poke|p1|Gengar, M","|poke|p1|Venusaur, F","|poke|p2|Stoutland, M","|poke|p2|Meloetta","|poke|p2|Porygon2, shiny","|poke|p2|Chansey, F","|poke|p2|Staraptor, M, shiny","|poke|p2|Lopunny, F, shiny","|rule|Sleep Clause Mod: Limit one foe put to sleep","|rule|Species Clause: Limit one of each Pokémon","|rule|OHKO Clause: OHKO moves are banned","|rule|Moody Clause: Moody is banned","|rule|Evasion Moves Clause: Evasion moves are banned","|rule|Endless Battle Clause: Forcing endless battles is banned","|rule|HP Percentage Mod: HP is shown in percentages","|teampreview","|","|start","|switch|p1a: Gengar|Gengar, M|261/261","|switch|p2a: Bae|Lopunny, F, shiny|271/271","|turn|1","|","|detailschange|p2a: Bae|Lopunny-Mega, F, shiny","|-mega|p2a: Bae|Lopunny|Lopunnite","|move|p2a: Bae|Fake Out|p1a: Gengar","|-damage|p1a: Gengar|146/261","|cant|p1a: Gengar|flinch","|","|turn|2","|","|switch|p1a: Venusaur|Venusaur, F|364/364","|move|p2a: Bae|Return|p1a: Venusaur","|-damage|p1a: Venusaur|168/364","|","|turn|3","|","|move|p2a: Bae|Return|p1a: Venusaur","|-damage|p1a: Venusaur|0 fnt","|faint|p1a: Venusaur","|","|","|switch|p1a: Beedrill|Beedrill, M, shiny|271/271","|turn|4","|","|switch|p2a: Mah Nigga|Staraptor, M, shiny|312/312","|-ability|p2a: Mah Nigga|Intimidate","|-unboost|p1a: Beedrill|atk|1","|detailschange|p1a: Beedrill|Beedrill-Mega, M, shiny","|-mega|p1a: Beedrill|Beedrill|Beedrillite","|move|p1a: Beedrill|Protect|p1a: Beedrill","|-fail|p1a: Beedrill","|","|turn|5","|","|switch|p1a: Tentacruel|Tentacruel, F|364/364","|move|p2a: Mah Nigga|Feather Dance|p1a: Tentacruel","|-unboost|p1a: Tentacruel|atk|2","|","|turn|6","|","|switch|p2a: Side Chick|Meloetta|403/403","|move|p1a: Tentacruel|Scald|p2a: Side Chick","|-damage|p2a: Side Chick|358/403","|","|turn|7","|","|move|p1a: Tentacruel|Scald|p2a: Side Chick","|-damage|p2a: Side Chick|316/403","|-status|p2a: Side Chick|brn","|move|p2a: Side Chick|Psychic|p1a: Tentacruel","|-supereffective|p1a: Tentacruel","|-damage|p1a: Tentacruel|202/364","|","|-damage|p2a: Side Chick|266/403 brn|[from] brn","|turn|8","|","|switch|p1a: Drapion|Drapion, F|344/344","|switch|p2a: Fat ass hoe|Chansey, F|704/704","|","|turn|9","|","|move|p2a: Fat ass hoe|Heal Bell|p2a: Fat ass hoe","|-cureteam|p2a: Fat ass hoe|[from] move: HealBell","|move|p1a: Drapion|Whirlwind|p2a: Fat ass hoe","|drag|p2a: Mah Nigga|Staraptor, M, shiny|312/312","|-ability|p2a: Mah Nigga|Intimidate","|-unboost|p1a: Drapion|atk|1","|","|turn|10","|","|switch|p2a: Stoutland|Stoutland, M|312/312","|move|p1a: Drapion|Cross Poison|p2a: Stoutland","|-damage|p2a: Stoutland|231/312","|","|turn|11","|","|move|p2a: Stoutland|Return|p1a: Drapion","|-damage|p1a: Drapion|148/344","|-damage|p2a: Stoutland|200/312|[from] item: Life Orb","|move|p1a: Drapion|Cross Poison|p2a: Stoutland","|-crit|p2a: Stoutland","|-damage|p2a: Stoutland|0 fnt","|faint|p2a: Stoutland","|","|-heal|p1a: Drapion|169/344|[from] item: Black Sludge","|","|switch|p2a: Bae|Lopunny-Mega, F, shiny|271/271","|turn|12","|","|switch|p1a: Tentacruel|Tentacruel, F|202/364","|move|p2a: Bae|Fake Out|p1a: Tentacruel","|-damage|p1a: Tentacruel|106/364","|","|turn|13","|","|move|p2a: Bae|Return|p1a: Tentacruel","|-damage|p1a: Tentacruel|0 fnt","|faint|p1a: Tentacruel","|","|","|switch|p1a: Beedrill|Beedrill-Mega, M, shiny|271/271","|turn|14","|","|switch|p2a: Mah Nigga|Staraptor, M, shiny|312/312","|-ability|p2a: Mah Nigga|Intimidate","|-unboost|p1a: Beedrill|atk|1","|move|p1a: Beedrill|Poison Jab|p2a: Mah Nigga","|-damage|p2a: Mah Nigga|186/312","|","|-heal|p2a: Mah Nigga|205/312|[from] item: Leftovers","|turn|15","|","|switch|p1a: Drapion|Drapion, F|169/344","|move|p2a: Mah Nigga|Brave Bird|p1a: Drapion","|-damage|p1a: Drapion|4/344","|-damage|p2a: Mah Nigga|151/312|[from] recoil|[of] p1a: Drapion","|","|-heal|p2a: Mah Nigga|170/312|[from] item: Leftovers","|-heal|p1a: Drapion|25/344|[from] item: Black Sludge","|turn|16","|","|move|p2a: Mah Nigga|Brave Bird|p1a: Drapion","|-damage|p1a: Drapion|0 fnt","|-damage|p2a: Mah Nigga|162/312|[from] recoil|[of] p1a: Drapion","|faint|p1a: Drapion","|","|-heal|p2a: Mah Nigga|181/312|[from] item: Leftovers","|","|switch|p1a: Gengar|Gengar, M|146/261","|turn|17","|","|switch|p2a: Fat ass hoe|Chansey, F|704/704","|move|p1a: Gengar|Destiny Bond|p1a: Gengar","|-singlemove|p1a: Gengar|Destiny Bond","|","|turn|18","|","|switch|p1a: Beedrill|Beedrill-Mega, M, shiny|271/271","|move|p2a: Fat ass hoe|Wish|p2a: Fat ass hoe","|","|turn|19","|","|switch|p2a: Side Chick|Meloetta|266/403","|move|p1a: Beedrill|U-turn|p2a: Side Chick","|-supereffective|p2a: Side Chick","|-damage|p2a: Side Chick|0 fnt","|faint|p2a: Side Chick","|","|switch|p1a: Gengar|Gengar, M|146/261","|","|","|switch|p2a: Bae|Lopunny-Mega, F, shiny|271/271","|turn|20","|","|move|p2a: Bae|Fake Out|p1a: Gengar","|-damage|p1a: Gengar|43/261","|cant|p1a: Gengar|flinch","|","|turn|21","|","|switch|p2a: Mah Nigga|Staraptor, M, shiny|181/312","|-ability|p2a: Mah Nigga|Intimidate","|-unboost|p1a: Gengar|atk|1","|move|p1a: Gengar|Destiny Bond|p1a: Gengar","|-singlemove|p1a: Gengar|Destiny Bond","|","|-heal|p2a: Mah Nigga|200/312|[from] item: Leftovers","|turn|22","|","|move|p1a: Gengar|Will-O-Wisp|p2a: Mah Nigga","|-status|p2a: Mah Nigga|brn","|move|p2a: Mah Nigga|Brave Bird|p1a: Gengar","|-crit|p1a: Gengar","|-damage|p1a: Gengar|0 fnt","|-damage|p2a: Mah Nigga|186/312 brn|[from] recoil|[of] p1a: Gengar","|faint|p1a: Gengar","|","|-heal|p2a: Mah Nigga|205/312 brn|[from] item: Leftovers","|-damage|p2a: Mah Nigga|166/312 brn|[from] brn","|","|switch|p1a: Nidoking|Nidoking, M|303/303","|turn|23","|","|switch|p2a: Fat ass hoe|Chansey, F|704/704","|switch|p1a: Beedrill|Beedrill-Mega, M, shiny|271/271","|","|turn|24","|","|move|p1a: Beedrill|U-turn|p2a: Fat ass hoe","|-damage|p2a: Fat ass hoe|436/704","|","|switch|p1a: Nidoking|Nidoking, M|303/303","|move|p2a: Fat ass hoe|Heal Bell|p2a: Fat ass hoe","|-cureteam|p2a: Fat ass hoe|[from] move: HealBell","|","|turn|25","|","|move|p1a: Nidoking|Sludge Bomb|p2a: Fat ass hoe","|-damage|p2a: Fat ass hoe|322/704","|move|p2a: Fat ass hoe|Wish|p2a: Fat ass hoe","|","|turn|26","|","|switch|p2a: Mah Nigga|Staraptor, M, shiny|166/312","|-ability|p2a: Mah Nigga|Intimidate","|-unboost|p1a: Nidoking|atk|1","|move|p1a: Nidoking|Sludge Bomb|p2a: Mah Nigga","|-damage|p2a: Mah Nigga|0 fnt","|faint|p2a: Mah Nigga","|","|","|switch|p2a: Bae|Lopunny-Mega, F, shiny|271/271","|turn|27","|","|move|p2a: Bae|Fake Out|p1a: Nidoking","|-damage|p1a: Nidoking|207/303","|cant|p1a: Nidoking|flinch","|","|turn|28","|","|move|p2a: Bae|High Jump Kick|p1a: Nidoking","|-resisted|p1a: Nidoking","|-damage|p1a: Nidoking|48/303","|move|p1a: Nidoking|Sludge Bomb|p2a: Bae","|-damage|p2a: Bae|59/271","|","|turn|29","|","|move|p2a: Bae|Return|p1a: Nidoking","|-damage|p1a: Nidoking|0 fnt","|faint|p1a: Nidoking","|","|","|switch|p1a: Beedrill|Beedrill-Mega, M, shiny|271/271","|turn|30","|","|switch|p2a: S3x Toy|Porygon2, shiny|374/374","|-ability|p2a: S3x Toy|Adaptability|[from] ability: Trace|[of] p1a: Beedrill","|move|p1a: Beedrill|Protect|p1a: Beedrill","|-fail|p1a: Beedrill","|","|turn|31","|","|move|p1a: Beedrill|Poison Jab|p2a: S3x Toy","|-damage|p2a: S3x Toy|254/374","|move|p2a: S3x Toy|Thunder Wave|p1a: Beedrill","|-status|p1a: Beedrill|par","|","|turn|32","|","|move|p2a: S3x Toy|Foul Play|p1a: Beedrill","|-damage|p1a: Beedrill|4/271 par","|move|p1a: Beedrill|Poison Jab|p2a: S3x Toy","|-damage|p2a: S3x Toy|142/374","|","|turn|33","|","|move|p2a: S3x Toy|Foul Play|p1a: Beedrill","|-damage|p1a: Beedrill|0 fnt","|faint|p1a: Beedrill","|","|win|Dusk Deucez"],"p1rating":{"entryid":"6891836","serverid":"eos","formatid":"monotype","userid":"trainefleek","username":"Traine✘ Fleek","w":"11","l":15,"t":"0","gxe":44.2,"r":1465.6021021705,"rd":68.795230677021,"sigma":"0","rptime":1438160400,"rpr":1455.7040042257,"rprd":67.613345901317,"rpsigma":"0","acre":1065.5026078328,"lacre":1065.5026078328,"oldacre":"1086.53557974"},"p2rating":{"entryid":"7193240","serverid":"eos","formatid":"monotype","userid":"duskdeucez","username":"Dusk Deucez - ⒶⓌⒶⓎ","w":11,"l":"8","t":"0","gxe":57.8,"r":"1548.2578417101","rd":"73.325295271521","sigma":"0","rptime":"1438160400","rpr":1560.1739206822,"rprd":71.870616658556,"rpsigma":"0","acre":1138.9297085329,"lacre":1138.9297085329,"oldacre":"1116.0482208258"},"endType":"normal"}