{"seed":[62440,52031,49120,3211],"turns":23,"p1":"Carnie Marx","p2":"Crystal Bronze0re","p1team":[{"name":"Ferrothorn","species":"Ferrothorn","item":"rockyhelmet","ability":"Iron Barbs","moves":["ironhead","thunderwave","leechseed","ingrain"],"nature":"Impish","evs":{"hp":248,"atk":8,"def":252,"spa":0,"spd":0,"spe":0},"ivs":{"hp":31,"atk":31,"def":31,"spa":31,"spd":31,"spe":31}},{"name":"Breloom","species":"Breloom","item":"focussash","ability":"Technician","moves":["bulletseed","machpunch","spore","rockslide"],"nature":"Jolly","evs":{"hp":0,"atk":252,"def":0,"spa":0,"spd":4,"spe":252},"ivs":{"hp":31,"atk":31,"def":31,"spa":31,"spd":31,"spe":31}},{"name":"Venusaur","species":"Venusaur","item":"venusaurite","ability":"Overgrow","moves":["gigadrain","synthesis","sludgebomb","leechseed"],"nature":"Bold","evs":{"hp":248,"atk":0,"def":252,"spa":8,"spd":0,"spe":0},"ivs":{"hp":31,"atk":31,"def":31,"spa":31,"spd":31,"spe":31}},{"name":"Serperior","species":"Serperior","item":"lifeorb","ability":"Contrary","moves":["leafstorm","gigadrain","dragonpulse","hiddenpowerice"],"nature":"Timid","evs":{"hp":0,"atk":0,"def":0,"spa":252,"spd":4,"spe":252},"ivs":{"hp":31,"atk":30,"def":30,"spa":31,"spd":31,"spe":31}},{"name":"Whimsicott","species":"Whimsicott","item":"flameorb","ability":"Prankster","moves":["cottonguard","leechseed","gigadrain","switcheroo"],"nature":"Calm","evs":{"hp":248,"atk":0,"def":0,"spa":8,"spd":252,"spe":0},"ivs":{"hp":31,"atk":31,"def":31,"spa":31,"spd":31,"spe":31}},{"name":"Virizion","species":"Virizion","item":"assaultvest","ability":"Justified","moves":["gigadrain","sacredsword","stoneedge","xscissor"],"nature":"Lonely","evs":{"hp":248,"atk":252,"def":0,"spa":8,"spd":0,"spe":0},"ivs":{"hp":31,"atk":31,"def":31,"spa":31,"spd":31,"spe":31}}],"p2team":[{"name":"Heracross","species":"Heracross","item":"choicescarf","ability":"Moxie","moves":["closecombat","earthquake","megahorn","stoneedge"],"nature":"Jolly","evs":{"hp":0,"atk":252,"def":0,"spa":0,"spd":4,"spe":252},"ivs":{"hp":31,"atk":31,"def":31,"spa":31,"spd":31,"spe":31}},{"name":"Accelgor","species":"Accelgor","item":"focussash","ability":"Unburden","moves":["bugbuzz","hiddenpowerrock","acidspray","focusblast"],"nature":"Modest","evs":{"hp":0,"atk":0,"def":0,"spa":252,"spd":4,"spe":252},"gender":"F","ivs":{"hp":31,"atk":31,"def":30,"spa":31,"spd":30,"spe":30}},{"name":"Genesect","species":"Genesect","item":"choicescarf","ability":"Download","moves":["flamethrower","icebeam","bugbuzz","flashcannon"],"nature":"Modest","evs":{"hp":0,"atk":0,"def":0,"spa":252,"spd":4,"spe":252},"shiny":true,"ivs":{"hp":31,"atk":31,"def":31,"spa":31,"spd":31,"spe":31}},{"name":"Volbeat","species":"Volbeat","item":"focussash","ability":"Prankster","moves":["batonpass","tailglow","poweruppunch","encore"],"nature":"Timid","evs":{"hp":248,"atk":0,"def":132,"spa":0,"spd":128,"spe":0},"ivs":{"hp":31,"atk":31,"def":31,"spa":31,"spd":31,"spe":31}},{"name":"Solar Star","species":"volcarona","item":"choicescarf","ability":"Flame Body","moves":["bugbuzz","fierydance","gigadrain","hiddenpowerwater"],"nature":"Timid","evs":{"hp":0,"atk":0,"def":0,"spa":252,"spd":4,"spe":252},"gender":"F","ivs":{"hp":31,"atk":30,"def":30,"spa":30,"spd":31,"spe":31},"shiny":true},{"name":"Pinsir","species":"Pinsir","item":"pinsirite","ability":"Moxie","moves":["quickattack","earthquake","return","protect"],"nature":"Timid","evs":{"hp":0,"atk":252,"def":0,"spa":0,"spd":0,"spe":252},"gender":"F","ivs":{"hp":31,"atk":31,"def":31,"spa":31,"spd":31,"spe":31}}],"log":["|player|p1|Carnie Marx|238","|player|p2|Crystal Bronze0re|274","|gametype|singles","|gen|6","|tier|Monotype","|rated","|rule|Baton Pass Clause: Limit one Baton Passer, can't pass Spe and other stats simultaneously","|rule|Swagger Clause: Swagger is banned","|rule|Same Type Clause: Pokémon in a team must share a type","|clearpoke","|poke|p1|Ferrothorn, F","|poke|p1|Breloom, F","|poke|p1|Venusaur, M","|poke|p1|Serperior, F","|poke|p1|Whimsicott, M","|poke|p1|Virizion","|poke|p2|Heracross, M","|poke|p2|Accelgor, F","|poke|p2|Genesect-*, shiny","|poke|p2|Volbeat, M","|poke|p2|Volcarona, F, shiny","|poke|p2|Pinsir, F","|rule|Sleep Clause Mod: Limit one foe put to sleep","|rule|Species Clause: Limit one of each Pokémon","|rule|OHKO Clause: OHKO moves are banned","|rule|Moody Clause: Moody is banned","|rule|Evasion Moves Clause: Evasion moves are banned","|rule|Endless Battle Clause: Forcing endless battles is banned","|rule|HP Percentage Mod: HP is shown in percentages","|teampreview","|","|start","|switch|p1a: Ferrothorn|Ferrothorn, F|351/351","|switch|p2a: Volbeat|Volbeat, M|333/333","|turn|1","|","|move|p2a: Volbeat|Baton Pass|p2a: Volbeat","|","|switch|p2a: Solar Star|Volcarona, F, shiny|311/311","|move|p1a: Ferrothorn|Thunder Wave|p2a: Solar Star","|-status|p2a: Solar Star|par","|","|turn|2","|","|switch|p1a: Breloom|Breloom, F|261/261","|move|p2a: Solar Star|Fiery Dance|p1a: Breloom","|-supereffective|p1a: Breloom","|-enditem|p1a: Breloom|Focus Sash","|-damage|p1a: Breloom|1/261","|-boost|p2a: Solar Star|spa|1","|","|turn|3","|","|move|p1a: Breloom|Spore|p2a: Solar Star","|-fail|p2a: Solar Star","|cant|p2a: Solar Star|par","|","|turn|4","|","|move|p1a: Breloom|Rock Slide|p2a: Solar Star","|-supereffective|p2a: Solar Star","|-damage|p2a: Solar Star|0 fnt","|faint|p2a: Solar Star","|","|","|switch|p2a: Pinsir|Pinsir, F|271/271","|turn|5","|","|switch|p1a: Ferrothorn|Ferrothorn, F|351/351","|move|p2a: Pinsir|Quick Attack|p1a: Ferrothorn","|-resisted|p1a: Ferrothorn","|-damage|p1a: Ferrothorn|338/351","|-damage|p2a: Pinsir|238/271|[from] ability: Iron Barbs|[of] p1a: Ferrothorn","|-damage|p2a: Pinsir|193/271|[from] item: Rocky Helmet|[of] p1a: Ferrothorn","|","|turn|6","|","|switch|p2a: Genesect|Genesect, shiny|283/283","|-boost|p2a: Genesect|spa|1|[from] ability: Download","|move|p1a: Ferrothorn|Thunder Wave|p2a: Genesect","|-status|p2a: Genesect|par","|","|turn|7","|","|switch|p1a: Virizion|Virizion|385/385","|move|p2a: Genesect|Flamethrower|p1a: Virizion","|-supereffective|p1a: Virizion","|-damage|p1a: Virizion|215/385","|","|turn|8","|","|move|p1a: Virizion|Sacred Sword|p2a: Genesect","|-damage|p2a: Genesect|150/283 par","|move|p2a: Genesect|Flamethrower|p1a: Virizion","|-supereffective|p1a: Virizion","|-damage|p1a: Virizion|39/385","|","|turn|9","|","|move|p1a: Virizion|Sacred Sword|p2a: Genesect","|-damage|p2a: Genesect|6/283 par","|cant|p2a: Genesect|par","|","|turn|10","|","|move|p1a: Virizion|Sacred Sword|p2a: Genesect","|-damage|p2a: Genesect|0 fnt","|faint|p2a: Genesect","|","|","|switch|p2a: Volbeat|Volbeat, M|333/333","|turn|11","|","|move|p2a: Volbeat|Tail Glow|p2a: Volbeat","|-boost|p2a: Volbeat|spa|3","|move|p1a: Virizion|Stone Edge|p2a: Volbeat","|-supereffective|p2a: Volbeat","|-damage|p2a: Volbeat|49/333","|","|turn|12","|","|move|p2a: Volbeat|Baton Pass|p2a: Volbeat","|","|switch|p2a: Accelgor|Accelgor, F|301/301","|move|p1a: Virizion|Stone Edge|p2a: Accelgor","|-supereffective|p2a: Accelgor","|-enditem|p2a: Accelgor|Focus Sash","|-damage|p2a: Accelgor|1/301","|","|turn|13","|","|move|p2a: Accelgor|Acid Spray|p1a: Virizion","|-supereffective|p1a: Virizion","|-damage|p1a: Virizion|0 fnt","|faint|p1a: Virizion","|","|","|switch|p1a: Breloom|Breloom, F|1/261","|turn|14","|","|move|p1a: Breloom|Mach Punch|p2a: Accelgor","|-resisted|p2a: Accelgor","|-damage|p2a: Accelgor|0 fnt","|faint|p2a: Accelgor","|","|","|switch|p2a: Heracross|Heracross, M|301/301","|turn|15","|","|move|p2a: Heracross|Megahorn|p1a: Breloom","|-damage|p1a: Breloom|0 fnt","|faint|p1a: Breloom","|-boost|p2a: Heracross|atk|1|[from] ability: Moxie","|","|","|switch|p1a: Whimsicott|Whimsicott, M|323/323","|turn|16","|","|move|p1a: Whimsicott|Switcheroo|p2a: Heracross","|-activate|p1a: Whimsicott|move: Trick|[of] p2a: Heracross","|-item|p2a: Heracross|Flame Orb|[from] Trick","|-item|p1a: Whimsicott|Choice Scarf|[from] Trick","|move|p2a: Heracross|Megahorn|p1a: Whimsicott","|-damage|p1a: Whimsicott|0 fnt","|faint|p1a: Whimsicott","|-boost|p2a: Heracross|atk|1|[from] ability: Moxie","|","|-status|p2a: Heracross|brn|[from] item: Flame Orb","|","|switch|p1a: Ferrothorn|Ferrothorn, F|338/351","|turn|17","|","|move|p2a: Heracross|Close Combat|p1a: Ferrothorn","|-supereffective|p1a: Ferrothorn","|-damage|p1a: Ferrothorn|76/351","|-damage|p2a: Heracross|264/301 brn|[from] ability: Iron Barbs|[of] p1a: Ferrothorn","|-damage|p2a: Heracross|214/301 brn|[from] item: Rocky Helmet|[of] p1a: Ferrothorn","|-unboost|p2a: Heracross|def|1","|-unboost|p2a: Heracross|spd|1","|move|p1a: Ferrothorn|Ingrain|p1a: Ferrothorn","|-start|p1a: Ferrothorn|move: Ingrain","|","|-heal|p1a: Ferrothorn|97/351|[from] Ingrain","|-damage|p2a: Heracross|177/301 brn|[from] brn","|turn|18","|","|move|p2a: Heracross|Close Combat|p1a: Ferrothorn","|-supereffective|p1a: Ferrothorn","|-damage|p1a: Ferrothorn|0 fnt","|-damage|p2a: Heracross|140/301 brn|[from] ability: Iron Barbs|[of] p1a: Ferrothorn","|-damage|p2a: Heracross|90/301 brn|[from] item: Rocky Helmet|[of] p1a: Ferrothorn","|-unboost|p2a: Heracross|def|1","|-unboost|p2a: Heracross|spd|1","|faint|p1a: Ferrothorn","|-boost|p2a: Heracross|atk|1|[from] ability: Moxie","|","|-damage|p2a: Heracross|53/301 brn|[from] brn","|","|switch|p1a: Serperior|Serperior, F|291/291","|turn|19","|","|move|p1a: Serperior|Dragon Pulse|p2a: Heracross","|-damage|p2a: Heracross|0 fnt","|-damage|p1a: Serperior|262/291|[from] item: Life Orb","|faint|p2a: Heracross","|","|","|switch|p2a: Pinsir|Pinsir, F|193/271","|turn|20","|","|detailschange|p2a: Pinsir|Pinsir-Mega, F","|-mega|p2a: Pinsir|Pinsir|Pinsirite","|move|p2a: Pinsir|Quick Attack|p1a: Serperior","|-supereffective|p1a: Serperior","|-damage|p1a: Serperior|50/291","|move|p1a: Serperior|Dragon Pulse|p2a: Pinsir","|-damage|p2a: Pinsir|101/271","|-damage|p1a: Serperior|21/291|[from] item: Life Orb","|","|turn|21","|","|move|p2a: Pinsir|Quick Attack|p1a: Serperior","|-supereffective|p1a: Serperior","|-damage|p1a: Serperior|0 fnt","|faint|p1a: Serperior","|","|","|switch|p1a: Venusaur|Venusaur, M|363/363","|turn|22","|","|detailschange|p1a: Venusaur|Venusaur-Mega, M","|-mega|p1a: Venusaur|Venusaur|Venusaurite","|move|p2a: Pinsir|Return|p1a: Venusaur","|-supereffective|p1a: Venusaur","|-damage|p1a: Venusaur|85/363","|move|p1a: Venusaur|Sludge Bomb|p2a: Pinsir","|-damage|p2a: Pinsir|0 fnt","|faint|p2a: Pinsir","|","|","|switch|p2a: Volbeat|Volbeat, M|49/333","|turn|23","|","|move|p2a: Volbeat|Power-Up Punch|p1a: Venusaur","|-crit|p1a: Venusaur","|-resisted|p1a: Venusaur","|-damage|p1a: Venusaur|74/363","|-boost|p2a: Volbeat|atk|1","|move|p1a: Venusaur|Sludge Bomb|p2a: Volbeat","|-damage|p2a: Volbeat|0 fnt","|faint|p2a: Volbeat","|","|win|Carnie Marx"],"p1rating":{"entryid":"5821777","serverid":"eos","formatid":"monotype","userid":"carniemarx","username":"Carnie Marx","w":55,"l":"62","t":"0","gxe":47.7,"r":1477.5908915915,"rd":39.560501039045,"sigma":"0","rptime":1438160400,"rpr":1482.676950612,"rprd":39.315584178517,"rpsigma":"0","acre":1100.8802827944,"lacre":1100.8802827944,"oldacre":"1067.7992703559"},"p2rating":{"entryid":"6377401","serverid":"eos","formatid":"monotype","userid":"crystalbronze0re","username":"Crystal Bronze0re","w":"103","l":86,"t":"0","gxe":53,"r":1526.8023710237,"rd":36.718765812802,"sigma":"0","rptime":1438160400,"rpr":1522.4988970871,"rprd":36.522009732483,"rpsigma":"0","acre":1078.0894683624,"lacre":1078.0894683624,"oldacre":"1105.8139831665"},"endType":"normal"}