{"seed":[28363,19147,49871,20041],"turns":32,"p1":"alliance-c-control","p2":"Marx-Bot","p1team":[{"name":"Beheeyem","species":"Beheeyem","item":"leftovers","ability":"Synchronize","moves":["shadowball","psychic","painsplit","recover"],"nature":"Calm","evs":{"hp":252,"atk":0,"def":0,"spa":4,"spd":252,"spe":0},"ivs":{"hp":31,"atk":31,"def":31,"spa":31,"spd":31,"spe":31}},{"name":"Azelf","species":"Azelf","item":"ejectbutton","ability":"Levitate","moves":["magicroom","acrobatics","stealthrock","explosion"],"nature":"Jolly","evs":{"hp":4,"atk":252,"def":0,"spa":0,"spd":0,"spe":252},"ivs":{"hp":31,"atk":31,"def":31,"spa":31,"spd":31,"spe":31}},{"name":"Jirachi","species":"Jirachi","item":"choicescarf","ability":"Serene Grace","moves":["cosmicpower","trick","moonblast","flashcannon"],"nature":"Timid","evs":{"hp":4,"atk":0,"def":0,"spa":252,"spd":0,"spe":252},"shiny":true,"ivs":{"hp":31,"atk":31,"def":31,"spa":31,"spd":31,"spe":31}},{"name":"Gardevoir","species":"Gardevoir","item":"gardevoirite","ability":"Trace","moves":["trickroom","doubleedge","zenheadbutt","bodyslam"],"nature":"Brave","evs":{"hp":252,"atk":252,"def":0,"spa":0,"spd":4,"spe":0},"ivs":{"hp":31,"atk":31,"def":31,"spa":31,"spd":31,"spe":0}},{"name":"Latias","species":"Latias","item":"leftovers","ability":"Levitate","moves":["defog","dracometeor","icebeam","healingwish"],"nature":"Timid","evs":{"hp":0,"atk":0,"def":0,"spa":252,"spd":4,"spe":252},"ivs":{"hp":31,"atk":31,"def":31,"spa":31,"spd":31,"spe":31}},{"name":"Slowbro","species":"Slowbro","item":"rockyhelmet","ability":"Regenerator","moves":["scald","slackoff","irondefense","calmmind"],"nature":"Bold","evs":{"hp":248,"atk":0,"def":252,"spa":0,"spd":8,"spe":0},"ivs":{"hp":31,"atk":31,"def":31,"spa":31,"spd":31,"spe":31}}],"p2team":[{"name":"Transformer","species":"ditto","item":"choicescarf","ability":"Imposter","moves":["transform"],"nature":"Bold","evs":{"hp":248,"atk":0,"def":252,"spa":0,"spd":8,"spe":0},"ivs":{"hp":31,"atk":31,"def":31,"spa":31,"spd":31,"spe":31}},{"name":"Braviary","species":"Braviary","item":"lifeorb","ability":"Sheer Force","moves":["bravebird","rockslide","superpower","crushclaw"],"nature":"Jolly","evs":{"hp":0,"atk":252,"def":0,"spa":0,"spd":4,"spe":252},"ivs":{"hp":31,"atk":31,"def":31,"spa":31,"spd":31,"spe":31}},{"name":"Capuccino","species":"cinccino","item":"kingsrock","ability":"Skill Link","moves":["bulletseed","rockblast","tailslap","uturn"],"nature":"Jolly","evs":{"hp":0,"atk":252,"def":0,"spa":0,"spd":4,"spe":252},"ivs":{"hp":31,"atk":31,"def":31,"spa":31,"spd":31,"spe":31}},{"name":"Lady GaGa","species":"meloetta","item":"assaultvest","ability":"Serene Grace","moves":["chargebeam","hypervoice","psyshock","energyball"],"nature":"Modest","evs":{"hp":248,"atk":0,"def":0,"spa":252,"spd":8,"spe":0},"ivs":{"hp":31,"atk":31,"def":31,"spa":31,"spd":31,"spe":31}},{"name":"Bird Jesus","species":"pidgeot","item":"pidgeotite","ability":"Keen Eye","moves":["airslash","hurricane","heatwave","roost"],"nature":"Timid","evs":{"hp":0,"atk":0,"def":0,"spa":252,"spd":4,"spe":252},"ivs":{"hp":31,"atk":31,"def":31,"spa":31,"spd":31,"spe":31}},{"name":"Your Fat Friend","species":"snorlax","item":"leftovers","ability":"Thick Fat","moves":["heavyslam","bodyslam","rest","sleeptalk"],"nature":"Adamant","evs":{"hp":252,"atk":252,"def":0,"spa":0,"spd":4,"spe":0},"ivs":{"hp":31,"atk":31,"def":31,"spa":31,"spd":31,"spe":31}}],"log":["|player|p1|alliance-c-control|190","|player|p2|Marx-Bot|238","|gametype|singles","|gen|6","|tier|Monotype","|rated","|rule|Baton Pass Clause: Limit one Baton Passer, can't pass Spe and other stats simultaneously","|rule|Swagger Clause: Swagger is banned","|rule|Same Type Clause: Pokémon in a team must share a type","|clearpoke","|poke|p1|Beheeyem, M","|poke|p1|Azelf","|poke|p1|Jirachi, shiny","|poke|p1|Gardevoir, M","|poke|p1|Latias, F","|poke|p1|Slowbro, F","|poke|p2|Ditto","|poke|p2|Braviary, M","|poke|p2|Cinccino, M","|poke|p2|Meloetta","|poke|p2|Pidgeot, M","|poke|p2|Snorlax, F","|rule|Sleep Clause Mod: Limit one foe put to sleep","|rule|Species Clause: Limit one of each Pokémon","|rule|OHKO Clause: OHKO moves are banned","|rule|Moody Clause: Moody is banned","|rule|Evasion Moves Clause: Evasion moves are banned","|rule|Endless Battle Clause: Forcing endless battles is banned","|rule|HP Percentage Mod: HP is shown in percentages","|teampreview","|","|start","|switch|p1a: Azelf|Azelf|292/292","|switch|p2a: Lady GaGa|Meloetta|403/403","|turn|1","|","|move|p1a: Azelf|Magic Room|p1a: Azelf","|-fieldstart|move: Magic Room|[of] p1a: Azelf","|move|p2a: Lady GaGa|Charge Beam|p1a: Azelf","|-damage|p1a: Azelf|209/292","|-boost|p2a: Lady GaGa|spa|1","|","|turn|2","|","|move|p1a: Azelf|Explosion|p2a: Lady GaGa","|-damage|p2a: Lady GaGa|24/403","|faint|p1a: Azelf","|move|p2a: Lady GaGa|Hyper Voice|p1: Azelf|[notarget]","|-notarget","|","|","|switch|p1a: Jirachi|Jirachi, shiny|342/342","|turn|3","|","|move|p1a: Jirachi|Moonblast|p2a: Lady GaGa","|-damage|p2a: Lady GaGa|0 fnt","|faint|p2a: Lady GaGa","|","|","|switch|p2a: Bird Jesus|Pidgeot, M|307/307","|turn|4","|","|detailschange|p2a: Bird Jesus|Pidgeot-Mega, M","|-mega|p2a: Bird Jesus|Pidgeot|Pidgeotite","|move|p2a: Bird Jesus|Heat Wave|p1a: Jirachi","|-supereffective|p1a: Jirachi","|-damage|p1a: Jirachi|94/342","|move|p1a: Jirachi|Cosmic Power|p1a: Jirachi","|-boost|p1a: Jirachi|def|1","|-boost|p1a: Jirachi|spd|1","|","|turn|5","|","|switch|p1a: Beheeyem|Beheeyem, M|354/354","|move|p2a: Bird Jesus|Heat Wave|p1a: Beheeyem","|-damage|p1a: Beheeyem|260/354","|","|-fieldend|move: Magic Room|[of] p1: Azelf","|turn|6","|","|move|p2a: Bird Jesus|Hurricane|p1a: Beheeyem","|-damage|p1a: Beheeyem|104/354","|move|p1a: Beheeyem|Psychic|p2a: Bird Jesus","|-damage|p2a: Bird Jesus|147/307","|","|-heal|p1a: Beheeyem|126/354|[from] item: Leftovers","|turn|7","|","|move|p2a: Bird Jesus|Hurricane|p1a: Beheeyem","|-damage|p1a: Beheeyem|0 fnt","|faint|p1a: Beheeyem","|","|","|switch|p1a: Jirachi|Jirachi, shiny|94/342","|turn|8","|","|move|p1a: Jirachi|Moonblast|p2a: Bird Jesus","|-damage|p2a: Bird Jesus|31/307","|move|p2a: Bird Jesus|Heat Wave|p1a: Jirachi","|-supereffective|p1a: Jirachi","|-damage|p1a: Jirachi|0 fnt","|faint|p1a: Jirachi","|","|","|switch|p1a: Gardevoir|Gardevoir, M|340/340","|-ability|p1a: Gardevoir|No Guard|[from] ability: Trace|[of] p2a: Bird Jesus","|turn|9","|","|detailschange|p1a: Gardevoir|Gardevoir-Mega, M","|-mega|p1a: Gardevoir|Gardevoir|Gardevoirite","|move|p2a: Bird Jesus|Hurricane|p1a: Gardevoir","|-damage|p1a: Gardevoir|190/340","|move|p1a: Gardevoir|Trick Room|p1a: Gardevoir","|-fieldstart|move: Trick Room|[of] p1a: Gardevoir","|","|turn|10","|","|move|p1a: Gardevoir|Body Slam|p2a: Bird Jesus","|-damage|p2a: Bird Jesus|0 fnt","|faint|p2a: Bird Jesus","|","|","|switch|p2a: Your Fat Friend|Snorlax, F|524/524","|turn|11","|","|move|p2a: Your Fat Friend|Heavy Slam|p1a: Gardevoir","|-supereffective|p1a: Gardevoir","|-damage|p1a: Gardevoir|0 fnt","|faint|p1a: Gardevoir","|","|","|switch|p1a: Slowbro|Slowbro, F|393/393","|turn|12","|","|move|p2a: Your Fat Friend|Body Slam|p1a: Slowbro","|-damage|p1a: Slowbro|291/393","|-damage|p2a: Your Fat Friend|437/524|[from] item: Rocky Helmet|[of] p1a: Slowbro","|move|p1a: Slowbro|Iron Defense|p1a: Slowbro","|-boost|p1a: Slowbro|def|2","|","|-heal|p2a: Your Fat Friend|469/524|[from] item: Leftovers","|turn|13","|","|move|p2a: Your Fat Friend|Body Slam|p1a: Slowbro","|-crit|p1a: Slowbro","|-damage|p1a: Slowbro|153/393","|-damage|p2a: Your Fat Friend|382/524|[from] item: Rocky Helmet|[of] p1a: Slowbro","|move|p1a: Slowbro|Iron Defense|p1a: Slowbro","|-boost|p1a: Slowbro|def|2","|","|-heal|p2a: Your Fat Friend|414/524|[from] item: Leftovers","|-fieldend|move: Trick Room","|turn|14","|","|move|p2a: Your Fat Friend|Body Slam|p1a: Slowbro","|-damage|p1a: Slowbro|122/393","|-damage|p2a: Your Fat Friend|327/524|[from] item: Rocky Helmet|[of] p1a: Slowbro","|move|p1a: Slowbro|Slack Off|p1a: Slowbro","|-heal|p1a: Slowbro|319/393","|","|-heal|p2a: Your Fat Friend|359/524|[from] item: Leftovers","|turn|15","|","|move|p2a: Your Fat Friend|Body Slam|p1a: Slowbro","|-damage|p1a: Slowbro|286/393","|-damage|p2a: Your Fat Friend|272/524|[from] item: Rocky Helmet|[of] p1a: Slowbro","|move|p1a: Slowbro|Calm Mind|p1a: Slowbro","|-boost|p1a: Slowbro|spa|1","|-boost|p1a: Slowbro|spd|1","|","|-heal|p2a: Your Fat Friend|304/524|[from] item: Leftovers","|turn|16","|","|switch|p2a: Transformer|Ditto|299/299","|-transform|p2a: Transformer|p1a: Slowbro","|move|p1a: Slowbro|Calm Mind|p1a: Slowbro","|-boost|p1a: Slowbro|spa|1","|-boost|p1a: Slowbro|spd|1","|","|turn|17","|","|move|p2a: Transformer|Scald|p1a: Slowbro","|-resisted|p1a: Slowbro","|-damage|p1a: Slowbro|244/393","|move|p1a: Slowbro|Slack Off|p1a: Slowbro","|-heal|p1a: Slowbro|393/393","|","|turn|18","|","|move|p2a: Transformer|Scald|p1a: Slowbro","|-resisted|p1a: Slowbro","|-damage|p1a: Slowbro|348/393","|move|p1a: Slowbro|Scald|p2a: Transformer","|-resisted|p2a: Transformer","|-damage|p2a: Transformer|221/299","|","|turn|19","|","|move|p2a: Transformer|Scald|p1a: Slowbro","|-resisted|p1a: Slowbro","|-damage|p1a: Slowbro|303/393","|move|p1a: Slowbro|Scald|p2a: Transformer","|-resisted|p2a: Transformer","|-damage|p2a: Transformer|150/299","|","|turn|20","|","|switch|p2a: Your Fat Friend|Snorlax, F|304/524","|move|p1a: Slowbro|Scald|p2a: Your Fat Friend","|-damage|p2a: Your Fat Friend|145/524","|","|-heal|p2a: Your Fat Friend|177/524|[from] item: Leftovers","|turn|21","|","|move|p1a: Slowbro|Slack Off|p1a: Slowbro","|-heal|p1a: Slowbro|393/393","|move|p2a: Your Fat Friend|Rest|p2a: Your Fat Friend","|-status|p2a: Your Fat Friend|slp","|-heal|p2a: Your Fat Friend|524/524 slp|[silent]","|-status|p2a: Your Fat Friend|slp|[from] move: Rest","|","|turn|22","|","|move|p1a: Slowbro|Calm Mind|p1a: Slowbro","|-boost|p1a: Slowbro|spa|1","|-boost|p1a: Slowbro|spd|1","|cant|p2a: Your Fat Friend|slp","|move|p2a: Your Fat Friend|Sleep Talk|p2a: Your Fat Friend","|move|p2a: Your Fat Friend|Rest|p2a: Your Fat Friend|[from]Sleep Talk","|-fail|p2a: Your Fat Friend","|","|turn|23","|","|move|p1a: Slowbro|Scald|p2a: Your Fat Friend","|-damage|p2a: Your Fat Friend|305/524 slp","|cant|p2a: Your Fat Friend|slp","|move|p2a: Your Fat Friend|Sleep Talk|p2a: Your Fat Friend","|move|p2a: Your Fat Friend|Heavy Slam|p1a: Slowbro|[from]Sleep Talk","|-resisted|p1a: Slowbro","|-damage|p1a: Slowbro|379/393","|-damage|p2a: Your Fat Friend|218/524 slp|[from] item: Rocky Helmet|[of] p1a: Slowbro","|","|-heal|p2a: Your Fat Friend|250/524 slp|[from] item: Leftovers","|turn|24","|","|-curestatus|p2a: Your Fat Friend|slp","|move|p2a: Your Fat Friend|Body Slam|p1a: Slowbro","|-damage|p1a: Slowbro|343/393","|-damage|p2a: Your Fat Friend|163/524|[from] item: Rocky Helmet|[of] p1a: Slowbro","|-status|p1a: Slowbro|par","|move|p1a: Slowbro|Scald|p2a: Your Fat Friend","|-damage|p2a: Your Fat Friend|0 fnt","|faint|p2a: Your Fat Friend","|","|","|switch|p2a: Capuccino|Cinccino, M|291/291","|turn|25","|","|move|p2a: Capuccino|Bullet Seed|p1a: Slowbro","|-supereffective|p1a: Slowbro","|-damage|p1a: Slowbro|331/393 par","|-supereffective|p1a: Slowbro","|-damage|p1a: Slowbro|321/393 par","|-supereffective|p1a: Slowbro","|-damage|p1a: Slowbro|309/393 par","|-supereffective|p1a: Slowbro","|-damage|p1a: Slowbro|297/393 par","|-supereffective|p1a: Slowbro","|-damage|p1a: Slowbro|285/393 par","|-hitcount|p1a: Slowbro|5","|cant|p1a: Slowbro|flinch","|","|turn|26","|","|move|p2a: Capuccino|Bullet Seed|p1a: Slowbro","|-supereffective|p1a: Slowbro","|-damage|p1a: Slowbro|273/393 par","|-supereffective|p1a: Slowbro","|-damage|p1a: Slowbro|261/393 par","|-supereffective|p1a: Slowbro","|-damage|p1a: Slowbro|249/393 par","|-supereffective|p1a: Slowbro","|-damage|p1a: Slowbro|239/393 par","|-supereffective|p1a: Slowbro","|-damage|p1a: Slowbro|227/393 par","|-hitcount|p1a: Slowbro|5","|move|p1a: Slowbro|Slack Off|p1a: Slowbro","|-heal|p1a: Slowbro|393/393 par","|","|turn|27","|","|move|p2a: Capuccino|Bullet Seed|p1a: Slowbro","|-supereffective|p1a: Slowbro","|-damage|p1a: Slowbro|381/393 par","|-supereffective|p1a: Slowbro","|-damage|p1a: Slowbro|369/393 par","|-supereffective|p1a: Slowbro","|-damage|p1a: Slowbro|357/393 par","|-crit|p1a: Slowbro","|-supereffective|p1a: Slowbro","|-damage|p1a: Slowbro|303/393 par","|-supereffective|p1a: Slowbro","|-damage|p1a: Slowbro|291/393 par","|-hitcount|p1a: Slowbro|5","|cant|p1a: Slowbro|par","|","|turn|28","|","|move|p2a: Capuccino|Bullet Seed|p1a: Slowbro","|-supereffective|p1a: Slowbro","|-damage|p1a: Slowbro|279/393 par","|-supereffective|p1a: Slowbro","|-damage|p1a: Slowbro|267/393 par","|-supereffective|p1a: Slowbro","|-damage|p1a: Slowbro|255/393 par","|-supereffective|p1a: Slowbro","|-damage|p1a: Slowbro|243/393 par","|-supereffective|p1a: Slowbro","|-damage|p1a: Slowbro|231/393 par","|-hitcount|p1a: Slowbro|5","|cant|p1a: Slowbro|flinch","|","|turn|29","|","|move|p2a: Capuccino|Bullet Seed|p1a: Slowbro","|-supereffective|p1a: Slowbro","|-damage|p1a: Slowbro|219/393 par","|-supereffective|p1a: Slowbro","|-damage|p1a: Slowbro|209/393 par","|-supereffective|p1a: Slowbro","|-damage|p1a: Slowbro|197/393 par","|-supereffective|p1a: Slowbro","|-damage|p1a: Slowbro|185/393 par","|-supereffective|p1a: Slowbro","|-damage|p1a: Slowbro|173/393 par","|-hitcount|p1a: Slowbro|5","|cant|p1a: Slowbro|par","|","|turn|30","|","|move|p2a: Capuccino|Bullet Seed|p1a: Slowbro","|-supereffective|p1a: Slowbro","|-damage|p1a: Slowbro|161/393 par","|-supereffective|p1a: Slowbro","|-damage|p1a: Slowbro|149/393 par","|-supereffective|p1a: Slowbro","|-damage|p1a: Slowbro|139/393 par","|-supereffective|p1a: Slowbro","|-damage|p1a: Slowbro|127/393 par","|-supereffective|p1a: Slowbro","|-damage|p1a: Slowbro|115/393 par","|-hitcount|p1a: Slowbro|5","|cant|p1a: Slowbro|flinch","|","|turn|31","|","|move|p2a: Capuccino|Bullet Seed|p1a: Slowbro","|-supereffective|p1a: Slowbro","|-damage|p1a: Slowbro|103/393 par","|-supereffective|p1a: Slowbro","|-damage|p1a: Slowbro|91/393 par","|-supereffective|p1a: Slowbro","|-damage|p1a: Slowbro|79/393 par","|-supereffective|p1a: Slowbro","|-damage|p1a: Slowbro|65/393 par","|-supereffective|p1a: Slowbro","|-damage|p1a: Slowbro|53/393 par","|-hitcount|p1a: Slowbro|5","|cant|p1a: Slowbro|flinch","|","|turn|32","|","|win|Marx-Bot"],"p1rating":{"entryid":"6440455","serverid":"eos","formatid":"monotype","userid":"allianceccontrol","username":"Alliance-C-Control","w":"211","l":280,"t":"0","gxe":41.6,"r":"1438.3988224777","rd":"25","sigma":"0","rptime":"1438160400","rpr":1435.8579604977,"rprd":25,"rpsigma":"0","acre":1102.0133445689,"lacre":1102.0133445689,"oldacre":"1121.1783036192"},"p2rating":{"entryid":"5765428","serverid":"eos","formatid":"monotype","userid":"marxbot","username":"Marx Bot","w":186,"l":"276","t":"0","gxe":41.5,"r":"1433.5518455378","rd":"25.876418629631","sigma":"0","rptime":"1438160400","rpr":1435.4890797777,"rprd":25.805406279237,"rpsigma":"0","acre":1222.9579162219,"lacre":1222.9579162219,"oldacre":"1203.7929571716"},"endType":"forfeit"}