{"seed":[58257,29248,18867,45486],"turns":28,"p1":"Hershey Bot","p2":"Guard Kryxes","p1team":[{"name":"Alomomola","species":"Alomomola","item":"rockyhelmet","ability":"Regenerator","moves":["wish","protect","toxic","mirrorcoat"],"nature":"Bold","evs":{"hp":252,"atk":0,"def":252,"spa":0,"spd":4,"spe":0},"ivs":{"hp":31,"atk":0,"def":31,"spa":31,"spd":31,"spe":31}},{"name":"Azumarill","species":"Azumarill","item":"leftovers","ability":"Sap Sipper","moves":["toxic","scald","perishsong","knockoff"],"nature":"Impish","evs":{"hp":252,"atk":0,"def":252,"spa":0,"spd":4,"spe":0},"ivs":{"hp":31,"atk":31,"def":31,"spa":31,"spd":31,"spe":31}},{"name":"Lanturn","species":"Lanturn","item":"leftovers","ability":"Volt Absorb","moves":["voltswitch","toxic","healbell","scald"],"nature":"Calm","evs":{"hp":252,"atk":0,"def":4,"spa":0,"spd":252,"spe":0},"ivs":{"hp":31,"atk":0,"def":31,"spa":31,"spd":31,"spe":31}},{"name":"Keldeo","species":"Keldeo","item":"choicespecs","ability":"Justified","moves":["scald","hydropump","secretsword","icywind"],"nature":"Timid","evs":{"hp":4,"atk":0,"def":0,"spa":252,"spd":0,"spe":252},"ivs":{"hp":31,"atk":0,"def":31,"spa":31,"spd":31,"spe":31}},{"name":"Quagsire","species":"Quagsire","item":"leftovers","ability":"Unaware","moves":["earthquake","scald","toxic","recover"],"nature":"Lax","evs":{"hp":252,"atk":4,"def":252,"spa":0,"spd":0,"spe":0},"ivs":{"hp":31,"atk":31,"def":31,"spa":31,"spd":31,"spe":31}},{"name":"Empoleon","species":"Empoleon","item":"leftovers","ability":"Torrent","moves":["stealthrock","defog","flashcannon","roar"],"nature":"Calm","evs":{"hp":252,"atk":0,"def":56,"spa":0,"spd":200,"spe":0},"ivs":{"hp":31,"atk":0,"def":31,"spa":31,"spd":31,"spe":31}}],"p2team":[{"name":"Sableye","species":"Sableye","item":"leftovers","ability":"Prankster","moves":["willowisp","knockoff","taunt","recover"],"nature":"Careful","evs":{"hp":252,"atk":4,"def":0,"spa":0,"spd":252,"spe":0},"ivs":{"hp":31,"atk":31,"def":31,"spa":31,"spd":31,"spe":31}},{"name":"Tyranitar","species":"Tyranitar","item":"assaultvest","ability":"Sand Stream","moves":["stoneedge","earthquake","fireblast","icebeam"],"nature":"Sassy","evs":{"hp":252,"atk":4,"def":0,"spa":0,"spd":252,"spe":0},"ivs":{"hp":31,"atk":31,"def":31,"spa":31,"spd":31,"spe":31}},{"name":"Mandibuzz","species":"Mandibuzz","item":"rockyhelmet","ability":"Overcoat","moves":["roost","foulplay","defog","bravebird"],"nature":"Impish","evs":{"hp":248,"atk":8,"def":252,"spa":0,"spd":0,"spe":0},"ivs":{"hp":31,"atk":31,"def":31,"spa":31,"spd":31,"spe":31}},{"name":"Hydreigon","species":"Hydreigon","item":"choicespecs","ability":"Levitate","moves":["dracometeor","darkpulse","earthpower","fireblast"],"nature":"Timid","evs":{"hp":0,"atk":0,"def":0,"spa":252,"spd":4,"spe":252},"ivs":{"hp":31,"atk":31,"def":31,"spa":31,"spd":31,"spe":31}},{"name":"Bisharp","species":"Bisharp","item":"focussash","ability":"Defiant","moves":["suckerpunch","ironhead","swordsdance","knockoff"],"nature":"Adamant","evs":{"hp":248,"atk":252,"def":0,"spa":0,"spd":8,"spe":0},"ivs":{"hp":31,"atk":31,"def":31,"spa":31,"spd":31,"spe":31}},{"name":"Sharpedo","species":"Sharpedo","item":"sharpedonite","ability":"Speed Boost","moves":["protect","waterfall","crunch","destinybond"],"nature":"Adamant","evs":{"hp":0,"atk":252,"def":0,"spa":0,"spd":4,"spe":252},"ivs":{"hp":31,"atk":31,"def":31,"spa":31,"spd":31,"spe":31}}],"log":["|player|p1|Hershey Bot|4","|player|p2|Guard Kryxes|kryxes.png","|gametype|singles","|gen|6","|tier|Monotype","|rated","|rule|Baton Pass Clause: Limit one Baton Passer, can't pass Spe and other stats simultaneously","|rule|Swagger Clause: Swagger is banned","|rule|Same Type Clause: Pokémon in a team must share a type","|clearpoke","|poke|p1|Alomomola, F","|poke|p1|Azumarill, M","|poke|p1|Lanturn, M","|poke|p1|Keldeo","|poke|p1|Quagsire, F","|poke|p1|Empoleon, F","|poke|p2|Sableye, F","|poke|p2|Tyranitar, F","|poke|p2|Mandibuzz, F","|poke|p2|Hydreigon, M","|poke|p2|Bisharp, M","|poke|p2|Sharpedo, M","|rule|Sleep Clause Mod: Limit one foe put to sleep","|rule|Species Clause: Limit one of each Pokémon","|rule|OHKO Clause: OHKO moves are banned","|rule|Moody Clause: Moody is banned","|rule|Evasion Moves Clause: Evasion moves are banned","|rule|Endless Battle Clause: Forcing endless battles is banned","|rule|HP Percentage Mod: HP is shown in percentages","|teampreview","|","|start","|switch|p1a: Empoleon|Empoleon, F|372/372","|switch|p2a: Tyranitar|Tyranitar, F|404/404","|-weather|Sandstorm","|turn|1","|","|move|p1a: Empoleon|Flash Cannon|p2a: Tyranitar","|-supereffective|p2a: Tyranitar","|-damage|p2a: Tyranitar|332/404","|move|p2a: Tyranitar|Earthquake|p1a: Empoleon","|-supereffective|p1a: Empoleon","|-damage|p1a: Empoleon|162/372","|","|-weather|Sandstorm|[upkeep]","|-heal|p1a: Empoleon|185/372|[from] item: Leftovers","|turn|2","|","|move|p1a: Empoleon|Stealth Rock|p2a: Tyranitar","|-sidestart|p2: Guard Kryxes|move: Stealth Rock","|move|p2a: Tyranitar|Earthquake|p1a: Empoleon","|-supereffective|p1a: Empoleon","|-damage|p1a: Empoleon|0 fnt","|faint|p1a: Empoleon","|","|-weather|Sandstorm|[upkeep]","|","|switch|p1a: Keldeo|Keldeo|324/324","|turn|3","|","|switch|p2a: Mandibuzz|Mandibuzz, F|423/423","|-damage|p2a: Mandibuzz|318/423|[from] Stealth Rock","|move|p1a: Keldeo|Secret Sword|p2a: Mandibuzz","|-crit|p2a: Mandibuzz","|-damage|p2a: Mandibuzz|93/423","|","|-weather|Sandstorm|[upkeep]","|-damage|p1a: Keldeo|304/324|[from] sandstorm","|turn|4","|","|move|p1a: Keldeo|Secret Sword|p2a: Mandibuzz","|-crit|p2a: Mandibuzz","|-damage|p2a: Mandibuzz|0 fnt","|faint|p2a: Mandibuzz","|","|-weather|Sandstorm|[upkeep]","|-damage|p1a: Keldeo|284/324|[from] sandstorm","|","|switch|p2a: Sableye|Sableye, F|304/304","|-damage|p2a: Sableye|266/304|[from] Stealth Rock","|turn|5","|","|switch|p1a: Quagsire|Quagsire, F|394/394","|move|p2a: Sableye|Knock Off|p1a: Quagsire","|-damage|p1a: Quagsire|321/394","|-enditem|p1a: Quagsire|Leftovers|[from] move: Knock Off|[of] p2a: Sableye","|","|-weather|none","|-heal|p2a: Sableye|285/304|[from] item: Leftovers","|turn|6","|","|move|p2a: Sableye|Taunt|p1a: Quagsire","|-start|p1a: Quagsire|move: Taunt","|move|p1a: Quagsire|Scald|p2a: Sableye","|-damage|p2a: Sableye|218/304","|-status|p2a: Sableye|brn","|","|-heal|p2a: Sableye|237/304 brn|[from] item: Leftovers","|-damage|p2a: Sableye|199/304 brn|[from] brn","|turn|7","|","|switch|p2a: Hydreigon|Hydreigon, M|325/325","|-damage|p2a: Hydreigon|285/325|[from] Stealth Rock","|move|p1a: Quagsire|Earthquake|p2a: Hydreigon","|-immune|p2a: Hydreigon|[msg]","|","|turn|8","|","|switch|p1a: Azumarill|Azumarill, M|404/404","|move|p2a: Hydreigon|Draco Meteor|p1a: Azumarill","|-immune|p1a: Azumarill|[msg]","|","|turn|9","|","|switch|p2a: Tyranitar|Tyranitar, F|332/404","|-damage|p2a: Tyranitar|282/404|[from] Stealth Rock","|-weather|Sandstorm","|move|p1a: Azumarill|Knock Off|p2a: Tyranitar","|-resisted|p2a: Tyranitar","|-damage|p2a: Tyranitar|262/404","|-enditem|p2a: Tyranitar|Assault Vest|[from] move: Knock Off|[of] p1a: Azumarill","|","|-weather|Sandstorm|[upkeep]","|-damage|p1a: Azumarill|379/404|[from] sandstorm","|-heal|p1a: Azumarill|404/404|[from] item: Leftovers","|turn|10","|","|move|p2a: Tyranitar|Earthquake|p1a: Azumarill","|-damage|p1a: Azumarill|325/404","|move|p1a: Azumarill|Toxic|p2a: Tyranitar","|-status|p2a: Tyranitar|tox","|","|-weather|Sandstorm|[upkeep]","|-damage|p1a: Azumarill|300/404|[from] sandstorm","|-heal|p1a: Azumarill|325/404|[from] item: Leftovers","|-damage|p2a: Tyranitar|237/404 tox|[from] psn","|turn|11","|","|move|p2a: Tyranitar|Stone Edge|p1a: Azumarill","|-damage|p1a: Azumarill|187/404","|move|p1a: Azumarill|Scald|p2a: Tyranitar","|-supereffective|p2a: Tyranitar","|-damage|p2a: Tyranitar|181/404 tox","|","|-weather|Sandstorm|[upkeep]","|-damage|p1a: Azumarill|162/404|[from] sandstorm","|-heal|p1a: Azumarill|187/404|[from] item: Leftovers","|-damage|p2a: Tyranitar|131/404 tox|[from] psn","|turn|12","|","|move|p2a: Tyranitar|Stone Edge|p1a: Azumarill","|-damage|p1a: Azumarill|64/404","|move|p1a: Azumarill|Scald|p2a: Tyranitar","|-supereffective|p2a: Tyranitar","|-damage|p2a: Tyranitar|71/404 tox","|","|-weather|Sandstorm|[upkeep]","|-damage|p1a: Azumarill|39/404|[from] sandstorm","|-heal|p1a: Azumarill|64/404|[from] item: Leftovers","|-damage|p2a: Tyranitar|0 fnt|[from] psn","|faint|p2a: Tyranitar","|","|switch|p2a: Hydreigon|Hydreigon, M|285/325","|-damage|p2a: Hydreigon|245/325|[from] Stealth Rock","|turn|13","|","|move|p2a: Hydreigon|Earth Power|p1a: Azumarill","|-damage|p1a: Azumarill|0 fnt","|faint|p1a: Azumarill","|","|-weather|none","|","|switch|p1a: Keldeo|Keldeo|284/324","|turn|14","|","|move|p1a: Keldeo|Secret Sword|p2a: Hydreigon","|-supereffective|p2a: Hydreigon","|-damage|p2a: Hydreigon|0 fnt","|faint|p2a: Hydreigon","|","|","|switch|p2a: Sableye|Sableye, F|199/304 brn","|-damage|p2a: Sableye|161/304 brn|[from] Stealth Rock","|turn|15","|","|switch|p1a: Quagsire|Quagsire, F|321/394","|move|p2a: Sableye|Knock Off|p1a: Quagsire","|-crit|p1a: Quagsire","|-damage|p1a: Quagsire|287/394","|","|-heal|p2a: Sableye|180/304 brn|[from] item: Leftovers","|-damage|p2a: Sableye|142/304 brn|[from] brn","|turn|16","|","|move|p2a: Sableye|Taunt|p1a: Quagsire","|-start|p1a: Quagsire|move: Taunt","|cant|p1a: Quagsire|move: Taunt|Recover","|","|-heal|p2a: Sableye|161/304 brn|[from] item: Leftovers","|-damage|p2a: Sableye|123/304 brn|[from] brn","|turn|17","|","|move|p2a: Sableye|Recover|p2a: Sableye","|-heal|p2a: Sableye|275/304 brn","|move|p1a: Quagsire|Scald|p2a: Sableye","|-damage|p2a: Sableye|211/304 brn","|","|-heal|p2a: Sableye|230/304 brn|[from] item: Leftovers","|-damage|p2a: Sableye|192/304 brn|[from] brn","|turn|18","|","|move|p2a: Sableye|Will-O-Wisp|p1a: Quagsire","|-status|p1a: Quagsire|brn","|move|p1a: Quagsire|Scald|p2a: Sableye","|-damage|p2a: Sableye|126/304 brn","|","|-heal|p2a: Sableye|145/304 brn|[from] item: Leftovers","|-damage|p2a: Sableye|107/304 brn|[from] brn","|-damage|p1a: Quagsire|238/394 brn|[from] brn","|-end|p1a: Quagsire|move: Taunt","|turn|19","|","|move|p2a: Sableye|Recover|p2a: Sableye","|-heal|p2a: Sableye|259/304 brn","|move|p1a: Quagsire|Scald|p2a: Sableye","|-damage|p2a: Sableye|196/304 brn","|","|-heal|p2a: Sableye|215/304 brn|[from] item: Leftovers","|-damage|p2a: Sableye|177/304 brn|[from] brn","|-damage|p1a: Quagsire|189/394 brn|[from] brn","|turn|20","|","|move|p2a: Sableye|Taunt|p1a: Quagsire","|-start|p1a: Quagsire|move: Taunt","|move|p1a: Quagsire|Scald|p2a: Sableye","|-damage|p2a: Sableye|111/304 brn","|","|-heal|p2a: Sableye|130/304 brn|[from] item: Leftovers","|-damage|p2a: Sableye|92/304 brn|[from] brn","|-damage|p1a: Quagsire|140/394 brn|[from] brn","|turn|21","|","|move|p2a: Sableye|Recover|p2a: Sableye","|-heal|p2a: Sableye|244/304 brn","|move|p1a: Quagsire|Earthquake|p2a: Sableye","|-damage|p2a: Sableye|178/304 brn","|","|-heal|p2a: Sableye|197/304 brn|[from] item: Leftovers","|-damage|p2a: Sableye|159/304 brn|[from] brn","|-damage|p1a: Quagsire|91/394 brn|[from] brn","|turn|22","|","|move|p2a: Sableye|Recover|p2a: Sableye","|-heal|p2a: Sableye|304/304 brn","|move|p1a: Quagsire|Scald|p2a: Sableye","|-damage|p2a: Sableye|244/304 brn","|","|-heal|p2a: Sableye|263/304 brn|[from] item: Leftovers","|-damage|p2a: Sableye|225/304 brn|[from] brn","|-damage|p1a: Quagsire|42/394 brn|[from] brn","|-end|p1a: Quagsire|move: Taunt","|turn|23","|","|move|p2a: Sableye|Taunt|p1a: Quagsire","|-start|p1a: Quagsire|move: Taunt","|move|p1a: Quagsire|Earthquake|p2a: Sableye","|-crit|p2a: Sableye","|-damage|p2a: Sableye|120/304 brn","|","|-heal|p2a: Sableye|139/304 brn|[from] item: Leftovers","|-damage|p2a: Sableye|101/304 brn|[from] brn","|-damage|p1a: Quagsire|0 fnt|[from] brn","|faint|p1a: Quagsire","|","|switch|p1a: Keldeo|Keldeo|284/324","|turn|24","|","|move|p2a: Sableye|Will-O-Wisp|p1a: Keldeo","|-status|p1a: Keldeo|brn","|move|p1a: Keldeo|Hydro Pump|p2a: Sableye|[miss]","|-miss|p1a: Keldeo|p2a: Sableye","|","|-heal|p2a: Sableye|120/304 brn|[from] item: Leftovers","|-damage|p1a: Keldeo|244/324 brn|[from] brn","|-damage|p2a: Sableye|82/304 brn|[from] brn","|turn|25","|","|move|p2a: Sableye|Recover|p2a: Sableye","|-heal|p2a: Sableye|234/304 brn","|move|p1a: Keldeo|Hydro Pump|p2a: Sableye|[miss]","|-miss|p1a: Keldeo|p2a: Sableye","|","|-heal|p2a: Sableye|253/304 brn|[from] item: Leftovers","|-damage|p1a: Keldeo|204/324 brn|[from] brn","|-damage|p2a: Sableye|215/304 brn|[from] brn","|turn|26","|","|move|p1a: Keldeo|Hydro Pump|p2a: Sableye","|-damage|p2a: Sableye|0 fnt","|faint|p2a: Sableye","|","|-damage|p1a: Keldeo|164/324 brn|[from] brn","|","|switch|p2a: Sharpedo|Sharpedo, M|281/281","|-damage|p2a: Sharpedo|246/281|[from] Stealth Rock","|turn|27","|","|move|p1a: Keldeo|Hydro Pump|p2a: Sharpedo","|-resisted|p2a: Sharpedo","|-damage|p2a: Sharpedo|0 fnt","|faint|p2a: Sharpedo","|","|-damage|p1a: Keldeo|124/324 brn|[from] brn","|","|switch|p2a: Bisharp|Bisharp, M|333/333","|-damage|p2a: Bisharp|313/333|[from] Stealth Rock","|turn|28","|","|move|p2a: Bisharp|Sucker Punch|p1a: Keldeo","|-resisted|p1a: Keldeo","|-damage|p1a: Keldeo|45/324 brn","|-boost|p1a: Keldeo|atk|1|[from] ability: Justified","|move|p1a: Keldeo|Hydro Pump|p2a: Bisharp","|-damage|p2a: Bisharp|0 fnt","|faint|p2a: Bisharp","|","|win|Hershey Bot"],"p1rating":{"entryid":"7247948","serverid":"eos","formatid":"monotype","userid":"hersheybot","username":"Hershey Bot","w":4,"l":"5","t":"0","gxe":44.1,"r":"1500","rd":"130","sigma":"0","rptime":"1438160400","rpr":1454.2663018562,"rprd":89.73568114018,"rpsigma":"0","acre":1062.0380280966,"lacre":1062.0380280966,"oldacre":"1023.6787463568"},"p2rating":{"entryid":"7148335","serverid":"eos","formatid":"monotype","userid":"guardkryxes","username":"Guard Kryxes","w":"2","l":3,"t":"0","gxe":45,"r":1488.5339841407,"rd":108.70652996355,"sigma":"0","rptime":1438160400,"rpr":1460.4025852765,"rprd":104.43008482867,"rpsigma":"0","acre":1024.771748822,"lacre":1024.771748822,"oldacre":"1041.9126141773"},"endType":"normal"}