{"seed":[40377,16058,34420,12145],"turns":35,"p1":"Masterr arceus","p2":"Hershey Bot","p1team":[{"name":"Heatran","species":"Heatran","item":"airballoon","ability":"Flash Fire","moves":["fireblast","hiddenpowerice","ancientpower","earthpower"],"nature":"Modest","evs":{"hp":248,"atk":0,"def":0,"spa":252,"spd":8,"spe":0},"ivs":{"hp":31,"atk":30,"def":30,"spa":31,"spd":31,"spe":31}},{"name":"Charizard","species":"Charizard","item":"charizarditey","ability":"Blaze","moves":["hiddenpowerice","ancientpower","fireblast","focusblast"],"nature":"Timid","evs":{"hp":0,"atk":0,"def":0,"spa":252,"spd":4,"spe":252},"ivs":{"hp":31,"atk":30,"def":30,"spa":31,"spd":31,"spe":31}},{"name":"Torkoal","species":"Torkoal","item":"leftovers","ability":"White Smoke","moves":["stoneedge","stealthrock","rapidspin","toxic"],"nature":"Impish","evs":{"hp":252,"atk":4,"def":252,"spa":0,"spd":0,"spe":0},"ivs":{"hp":31,"atk":31,"def":31,"spa":31,"spd":31,"spe":31}},{"name":"Volcarona","species":"Volcarona","item":"focussash","ability":"Flame Body","moves":["gigadrain","quiverdance","hiddenpowerground","fierydance"],"nature":"Modest","evs":{"hp":0,"atk":0,"def":0,"spa":252,"spd":4,"spe":252},"ivs":{"hp":31,"atk":31,"def":31,"spa":30,"spd":30,"spe":31}},{"name":"Victini","species":"Victini","item":"choicescarf","ability":"Victory Star","moves":["boltstrike","vcreate","glaciate","uturn"],"nature":"Hasty","evs":{"hp":0,"atk":252,"def":0,"spa":4,"spd":0,"spe":252},"ivs":{"hp":31,"atk":30,"def":30,"spa":31,"spd":31,"spe":31}},{"name":"Ninetales","species":"Ninetales","item":"heatrock","ability":"Drought","moves":["painsplit","substitute","flamethrower","solarbeam"],"nature":"Bold","evs":{"hp":0,"atk":0,"def":0,"spa":252,"spd":4,"spe":252},"ivs":{"hp":31,"atk":31,"def":31,"spa":31,"spd":31,"spe":31}}],"p2team":[{"name":"Noivern","species":"Noivern","item":"choicespecs","ability":"Infiltrator","moves":["flamethrower","uturn","hurricane","dracometeor"],"nature":"Timid","evs":{"hp":0,"atk":0,"def":0,"spa":252,"spd":4,"spe":252},"ivs":{"hp":31,"atk":31,"def":31,"spa":31,"spd":31,"spe":31}},{"name":"Garchomp","species":"Garchomp","item":"rockyhelmet","ability":"Rough Skin","moves":["dragonclaw","earthquake","stealthrock","poisonjab"],"nature":"Jolly","evs":{"hp":0,"atk":0,"def":4,"spa":0,"spd":0,"spe":0},"ivs":{"hp":31,"atk":31,"def":31,"spa":31,"spd":31,"spe":31}},{"name":"Altaria","species":"Altaria","item":"altarianite","ability":"Natural Cure","moves":["dragondance","frustration","roost","earthquake"],"nature":"Adamant","evs":{"hp":0,"atk":216,"def":96,"spa":0,"spd":0,"spe":196},"happiness":0,"ivs":{"hp":31,"atk":31,"def":31,"spa":31,"spd":31,"spe":31}},{"name":"Latias","species":"Latias","item":"lifeorb","ability":"Levitate","moves":["defog","psyshock","healingwish","roost"],"nature":"Timid","evs":{"hp":0,"atk":0,"def":0,"spa":252,"spd":4,"spe":252},"ivs":{"hp":31,"atk":31,"def":31,"spa":31,"spd":31,"spe":31}},{"name":"Kyurem-Black","species":"Kyurem-Black","item":"choicescarf","ability":"Teravolt","moves":["icebeam","fusionbolt","ironhead","earthpower"],"nature":"Rash","evs":{"hp":0,"atk":0,"def":0,"spa":252,"spd":0,"spe":252},"ivs":{"hp":31,"atk":31,"def":31,"spa":31,"spd":31,"spe":31}},{"name":"Goodra","species":"Goodra","item":"assaultvest","ability":"Sap Sipper","moves":["sludgebomb","dragontail","fireblast","earthquake"],"nature":"Relaxed","evs":{"hp":216,"atk":0,"def":252,"spa":40,"spd":0,"spe":0},"ivs":{"hp":31,"atk":31,"def":31,"spa":31,"spd":31,"spe":31}}],"log":["|player|p1|Masterr arceus|268","|player|p2|Hershey Bot|4","|gametype|singles","|gen|6","|tier|Monotype","|rated","|rule|Baton Pass Clause: Limit one Baton Passer, can't pass Spe and other stats simultaneously","|rule|Swagger Clause: Swagger is banned","|rule|Same Type Clause: Pokémon in a team must share a type","|clearpoke","|poke|p1|Heatran, M","|poke|p1|Charizard, F","|poke|p1|Torkoal, M","|poke|p1|Volcarona, M","|poke|p1|Victini","|poke|p1|Ninetales, M","|poke|p2|Noivern, M","|poke|p2|Garchomp, F","|poke|p2|Altaria, F","|poke|p2|Latias, F","|poke|p2|Kyurem-Black","|poke|p2|Goodra, F","|rule|Sleep Clause Mod: Limit one foe put to sleep","|rule|Species Clause: Limit one of each Pokémon","|rule|OHKO Clause: OHKO moves are banned","|rule|Moody Clause: Moody is banned","|rule|Evasion Moves Clause: Evasion moves are banned","|rule|Endless Battle Clause: Forcing endless battles is banned","|rule|HP Percentage Mod: HP is shown in percentages","|teampreview","|","|start","|switch|p1a: Ninetales|Ninetales, M|287/287","|switch|p2a: Kyurem-Black|Kyurem-Black|391/391","|-ability|p2a: Kyurem-Black|Teravolt","|-weather|SunnyDay","|turn|1","|","|move|p2a: Kyurem-Black|Earth Power|p1a: Ninetales","|-supereffective|p1a: Ninetales","|-damage|p1a: Ninetales|59/287","|-unboost|p1a: Ninetales|spd|1","|move|p1a: Ninetales|Flamethrower|p2a: Kyurem-Black","|-damage|p2a: Kyurem-Black|168/391","|","|-weather|SunnyDay|[upkeep]","|turn|2","|","|move|p2a: Kyurem-Black|Earth Power|p1a: Ninetales","|-supereffective|p1a: Ninetales","|-damage|p1a: Ninetales|0 fnt","|faint|p1a: Ninetales","|","|-weather|SunnyDay|[upkeep]","|","|switch|p1a: Volcarona|Volcarona, M|311/311","|turn|3","|","|switch|p2a: Noivern|Noivern, M|311/311","|move|p1a: Volcarona|Quiver Dance|p1a: Volcarona","|-boost|p1a: Volcarona|spa|1","|-boost|p1a: Volcarona|spd|1","|-boost|p1a: Volcarona|spe|1","|","|-weather|SunnyDay|[upkeep]","|turn|4","|","|move|p1a: Volcarona|Fiery Dance|p2a: Noivern","|-resisted|p2a: Noivern","|-damage|p2a: Noivern|77/311","|-boost|p1a: Volcarona|spa|1","|move|p2a: Noivern|Hurricane|p1a: Volcarona|[miss]","|-miss|p2a: Noivern|p1a: Volcarona","|","|-weather|SunnyDay|[upkeep]","|turn|5","|","|move|p1a: Volcarona|Fiery Dance|p2a: Noivern","|-resisted|p2a: Noivern","|-damage|p2a: Noivern|0 fnt","|faint|p2a: Noivern","|","|-weather|SunnyDay|[upkeep]","|","|switch|p2a: Altaria|Altaria, F|291/291","|turn|6","|","|detailschange|p2a: Altaria|Altaria-Mega, F","|-mega|p2a: Altaria|Altaria|Altarianite","|move|p1a: Volcarona|Hidden Power|p2a: Altaria","|-damage|p2a: Altaria|138/291","|move|p2a: Altaria|Earthquake|p1a: Volcarona","|-damage|p1a: Volcarona|158/311","|","|-weather|SunnyDay|[upkeep]","|turn|7","|","|move|p1a: Volcarona|Hidden Power|p2a: Altaria","|-damage|p2a: Altaria|0 fnt","|faint|p2a: Altaria","|","|-weather|SunnyDay|[upkeep]","|","|switch|p2a: Garchomp|Garchomp, F|357/357","|turn|8","|","|move|p1a: Volcarona|Giga Drain|p2a: Garchomp","|-damage|p2a: Garchomp|111/357","|-heal|p1a: Volcarona|281/311|[from] drain|[of] p2a: Garchomp","|move|p2a: Garchomp|Stealth Rock|p1a: Volcarona","|-sidestart|p1: Masterr arceus|move: Stealth Rock","|","|-weather|none","|turn|9","|","|move|p1a: Volcarona|Giga Drain|p2a: Garchomp","|-damage|p2a: Garchomp|0 fnt","|-heal|p1a: Volcarona|311/311|[from] drain|[of] p2a: Garchomp","|faint|p2a: Garchomp","|","|","|switch|p2a: Goodra|Goodra, F|375/375","|turn|10","|","|move|p1a: Volcarona|Quiver Dance|p1a: Volcarona","|-boost|p1a: Volcarona|spa|1","|-boost|p1a: Volcarona|spd|1","|-boost|p1a: Volcarona|spe|1","|move|p2a: Goodra|Dragon Tail|p1a: Volcarona","|-damage|p1a: Volcarona|214/311","|drag|p1a: Victini|Victini|341/341","|-damage|p1a: Victini|256/341|[from] Stealth Rock","|","|turn|11","|","|move|p1a: Victini|U-turn|p2a: Goodra","|-damage|p2a: Goodra|308/375","|","|switch|p1a: Heatran|Heatran, M|385/385","|-damage|p1a: Heatran|337/385|[from] Stealth Rock","|-item|p1a: Heatran|Air Balloon","|move|p2a: Goodra|Earthquake|p1a: Heatran","|-immune|p1a: Heatran|[msg]","|","|turn|12","|","|move|p1a: Heatran|Fire Blast|p2a: Goodra|[miss]","|-miss|p1a: Heatran|p2a: Goodra","|move|p2a: Goodra|Dragon Tail|p1a: Heatran","|-resisted|p1a: Heatran","|-damage|p1a: Heatran|301/385","|-enditem|p1a: Heatran|Air Balloon","|drag|p1a: Victini|Victini|256/341","|-damage|p1a: Victini|171/341|[from] Stealth Rock","|","|turn|13","|","|move|p1a: Victini|V-create|p2a: Goodra","|-resisted|p2a: Goodra","|-damage|p2a: Goodra|196/375","|-unboost|p1a: Victini|def|1","|-unboost|p1a: Victini|spd|1","|-unboost|p1a: Victini|spe|1","|move|p2a: Goodra|Dragon Tail|p1a: Victini","|-damage|p1a: Victini|53/341","|drag|p1a: Charizard|Charizard, F|297/297","|-damage|p1a: Charizard|149/297|[from] Stealth Rock","|","|turn|14","|","|detailschange|p1a: Charizard|Charizard-Mega-Y, F","|-mega|p1a: Charizard|Charizard|Charizardite Y","|-weather|SunnyDay","|move|p1a: Charizard|Focus Blast|p2a: Goodra|[miss]","|-miss|p1a: Charizard|p2a: Goodra","|move|p2a: Goodra|Dragon Tail|p1a: Charizard","|-damage|p1a: Charizard|53/297","|drag|p1a: Volcarona|Volcarona, M|214/311","|-damage|p1a: Volcarona|59/311|[from] Stealth Rock","|","|-weather|SunnyDay|[upkeep]","|turn|15","|","|move|p1a: Volcarona|Fiery Dance|p2a: Goodra","|-resisted|p2a: Goodra","|-damage|p2a: Goodra|142/375","|move|p2a: Goodra|Dragon Tail|p1a: Volcarona|[miss]","|-miss|p2a: Goodra|p1a: Volcarona","|","|-weather|SunnyDay|[upkeep]","|turn|16","|","|move|p1a: Volcarona|Fiery Dance|p2a: Goodra","|-resisted|p2a: Goodra","|-damage|p2a: Goodra|82/375","|move|p2a: Goodra|Dragon Tail|p1a: Volcarona","|-damage|p1a: Volcarona|0 fnt","|faint|p1a: Volcarona","|","|-weather|SunnyDay|[upkeep]","|","|switch|p1a: Torkoal|Torkoal, M|344/344","|-damage|p1a: Torkoal|258/344|[from] Stealth Rock","|turn|17","|","|move|p2a: Goodra|Earthquake|p1a: Torkoal","|-supereffective|p1a: Torkoal","|-damage|p1a: Torkoal|168/344","|move|p1a: Torkoal|Rapid Spin|p2a: Goodra","|-damage|p2a: Goodra|68/375","|-sideend|p1: Masterr arceus|Stealth Rock|[from] move: Rapid Spin|[of] p1a: Torkoal","|","|-weather|SunnyDay|[upkeep]","|-heal|p1a: Torkoal|189/344|[from] item: Leftovers","|turn|18","|","|move|p2a: Goodra|Earthquake|p1a: Torkoal","|-supereffective|p1a: Torkoal","|-damage|p1a: Torkoal|99/344","|move|p1a: Torkoal|Stone Edge|p2a: Goodra|[miss]","|-miss|p1a: Torkoal|p2a: Goodra","|","|-weather|none","|-heal|p1a: Torkoal|120/344|[from] item: Leftovers","|turn|19","|","|move|p2a: Goodra|Earthquake|p1a: Torkoal","|-supereffective|p1a: Torkoal","|-damage|p1a: Torkoal|28/344","|move|p1a: Torkoal|Stone Edge|p2a: Goodra|[miss]","|-miss|p1a: Torkoal|p2a: Goodra","|","|-heal|p1a: Torkoal|49/344|[from] item: Leftovers","|turn|20","|","|move|p2a: Goodra|Earthquake|p1a: Torkoal","|-supereffective|p1a: Torkoal","|-damage|p1a: Torkoal|0 fnt","|faint|p1a: Torkoal","|","|","|switch|p1a: Charizard|Charizard-Mega-Y, F|53/297","|-weather|SunnyDay","|turn|21","|","|move|p1a: Charizard|Fire Blast|p2a: Goodra","|-resisted|p2a: Goodra","|-damage|p2a: Goodra|0 fnt","|faint|p2a: Goodra","|","|-weather|SunnyDay|[upkeep]","|","|switch|p2a: Latias|Latias, F|301/301","|turn|22","|","|move|p2a: Latias|Psyshock|p1a: Charizard","|-damage|p1a: Charizard|0 fnt","|-damage|p2a: Latias|271/301|[from] item: Life Orb","|faint|p1a: Charizard","|","|-weather|SunnyDay|[upkeep]","|","|switch|p1a: Victini|Victini|53/341","|turn|23","|","|move|p1a: Victini|V-create|p2a: Latias","|-resisted|p2a: Latias","|-damage|p2a: Latias|69/301","|-unboost|p1a: Victini|def|1","|-unboost|p1a: Victini|spd|1","|-unboost|p1a: Victini|spe|1","|move|p2a: Latias|Roost|p2a: Latias","|-heal|p2a: Latias|220/301","|","|-weather|SunnyDay|[upkeep]","|turn|24","|","|switch|p1a: Heatran|Heatran, M|301/385","|move|p2a: Latias|Roost|p2a: Latias","|-heal|p2a: Latias|301/301","|","|-weather|SunnyDay|[upkeep]","|turn|25","|","|move|p2a: Latias|Psyshock|p1a: Heatran","|-resisted|p1a: Heatran","|-damage|p1a: Heatran|228/385","|-damage|p2a: Latias|271/301|[from] item: Life Orb","|move|p1a: Heatran|Ancient Power|p2a: Latias","|-damage|p2a: Latias|209/301","|","|-weather|none","|turn|26","|","|move|p2a: Latias|Roost|p2a: Latias","|-heal|p2a: Latias|301/301","|move|p1a: Heatran|Ancient Power|p2a: Latias","|-damage|p2a: Latias|235/301","|","|turn|27","|","|move|p2a: Latias|Roost|p2a: Latias","|-heal|p2a: Latias|301/301","|move|p1a: Heatran|Ancient Power|p2a: Latias","|-crit|p2a: Latias","|-damage|p2a: Latias|212/301","|","|turn|28","|","|move|p2a: Latias|Psyshock|p1a: Heatran","|-resisted|p1a: Heatran","|-damage|p1a: Heatran|142/385","|-damage|p2a: Latias|182/301|[from] item: Life Orb","|move|p1a: Heatran|Ancient Power|p2a: Latias","|-damage|p2a: Latias|117/301","|","|turn|29","|","|move|p2a: Latias|Roost|p2a: Latias","|-heal|p2a: Latias|268/301","|move|p1a: Heatran|Ancient Power|p2a: Latias","|-damage|p2a: Latias|202/301","|","|turn|30","|","|move|p2a: Latias|Psyshock|p1a: Heatran","|-resisted|p1a: Heatran","|-damage|p1a: Heatran|69/385","|-damage|p2a: Latias|172/301|[from] item: Life Orb","|move|p1a: Heatran|Fire Blast|p2a: Latias","|-resisted|p2a: Latias","|-damage|p2a: Latias|94/301","|","|turn|31","|","|move|p2a: Latias|Roost|p2a: Latias","|-heal|p2a: Latias|245/301","|move|p1a: Heatran|Hidden Power|p2a: Latias","|-supereffective|p2a: Latias","|-damage|p2a: Latias|131/301","|","|turn|32","|","|move|p2a: Latias|Roost|p2a: Latias","|-heal|p2a: Latias|282/301","|move|p1a: Heatran|Ancient Power|p2a: Latias","|-damage|p2a: Latias|216/301","|","|turn|33","|","|move|p2a: Latias|Psyshock|p1a: Heatran","|-resisted|p1a: Heatran","|-damage|p1a: Heatran|0 fnt","|-damage|p2a: Latias|186/301|[from] item: Life Orb","|faint|p1a: Heatran","|","|","|switch|p1a: Victini|Victini|53/341","|turn|34","|","|move|p1a: Victini|Glaciate|p2a: Latias","|-supereffective|p2a: Latias","|-damage|p2a: Latias|100/301","|-unboost|p2a: Latias|spe|1","|move|p2a: Latias|Roost|p2a: Latias","|-heal|p2a: Latias|251/301","|","|turn|35","|","|move|p1a: Victini|Glaciate|p2a: Latias","|-supereffective|p2a: Latias","|-damage|p2a: Latias|175/301","|-unboost|p2a: Latias|spe|1","|move|p2a: Latias|Psyshock|p1a: Victini","|-resisted|p1a: Victini","|-damage|p1a: Victini|0 fnt","|-damage|p2a: Latias|145/301|[from] item: Life Orb","|faint|p1a: Victini","|","|win|Hershey Bot"],"p1rating":{"entryid":"7248676","serverid":"eos","formatid":"monotype","userid":"masterrarceus","username":"Masterr arceus","w":"0","l":2,"t":"0","gxe":39.4,"r":"1500","rd":"130","sigma":"0","rptime":"1438160400","rpr":1414.3831112871,"rprd":116.64838618876,"rpsigma":"0","acre":1000,"lacre":1000,"oldacre":"1000"},"p2rating":{"entryid":"7247948","serverid":"eos","formatid":"monotype","userid":"hersheybot","username":"Hershey Bot","w":5,"l":"9","t":"0","gxe":39.1,"r":"1500","rd":"130","sigma":"0","rptime":"1438160400","rpr":1414.1504466563,"rprd":78.659415617517,"rpsigma":"0","acre":1052.528470179,"lacre":1052.528470179,"oldacre":"1016.8792063169"},"endType":"normal"}