{"seed":[45362,1583,37431,43408],"turns":40,"p1":"Wаrden Arguѕ","p2":"Nеowսlf","p1team":[{"name":"Sableye","species":"Sableye","item":"leftovers","ability":"Prankster","moves":["knockoff","willowisp","recover","taunt"],"nature":"Bold","evs":{"hp":228,"atk":0,"def":252,"spa":0,"spd":0,"spe":28},"gender":"M","ivs":{"hp":31,"atk":0,"def":31,"spa":31,"spd":31,"spe":31}},{"name":"Aegislash","species":"Aegislash","item":"weaknesspolicy","ability":"Stance Change","moves":["kingsshield","sacredsword","shadowball","shadowsneak"],"nature":"Lonely","evs":{"hp":0,"atk":252,"def":0,"spa":240,"spd":0,"spe":16},"gender":"M","shiny":true,"ivs":{"hp":31,"atk":31,"def":31,"spa":31,"spd":31,"spe":31}},{"name":"Jellicent","species":"Jellicent","item":"leftovers","ability":"Cursed Body","moves":["toxic","scald","recover","acidarmor"],"nature":"Calm","evs":{"hp":252,"atk":0,"def":0,"spa":0,"spd":252,"spe":4},"gender":"M","ivs":{"hp":31,"atk":0,"def":31,"spa":31,"spd":31,"spe":31},"shiny":true},{"name":"Golurk","species":"Golurk","item":"focussash","ability":"No Guard","moves":["stealthrock","stoneedge","dynamicpunch","curse"],"nature":"Adamant","evs":{"hp":0,"atk":252,"def":0,"spa":0,"spd":4,"spe":252},"shiny":true,"ivs":{"hp":31,"atk":31,"def":31,"spa":31,"spd":31,"spe":31}},{"name":"Chandelure","species":"Chandelure","item":"choicescarf","ability":"Infiltrator","moves":["flamethrower","shadowball","energyball","trick"],"nature":"Modest","evs":{"hp":0,"atk":0,"def":0,"spa":252,"spd":4,"spe":252},"gender":"F","ivs":{"hp":31,"atk":0,"def":31,"spa":31,"spd":31,"spe":31}},{"name":"Gengar","species":"Gengar","item":"focussash","ability":"Levitate","moves":["destinybond","sludgebomb","shadowball","energyball"],"nature":"Timid","evs":{"hp":0,"atk":0,"def":0,"spa":252,"spd":4,"spe":252},"gender":"F","ivs":{"hp":31,"atk":0,"def":31,"spa":31,"spd":31,"spe":31},"shiny":true}],"p2team":[{"name":"Landorus-Therian","species":"Landorus-Therian","item":"choicescarf","ability":"Intimidate","moves":["earthquake","stoneedge","knockoff","uturn"],"nature":"Jolly","evs":{"hp":0,"atk":252,"def":0,"spa":0,"spd":4,"spe":252},"ivs":{"hp":31,"atk":31,"def":31,"spa":31,"spd":31,"spe":31}},{"name":"Skarmory","species":"Skarmory","item":"leftovers","ability":"Sturdy","moves":["ironhead","roost","stealthrock","whirlwind"],"nature":"Impish","evs":{"hp":252,"atk":0,"def":232,"spa":0,"spd":0,"spe":24},"ivs":{"hp":31,"atk":31,"def":31,"spa":31,"spd":31,"spe":31}},{"name":"Mandibuzz","species":"Mandibuzz","item":"leftovers","ability":"Overcoat","moves":["toxic","roost","foulplay","defog"],"nature":"Careful","evs":{"hp":240,"atk":0,"def":16,"spa":0,"spd":252,"spe":0},"ivs":{"hp":31,"atk":31,"def":31,"spa":31,"spd":31,"spe":31}},{"name":"Tornadus-Therian","species":"Tornadus-Therian","item":"assaultvest","ability":"Regenerator","moves":["hurricane","heatwave","uturn","focusblast"],"nature":"Hasty","evs":{"hp":132,"atk":0,"def":0,"spa":160,"spd":0,"spe":216},"ivs":{"hp":31,"atk":31,"def":31,"spa":31,"spd":31,"spe":31}},{"name":"Charizard","species":"Charizard","item":"charizarditex","ability":"Blaze","moves":["dragondance","dragonclaw","firepunch","roost"],"nature":"Jolly","evs":{"hp":0,"atk":252,"def":0,"spa":0,"spd":4,"spe":252},"ivs":{"hp":31,"atk":31,"def":31,"spa":31,"spd":31,"spe":31}},{"name":"Thundurus","species":"Thundurus","item":"leftovers","ability":"Prankster","moves":["taunt","thunderwave","thunderbolt","hiddenpowerice"],"nature":"Timid","evs":{"hp":0,"atk":0,"def":0,"spa":252,"spd":4,"spe":252},"ivs":{"hp":31,"atk":30,"def":30,"spa":31,"spd":31,"spe":31}}],"log":["|player|p1|Wаrden Arguѕ|argus2spooky.png","|player|p2|Nеowսlf|143","|gametype|singles","|gen|6","|tier|Monotype","|rated","|rule|Baton Pass Clause: Limit one Baton Passer, can't pass Spe and other stats simultaneously","|rule|Swagger Clause: Swagger is banned","|rule|Same Type Clause: Pokémon in a team must share a type","|clearpoke","|poke|p1|Sableye, M","|poke|p1|Aegislash, M, shiny","|poke|p1|Jellicent, M, shiny","|poke|p1|Golurk, shiny","|poke|p1|Chandelure, F","|poke|p1|Gengar, F, shiny","|poke|p2|Landorus-Therian, M","|poke|p2|Skarmory, M","|poke|p2|Mandibuzz, F","|poke|p2|Tornadus-Therian, M","|poke|p2|Charizard, F","|poke|p2|Thundurus, M","|rule|Sleep Clause Mod: Limit one foe put to sleep","|rule|Species Clause: Limit one of each Pokémon","|rule|OHKO Clause: OHKO moves are banned","|rule|Moody Clause: Moody is banned","|rule|Evasion Moves Clause: Evasion moves are banned","|rule|Endless Battle Clause: Forcing endless battles is banned","|rule|HP Percentage Mod: HP is shown in percentages","|teampreview","|","|start","|switch|p1a: Golurk|Golurk, shiny|319/319","|switch|p2a: Landorus-Therian|Landorus-Therian, M|319/319","|-ability|p2a: Landorus-Therian|Intimidate","|-unboost|p1a: Golurk|atk|1","|turn|1","|","|switch|p1a: Sableye|Sableye, M|298/298","|move|p2a: Landorus-Therian|Knock Off|p1a: Sableye","|-damage|p1a: Sableye|191/298","|-enditem|p1a: Sableye|Leftovers|[from] move: Knock Off|[of] p2a: Landorus-Therian","|","|turn|2","|","|switch|p2a: Charizard|Charizard, F|297/297","|switch|p1a: Golurk|Golurk, shiny|319/319","|","|turn|3","|","|switch|p2a: Landorus-Therian|Landorus-Therian, M|319/319","|-ability|p2a: Landorus-Therian|Intimidate","|-unboost|p1a: Golurk|atk|1","|move|p1a: Golurk|Stone Edge|p2a: Landorus-Therian","|-damage|p2a: Landorus-Therian|220/319","|","|turn|4","|","|switch|p1a: Sableye|Sableye, M|191/298","|move|p2a: Landorus-Therian|Knock Off|p1a: Sableye","|-damage|p1a: Sableye|119/298","|","|turn|5","|","|switch|p2a: Charizard|Charizard, F|297/297","|move|p1a: Sableye|Recover|p1a: Sableye","|-heal|p1a: Sableye|268/298","|","|turn|6","|","|switch|p2a: Landorus-Therian|Landorus-Therian, M|220/319","|-ability|p2a: Landorus-Therian|Intimidate","|-unboost|p1a: Sableye|atk|1","|switch|p1a: Jellicent|Jellicent, M, shiny|404/404","|","|turn|7","|","|switch|p1a: Sableye|Sableye, M|268/298","|move|p2a: Landorus-Therian|U-turn|p1a: Sableye","|-damage|p1a: Sableye|188/298","|","|switch|p2a: Charizard|Charizard, F|297/297","|","|turn|8","|","|switch|p1a: Jellicent|Jellicent, M, shiny|404/404","|detailschange|p2a: Charizard|Charizard-Mega-X, F","|-mega|p2a: Charizard|Charizard|Charizardite X","|move|p2a: Charizard|Dragon Dance|p2a: Charizard","|-boost|p2a: Charizard|atk|1","|-boost|p2a: Charizard|spe|1","|","|turn|9","|","|move|p2a: Charizard|Dragon Dance|p2a: Charizard","|-boost|p2a: Charizard|atk|1","|-boost|p2a: Charizard|spe|1","|move|p1a: Jellicent|Acid Armor|p1a: Jellicent","|-boost|p1a: Jellicent|def|2","|","|turn|10","|","|move|p2a: Charizard|Dragon Claw|p1a: Jellicent","|-damage|p1a: Jellicent|148/404","|move|p1a: Jellicent|Toxic|p2a: Charizard","|-status|p2a: Charizard|tox","|","|-heal|p1a: Jellicent|173/404|[from] item: Leftovers","|-damage|p2a: Charizard|279/297 tox|[from] psn","|turn|11","|","|move|p2a: Charizard|Dragon Claw|p1a: Jellicent","|-damage|p1a: Jellicent|0 fnt","|faint|p1a: Jellicent","|","|-damage|p2a: Charizard|243/297 tox|[from] psn","|","|switch|p1a: Aegislash|Aegislash, M, shiny|261/261","|turn|12","|","|move|p2a: Charizard|Roost|p2a: Charizard","|-heal|p2a: Charizard|297/297 tox","|-formechange|p1a: Aegislash|Aegislash-Blade","|move|p1a: Aegislash|Shadow Ball|p2a: Charizard","|-damage|p2a: Charizard|105/297 tox","|","|-damage|p2a: Charizard|51/297 tox|[from] psn","|turn|13","|","|move|p2a: Charizard|Fire Punch|p1a: Aegislash","|-supereffective|p1a: Aegislash","|-damage|p1a: Aegislash|0 fnt","|faint|p1a: Aegislash","|","|-damage|p2a: Charizard|0 fnt|[from] psn","|faint|p2a: Charizard","|","|switch|p2a: Landorus-Therian|Landorus-Therian, M|220/319","|switch|p1a: Golurk|Golurk, shiny|319/319","|-ability|p2a: Landorus-Therian|Intimidate","|-unboost|p1a: Golurk|atk|1","|turn|14","|","|move|p2a: Landorus-Therian|U-turn|p1a: Golurk","|-resisted|p1a: Golurk","|-damage|p1a: Golurk|262/319","|","|switch|p2a: Skarmory|Skarmory, M|334/334","|move|p1a: Golurk|Stealth Rock|p2a: Skarmory","|-sidestart|p2: Nеowսlf|move: Stealth Rock","|","|turn|15","|","|switch|p1a: Chandelure|Chandelure, F|261/261","|switch|p2a: Mandibuzz|Mandibuzz, F|421/421","|-damage|p2a: Mandibuzz|316/421|[from] Stealth Rock","|","|-heal|p2a: Mandibuzz|342/421|[from] item: Leftovers","|turn|16","|","|move|p1a: Chandelure|Trick|p2a: Mandibuzz","|-activate|p1a: Chandelure|move: Trick|[of] p2a: Mandibuzz","|-item|p2a: Mandibuzz|Choice Scarf|[from] move: Trick","|-item|p1a: Chandelure|Leftovers|[from] move: Trick","|move|p2a: Mandibuzz|Defog|p1a: Chandelure","|-unboost|p1a: Chandelure|evasion|1","|-sideend|p2: Nеowսlf|Stealth Rock|[from] move: Defog|[of] p2a: Mandibuzz","|","|turn|17","|","|switch|p2a: Tornadus-Therian|Tornadus-Therian, M|332/332","|move|p1a: Chandelure|Trick|p2a: Tornadus-Therian","|-activate|p1a: Chandelure|move: Trick|[of] p2a: Tornadus-Therian","|-item|p2a: Tornadus-Therian|Leftovers|[from] move: Trick","|-item|p1a: Chandelure|Assault Vest|[from] move: Trick","|","|turn|18","|","|move|p2a: Tornadus-Therian|U-turn|p1a: Chandelure","|-resisted|p1a: Chandelure","|-damage|p1a: Chandelure|247/261","|","|switch|p2a: Mandibuzz|Mandibuzz, F|342/421","|move|p1a: Chandelure|Flamethrower|p2a: Mandibuzz","|-damage|p2a: Mandibuzz|203/421","|","|turn|19","|","|switch|p1a: Sableye|Sableye, M|188/298","|move|p2a: Mandibuzz|Foul Play|p1a: Sableye","|-damage|p1a: Sableye|128/298","|","|turn|20","|","|switch|p2a: Thundurus|Thundurus, M|299/299","|move|p1a: Sableye|Will-O-Wisp|p2a: Thundurus","|-status|p2a: Thundurus|brn","|","|-damage|p2a: Thundurus|262/299 brn|[from] brn","|turn|21","|","|switch|p1a: Golurk|Golurk, shiny|262/319","|move|p2a: Thundurus|Taunt|p1a: Golurk","|-start|p1a: Golurk|move: Taunt","|","|-heal|p2a: Thundurus|280/299 brn|[from] item: Leftovers","|-damage|p2a: Thundurus|243/299 brn|[from] brn","|turn|22","|","|switch|p2a: Skarmory|Skarmory, M|334/334","|move|p1a: Golurk|Stone Edge|p2a: Skarmory","|-crit|p2a: Skarmory","|-damage|p2a: Skarmory|229/334","|","|-heal|p2a: Skarmory|249/334|[from] item: Leftovers","|turn|23","|","|switch|p2a: Mandibuzz|Mandibuzz, F|203/421","|move|p1a: Golurk|Dynamic Punch|p2a: Mandibuzz","|-damage|p2a: Mandibuzz|86/421","|-start|p2a: Mandibuzz|confusion","|","|-end|p1a: Golurk|move: Taunt","|turn|24","|","|-activate|p2a: Mandibuzz|confusion","|-damage|p2a: Mandibuzz|64/421|[from] confusion","|move|p1a: Golurk|Stealth Rock|p2a: Mandibuzz","|-sidestart|p2: Nеowսlf|move: Stealth Rock","|","|turn|25","|","|-end|p2a: Mandibuzz|confusion","|move|p2a: Mandibuzz|Toxic|p1a: Golurk","|-status|p1a: Golurk|tox","|move|p1a: Golurk|Stealth Rock|p2a: Mandibuzz","|-fail|p2a: Mandibuzz","|","|-damage|p1a: Golurk|243/319 tox|[from] psn","|turn|26","|","|move|p2a: Mandibuzz|Toxic|p1a: Golurk","|-fail|p1a: Golurk|tox","|move|p1a: Golurk|Stone Edge|p2a: Mandibuzz","|-supereffective|p2a: Mandibuzz","|-damage|p2a: Mandibuzz|0 fnt","|faint|p2a: Mandibuzz","|","|-damage|p1a: Golurk|205/319 tox|[from] psn","|","|switch|p2a: Skarmory|Skarmory, M|249/334","|-damage|p2a: Skarmory|208/334|[from] Stealth Rock","|turn|27","|","|switch|p1a: Chandelure|Chandelure, F|247/261","|move|p2a: Skarmory|Stealth Rock|p1a: Chandelure","|-sidestart|p1: Wаrden Arguѕ|move: Stealth Rock","|","|-heal|p2a: Skarmory|228/334|[from] item: Leftovers","|turn|28","|","|switch|p2a: Tornadus-Therian|Tornadus-Therian, M|332/332","|-damage|p2a: Tornadus-Therian|249/332|[from] Stealth Rock","|move|p1a: Chandelure|Flamethrower|p2a: Tornadus-Therian","|-damage|p2a: Tornadus-Therian|48/332","|","|-heal|p2a: Tornadus-Therian|68/332|[from] item: Leftovers","|turn|29","|","|move|p2a: Tornadus-Therian|Hurricane|p1a: Chandelure","|-damage|p1a: Chandelure|136/261","|move|p1a: Chandelure|Flamethrower|p2a: Tornadus-Therian","|-crit|p2a: Tornadus-Therian","|-damage|p2a: Tornadus-Therian|0 fnt","|faint|p2a: Tornadus-Therian","|","|","|switch|p2a: Landorus-Therian|Landorus-Therian, M|220/319","|-damage|p2a: Landorus-Therian|181/319|[from] Stealth Rock","|-ability|p2a: Landorus-Therian|Intimidate","|-unboost|p1a: Chandelure|atk|1","|turn|30","|","|move|p2a: Landorus-Therian|Earthquake|p1a: Chandelure","|-crit|p1a: Chandelure","|-supereffective|p1a: Chandelure","|-damage|p1a: Chandelure|0 fnt","|faint|p1a: Chandelure","|","|","|switch|p1a: Gengar|Gengar, F, shiny|261/261","|-damage|p1a: Gengar|229/261|[from] Stealth Rock","|turn|31","|","|switch|p2a: Skarmory|Skarmory, M|228/334","|-damage|p2a: Skarmory|187/334|[from] Stealth Rock","|move|p1a: Gengar|Shadow Ball|p2a: Skarmory","|-damage|p2a: Skarmory|0 fnt","|faint|p2a: Skarmory","|","|","|switch|p2a: Landorus-Therian|Landorus-Therian, M|181/319","|-damage|p2a: Landorus-Therian|142/319|[from] Stealth Rock","|-ability|p2a: Landorus-Therian|Intimidate","|-unboost|p1a: Gengar|atk|1","|turn|32","|","|switch|p1a: Golurk|Golurk, shiny|205/319 tox","|-damage|p1a: Golurk|186/319 tox|[from] Stealth Rock","|move|p2a: Landorus-Therian|Knock Off|p1a: Golurk","|-crit|p1a: Golurk","|-supereffective|p1a: Golurk","|-damage|p1a: Golurk|0 fnt","|-enditem|p1a: Golurk|Focus Sash|[from] move: Knock Off|[of] p2a: Landorus-Therian","|faint|p1a: Golurk","|","|","|switch|p1a: Sableye|Sableye, M|128/298","|-damage|p1a: Sableye|91/298|[from] Stealth Rock","|turn|33","|","|switch|p1a: Gengar|Gengar, F, shiny|229/261","|-damage|p1a: Gengar|197/261|[from] Stealth Rock","|move|p2a: Landorus-Therian|Knock Off|p1a: Gengar","|-supereffective|p1a: Gengar","|-damage|p1a: Gengar|0 fnt","|-enditem|p1a: Gengar|Focus Sash|[from] move: Knock Off|[of] p2a: Landorus-Therian","|faint|p1a: Gengar","|","|","|switch|p1a: Sableye|Sableye, M|91/298","|-damage|p1a: Sableye|54/298|[from] Stealth Rock","|turn|34","|","|move|p1a: Sableye|Recover|p1a: Sableye","|-heal|p1a: Sableye|203/298","|move|p2a: Landorus-Therian|Knock Off|p1a: Sableye","|-damage|p1a: Sableye|132/298","|","|turn|35","|","|move|p1a: Sableye|Recover|p1a: Sableye","|-heal|p1a: Sableye|281/298","|move|p2a: Landorus-Therian|Knock Off|p1a: Sableye","|-damage|p1a: Sableye|211/298","|","|turn|36","|","|move|p1a: Sableye|Will-O-Wisp|p2a: Landorus-Therian","|-status|p2a: Landorus-Therian|brn","|move|p2a: Landorus-Therian|Knock Off|p1a: Sableye","|-damage|p1a: Sableye|178/298","|","|-damage|p2a: Landorus-Therian|103/319 brn|[from] brn","|turn|37","|","|switch|p2a: Thundurus|Thundurus, M|243/299 brn","|-damage|p2a: Thundurus|169/299 brn|[from] Stealth Rock","|move|p1a: Sableye|Recover|p1a: Sableye","|-heal|p1a: Sableye|298/298","|","|-heal|p2a: Thundurus|187/299 brn|[from] item: Leftovers","|-damage|p2a: Thundurus|150/299 brn|[from] brn","|turn|38","|","|move|p2a: Thundurus|Taunt|p1a: Sableye","|-start|p1a: Sableye|move: Taunt","|move|p1a: Sableye|Knock Off|p2a: Thundurus","|-damage|p2a: Thundurus|60/299 brn","|-enditem|p2a: Thundurus|Leftovers|[from] move: Knock Off|[of] p1a: Sableye","|","|-damage|p2a: Thundurus|23/299 brn|[from] brn","|turn|39","|","|move|p2a: Thundurus|Thunderbolt|p1a: Sableye","|-damage|p1a: Sableye|61/298","|move|p1a: Sableye|Knock Off|p2a: Thundurus","|-damage|p2a: Thundurus|0 fnt","|faint|p2a: Thundurus","|","|","|switch|p2a: Landorus-Therian|Landorus-Therian, M|103/319 brn","|-damage|p2a: Landorus-Therian|64/319 brn|[from] Stealth Rock","|-ability|p2a: Landorus-Therian|Intimidate","|-unboost|p1a: Sableye|atk|1","|turn|40","|","|move|p2a: Landorus-Therian|Earthquake|p1a: Sableye","|-damage|p1a: Sableye|0 fnt","|faint|p1a: Sableye","|","|win|Nеowսlf"],"p1rating":{"entryid":"7252450","serverid":"eos","formatid":"monotype","userid":"wrdenargu","username":"Wаrden Arguѕ","w":"8","l":1,"t":"0","gxe":68.5,"r":"1500","rd":"130","sigma":"0","rptime":"1438160400","rpr":1650.9310992812,"rprd":89.106765431906,"rpsigma":"0","acre":1202.6926201557,"lacre":1202.6926201557,"oldacre":"1237.7854372942"},"p2rating":{"entryid":"7254104","serverid":"eos","formatid":"monotype","userid":"nowlf","username":"Nеowսlf","w":4,"l":"1","t":"0","gxe":59,"r":"1500","rd":"130","sigma":"0","rptime":"1438160400","rpr":1571.2380622052,"rprd":102.11672445627,"rpsigma":"0","acre":1126.4534483037,"lacre":1126.4534483037,"oldacre":"1089.0563754807"},"endType":"normal"}