{"seed":[34344,5638,10158,20754],"turns":20,"p1":"Alliance-SeaHutch","p2":"GL♅Akuma","p1team":[{"name":"Garchomp","species":"Garchomp","item":"rockyhelmet","ability":"Rough Skin","moves":["dragontail","earthquake","stealthrock","fireblast"],"nature":"Lax","evs":{"hp":252,"atk":0,"def":236,"spa":0,"spd":0,"spe":20},"ivs":{"hp":31,"atk":31,"def":31,"spa":31,"spd":31,"spe":31}},{"name":"Goodra","species":"Goodra","item":"assaultvest","ability":"Gooey","moves":["dragonpulse","fireblast","earthquake","sludgebomb"],"nature":"Quiet","evs":{"hp":248,"atk":8,"def":0,"spa":252,"spd":0,"spe":0},"ivs":{"hp":31,"atk":31,"def":31,"spa":31,"spd":31,"spe":31}},{"name":"Dragonite","species":"Dragonite","item":"lumberry","ability":"Multiscale","moves":["dragondance","outrage","extremespeed","earthquake"],"nature":"Adamant","evs":{"hp":0,"atk":252,"def":0,"spa":0,"spd":4,"spe":252},"ivs":{"hp":31,"atk":31,"def":31,"spa":31,"spd":31,"spe":31}},{"name":"Latios","species":"Latios","item":"lifeorb","ability":"Levitate","moves":["dragonpulse","psyshock","defog","surf"],"nature":"Timid","evs":{"hp":0,"atk":0,"def":0,"spa":252,"spd":4,"spe":252},"ivs":{"hp":31,"atk":0,"def":31,"spa":31,"spd":31,"spe":31}},{"name":"Altaria","species":"Altaria","item":"altarianite","ability":"Natural Cure","moves":["healbell","hypervoice","roost","fireblast"],"nature":"Calm","evs":{"hp":248,"atk":0,"def":0,"spa":8,"spd":252,"spe":0},"ivs":{"hp":31,"atk":0,"def":31,"spa":31,"spd":31,"spe":31},"happiness":0},{"name":"Kyurem-Black","species":"Kyurem-Black","item":"choicescarf","ability":"Teravolt","moves":["outrage","fusionbolt","icebeam","ironhead"],"nature":"Hasty","evs":{"hp":0,"atk":252,"def":0,"spa":4,"spd":0,"spe":252},"ivs":{"hp":31,"atk":31,"def":31,"spa":31,"spd":31,"spe":31}}],"p2team":[{"name":"Drought","species":"charizard","item":"charizarditex","ability":"Blaze","moves":["dragondance","dragonclaw","earthquake","firepunch"],"nature":"Adamant","evs":{"hp":0,"atk":252,"def":0,"spa":0,"spd":4,"spe":252},"ivs":{"hp":31,"atk":31,"def":31,"spa":31,"spd":31,"spe":31}},{"name":"Magma","species":"heatran","item":"airballoon","ability":"Flash Fire","moves":["lavaplume","toxic","stealthrock","flashcannon"],"nature":"Calm","evs":{"hp":248,"atk":0,"def":0,"spa":8,"spd":252,"spe":0},"ivs":{"hp":31,"atk":31,"def":31,"spa":31,"spd":31,"spe":31}},{"name":"Infernape","species":"Infernape","item":"focussash","ability":"Iron Fist","moves":["closecombat","machpunch","thunderpunch","firepunch"],"nature":"Jolly","evs":{"hp":0,"atk":252,"def":0,"spa":0,"spd":4,"spe":252},"ivs":{"hp":31,"atk":31,"def":31,"spa":31,"spd":31,"spe":31}},{"name":"Eightales","species":"ninetales","item":"lifeorb","ability":"Drought","moves":["energyball","flamethrower","nastyplot","psyshock"],"nature":"Timid","evs":{"hp":0,"atk":0,"def":0,"spa":252,"spd":4,"spe":252},"ivs":{"hp":31,"atk":31,"def":31,"spa":31,"spd":31,"spe":31}},{"name":"Microwave","species":"rotomheat","item":"choicescarf","ability":"Levitate","moves":["voltswitch","thunderbolt","overheat","painsplit"],"nature":"Timid","evs":{"hp":0,"atk":0,"def":0,"spa":252,"spd":4,"spe":252},"ivs":{"hp":31,"atk":31,"def":31,"spa":31,"spd":31,"spe":31}},{"name":"V for Victini","species":"victini","item":"choicescarf","ability":"Victory Star","moves":["vcreate","boltstrike","zenheadbutt","brickbreak"],"nature":"Jolly","evs":{"hp":0,"atk":252,"def":0,"spa":0,"spd":4,"spe":252},"ivs":{"hp":31,"atk":31,"def":31,"spa":31,"spd":31,"spe":31}}],"log":["|player|p1|Alliance-SeaHutch|288","|player|p2|GL♅Akuma|145","|gametype|singles","|gen|6","|tier|Monotype","|rated","|rule|Baton Pass Clause: Limit one Baton Passer, can't pass Spe and other stats simultaneously","|rule|Swagger Clause: Swagger is banned","|rule|Same Type Clause: Pokémon in a team must share a type","|clearpoke","|poke|p1|Garchomp, F","|poke|p1|Goodra, F","|poke|p1|Dragonite, F","|poke|p1|Latios, M","|poke|p1|Altaria, M","|poke|p1|Kyurem-Black","|poke|p2|Charizard, F","|poke|p2|Heatran, M","|poke|p2|Infernape, F","|poke|p2|Ninetales, M","|poke|p2|Rotom-Heat","|poke|p2|Victini","|rule|Sleep Clause Mod: Limit one foe put to sleep","|rule|Species Clause: Limit one of each Pokémon","|rule|OHKO Clause: OHKO moves are banned","|rule|Moody Clause: Moody is banned","|rule|Evasion Moves Clause: Evasion moves are banned","|rule|Endless Battle Clause: Forcing endless battles is banned","|rule|HP Percentage Mod: HP is shown in percentages","|teampreview","|","|start","|switch|p1a: Garchomp|Garchomp, F|420/420","|switch|p2a: Drought|Charizard, F|297/297","|turn|1","|","|switch|p1a: Goodra|Goodra, F|383/383","|move|p2a: Drought|Dragon Dance|p2a: Drought","|-boost|p2a: Drought|atk|1","|-boost|p2a: Drought|spe|1","|","|turn|2","|","|detailschange|p2a: Drought|Charizard-Mega-X, F","|-mega|p2a: Drought|Charizard|Charizardite X","|move|p2a: Drought|Dragon Claw|p1a: Goodra","|-supereffective|p1a: Goodra","|-damage|p1a: Goodra|0 fnt","|-unboost|p2a: Drought|spe|1","|faint|p1a: Goodra","|","|","|switch|p1a: Kyurem-Black|Kyurem-Black|391/391","|-ability|p1a: Kyurem-Black|Teravolt","|turn|3","|","|move|p1a: Kyurem-Black|Outrage|p2a: Drought","|-supereffective|p2a: Drought","|-damage|p2a: Drought|0 fnt","|faint|p2a: Drought","|","|","|switch|p2a: Magma|Heatran, M|385/385","|-item|p2a: Magma|Air Balloon","|turn|4","|","|move|p1a: Kyurem-Black|Outrage|p2a: Magma","|-resisted|p2a: Magma","|-damage|p2a: Magma|253/385","|-enditem|p2a: Magma|Air Balloon","|move|p2a: Magma|Stealth Rock|p1a: Kyurem-Black","|-sidestart|p1: Alliance-SeaHutch|move: Stealth Rock","|","|turn|5","|","|move|p1a: Kyurem-Black|Outrage|p2a: Magma","|-resisted|p2a: Magma","|-damage|p2a: Magma|123/385","|-start|p1a: Kyurem-Black|confusion|[fatigue]","|move|p2a: Magma|Toxic|p1a: Kyurem-Black","|-status|p1a: Kyurem-Black|tox","|","|-damage|p1a: Kyurem-Black|367/391 tox|[from] psn","|turn|6","|","|switch|p1a: Latios|Latios, M|301/301","|-damage|p1a: Latios|264/301|[from] Stealth Rock","|move|p2a: Magma|Lava Plume|p1a: Latios","|-resisted|p1a: Latios","|-damage|p1a: Latios|208/301","|-status|p1a: Latios|brn","|","|-damage|p1a: Latios|171/301 brn|[from] brn","|turn|7","|","|move|p1a: Latios|Defog|p2a: Magma","|-unboost|p2a: Magma|evasion|1","|-sideend|p1: Alliance-SeaHutch|Stealth Rock|[from] move: Defog|[of] p1a: Latios","|move|p2a: Magma|Toxic|p1a: Latios|[miss]","|-miss|p2a: Magma|p1a: Latios","|","|-damage|p1a: Latios|134/301 brn|[from] brn","|turn|8","|","|move|p1a: Latios|Surf|p2a: Magma","|-supereffective|p2a: Magma","|-damage|p2a: Magma|0 fnt","|-damage|p1a: Latios|104/301 brn|[from] item: Life Orb","|faint|p2a: Magma","|","|-damage|p1a: Latios|67/301 brn|[from] brn","|","|switch|p2a: V for Victini|Victini|341/341","|turn|9","|","|move|p2a: V for Victini|Bolt Strike|p1a: Latios","|-resisted|p1a: Latios","|-damage|p1a: Latios|0 fnt","|faint|p1a: Latios","|","|","|switch|p1a: Altaria|Altaria, M|353/353","|turn|10","|","|detailschange|p1a: Altaria|Altaria-Mega, M","|-mega|p1a: Altaria|Altaria|Altarianite","|move|p2a: V for Victini|Bolt Strike|p1a: Altaria","|-resisted|p1a: Altaria","|-damage|p1a: Altaria|299/353","|move|p1a: Altaria|Heal Bell|p1a: Altaria","|-cureteam|p1a: Altaria|[from] move: HealBell","|","|turn|11","|","|switch|p2a: Infernape|Infernape, F|293/293","|switch|p1a: Garchomp|Garchomp, F|420/420","|","|turn|12","|","|move|p2a: Infernape|Close Combat|p1a: Garchomp","|-damage|p1a: Garchomp|278/420","|-damage|p2a: Infernape|257/293|[from] ability: Rough Skin|[of] p1a: Garchomp","|-damage|p2a: Infernape|209/293|[from] item: Rocky Helmet|[of] p1a: Garchomp","|-unboost|p2a: Infernape|def|1","|-unboost|p2a: Infernape|spd|1","|move|p1a: Garchomp|Stealth Rock|p2a: Infernape","|-sidestart|p2: GL♅Akuma|move: Stealth Rock","|","|turn|13","|","|move|p2a: Infernape|Close Combat|p1a: Garchomp","|-crit|p1a: Garchomp","|-damage|p1a: Garchomp|65/420","|-damage|p2a: Infernape|173/293|[from] ability: Rough Skin|[of] p1a: Garchomp","|-damage|p2a: Infernape|125/293|[from] item: Rocky Helmet|[of] p1a: Garchomp","|-unboost|p2a: Infernape|def|1","|-unboost|p2a: Infernape|spd|1","|move|p1a: Garchomp|Dragon Tail|p2a: Infernape|[miss]","|-miss|p1a: Garchomp|p2a: Infernape","|","|turn|14","|","|move|p2a: Infernape|Close Combat|p1a: Garchomp","|-damage|p1a: Garchomp|0 fnt","|-damage|p2a: Infernape|89/293|[from] ability: Rough Skin|[of] p1a: Garchomp","|-damage|p2a: Infernape|41/293|[from] item: Rocky Helmet|[of] p1a: Garchomp","|-unboost|p2a: Infernape|def|1","|-unboost|p2a: Infernape|spd|1","|faint|p1a: Garchomp","|","|","|switch|p1a: Dragonite|Dragonite, F|323/323","|turn|15","|","|move|p2a: Infernape|Mach Punch|p1a: Dragonite","|-resisted|p1a: Dragonite","|-damage|p1a: Dragonite|306/323","|move|p1a: Dragonite|Dragon Dance|p1a: Dragonite","|-boost|p1a: Dragonite|atk|1","|-boost|p1a: Dragonite|spe|1","|","|turn|16","|","|move|p1a: Dragonite|Earthquake|p2a: Infernape","|-supereffective|p2a: Infernape","|-damage|p2a: Infernape|0 fnt","|faint|p2a: Infernape","|","|","|switch|p2a: Microwave|Rotom-Heat|241/241","|-damage|p2a: Microwave|181/241|[from] Stealth Rock","|turn|17","|","|move|p2a: Microwave|Volt Switch|p1a: Dragonite","|-crit|p1a: Dragonite","|-damage|p1a: Dragonite|158/323","|","|switch|p2a: Eightales|Ninetales, M|287/287","|-damage|p2a: Eightales|216/287|[from] Stealth Rock","|-weather|SunnyDay","|move|p1a: Dragonite|Outrage|p2a: Eightales","|-damage|p2a: Eightales|0 fnt","|faint|p2a: Eightales","|","|-weather|SunnyDay|[upkeep]","|","|switch|p2a: V for Victini|Victini|341/341","|-damage|p2a: V for Victini|256/341|[from] Stealth Rock","|turn|18","|","|move|p2a: V for Victini|Bolt Strike|p1a: Dragonite","|-damage|p1a: Dragonite|26/323","|move|p1a: Dragonite|Outrage|p2a: V for Victini","|-damage|p2a: V for Victini|0 fnt","|faint|p2a: V for Victini","|","|-weather|SunnyDay|[upkeep]","|","|switch|p2a: Microwave|Rotom-Heat|181/241","|-damage|p2a: Microwave|121/241|[from] Stealth Rock","|turn|19","|","|move|p2a: Microwave|Volt Switch|p1a: Dragonite","|-damage|p1a: Dragonite|0 fnt","|faint|p1a: Dragonite","|","|-weather|SunnyDay|[upkeep]","|","|switch|p1a: Kyurem-Black|Kyurem-Black|367/391","|-ability|p1a: Kyurem-Black|Teravolt","|turn|20","|","|move|p1a: Kyurem-Black|Outrage|p2a: Microwave","|-damage|p2a: Microwave|0 fnt","|faint|p2a: Microwave","|","|win|Alliance-SeaHutch"],"p1rating":{"entryid":"6933655","serverid":"eos","formatid":"monotype","userid":"allianceseahutch","username":"Alliance-SeaHutch","w":26,"l":"2","t":"0","gxe":80.6,"r":"1750.2712036861","rd":"74.906460480253","sigma":"0","rptime":"1438074000","rpr":1772.5935535356,"rprd":67.033829203789,"rpsigma":"0","acre":1403.9098576351,"lacre":1403.9098576351,"oldacre":"1397.6737268481"},"p2rating":{"entryid":"6735374","serverid":"eos","formatid":"monotype","userid":"glakuma","username":"GL♅Akuma","w":"31","l":43,"t":"0","gxe":43.4,"r":"1456.9154165066","rd":"43.367191887074","sigma":"0","rptime":"1438074000","rpr":1449.8883401465,"rprd":42.725645529789,"rpsigma":"0","acre":1096.4637655669,"lacre":1096.4637655669,"oldacre":"1104.2589290506"},"endType":"normal"}