{"seed":[14423,46404,39545,18787],"turns":35,"p1":"Traine✘ Dead","p2":"SWL Aесh Bее","p1team":[{"name":"Machamp","species":"Machamp","item":"assaultvest","ability":"No Guard","moves":["dynamicpunch","bulletpunch","payback","icepunch"],"nature":"Adamant","evs":{"hp":184,"atk":252,"def":0,"spa":0,"spd":72,"spe":0},"ivs":{"hp":31,"atk":31,"def":31,"spa":31,"spd":31,"spe":31}},{"name":"Terrakion","species":"Terrakion","item":"choicescarf","ability":"Justified","moves":["stoneedge","earthquake","closecombat","ironhead"],"nature":"Adamant","evs":{"hp":4,"atk":252,"def":0,"spa":0,"spd":0,"spe":252},"ivs":{"hp":31,"atk":31,"def":31,"spa":31,"spd":31,"spe":31}},{"name":"Cobalion","species":"Cobalion","item":"leftovers","ability":"Justified","moves":["swordsdance","ironhead","closecombat","substitute"],"nature":"Jolly","evs":{"hp":4,"atk":252,"def":0,"spa":0,"spd":0,"spe":252},"shiny":true,"ivs":{"hp":31,"atk":31,"def":31,"spa":31,"spd":31,"spe":31}},{"name":"Gallade","species":"Gallade","item":"galladite","ability":"Steadfast","moves":["swordsdance","zenheadbutt","drainpunch","knockoff"],"nature":"Jolly","evs":{"hp":4,"atk":252,"def":0,"spa":0,"spd":0,"spe":252},"ivs":{"hp":31,"atk":31,"def":31,"spa":31,"spd":31,"spe":31}},{"name":"Breloom","species":"Breloom","item":"focussash","ability":"Technician","moves":["bulletseed","machpunch","spore","forcepalm"],"nature":"Jolly","evs":{"hp":4,"atk":252,"def":0,"spa":0,"spd":0,"spe":252},"ivs":{"hp":31,"atk":31,"def":31,"spa":31,"spd":31,"spe":31}},{"name":"Keldeo","species":"Keldeo","item":"choicespecs","ability":"Justified","moves":["scald","focusblast","hydropump","hiddenpowerice"],"nature":"Timid","evs":{"hp":0,"atk":0,"def":4,"spa":252,"spd":0,"spe":252},"ivs":{"hp":31,"atk":30,"def":30,"spa":31,"spd":31,"spe":31}}],"p2team":[{"name":"Fables","species":"venusaur","item":"venusaurite","ability":"Chlorophyll","moves":["synthesis","gigadrain","sludgebomb","hiddenpowerfire"],"nature":"Bold","evs":{"hp":252,"atk":0,"def":252,"spa":0,"spd":4,"spe":0},"ivs":{"hp":31,"atk":30,"def":31,"spa":30,"spd":31,"spe":30}},{"name":"Brave","species":"scolipede","item":"focussash","ability":"Speed Boost","moves":["swordsdance","earthquake","megahorn","rockslide"],"nature":"Jolly","evs":{"hp":0,"atk":252,"def":0,"spa":0,"spd":4,"spe":252},"ivs":{"hp":31,"atk":31,"def":31,"spa":31,"spd":31,"spe":31}},{"name":"Courage","species":"nidoking","item":"lifeorb","ability":"Sheer Force","moves":["earthpower","thunderbolt","icebeam","substitute"],"nature":"Timid","evs":{"hp":0,"atk":0,"def":0,"spa":252,"spd":4,"spe":252},"ivs":{"hp":31,"atk":31,"def":31,"spa":31,"spd":31,"spe":31}},{"name":"Forgotten","species":"gengar","item":"focussash","ability":"Levitate","moves":["shadowball","willowisp","icywind","sludgewave"],"nature":"Timid","evs":{"hp":0,"atk":0,"def":0,"spa":252,"spd":4,"spe":252},"ivs":{"hp":31,"atk":31,"def":31,"spa":31,"spd":31,"spe":31}},{"name":"Honor","species":"tentacruel","item":"blacksludge","ability":"Clear Body","moves":["acidspray","scald","icebeam","toxicspikes"],"nature":"Calm","evs":{"hp":252,"atk":0,"def":0,"spa":4,"spd":252,"spe":0},"ivs":{"hp":31,"atk":31,"def":31,"spa":31,"spd":31,"spe":31}},{"name":"Fear","species":"skuntank","item":"airballoon","ability":"Aftermath","moves":["foulplay","poisonjab","suckerpunch","defog"],"nature":"Adamant","evs":{"hp":248,"atk":252,"def":0,"spa":0,"spd":8,"spe":0},"ivs":{"hp":31,"atk":31,"def":31,"spa":31,"spd":31,"spe":31}}],"log":["|player|p1|Traine✘ Dead|25","|player|p2|SWL Aесh Bее|swlahb.gif","|gametype|singles","|gen|6","|tier|Monotype","|rated","|rule|Baton Pass Clause: Limit one Baton Passer, can't pass Spe and other stats simultaneously","|rule|Swagger Clause: Swagger is banned","|rule|Same Type Clause: Pokémon in a team must share a type","|clearpoke","|poke|p1|Machamp, M","|poke|p1|Terrakion","|poke|p1|Cobalion, shiny","|poke|p1|Gallade, M","|poke|p1|Breloom, M","|poke|p1|Keldeo","|poke|p2|Venusaur, F","|poke|p2|Scolipede, F","|poke|p2|Nidoking, M","|poke|p2|Gengar, F","|poke|p2|Tentacruel, M","|poke|p2|Skuntank, M","|rule|Sleep Clause Mod: Limit one foe put to sleep","|rule|Species Clause: Limit one of each Pokémon","|rule|OHKO Clause: OHKO moves are banned","|rule|Moody Clause: Moody is banned","|rule|Evasion Moves Clause: Evasion moves are banned","|rule|Endless Battle Clause: Forcing endless battles is banned","|rule|HP Percentage Mod: HP is shown in percentages","|teampreview","|","|start","|switch|p1a: Breloom|Breloom, M|262/262","|switch|p2a: Courage|Nidoking, M|303/303","|turn|1","|","|switch|p2a: Fables|Venusaur, F|364/364","|move|p1a: Breloom|Bullet Seed|p2a: Fables","|-resisted|p2a: Fables","|-damage|p2a: Fables|351/364","|-resisted|p2a: Fables","|-damage|p2a: Fables|339/364","|-resisted|p2a: Fables","|-damage|p2a: Fables|327/364","|-resisted|p2a: Fables","|-damage|p2a: Fables|315/364","|-hitcount|p2a: Fables|4","|","|turn|2","|","|detailschange|p2a: Fables|Venusaur-Mega, F","|-mega|p2a: Fables|Venusaur|Venusaurite","|move|p1a: Breloom|Force Palm|p2a: Fables","|-resisted|p2a: Fables","|-damage|p2a: Fables|265/364","|-status|p2a: Fables|par","|move|p2a: Fables|Hidden Power|p1a: Breloom","|-supereffective|p1a: Breloom","|-damage|p1a: Breloom|92/262","|","|turn|3","|","|switch|p1a: Gallade|Gallade, M|278/278","|move|p2a: Fables|Hidden Power|p1a: Gallade","|-damage|p1a: Gallade|230/278","|","|turn|4","|","|switch|p2a: Fear|Skuntank, M|409/409","|-item|p2a: Fear|Air Balloon","|detailschange|p1a: Gallade|Gallade-Mega, M","|-mega|p1a: Gallade|Gallade|Galladite","|move|p1a: Gallade|Swords Dance|p1a: Gallade","|-boost|p1a: Gallade|atk|2","|","|turn|5","|","|switch|p1a: Keldeo|Keldeo|323/323","|move|p2a: Fear|Sucker Punch|p1a: Keldeo","|-fail|p2a: Fear","|","|turn|6","|","|switch|p2a: Fables|Venusaur-Mega, F|265/364 par","|move|p1a: Keldeo|Hydro Pump|p2a: Fables|[miss]","|-miss|p1a: Keldeo|p2a: Fables","|","|turn|7","|","|switch|p1a: Cobalion|Cobalion, shiny|324/324","|move|p2a: Fables|Giga Drain|p1a: Cobalion","|-resisted|p1a: Cobalion","|-damage|p1a: Cobalion|259/324","|-heal|p2a: Fables|298/364 par|[from] drain|[of] p1a: Cobalion","|","|-heal|p1a: Cobalion|279/324|[from] item: Leftovers","|turn|8","|","|switch|p2a: Courage|Nidoking, M|303/303","|move|p1a: Cobalion|Substitute|p1a: Cobalion","|-start|p1a: Cobalion|Substitute","|-damage|p1a: Cobalion|198/324","|","|-heal|p1a: Cobalion|218/324|[from] item: Leftovers","|turn|9","|","|move|p1a: Cobalion|Iron Head|p2a: Courage","|-crit|p2a: Courage","|-damage|p2a: Courage|108/303","|move|p2a: Courage|Earth Power|p1a: Cobalion","|-supereffective|p1a: Cobalion","|-end|p1a: Cobalion|Substitute","|","|-heal|p1a: Cobalion|238/324|[from] item: Leftovers","|turn|10","|","|move|p1a: Cobalion|Iron Head|p2a: Courage","|-damage|p2a: Courage|0 fnt","|faint|p2a: Courage","|","|-heal|p1a: Cobalion|258/324|[from] item: Leftovers","|","|switch|p2a: Brave|Scolipede, F|261/261","|turn|11","|","|switch|p1a: Terrakion|Terrakion|324/324","|move|p2a: Brave|Swords Dance|p2a: Brave","|-boost|p2a: Brave|atk|2","|","|-boost|p2a: Brave|spe|1|[from] ability: Speed Boost","|turn|12","|","|move|p2a: Brave|Earthquake|p1a: Terrakion","|-supereffective|p1a: Terrakion","|-damage|p1a: Terrakion|0 fnt","|faint|p1a: Terrakion","|","|-boost|p2a: Brave|spe|1|[from] ability: Speed Boost","|","|switch|p1a: Keldeo|Keldeo|323/323","|turn|13","|","|move|p2a: Brave|Earthquake|p1a: Keldeo","|-damage|p1a: Keldeo|125/323","|move|p1a: Keldeo|Hydro Pump|p2a: Brave","|-enditem|p2a: Brave|Focus Sash","|-damage|p2a: Brave|1/261","|","|-boost|p2a: Brave|spe|1|[from] ability: Speed Boost","|turn|14","|","|move|p2a: Brave|Earthquake|p1a: Keldeo","|-damage|p1a: Keldeo|0 fnt","|faint|p1a: Keldeo","|","|-boost|p2a: Brave|spe|1|[from] ability: Speed Boost","|","|switch|p1a: Breloom|Breloom, M|92/262","|turn|15","|","|switch|p2a: Forgotten|Gengar, F|261/261","|move|p1a: Breloom|Mach Punch|p2a: Forgotten","|-immune|p2a: Forgotten|[msg]","|","|turn|16","|","|switch|p1a: Machamp|Machamp, M|367/367","|move|p2a: Forgotten|Shadow Ball|p1a: Machamp","|-damage|p1a: Machamp|265/367","|","|turn|17","|","|move|p2a: Forgotten|Will-O-Wisp|p1a: Machamp","|-status|p1a: Machamp|brn","|move|p1a: Machamp|Payback|p2a: Forgotten","|-supereffective|p2a: Forgotten","|-damage|p2a: Forgotten|69/261","|","|-damage|p1a: Machamp|220/367 brn|[from] brn","|turn|18","|","|switch|p2a: Brave|Scolipede, F|1/261","|move|p1a: Machamp|Payback|p2a: Brave","|-damage|p2a: Brave|0 fnt","|faint|p2a: Brave","|","|-damage|p1a: Machamp|175/367 brn|[from] brn","|","|switch|p2a: Honor|Tentacruel, M|364/364","|turn|19","|","|move|p2a: Honor|Toxic Spikes|p1a: Machamp","|-sidestart|p1: Traine✘ Dead|move: Toxic Spikes","|move|p1a: Machamp|Dynamic Punch|p2a: Honor","|-resisted|p2a: Honor","|-damage|p2a: Honor|295/364","|-start|p2a: Honor|confusion","|","|-heal|p2a: Honor|317/364|[from] item: Black Sludge","|-damage|p1a: Machamp|130/367 brn|[from] brn","|turn|20","|","|switch|p1a: Breloom|Breloom, M|92/262","|-status|p1a: Breloom|psn","|-activate|p2a: Honor|confusion","|-damage|p2a: Honor|288/364|[from] confusion","|","|-heal|p2a: Honor|310/364|[from] item: Black Sludge","|-damage|p1a: Breloom|60/262 psn|[from] psn","|turn|21","|","|switch|p2a: Fables|Venusaur-Mega, F|298/364 par","|move|p1a: Breloom|Bullet Seed|p2a: Fables","|-resisted|p2a: Fables","|-damage|p2a: Fables|288/364 par","|-resisted|p2a: Fables","|-damage|p2a: Fables|278/364 par","|-resisted|p2a: Fables","|-damage|p2a: Fables|268/364 par","|-resisted|p2a: Fables","|-damage|p2a: Fables|258/364 par","|-resisted|p2a: Fables","|-damage|p2a: Fables|248/364 par","|-hitcount|p2a: Fables|5","|","|-damage|p1a: Breloom|28/262 psn|[from] psn","|turn|22","|","|move|p1a: Breloom|Force Palm|p2a: Fables","|-resisted|p2a: Fables","|-damage|p2a: Fables|198/364 par","|cant|p2a: Fables|par","|","|-damage|p1a: Breloom|0 fnt|[from] psn","|faint|p1a: Breloom","|","|switch|p1a: Cobalion|Cobalion, shiny|258/324","|turn|23","|","|move|p1a: Cobalion|Substitute|p1a: Cobalion","|-start|p1a: Cobalion|Substitute","|-damage|p1a: Cobalion|177/324","|move|p2a: Fables|Synthesis|p2a: Fables","|-heal|p2a: Fables|364/364 par","|","|-heal|p1a: Cobalion|197/324|[from] item: Leftovers","|turn|24","|","|move|p1a: Cobalion|Swords Dance|p1a: Cobalion","|-boost|p1a: Cobalion|atk|2","|cant|p2a: Fables|par","|","|-heal|p1a: Cobalion|217/324|[from] item: Leftovers","|turn|25","|","|move|p1a: Cobalion|Swords Dance|p1a: Cobalion","|-boost|p1a: Cobalion|atk|2","|move|p2a: Fables|Hidden Power|p1a: Cobalion","|-supereffective|p1a: Cobalion","|-end|p1a: Cobalion|Substitute","|","|-heal|p1a: Cobalion|237/324|[from] item: Leftovers","|turn|26","|","|move|p1a: Cobalion|Substitute|p1a: Cobalion","|-start|p1a: Cobalion|Substitute","|-damage|p1a: Cobalion|156/324","|cant|p2a: Fables|par","|","|-heal|p1a: Cobalion|176/324|[from] item: Leftovers","|turn|27","|","|move|p1a: Cobalion|Iron Head|p2a: Fables","|-damage|p2a: Fables|169/364 par","|move|p2a: Fables|Hidden Power|p1a: Cobalion","|-supereffective|p1a: Cobalion","|-end|p1a: Cobalion|Substitute","|","|-heal|p1a: Cobalion|196/324|[from] item: Leftovers","|turn|28","|","|move|p1a: Cobalion|Substitute|p1a: Cobalion","|-start|p1a: Cobalion|Substitute","|-damage|p1a: Cobalion|115/324","|move|p2a: Fables|Hidden Power|p1a: Cobalion","|-supereffective|p1a: Cobalion","|-end|p1a: Cobalion|Substitute","|","|-heal|p1a: Cobalion|135/324|[from] item: Leftovers","|turn|29","|","|move|p1a: Cobalion|Iron Head|p2a: Fables","|-damage|p2a: Fables|0 fnt","|faint|p2a: Fables","|","|-heal|p1a: Cobalion|155/324|[from] item: Leftovers","|","|switch|p2a: Fear|Skuntank, M|409/409","|-item|p2a: Fear|Air Balloon","|turn|30","|","|move|p1a: Cobalion|Iron Head|p2a: Fear","|-crit|p2a: Fear","|-damage|p2a: Fear|0 fnt","|-enditem|p2a: Fear|Air Balloon","|-damage|p1a: Cobalion|74/324|[from] ability: Aftermath|[of] p2a: Fear","|faint|p2a: Fear","|","|-heal|p1a: Cobalion|94/324|[from] item: Leftovers","|","|switch|p2a: Forgotten|Gengar, F|69/261","|turn|31","|","|move|p2a: Forgotten|Shadow Ball|p1a: Cobalion","|-damage|p1a: Cobalion|0 fnt","|faint|p1a: Cobalion","|","|","|switch|p1a: Machamp|Machamp, M|130/367 brn","|turn|32","|","|switch|p2a: Honor|Tentacruel, M|310/364","|move|p1a: Machamp|Bullet Punch|p2a: Honor","|-resisted|p2a: Honor","|-damage|p2a: Honor|292/364","|","|-heal|p2a: Honor|314/364|[from] item: Black Sludge","|-damage|p1a: Machamp|85/367 brn|[from] brn","|turn|33","|","|move|p2a: Honor|Scald|p1a: Machamp","|-damage|p1a: Machamp|28/367 brn","|move|p1a: Machamp|Dynamic Punch|p2a: Honor","|-resisted|p2a: Honor","|-damage|p2a: Honor|248/364","|-start|p2a: Honor|confusion","|","|-heal|p2a: Honor|270/364|[from] item: Black Sludge","|-damage|p1a: Machamp|0 fnt|[from] brn","|faint|p1a: Machamp","|","|switch|p1a: Gallade|Gallade-Mega, M|230/278","|-status|p1a: Gallade|psn","|turn|34","|","|move|p1a: Gallade|Zen Headbutt|p2a: Honor","|-supereffective|p2a: Honor","|-damage|p2a: Honor|0 fnt","|faint|p2a: Honor","|","|-damage|p1a: Gallade|196/278 psn|[from] psn","|","|switch|p2a: Forgotten|Gengar, F|69/261","|turn|35","|","|move|p2a: Forgotten|Shadow Ball|p1a: Gallade","|-supereffective|p1a: Gallade","|-damage|p1a: Gallade|0 fnt","|faint|p1a: Gallade","|","|win|SWL Aесh Bее"],"p1rating":{"entryid":"7186020","serverid":"eos","formatid":"monotype","userid":"trainedead","username":"Traine✘ Dead","w":"19","l":15,"t":"0","gxe":57.6,"r":"1521.8286514863","rd":"69.715862232358","sigma":"0","rptime":"1438074000","rpr":1558.6471639006,"rprd":57.605553846818,"rpsigma":"0","acre":1180.0747233942,"lacre":1180.0747233942,"oldacre":"1203.9383565162"},"p2rating":{"entryid":"7100015","serverid":"eos","formatid":"monotype","userid":"swlahb","username":"SWL Aесh Bее","w":12,"l":"3","t":"0","gxe":67.8,"r":"1587.6064593013","rd":"86.289160286742","sigma":"0","rptime":"1438074000","rpr":1643.5366285666,"rprd":77.971804693539,"rpsigma":"0","acre":1243.6054512951,"lacre":1243.6054512951,"oldacre":"1219.7418181731"},"endType":"normal"}