{"seed":[50162,23830,38392,46316],"turns":20,"p1":"Nеowulf","p2":"WitchOfCaldia","p1team":[{"name":"Landorus-Therian","species":"Landorus-Therian","item":"choicescarf","ability":"Intimidate","moves":["earthquake","stoneedge","knockoff","uturn"],"nature":"Jolly","evs":{"hp":0,"atk":252,"def":0,"spa":0,"spd":4,"spe":252},"ivs":{"hp":31,"atk":31,"def":31,"spa":31,"spd":31,"spe":31}},{"name":"Skarmory","species":"Skarmory","item":"leftovers","ability":"Sturdy","moves":["ironhead","roost","stealthrock","whirlwind"],"nature":"Impish","evs":{"hp":252,"atk":0,"def":232,"spa":0,"spd":0,"spe":24},"ivs":{"hp":31,"atk":31,"def":31,"spa":31,"spd":31,"spe":31}},{"name":"Mandibuzz","species":"Mandibuzz","item":"leftovers","ability":"Overcoat","moves":["toxic","roost","foulplay","defog"],"nature":"Careful","evs":{"hp":240,"atk":0,"def":16,"spa":0,"spd":252,"spe":0},"ivs":{"hp":31,"atk":31,"def":31,"spa":31,"spd":31,"spe":31}},{"name":"Tornadus-Therian","species":"Tornadus-Therian","item":"assaultvest","ability":"Regenerator","moves":["hurricane","heatwave","uturn","focusblast"],"nature":"Hasty","evs":{"hp":132,"atk":0,"def":0,"spa":160,"spd":0,"spe":216},"ivs":{"hp":31,"atk":31,"def":31,"spa":31,"spd":31,"spe":31}},{"name":"Charizard","species":"Charizard","item":"charizarditex","ability":"Blaze","moves":["dragondance","dragonclaw","firepunch","roost"],"nature":"Jolly","evs":{"hp":0,"atk":252,"def":0,"spa":0,"spd":4,"spe":252},"ivs":{"hp":31,"atk":31,"def":31,"spa":31,"spd":31,"spe":31}},{"name":"Thundurus","species":"Thundurus","item":"leftovers","ability":"Prankster","moves":["taunt","thunderwave","thunderbolt","hiddenpowerice"],"nature":"Timid","evs":{"hp":0,"atk":0,"def":0,"spa":252,"spd":4,"spe":252},"ivs":{"hp":31,"atk":30,"def":30,"spa":31,"spd":31,"spe":31}}],"p2team":[{"name":"Froslass","species":"Froslass","item":"focussash","ability":"Cursed Body","moves":["icepunch","shadowball","destinybond","icebeam"],"nature":"Timid","evs":{"hp":0,"atk":0,"def":4,"spa":252,"spd":0,"spe":252},"ivs":{"hp":31,"atk":31,"def":31,"spa":31,"spd":31,"spe":31}},{"name":"Weavile","species":"Weavile","item":"lifeorb","ability":"Pressure","moves":["blizzard","knockoff","nightslash","shadowball"],"nature":"Jolly","evs":{"hp":0,"atk":252,"def":0,"spa":0,"spd":4,"spe":252},"ivs":{"hp":31,"atk":31,"def":31,"spa":31,"spd":31,"spe":31}},{"name":"Lapras","species":"Lapras","item":"assaultvest","ability":"Water Absorb","moves":["hydropump","freezedry","thunderbolt","iceshard"],"nature":"Mild","evs":{"hp":248,"atk":8,"def":0,"spa":252,"spd":0,"spe":0},"gender":"F","shiny":true,"ivs":{"hp":31,"atk":31,"def":31,"spa":31,"spd":31,"spe":31}},{"name":"Cloyster","species":"Cloyster","item":"focussash","ability":"Skill Link","moves":["shellsmash","iciclespear","rockblast","razorshell"],"nature":"Adamant","evs":{"hp":0,"atk":252,"def":0,"spa":0,"spd":4,"spe":252},"ivs":{"hp":31,"atk":31,"def":31,"spa":31,"spd":31,"spe":31}},{"name":"Abomasnow","species":"Abomasnow","item":"abomasite","ability":"Soundproof","moves":["blizzard","woodhammer","iceshard","earthquake"],"nature":"Mild","evs":{"hp":8,"atk":68,"def":0,"spa":252,"spd":0,"spe":180},"ivs":{"hp":31,"atk":31,"def":31,"spa":31,"spd":31,"spe":31}},{"name":"Mamoswine","species":"Mamoswine","item":"lifeorb","ability":"Thick Fat","moves":["iceshard","earthquake","iciclecrash","freezedry"],"nature":"Naive","evs":{"hp":0,"atk":244,"def":0,"spa":12,"spd":0,"spe":252},"ivs":{"hp":31,"atk":31,"def":31,"spa":31,"spd":31,"spe":31}}],"log":["|player|p1|Nеowulf|143","|player|p2|WitchOfCaldia|289","|gametype|singles","|gen|6","|tier|Monotype","|rated","|rule|Baton Pass Clause: Limit one Baton Passer, can't pass Spe and other stats simultaneously","|rule|Swagger Clause: Swagger is banned","|rule|Same Type Clause: Pokémon in a team must share a type","|clearpoke","|poke|p1|Landorus-Therian, M","|poke|p1|Skarmory, M","|poke|p1|Mandibuzz, F","|poke|p1|Tornadus-Therian, M","|poke|p1|Charizard, M","|poke|p1|Thundurus, M","|poke|p2|Froslass, F","|poke|p2|Weavile, M","|poke|p2|Lapras, F, shiny","|poke|p2|Cloyster, M","|poke|p2|Abomasnow, M","|poke|p2|Mamoswine, F","|rule|Sleep Clause Mod: Limit one foe put to sleep","|rule|Species Clause: Limit one of each Pokémon","|rule|OHKO Clause: OHKO moves are banned","|rule|Moody Clause: Moody is banned","|rule|Evasion Moves Clause: Evasion moves are banned","|rule|Endless Battle Clause: Forcing endless battles is banned","|rule|HP Percentage Mod: HP is shown in percentages","|teampreview","|","|start","|switch|p1a: Thundurus|Thundurus, M|299/299","|switch|p2a: Cloyster|Cloyster, M|241/241","|turn|1","|","|move|p1a: Thundurus|Taunt|p2a: Cloyster","|-start|p2a: Cloyster|move: Taunt","|cant|p2a: Cloyster|move: Taunt|Shell Smash","|","|turn|2","|","|move|p1a: Thundurus|Thunderbolt|p2a: Cloyster","|-supereffective|p2a: Cloyster","|-enditem|p2a: Cloyster|Focus Sash","|-damage|p2a: Cloyster|1/241","|move|p2a: Cloyster|Rock Blast|p1a: Thundurus","|-supereffective|p1a: Thundurus","|-damage|p1a: Thundurus|231/299","|-supereffective|p1a: Thundurus","|-damage|p1a: Thundurus|151/299","|-supereffective|p1a: Thundurus","|-damage|p1a: Thundurus|77/299","|-supereffective|p1a: Thundurus","|-damage|p1a: Thundurus|7/299","|-supereffective|p1a: Thundurus","|-damage|p1a: Thundurus|0 fnt","|-hitcount|p1a: Thundurus|5","|faint|p1a: Thundurus","|","|","|switch|p1a: Tornadus-Therian|Tornadus-Therian, M|332/332","|turn|3","|","|move|p1a: Tornadus-Therian|U-turn|p2a: Cloyster","|-damage|p2a: Cloyster|0 fnt","|faint|p2a: Cloyster","|","|switch|p1a: Landorus-Therian|Landorus-Therian, M|319/319","|","|","|switch|p2a: Lapras|Lapras, F, shiny|463/463","|turn|4","|","|move|p1a: Landorus-Therian|U-turn|p2a: Lapras","|-damage|p2a: Lapras|343/463","|","|switch|p1a: Mandibuzz|Mandibuzz, F|421/421","|move|p2a: Lapras|Hydro Pump|p1a: Mandibuzz","|-damage|p1a: Mandibuzz|312/421","|","|-heal|p1a: Mandibuzz|338/421|[from] item: Leftovers","|turn|5","|","|move|p1a: Mandibuzz|Toxic|p2a: Lapras","|-status|p2a: Lapras|tox","|move|p2a: Lapras|Freeze-Dry|p1a: Mandibuzz","|-supereffective|p1a: Mandibuzz","|-damage|p1a: Mandibuzz|186/421","|","|-heal|p1a: Mandibuzz|212/421|[from] item: Leftovers","|-damage|p2a: Lapras|315/463 tox|[from] psn","|turn|6","|","|move|p1a: Mandibuzz|Foul Play|p2a: Lapras","|-damage|p2a: Lapras|176/463 tox","|move|p2a: Lapras|Thunderbolt|p1a: Mandibuzz","|-supereffective|p1a: Mandibuzz","|-damage|p1a: Mandibuzz|90/421","|","|-heal|p1a: Mandibuzz|116/421|[from] item: Leftovers","|-damage|p2a: Lapras|120/463 tox|[from] psn","|turn|7","|","|move|p1a: Mandibuzz|Roost|p1a: Mandibuzz","|-heal|p1a: Mandibuzz|327/421","|move|p2a: Lapras|Freeze-Dry|p1a: Mandibuzz","|-damage|p1a: Mandibuzz|254/421","|-status|p1a: Mandibuzz|frz","|","|-heal|p1a: Mandibuzz|280/421 frz|[from] item: Leftovers","|-damage|p2a: Lapras|36/463 tox|[from] psn","|turn|8","|","|move|p2a: Lapras|Ice Shard|p1a: Mandibuzz","|-supereffective|p1a: Mandibuzz","|-damage|p1a: Mandibuzz|202/421 frz","|cant|p1a: Mandibuzz|frz","|","|-heal|p1a: Mandibuzz|228/421 frz|[from] item: Leftovers","|-damage|p2a: Lapras|0 fnt|[from] psn","|faint|p2a: Lapras","|","|switch|p2a: Mamoswine|Mamoswine, F|361/361","|turn|9","|","|move|p2a: Mamoswine|Icicle Crash|p1a: Mandibuzz","|-crit|p1a: Mandibuzz","|-supereffective|p1a: Mandibuzz","|-damage|p1a: Mandibuzz|0 fnt","|-damage|p2a: Mamoswine|325/361|[from] item: Life Orb","|faint|p1a: Mandibuzz","|","|","|switch|p1a: Skarmory|Skarmory, M|334/334","|turn|10","|","|move|p2a: Mamoswine|Freeze-Dry|p1a: Skarmory","|-damage|p1a: Skarmory|225/334","|-damage|p2a: Mamoswine|289/361|[from] item: Life Orb","|move|p1a: Skarmory|Stealth Rock|p2a: Mamoswine","|-sidestart|p2: WitchOfCaldia|move: Stealth Rock","|","|-heal|p1a: Skarmory|245/334|[from] item: Leftovers","|turn|11","|","|move|p2a: Mamoswine|Icicle Crash|p1a: Skarmory","|-damage|p1a: Skarmory|138/334","|-damage|p2a: Mamoswine|253/361|[from] item: Life Orb","|cant|p1a: Skarmory|flinch","|","|-heal|p1a: Skarmory|158/334|[from] item: Leftovers","|turn|12","|","|move|p2a: Mamoswine|Icicle Crash|p1a: Skarmory","|-damage|p1a: Skarmory|44/334","|-damage|p2a: Mamoswine|217/361|[from] item: Life Orb","|cant|p1a: Skarmory|flinch","|","|-heal|p1a: Skarmory|64/334|[from] item: Leftovers","|turn|13","|","|move|p2a: Mamoswine|Ice Shard|p1a: Skarmory","|-damage|p1a: Skarmory|9/334","|-damage|p2a: Mamoswine|181/361|[from] item: Life Orb","|move|p1a: Skarmory|Roost|p1a: Skarmory","|-heal|p1a: Skarmory|176/334","|","|-heal|p1a: Skarmory|196/334|[from] item: Leftovers","|turn|14","|","|move|p2a: Mamoswine|Icicle Crash|p1a: Skarmory","|-damage|p1a: Skarmory|87/334","|-damage|p2a: Mamoswine|145/361|[from] item: Life Orb","|cant|p1a: Skarmory|flinch","|","|-heal|p1a: Skarmory|107/334|[from] item: Leftovers","|turn|15","|","|move|p2a: Mamoswine|Icicle Crash|p1a: Skarmory","|-damage|p1a: Skarmory|0 fnt","|-damage|p2a: Mamoswine|109/361|[from] item: Life Orb","|faint|p1a: Skarmory","|","|","|switch|p1a: Charizard|Charizard, M|297/297","|turn|16","|","|move|p1a: Charizard|Fire Punch|p2a: Mamoswine","|-supereffective|p2a: Mamoswine","|-damage|p2a: Mamoswine|0 fnt","|faint|p2a: Mamoswine","|","|","|switch|p2a: Weavile|Weavile, M|281/281","|-damage|p2a: Weavile|211/281|[from] Stealth Rock","|-ability|p2a: Weavile|Pressure","|turn|17","|","|detailschange|p1a: Charizard|Charizard-Mega-X, M","|-mega|p1a: Charizard|Charizard|Charizardite X","|move|p2a: Weavile|Knock Off|p1a: Charizard","|-damage|p1a: Charizard|172/297","|-damage|p2a: Weavile|183/281|[from] item: Life Orb","|move|p1a: Charizard|Fire Punch|p2a: Weavile","|-supereffective|p2a: Weavile","|-damage|p2a: Weavile|0 fnt","|faint|p2a: Weavile","|","|","|switch|p2a: Froslass|Froslass, F|281/281","|-damage|p2a: Froslass|211/281|[from] Stealth Rock","|turn|18","|","|move|p2a: Froslass|Ice Beam|p1a: Charizard","|-damage|p1a: Charizard|43/297","|move|p1a: Charizard|Fire Punch|p2a: Froslass","|-supereffective|p2a: Froslass","|-damage|p2a: Froslass|0 fnt","|-start|p1a: Charizard|Disable|Fire Punch","|faint|p2a: Froslass","|","|","|switch|p2a: Abomasnow|Abomasnow, M|323/323","|-damage|p2a: Abomasnow|243/323|[from] Stealth Rock","|turn|19","|","|detailschange|p2a: Abomasnow|Abomasnow-Mega, M","|-mega|p2a: Abomasnow|Abomasnow|Abomasite","|-weather|Hail","|move|p1a: Charizard|Dragon Claw|p2a: Abomasnow","|-damage|p2a: Abomasnow|57/323","|move|p2a: Abomasnow|Blizzard|p1a: Charizard","|-damage|p1a: Charizard|0 fnt","|faint|p1a: Charizard","|","|-weather|Hail|[upkeep]","|","|switch|p1a: Tornadus-Therian|Tornadus-Therian, M|332/332","|turn|20","|","|move|p1a: Tornadus-Therian|U-turn|p2a: Abomasnow","|-supereffective|p2a: Abomasnow","|-damage|p2a: Abomasnow|0 fnt","|faint|p2a: Abomasnow","|","|win|Nеowulf"],"p1rating":{"entryid":"7257985","serverid":"eos","formatid":"monotype","userid":"nowulf","username":"Nеowulf","w":2,"l":"0","t":"0","gxe":57.3,"r":"1500","rd":"130","sigma":"0","rptime":"1438160400","rpr":1558.1084613614,"rprd":115.99919731163,"rpsigma":"0","acre":1081.1441925565,"lacre":1081.1441925565,"oldacre":"1048.0633405477"},"p2rating":{"entryid":"7188337","serverid":"eos","formatid":"monotype","userid":"witchofcaldia","username":"WitchofCaldia","w":"23","l":45,"t":"0","gxe":36.3,"r":"1404.6464324982","rd":"43.945570457451","sigma":"0","rptime":"1438160400","rpr":1393.1008986306,"rprd":43.096108329782,"rpsigma":"0","acre":1033.3124346635,"lacre":1033.3124346635,"oldacre":"1051.1398912611"},"endType":"normal"}