{"seed":[41176,57803,1987,17624],"turns":22,"p1":"Wаrden Arguѕ","p2":"Crystal Bronze0re","p1team":[{"name":"Sableye","species":"Sableye","item":"leftovers","ability":"Prankster","moves":["knockoff","willowisp","recover","taunt"],"nature":"Bold","evs":{"hp":228,"atk":0,"def":252,"spa":0,"spd":0,"spe":28},"gender":"M","ivs":{"hp":31,"atk":0,"def":31,"spa":31,"spd":31,"spe":31}},{"name":"Aegislash","species":"Aegislash","item":"weaknesspolicy","ability":"Stance Change","moves":["kingsshield","sacredsword","shadowball","shadowsneak"],"nature":"Lonely","evs":{"hp":0,"atk":252,"def":0,"spa":240,"spd":0,"spe":16},"gender":"M","shiny":true,"ivs":{"hp":31,"atk":31,"def":31,"spa":31,"spd":31,"spe":31}},{"name":"Jellicent","species":"Jellicent","item":"leftovers","ability":"Cursed Body","moves":["toxic","scald","recover","acidarmor"],"nature":"Calm","evs":{"hp":252,"atk":0,"def":0,"spa":0,"spd":252,"spe":4},"gender":"M","ivs":{"hp":31,"atk":0,"def":31,"spa":31,"spd":31,"spe":31},"shiny":true},{"name":"Golurk","species":"Golurk","item":"focussash","ability":"No Guard","moves":["stealthrock","stoneedge","dynamicpunch","curse"],"nature":"Adamant","evs":{"hp":0,"atk":252,"def":0,"spa":0,"spd":4,"spe":252},"shiny":true,"ivs":{"hp":31,"atk":31,"def":31,"spa":31,"spd":31,"spe":31}},{"name":"Chandelure","species":"Chandelure","item":"choicescarf","ability":"Infiltrator","moves":["flamethrower","shadowball","energyball","trick"],"nature":"Modest","evs":{"hp":0,"atk":0,"def":0,"spa":252,"spd":4,"spe":252},"gender":"F","ivs":{"hp":31,"atk":0,"def":31,"spa":31,"spd":31,"spe":31}},{"name":"Gengar","species":"Gengar","item":"focussash","ability":"Levitate","moves":["destinybond","sludgebomb","shadowball","energyball"],"nature":"Timid","evs":{"hp":0,"atk":0,"def":0,"spa":252,"spd":4,"spe":252},"gender":"F","ivs":{"hp":31,"atk":0,"def":31,"spa":31,"spd":31,"spe":31},"shiny":true}],"p2team":[{"name":"Skarmory","species":"Skarmory","item":"custapberry","ability":"Sturdy","moves":["drillpeck","stealthrock","spikes","tailwind"],"nature":"Jolly","evs":{"hp":4,"atk":252,"def":0,"spa":0,"spd":0,"spe":252},"ivs":{"hp":31,"atk":31,"def":31,"spa":31,"spd":31,"spe":31}},{"name":"Bisharp","species":"Bisharp","item":"focussash","ability":"Defiant","moves":["suckerpunch","ironhead","psychocut","swordsdance"],"nature":"Adamant","evs":{"hp":0,"atk":252,"def":4,"spa":0,"spd":0,"spe":252},"ivs":{"hp":31,"atk":31,"def":31,"spa":31,"spd":31,"spe":31}},{"name":"Doublade","species":"Doublade","item":"eviolite","ability":"No Guard","moves":["shadowsneak","swordsdance","gyroball","sacredsword"],"nature":"Brave","evs":{"hp":252,"atk":252,"def":4,"spa":0,"spd":0,"spe":0},"ivs":{"hp":31,"atk":31,"def":31,"spa":31,"spd":31,"spe":0}},{"name":"Heatran","species":"Heatran","item":"airballoon","ability":"Flash Fire","moves":["flashcannon","hiddenpowerice","fireblast","earthpower"],"nature":"Modest","evs":{"hp":0,"atk":0,"def":0,"spa":252,"spd":52,"spe":204},"ivs":{"hp":31,"atk":30,"def":30,"spa":31,"spd":31,"spe":31}},{"name":"Scizor","species":"Scizor","item":"scizorite","ability":"Technician","moves":["swordsdance","bulletpunch","bugbite","roost"],"nature":"Adamant","evs":{"hp":248,"atk":252,"def":0,"spa":0,"spd":8,"spe":0},"ivs":{"hp":31,"atk":31,"def":31,"spa":31,"spd":31,"spe":31}},{"name":"Lucario","species":"Lucario","item":"lifeorb","ability":"Inner Focus","moves":["icepunch","extremespeed","closecombat","swordsdance"],"nature":"Jolly","evs":{"hp":0,"atk":252,"def":4,"spa":0,"spd":0,"spe":252},"ivs":{"hp":31,"atk":31,"def":31,"spa":31,"spd":31,"spe":31}}],"log":["|player|p1|Wаrden Arguѕ|argus2spooky.png","|player|p2|Crystal Bronze0re|274","|gametype|singles","|gen|6","|tier|Monotype","|rated","|rule|Baton Pass Clause: Limit one Baton Passer, can't pass Spe and other stats simultaneously","|rule|Swagger Clause: Swagger is banned","|rule|Same Type Clause: Pokémon in a team must share a type","|clearpoke","|poke|p1|Sableye, M","|poke|p1|Aegislash, M, shiny","|poke|p1|Jellicent, M, shiny","|poke|p1|Golurk, shiny","|poke|p1|Chandelure, F","|poke|p1|Gengar, F, shiny","|poke|p2|Skarmory, M","|poke|p2|Bisharp, F","|poke|p2|Doublade, M","|poke|p2|Heatran, F","|poke|p2|Scizor, F","|poke|p2|Lucario, M","|rule|Sleep Clause Mod: Limit one foe put to sleep","|rule|Species Clause: Limit one of each Pokémon","|rule|OHKO Clause: OHKO moves are banned","|rule|Moody Clause: Moody is banned","|rule|Evasion Moves Clause: Evasion moves are banned","|rule|Endless Battle Clause: Forcing endless battles is banned","|rule|HP Percentage Mod: HP is shown in percentages","|teampreview","|","|start","|switch|p1a: Golurk|Golurk, shiny|319/319","|switch|p2a: Skarmory|Skarmory, M|272/272","|turn|1","|","|move|p2a: Skarmory|Stealth Rock|p1a: Golurk","|-sidestart|p1: Wаrden Arguѕ|move: Stealth Rock","|move|p1a: Golurk|Stealth Rock|p2a: Skarmory","|-sidestart|p2: Crystal Bronze0re|move: Stealth Rock","|","|turn|2","|","|move|p2a: Skarmory|Spikes|p1a: Golurk","|-sidestart|p1: Wаrden Arguѕ|Spikes","|move|p1a: Golurk|Dynamic Punch|p2a: Skarmory","|-damage|p2a: Skarmory|173/272","|-start|p2a: Skarmory|confusion","|","|turn|3","|","|-activate|p2a: Skarmory|confusion","|move|p2a: Skarmory|Tailwind|p2a: Skarmory","|-sidestart|p2: Crystal Bronze0re|move: Tailwind","|move|p1a: Golurk|Stone Edge|p2a: Skarmory","|-damage|p2a: Skarmory|77/272","|","|turn|4","|","|-activate|p2a: Skarmory|confusion","|move|p2a: Skarmory|Drill Peck|p1a: Golurk","|-damage|p1a: Golurk|190/319","|move|p1a: Golurk|Stone Edge|p2a: Skarmory","|-damage|p2a: Skarmory|0 fnt","|faint|p2a: Skarmory","|","|","|switch|p2a: Lucario|Lucario, M|281/281","|-damage|p2a: Lucario|273/281|[from] Stealth Rock","|turn|5","|","|move|p2a: Lucario|Ice Punch|p1a: Golurk","|-supereffective|p1a: Golurk","|-damage|p1a: Golurk|0 fnt","|-damage|p2a: Lucario|245/281|[from] item: Life Orb","|faint|p1a: Golurk","|","|","|switch|p1a: Sableye|Sableye, M|298/298","|-damage|p1a: Sableye|261/298|[from] Stealth Rock","|-damage|p1a: Sableye|224/298|[from] Spikes","|turn|6","|","|move|p2a: Lucario|Ice Punch|p1a: Sableye","|-damage|p1a: Sableye|136/298","|-damage|p2a: Lucario|217/281|[from] item: Life Orb","|move|p1a: Sableye|Knock Off|p2a: Lucario","|-resisted|p2a: Lucario","|-damage|p2a: Lucario|175/281","|-enditem|p2a: Lucario|Life Orb|[from] move: Knock Off|[of] p1a: Sableye","|","|-heal|p1a: Sableye|154/298|[from] item: Leftovers","|-sideend|p2: Crystal Bronze0re|move: Tailwind","|turn|7","|","|move|p1a: Sableye|Will-O-Wisp|p2a: Lucario","|-status|p2a: Lucario|brn","|move|p2a: Lucario|Ice Punch|p1a: Sableye","|-damage|p1a: Sableye|120/298","|","|-heal|p1a: Sableye|138/298|[from] item: Leftovers","|-damage|p2a: Lucario|140/281 brn|[from] brn","|turn|8","|","|move|p1a: Sableye|Recover|p1a: Sableye","|-heal|p1a: Sableye|287/298","|move|p2a: Lucario|Ice Punch|p1a: Sableye","|-damage|p1a: Sableye|254/298","|","|-heal|p1a: Sableye|272/298|[from] item: Leftovers","|-damage|p2a: Lucario|105/281 brn|[from] brn","|turn|9","|","|move|p2a: Lucario|Ice Punch|p1a: Sableye","|-crit|p1a: Sableye","|-damage|p1a: Sableye|219/298","|move|p1a: Sableye|Knock Off|p2a: Lucario","|-resisted|p2a: Lucario","|-damage|p2a: Lucario|76/281 brn","|","|-heal|p1a: Sableye|237/298|[from] item: Leftovers","|-damage|p2a: Lucario|41/281 brn|[from] brn","|turn|10","|","|move|p1a: Sableye|Recover|p1a: Sableye","|-heal|p1a: Sableye|298/298","|move|p2a: Lucario|Ice Punch|p1a: Sableye","|-damage|p1a: Sableye|262/298","|","|-heal|p1a: Sableye|280/298|[from] item: Leftovers","|-damage|p2a: Lucario|6/281 brn|[from] brn","|turn|11","|","|move|p2a: Lucario|Ice Punch|p1a: Sableye","|-damage|p1a: Sableye|244/298","|move|p1a: Sableye|Knock Off|p2a: Lucario","|-resisted|p2a: Lucario","|-damage|p2a: Lucario|0 fnt","|faint|p2a: Lucario","|","|-heal|p1a: Sableye|262/298|[from] item: Leftovers","|","|switch|p2a: Heatran|Heatran, F|323/323","|-damage|p2a: Heatran|283/323|[from] Stealth Rock","|-item|p2a: Heatran|Air Balloon","|turn|12","|","|switch|p1a: Jellicent|Jellicent, M, shiny|404/404","|-damage|p1a: Jellicent|354/404|[from] Stealth Rock","|-damage|p1a: Jellicent|304/404|[from] Spikes","|move|p2a: Heatran|Fire Blast|p1a: Jellicent","|-resisted|p1a: Jellicent","|-damage|p1a: Jellicent|229/404","|","|-heal|p1a: Jellicent|254/404|[from] item: Leftovers","|turn|13","|","|move|p2a: Heatran|Earth Power|p1a: Jellicent","|-damage|p1a: Jellicent|175/404","|move|p1a: Jellicent|Scald|p2a: Heatran","|-supereffective|p2a: Heatran","|-damage|p2a: Heatran|131/323","|-enditem|p2a: Heatran|Air Balloon","|","|-heal|p1a: Jellicent|200/404|[from] item: Leftovers","|turn|14","|","|move|p2a: Heatran|Earth Power|p1a: Jellicent","|-damage|p1a: Jellicent|121/404","|-start|p2a: Heatran|Disable|Earth Power","|move|p1a: Jellicent|Scald|p2a: Heatran","|-crit|p2a: Heatran","|-supereffective|p2a: Heatran","|-damage|p2a: Heatran|0 fnt","|faint|p2a: Heatran","|","|-heal|p1a: Jellicent|146/404|[from] item: Leftovers","|","|switch|p2a: Bisharp|Bisharp, F|271/271","|-damage|p2a: Bisharp|255/271|[from] Stealth Rock","|turn|15","|","|move|p2a: Bisharp|Sucker Punch|p1a: Jellicent","|-supereffective|p1a: Jellicent","|-damage|p1a: Jellicent|0 fnt","|faint|p1a: Jellicent","|","|","|switch|p1a: Sableye|Sableye, M|262/298","|-damage|p1a: Sableye|225/298|[from] Stealth Rock","|-damage|p1a: Sableye|188/298|[from] Spikes","|turn|16","|","|move|p1a: Sableye|Will-O-Wisp|p2a: Bisharp|[miss]","|-miss|p1a: Sableye|p2a: Bisharp","|move|p2a: Bisharp|Swords Dance|p2a: Bisharp","|-boost|p2a: Bisharp|atk|2","|","|-heal|p1a: Sableye|206/298|[from] item: Leftovers","|turn|17","|","|switch|p1a: Aegislash|Aegislash, M, shiny|261/261","|-damage|p1a: Aegislash|245/261|[from] Stealth Rock","|-damage|p1a: Aegislash|213/261|[from] Spikes","|move|p2a: Bisharp|Iron Head|p1a: Aegislash","|-resisted|p1a: Aegislash","|-damage|p1a: Aegislash|87/261","|","|turn|18","|","|move|p2a: Bisharp|Swords Dance|p2a: Bisharp","|-boost|p2a: Bisharp|atk|2","|-formechange|p1a: Aegislash|Aegislash-Blade","|move|p1a: Aegislash|Sacred Sword|p2a: Bisharp","|-supereffective|p2a: Bisharp","|-damage|p2a: Bisharp|0 fnt","|faint|p2a: Bisharp","|","|","|switch|p2a: Doublade|Doublade, M|322/322","|-damage|p2a: Doublade|302/322|[from] Stealth Rock","|turn|19","|","|move|p1a: Aegislash|Shadow Ball|p2a: Doublade","|-supereffective|p2a: Doublade","|-damage|p2a: Doublade|0 fnt","|faint|p2a: Doublade","|","|","|switch|p2a: Scizor|Scizor, F|343/343","|-damage|p2a: Scizor|301/343|[from] Stealth Rock","|turn|20","|","|detailschange|p2a: Scizor|Scizor-Mega, F","|-mega|p2a: Scizor|Scizor|Scizorite","|move|p2a: Scizor|Swords Dance|p2a: Scizor","|-boost|p2a: Scizor|atk|2","|move|p1a: Aegislash|Shadow Ball|p2a: Scizor","|-damage|p2a: Scizor|157/343","|","|turn|21","|","|move|p2a: Scizor|Bullet Punch|p1a: Aegislash","|-resisted|p1a: Aegislash","|-damage|p1a: Aegislash|0 fnt","|faint|p1a: Aegislash","|","|","|switch|p1a: Chandelure|Chandelure, F|261/261","|-damage|p1a: Chandelure|229/261|[from] Spikes","|-damage|p1a: Chandelure|164/261|[from] Stealth Rock","|turn|22","|","|move|p2a: Scizor|Bullet Punch|p1a: Chandelure","|-resisted|p1a: Chandelure","|-damage|p1a: Chandelure|29/261","|move|p1a: Chandelure|Flamethrower|p2a: Scizor","|-supereffective|p2a: Scizor","|-damage|p2a: Scizor|0 fnt","|faint|p2a: Scizor","|","|win|Wаrden Arguѕ"],"p1rating":{"entryid":"7252450","serverid":"eos","formatid":"monotype","userid":"wrdenargu","username":"Wаrden Arguѕ","w":3,"l":"0","t":"0","gxe":61,"r":"1500","rd":"130","sigma":"0","rptime":"1438160400","rpr":1588.4302544954,"rprd":111.45877555976,"rpsigma":"0","acre":1119.153575739,"lacre":1119.153575739,"oldacre":"1086.1644530525"},"p2rating":{"entryid":"6377401","serverid":"eos","formatid":"monotype","userid":"crystalbronze0re","username":"Crystal Bronze0re","w":"109","l":89,"t":"0","gxe":54,"r":"1526.8023710237","rd":"36.718765812802","sigma":"0","rptime":"1438160400","rpr":1530.1026085922,"rprd":35.057134982275,"rpsigma":"0","acre":1132.833343261,"lacre":1132.833343261,"oldacre":"1163.2938401398"},"endType":"normal"}