{"seed":[34540,51193,63991,28504],"turns":22,"p1":"Nеowսlf","p2":"Scraftionite","p1team":[{"name":"Sableye","species":"Sableye","item":"sablenite","ability":"Prankster","moves":["willowisp","calmmind","recover","snarl"],"nature":"Bold","evs":{"hp":152,"atk":0,"def":252,"spa":4,"spd":100,"spe":0},"ivs":{"hp":31,"atk":31,"def":31,"spa":31,"spd":31,"spe":31}},{"name":"Mandibuzz","species":"Mandibuzz","item":"leftovers","ability":"Overcoat","moves":["airslash","toxic","roost","defog"],"nature":"Bold","evs":{"hp":252,"atk":0,"def":252,"spa":4,"spd":0,"spe":0},"ivs":{"hp":31,"atk":31,"def":31,"spa":31,"spd":31,"spe":31}},{"name":"Houndoom","species":"Houndoom","item":"choicescarf","ability":"Flash Fire","moves":["fireblast","hiddenpowergrass","destinybond","flamethrower"],"nature":"Timid","evs":{"hp":0,"atk":0,"def":0,"spa":252,"spd":4,"spe":252},"ivs":{"hp":31,"atk":30,"def":31,"spa":30,"spd":31,"spe":31}},{"name":"Bisharp","species":"Bisharp","item":"lifeorb","ability":"Defiant","moves":["swordsdance","suckerpunch","knockoff","ironhead"],"nature":"Jolly","evs":{"hp":0,"atk":252,"def":0,"spa":0,"spd":4,"spe":252},"ivs":{"hp":31,"atk":31,"def":31,"spa":31,"spd":31,"spe":31}},{"name":"Weavile","species":"Weavile","item":"lifeorb","ability":"Pressure","moves":["iceshard","iciclecrash","poisonjab","knockoff"],"nature":"Jolly","evs":{"hp":0,"atk":252,"def":0,"spa":0,"spd":4,"spe":252},"ivs":{"hp":31,"atk":31,"def":31,"spa":31,"spd":31,"spe":31}},{"name":"Hydreigon","species":"Hydreigon","item":"choicescarf","ability":"Levitate","moves":["dracometeor","flashcannon","fireblast","uturn"],"nature":"Timid","evs":{"hp":0,"atk":0,"def":0,"spa":252,"spd":4,"spe":252},"ivs":{"hp":31,"atk":31,"def":31,"spa":31,"spd":31,"spe":31}}],"p2team":[{"name":"Torkoal","species":"Torkoal","item":"leftovers","ability":"Shell Armor","moves":["stealthrock","rapidspin","yawn","lavaplume"],"nature":"Bold","evs":{"hp":252,"atk":0,"def":252,"spa":0,"spd":4,"spe":0},"ivs":{"hp":31,"atk":0,"def":31,"spa":31,"spd":31,"spe":31}},{"name":"Entei","species":"Entei","item":"lifeorb","ability":"Pressure","moves":["sacredfire","extremespeed","stoneedge","bulldoze"],"nature":"Adamant","evs":{"hp":0,"atk":252,"def":0,"spa":0,"spd":4,"spe":252},"shiny":true,"ivs":{"hp":31,"atk":31,"def":31,"spa":31,"spd":31,"spe":31}},{"name":"Charizard","species":"Charizard","item":"charizarditey","ability":"Blaze","moves":["fireblast","roost","focusblast","solarbeam"],"nature":"Timid","evs":{"hp":0,"atk":0,"def":0,"spa":252,"spd":4,"spe":252},"ivs":{"hp":31,"atk":0,"def":31,"spa":31,"spd":31,"spe":31},"shiny":true},{"name":"Darmanitan","species":"Darmanitan","item":"choicescarf","ability":"Sheer Force","moves":["flareblitz","superpower","rockslide","uturn"],"nature":"Jolly","evs":{"hp":0,"atk":252,"def":0,"spa":0,"spd":4,"spe":252},"ivs":{"hp":31,"atk":31,"def":31,"spa":31,"spd":31,"spe":31}},{"name":"Heatran","species":"Heatran","item":"airballoon","ability":"Flash Fire","moves":["lavaplume","earthpower","toxic","flashcannon"],"nature":"Calm","evs":{"hp":248,"atk":0,"def":0,"spa":8,"spd":252,"spe":0},"ivs":{"hp":31,"atk":0,"def":31,"spa":31,"spd":31,"spe":31}},{"name":"Rotom-Heat","species":"Rotom-Heat","item":"sitrusberry","ability":"Levitate","moves":["reflect","thunderbolt","overheat","lightscreen"],"nature":"Timid","evs":{"hp":0,"atk":0,"def":0,"spa":252,"spd":4,"spe":252},"ivs":{"hp":31,"atk":0,"def":30,"spa":31,"spd":31,"spe":31}}],"log":["|player|p1|Nеowսlf|143","|player|p2|Scraftionite|150","|gametype|singles","|gen|6","|tier|Monotype","|rated","|rule|Baton Pass Clause: Limit one Baton Passer, can't pass Spe and other stats simultaneously","|rule|Swagger Clause: Swagger is banned","|rule|Same Type Clause: Pokémon in a team must share a type","|clearpoke","|poke|p1|Sableye, F","|poke|p1|Mandibuzz, F","|poke|p1|Houndoom, M","|poke|p1|Bisharp, F","|poke|p1|Weavile, F","|poke|p1|Hydreigon, M","|poke|p2|Torkoal, F","|poke|p2|Entei, shiny","|poke|p2|Charizard, F, shiny","|poke|p2|Darmanitan, F","|poke|p2|Heatran, M","|poke|p2|Rotom-Heat","|rule|Sleep Clause Mod: Limit one foe put to sleep","|rule|Species Clause: Limit one of each Pokémon","|rule|OHKO Clause: OHKO moves are banned","|rule|Moody Clause: Moody is banned","|rule|Evasion Moves Clause: Evasion moves are banned","|rule|Endless Battle Clause: Forcing endless battles is banned","|rule|HP Percentage Mod: HP is shown in percentages","|teampreview","|","|start","|switch|p1a: Hydreigon|Hydreigon, M|325/325","|switch|p2a: Darmanitan|Darmanitan, F|351/351","|turn|1","|","|move|p1a: Hydreigon|Draco Meteor|p2a: Darmanitan","|-damage|p2a: Darmanitan|11/351","|-unboost|p1a: Hydreigon|spa|2","|move|p2a: Darmanitan|U-turn|p1a: Hydreigon","|-supereffective|p1a: Hydreigon","|-damage|p1a: Hydreigon|125/325","|","|switch|p2a: Rotom-Heat|Rotom-Heat|241/241","|","|turn|2","|","|switch|p1a: Houndoom|Houndoom, M|291/291","|move|p2a: Rotom-Heat|Light Screen|p2a: Rotom-Heat","|-sidestart|p2: Scraftionite|move: Light Screen","|","|turn|3","|","|switch|p1a: Mandibuzz|Mandibuzz, F|424/424","|move|p2a: Rotom-Heat|Thunderbolt|p1a: Mandibuzz","|-supereffective|p1a: Mandibuzz","|-damage|p1a: Mandibuzz|136/424","|","|-heal|p1a: Mandibuzz|162/424|[from] item: Leftovers","|turn|4","|","|move|p2a: Rotom-Heat|Thunderbolt|p1a: Mandibuzz","|-crit|p1a: Mandibuzz","|-supereffective|p1a: Mandibuzz","|-damage|p1a: Mandibuzz|0 fnt","|faint|p1a: Mandibuzz","|","|","|switch|p1a: Weavile|Weavile, F|281/281","|-ability|p1a: Weavile|Pressure","|turn|5","|","|move|p1a: Weavile|Knock Off|p2a: Rotom-Heat","|-damage|p2a: Rotom-Heat|38/241","|-enditem|p2a: Rotom-Heat|Sitrus Berry|[from] move: Knock Off|[of] p1a: Weavile","|-damage|p1a: Weavile|253/281|[from] item: Life Orb","|move|p2a: Rotom-Heat|Thunderbolt|p1a: Weavile","|-damage|p1a: Weavile|100/281","|","|turn|6","|","|switch|p2a: Torkoal|Torkoal, F|344/344","|move|p1a: Weavile|Knock Off|p2a: Torkoal","|-damage|p2a: Torkoal|222/344","|-enditem|p2a: Torkoal|Leftovers|[from] move: Knock Off|[of] p1a: Weavile","|-damage|p1a: Weavile|72/281|[from] item: Life Orb","|","|-sideend|p2: Scraftionite|move: Light Screen","|turn|7","|","|switch|p1a: Hydreigon|Hydreigon, M|125/325","|move|p2a: Torkoal|Stealth Rock|p1a: Hydreigon","|-sidestart|p1: Nеowսlf|move: Stealth Rock","|","|turn|8","|","|switch|p2a: Heatran|Heatran, M|385/385","|-item|p2a: Heatran|Air Balloon","|move|p1a: Hydreigon|Draco Meteor|p2a: Heatran","|-crit|p2a: Heatran","|-resisted|p2a: Heatran","|-damage|p2a: Heatran|264/385","|-enditem|p2a: Heatran|Air Balloon","|-unboost|p1a: Hydreigon|spa|2","|","|turn|9","|","|switch|p1a: Houndoom|Houndoom, M|291/291","|-damage|p1a: Houndoom|219/291|[from] Stealth Rock","|move|p2a: Heatran|Flash Cannon|p1a: Houndoom","|-resisted|p1a: Houndoom","|-damage|p1a: Houndoom|148/291","|","|turn|10","|","|move|p1a: Houndoom|Destiny Bond|p1a: Houndoom","|-singlemove|p1a: Houndoom|Destiny Bond","|move|p2a: Heatran|Earth Power|p1a: Houndoom","|-supereffective|p1a: Houndoom","|-damage|p1a: Houndoom|0 fnt","|faint|p1a: Houndoom","|-activate|p1a: Houndoom|Destiny Bond","|faint|p2a: Heatran","|","|","|switch|p1a: Hydreigon|Hydreigon, M|125/325","|switch|p2a: Entei|Entei, shiny|371/371","|-damage|p1a: Hydreigon|85/325|[from] Stealth Rock","|-ability|p2a: Entei|Pressure","|turn|11","|","|move|p2a: Entei|Extreme Speed|p1a: Hydreigon","|-damage|p1a: Hydreigon|0 fnt","|-damage|p2a: Entei|334/371|[from] item: Life Orb","|faint|p1a: Hydreigon","|","|","|switch|p1a: Bisharp|Bisharp, F|271/271","|-damage|p1a: Bisharp|255/271|[from] Stealth Rock","|turn|12","|","|switch|p2a: Torkoal|Torkoal, F|222/344","|move|p1a: Bisharp|Sucker Punch|p2a: Torkoal","|-fail|p1a: Bisharp","|","|turn|13","|","|switch|p1a: Sableye|Sableye, F|279/279","|-damage|p1a: Sableye|245/279|[from] Stealth Rock","|move|p2a: Torkoal|Lava Plume|p1a: Sableye","|-damage|p1a: Sableye|146/279","|","|turn|14","|","|move|p1a: Sableye|Calm Mind|p1a: Sableye","|-boost|p1a: Sableye|spa|1","|-boost|p1a: Sableye|spd|1","|move|p2a: Torkoal|Lava Plume|p1a: Sableye","|-damage|p1a: Sableye|83/279","|","|turn|15","|","|move|p1a: Sableye|Recover|p1a: Sableye","|-heal|p1a: Sableye|223/279","|move|p2a: Torkoal|Yawn|p1a: Sableye","|-start|p1a: Sableye|move: Yawn|[of] p2a: Torkoal","|","|turn|16","|","|detailschange|p1a: Sableye|Sableye-Mega, F","|-mega|p1a: Sableye|Sableye|Sablenite","|move|p1a: Sableye|Snarl|p2a: Torkoal","|-damage|p2a: Torkoal|107/344","|-unboost|p2a: Torkoal|spa|1","|move|p2a: Torkoal|Lava Plume|p1a: Sableye","|-damage|p1a: Sableye|195/279","|","|-end|p1a: Sableye|move: Yawn|[silent]","|-status|p1a: Sableye|slp","|turn|17","|","|switch|p2a: Charizard|Charizard, F, shiny|297/297","|cant|p1a: Sableye|slp","|","|turn|18","|","|detailschange|p2a: Charizard|Charizard-Mega-Y, F, shiny","|-mega|p2a: Charizard|Charizard|Charizardite Y","|-weather|SunnyDay","|move|p2a: Charizard|Fire Blast|p1a: Sableye","|-damage|p1a: Sableye|20/279 slp","|cant|p1a: Sableye|slp","|","|-weather|SunnyDay|[upkeep]","|turn|19","|","|move|p2a: Charizard|Fire Blast|p1a: Sableye","|-damage|p1a: Sableye|0 fnt","|faint|p1a: Sableye","|","|-weather|SunnyDay|[upkeep]","|","|switch|p1a: Weavile|Weavile, F|72/281","|-damage|p1a: Weavile|2/281|[from] Stealth Rock","|-ability|p1a: Weavile|Pressure","|turn|20","|","|move|p1a: Weavile|Poison Jab|p2a: Charizard","|-damage|p2a: Charizard|155/297","|-status|p2a: Charizard|psn","|-damage|p1a: Weavile|0 fnt|[from] item: Life Orb","|faint|p1a: Weavile","|move|p2a: Charizard|Solar Beam|p1: Weavile|[still]|[notarget]","|-notarget","|","|-weather|SunnyDay|[upkeep]","|-damage|p2a: Charizard|118/297 psn|[from] psn","|","|switch|p1a: Bisharp|Bisharp, F|255/271","|-damage|p1a: Bisharp|239/271|[from] Stealth Rock","|turn|21","|","|switch|p2a: Entei|Entei, shiny|334/371","|-ability|p2a: Entei|Pressure","|move|p1a: Bisharp|Sucker Punch|p2a: Entei","|-fail|p1a: Bisharp","|","|-weather|SunnyDay|[upkeep]","|turn|22","|","|move|p1a: Bisharp|Sucker Punch|p2a: Entei","|-damage|p2a: Entei|130/371","|-damage|p1a: Bisharp|212/271|[from] item: Life Orb","|move|p2a: Entei|Sacred Fire|p1a: Bisharp","|-supereffective|p1a: Bisharp","|-damage|p1a: Bisharp|0 fnt","|-damage|p2a: Entei|93/371|[from] item: Life Orb","|faint|p1a: Bisharp","|","|win|Scraftionite"],"p1rating":{"entryid":"7254104","serverid":"eos","formatid":"monotype","userid":"nowlf","username":"Nеowսlf","w":"6","l":2,"t":"0","gxe":60.1,"r":"1500","rd":"130","sigma":"0","rptime":"1438160400","rpr":1579.7814801989,"rprd":91.62343282548,"rpsigma":"0","acre":1157.9932158092,"lacre":1157.9932158092,"oldacre":"1179.6638605123"},"p2rating":{"entryid":"7211730","serverid":"eos","formatid":"monotype","userid":"scraftionite","username":"Scraftionite","w":12,"l":"4","t":"0","gxe":65.4,"r":"1518.973469514","rd":"94.867607355499","sigma":"0","rptime":"1438160400","rpr":1622.6871225743,"rprd":74.635761917689,"rpsigma":"0","acre":1247.8804489794,"lacre":1247.8804489794,"oldacre":"1226.2098042763"},"endType":"normal"}