{"seed":[14158,53880,5859,56242],"turns":28,"p1":"Professor♅ Gotenks","p2":"GTX♅Bzumzum","p1team":[{"name":"Beedrill","species":"Beedrill","item":"beedrillite","ability":"Swarm","moves":["fellstinger","poisonjab","drillrun","uturn"],"nature":"Jolly","evs":{"hp":0,"atk":252,"def":0,"spa":0,"spd":4,"spe":252},"shiny":true,"ivs":{"hp":31,"atk":31,"def":31,"spa":31,"spd":31,"spe":31}},{"name":"Toxicroak","species":"Toxicroak","item":"lifeorb","ability":"Poison Touch","moves":["drainpunch","poisonjab","fakeout","bulkup"],"nature":"Jolly","evs":{"hp":0,"atk":252,"def":0,"spa":0,"spd":4,"spe":252},"ivs":{"hp":31,"atk":31,"def":31,"spa":31,"spd":31,"spe":31}},{"name":"Gengar","species":"Gengar","item":"widelens","ability":"Levitate","moves":["dreameater","hypnosis","hex","venoshock"],"nature":"Timid","evs":{"hp":0,"atk":0,"def":0,"spa":252,"spd":4,"spe":252},"shiny":true,"ivs":{"hp":31,"atk":31,"def":31,"spa":31,"spd":31,"spe":31}},{"name":"Drapion","species":"Drapion","item":"blacksludge","ability":"Battle Armor","moves":["swordsdance","poisonjab","firefang","knockoff"],"nature":"Impish","evs":{"hp":4,"atk":252,"def":252,"spa":0,"spd":0,"spe":0},"shiny":true,"ivs":{"hp":31,"atk":31,"def":31,"spa":31,"spd":31,"spe":31}},{"name":"Dragalge","species":"Dragalge","item":"blacksludge","ability":"Poison Point","moves":["hiddenpowerfire","scald","toxicspikes","sludgebomb"],"nature":"Calm","evs":{"hp":4,"atk":0,"def":0,"spa":252,"spd":252,"spe":0},"ivs":{"hp":31,"atk":30,"def":31,"spa":30,"spd":31,"spe":30},"shiny":true},{"name":"Amoonguss","species":"Amoonguss","item":"blacksludge","ability":"Regenerator","moves":["hiddenpowerbug","worryseed","gigadrain","clearsmog"],"nature":"","ivs":{"hp":31,"atk":30,"def":30,"spa":31,"spd":30,"spe":31},"shiny":true,"evs":{"hp":0,"atk":0,"def":0,"spa":0,"spd":0,"spe":0}}],"p2team":[{"name":"Red Spook","species":"dusclops","item":"eviolite","ability":"Frisk","moves":["sleeptalk","rest","brickbreak","shadowsneak"],"nature":"Adamant","evs":{"hp":248,"atk":252,"def":0,"spa":0,"spd":8,"spe":0},"gender":"M","shiny":true,"ivs":{"hp":31,"atk":31,"def":31,"spa":31,"spd":31,"spe":31}},{"name":"Frhost","species":"froslass","item":"focussash","ability":"Cursed Body","moves":["destinybond","hex","drainingkiss","attract"],"nature":"Timid","evs":{"hp":0,"atk":0,"def":16,"spa":216,"spd":24,"spe":252},"shiny":true,"ivs":{"hp":31,"atk":31,"def":31,"spa":31,"spd":31,"spe":31}},{"name":"Gassy","species":"gengar","item":"blacksludge","ability":"Levitate","moves":["foulplay","disable","drainpunch","poisonjab"],"nature":"Jolly","evs":{"hp":0,"atk":252,"def":0,"spa":0,"spd":4,"spe":252},"gender":"M","shiny":true,"ivs":{"hp":31,"atk":31,"def":31,"spa":31,"spd":31,"spe":31}},{"name":"OMG!!!","species":"sableye","item":"ejectbutton","ability":"Prankster","moves":["dazzlinggleam","magiccoat","calmmind","trick"],"nature":"Modest","evs":{"hp":248,"atk":0,"def":0,"spa":252,"spd":8,"spe":0},"gender":"M","ivs":{"hp":31,"atk":31,"def":31,"spa":31,"spd":31,"spe":31}},{"name":"Armoured Armer","species":"aegislash","item":"weaknesspolicy","ability":"Stance Change","moves":["kingsshield","sacredsword","shadowsneak","swordsdance"],"nature":"Adamant","evs":{"hp":248,"atk":252,"def":0,"spa":0,"spd":8,"spe":0},"gender":"M","shiny":true,"ivs":{"hp":31,"atk":31,"def":31,"spa":31,"spd":31,"spe":31}},{"name":"Burn Baby!!!","species":"chandelure","item":"airballoon","ability":"Infiltrator","moves":["haze","trickroom","memento","flamethrower"],"nature":"Bold","evs":{"hp":216,"atk":0,"def":252,"spa":8,"spd":32,"spe":0},"gender":"M","ivs":{"hp":31,"atk":31,"def":31,"spa":31,"spd":31,"spe":0},"shiny":true}],"log":["|player|p1|Professor♅ Gotenks|professorgotenks.png","|player|p2|GTX♅Bzumzum|225","|gametype|singles","|gen|6","|tier|Monotype","|rated","|rule|Baton Pass Clause: Limit one Baton Passer, can't pass Spe and other stats simultaneously","|rule|Swagger Clause: Swagger is banned","|rule|Same Type Clause: Pokémon in a team must share a type","|clearpoke","|poke|p1|Beedrill, F, shiny","|poke|p1|Toxicroak, M","|poke|p1|Gengar, F, shiny","|poke|p1|Drapion, M, shiny","|poke|p1|Dragalge, F, shiny","|poke|p1|Amoonguss, M, shiny","|poke|p2|Dusclops, M, shiny","|poke|p2|Froslass, F, shiny","|poke|p2|Gengar, M, shiny","|poke|p2|Sableye, M","|poke|p2|Aegislash, M, shiny","|poke|p2|Chandelure, M, shiny","|rule|Sleep Clause Mod: Limit one foe put to sleep","|rule|Species Clause: Limit one of each Pokémon","|rule|OHKO Clause: OHKO moves are banned","|rule|Moody Clause: Moody is banned","|rule|Evasion Moves Clause: Evasion moves are banned","|rule|Endless Battle Clause: Forcing endless battles is banned","|rule|HP Percentage Mod: HP is shown in percentages","|teampreview","|","|start","|switch|p1a: Dragalge|Dragalge, F, shiny|272/272","|switch|p2a: OMG!!!|Sableye, M|303/303","|turn|1","|","|move|p2a: OMG!!!|Trick|p1a: Dragalge","|-activate|p2a: OMG!!!|move: Trick|[of] p1a: Dragalge","|-item|p1a: Dragalge|Eject Button|[from] move: Trick","|-item|p2a: OMG!!!|Black Sludge|[from] move: Trick","|move|p1a: Dragalge|Scald|p2a: OMG!!!","|-damage|p2a: OMG!!!|188/303","|","|-damage|p2a: OMG!!!|151/303|[from] item: Black Sludge","|turn|2","|","|move|p2a: OMG!!!|Dazzling Gleam|p1a: Dragalge","|-damage|p1a: Dragalge|229/272","|-enditem|p1a: Dragalge|Eject Button","|","|switch|p1a: Beedrill|Beedrill, F, shiny|271/271","|","|-damage|p2a: OMG!!!|114/303|[from] item: Black Sludge","|turn|3","|","|detailschange|p1a: Beedrill|Beedrill-Mega, F, shiny","|-mega|p1a: Beedrill|Beedrill|Beedrillite","|move|p2a: OMG!!!|Magic Coat|p2a: OMG!!!","|-singleturn|p2a: OMG!!!|move: Magic Coat","|move|p1a: Beedrill|Fell Stinger|p2a: OMG!!!","|-damage|p2a: OMG!!!|6/303","|","|-damage|p2a: OMG!!!|0 fnt|[from] item: Black Sludge","|faint|p2a: OMG!!!","|","|switch|p2a: Burn Baby!!!|Chandelure, M, shiny|315/315","|-item|p2a: Burn Baby!!!|Air Balloon","|turn|4","|","|move|p1a: Beedrill|U-turn|p2a: Burn Baby!!!","|-crit|p2a: Burn Baby!!!","|-resisted|p2a: Burn Baby!!!","|-damage|p2a: Burn Baby!!!|266/315","|-enditem|p2a: Burn Baby!!!|Air Balloon","|","|switch|p1a: Dragalge|Dragalge, F, shiny|229/272","|move|p2a: Burn Baby!!!|Trick Room|p2a: Burn Baby!!!","|-fieldstart|move: Trick Room|[of] p2a: Burn Baby!!!","|","|turn|5","|","|switch|p2a: Red Spook|Dusclops, M, shiny|283/283","|move|p1a: Dragalge|Toxic Spikes|p2a: Red Spook","|-sidestart|p2: GTX♅Bzumzum|move: Toxic Spikes","|","|turn|6","|","|move|p2a: Red Spook|Shadow Sneak|p1a: Dragalge","|-damage|p1a: Dragalge|171/272","|move|p1a: Dragalge|Toxic Spikes|p2a: Red Spook","|-sidestart|p2: GTX♅Bzumzum|move: Toxic Spikes","|","|turn|7","|","|move|p2a: Red Spook|Shadow Sneak|p1a: Dragalge","|-damage|p1a: Dragalge|111/272","|move|p1a: Dragalge|Sludge Bomb|p2a: Red Spook","|-resisted|p2a: Red Spook","|-damage|p2a: Red Spook|248/283","|","|turn|8","|","|switch|p1a: Drapion|Drapion, M, shiny|282/282","|move|p2a: Red Spook|Brick Break|p1a: Drapion","|-damage|p1a: Drapion|239/282","|","|-heal|p1a: Drapion|256/282|[from] item: Black Sludge","|-fieldend|move: Trick Room","|turn|9","|","|move|p1a: Drapion|Swords Dance|p1a: Drapion","|-boost|p1a: Drapion|atk|2","|move|p2a: Red Spook|Brick Break|p1a: Drapion","|-damage|p1a: Drapion|209/282","|","|-heal|p1a: Drapion|226/282|[from] item: Black Sludge","|turn|10","|","|move|p1a: Drapion|Knock Off|p2a: Red Spook","|-crit|p2a: Red Spook","|-supereffective|p2a: Red Spook","|-damage|p2a: Red Spook|0 fnt","|-enditem|p2a: Red Spook|Eviolite|[from] move: Knock Off|[of] p1a: Drapion","|faint|p2a: Red Spook","|","|-heal|p1a: Drapion|243/282|[from] item: Black Sludge","|","|switch|p2a: Gassy|Gengar, M, shiny|261/261","|turn|11","|","|move|p2a: Gassy|Disable|p1a: Drapion","|-start|p1a: Drapion|Disable|Knock Off","|cant|p1a: Drapion|Disable|Knock Off","|","|-heal|p1a: Drapion|260/282|[from] item: Black Sludge","|turn|12","|","|move|p2a: Gassy|Drain Punch|p1a: Drapion","|-damage|p1a: Drapion|217/282","|move|p1a: Drapion|Swords Dance|p1a: Drapion","|-boost|p1a: Drapion|atk|2","|","|-heal|p1a: Drapion|234/282|[from] item: Black Sludge","|turn|13","|","|move|p2a: Gassy|Foul Play|p1a: Drapion","|-resisted|p1a: Drapion","|-damage|p1a: Drapion|138/282","|move|p1a: Drapion|Swords Dance|p1a: Drapion","|-boost|p1a: Drapion|atk|2","|","|-heal|p1a: Drapion|155/282|[from] item: Black Sludge","|turn|14","|","|move|p2a: Gassy|Foul Play|p1a: Drapion","|-resisted|p1a: Drapion","|-damage|p1a: Drapion|31/282","|move|p1a: Drapion|Poison Jab|p2a: Gassy","|-resisted|p2a: Gassy","|-damage|p2a: Gassy|93/261","|","|-heal|p2a: Gassy|109/261|[from] item: Black Sludge","|-heal|p1a: Drapion|48/282|[from] item: Black Sludge","|-end|p1a: Drapion|Disable","|turn|15","|","|switch|p1a: Amoonguss|Amoonguss, M, shiny|369/369","|move|p2a: Gassy|Drain Punch|p1a: Amoonguss","|-resisted|p1a: Amoonguss","|-damage|p1a: Amoonguss|333/369","|-heal|p2a: Gassy|127/261|[from] drain|[of] p1a: Amoonguss","|","|-heal|p2a: Gassy|143/261|[from] item: Black Sludge","|-heal|p1a: Amoonguss|356/369|[from] item: Black Sludge","|turn|16","|","|switch|p2a: Burn Baby!!!|Chandelure, M, shiny|266/315","|-status|p2a: Burn Baby!!!|tox","|switch|p1a: Toxicroak|Toxicroak, M|307/307","|","|-damage|p2a: Burn Baby!!!|247/315 tox|[from] psn","|turn|17","|","|move|p1a: Toxicroak|Poison Jab|p2a: Burn Baby!!!","|-resisted|p2a: Burn Baby!!!","|-damage|p2a: Burn Baby!!!|186/315 tox","|-damage|p1a: Toxicroak|277/307|[from] item: Life Orb","|move|p2a: Burn Baby!!!|Flamethrower|p1a: Toxicroak","|-damage|p1a: Toxicroak|61/307","|","|-damage|p2a: Burn Baby!!!|148/315 tox|[from] psn","|turn|18","|","|move|p1a: Toxicroak|Poison Jab|p2a: Burn Baby!!!","|-resisted|p2a: Burn Baby!!!","|-damage|p2a: Burn Baby!!!|91/315 tox","|-damage|p1a: Toxicroak|31/307|[from] item: Life Orb","|move|p2a: Burn Baby!!!|Flamethrower|p1a: Toxicroak","|-damage|p1a: Toxicroak|0 fnt","|faint|p1a: Toxicroak","|","|-damage|p2a: Burn Baby!!!|34/315 tox|[from] psn","|","|switch|p1a: Beedrill|Beedrill-Mega, F, shiny|271/271","|turn|19","|","|move|p1a: Beedrill|Fell Stinger|p2a: Burn Baby!!!","|-resisted|p2a: Burn Baby!!!","|-damage|p2a: Burn Baby!!!|18/315 tox","|move|p2a: Burn Baby!!!|Memento|p1a: Beedrill","|-unboost|p1a: Beedrill|atk|2","|-unboost|p1a: Beedrill|spa|2","|faint|p2a: Burn Baby!!!","|","|","|switch|p2a: Armoured Armer|Aegislash, M, shiny|323/323","|turn|20","|","|switch|p1a: Dragalge|Dragalge, F, shiny|111/272","|move|p2a: Armoured Armer|Swords Dance|p2a: Armoured Armer","|-boost|p2a: Armoured Armer|atk|2","|","|turn|21","|","|move|p2a: Armoured Armer|Swords Dance|p2a: Armoured Armer","|-boost|p2a: Armoured Armer|atk|2","|move|p1a: Dragalge|Scald|p2a: Armoured Armer","|-damage|p2a: Armoured Armer|270/323","|-status|p2a: Armoured Armer|brn","|","|-damage|p2a: Armoured Armer|230/323 brn|[from] brn","|turn|22","|","|-formechange|p2a: Armoured Armer|Aegislash-Blade","|move|p2a: Armoured Armer|Sacred Sword|p1a: Dragalge","|-resisted|p1a: Dragalge","|-damage|p1a: Dragalge|12/272","|move|p1a: Dragalge|Scald|p2a: Armoured Armer","|-damage|p2a: Armoured Armer|97/323 brn","|","|-damage|p2a: Armoured Armer|57/323 brn|[from] brn","|turn|23","|","|move|p2a: Armoured Armer|Shadow Sneak|p1a: Dragalge","|-damage|p1a: Dragalge|0 fnt","|faint|p1a: Dragalge","|","|-damage|p2a: Armoured Armer|17/323 brn|[from] brn","|","|switch|p1a: Drapion|Drapion, M, shiny|48/282","|turn|24","|","|move|p1a: Drapion|Fire Fang|p2a: Armoured Armer","|-supereffective|p2a: Armoured Armer","|-damage|p2a: Armoured Armer|0 fnt","|faint|p2a: Armoured Armer","|","|-heal|p1a: Drapion|65/282|[from] item: Black Sludge","|","|switch|p2a: Frhost|Froslass, F, shiny|281/281","|-status|p2a: Frhost|tox","|turn|25","|","|move|p2a: Frhost|Draining Kiss|p1a: Drapion","|-damage|p1a: Drapion|12/282","|move|p1a: Drapion|Knock Off|p2a: Frhost","|-supereffective|p2a: Frhost","|-enditem|p2a: Frhost|Focus Sash","|-damage|p2a: Frhost|1/281 tox","|","|-heal|p1a: Drapion|29/282|[from] item: Black Sludge","|-damage|p2a: Frhost|0 fnt|[from] psn","|faint|p2a: Frhost","|","|switch|p2a: Gassy|Gengar, M, shiny|143/261","|turn|26","|","|move|p2a: Gassy|Drain Punch|p1a: Drapion","|-damage|p1a: Drapion|0 fnt","|-heal|p2a: Gassy|158/261|[from] drain|[of] p1a: Drapion","|faint|p1a: Drapion","|","|-heal|p2a: Gassy|174/261|[from] item: Black Sludge","|","|switch|p1a: Gengar|Gengar, F, shiny|261/261","|turn|27","|","|move|p1a: Gengar|Hypnosis|p2a: Gassy","|-status|p2a: Gassy|slp","|cant|p2a: Gassy|slp","|","|-heal|p2a: Gassy|190/261 slp|[from] item: Black Sludge","|turn|28","|","|move|p1a: Gengar|Hex|p2a: Gassy","|-supereffective|p2a: Gassy","|-damage|p2a: Gassy|0 fnt","|faint|p2a: Gassy","|","|win|Professor♅ Gotenks"],"p1rating":{"entryid":"6600838","serverid":"eos","formatid":"monotype","userid":"professorgotenks","username":"Professor♅ Gotenks","w":21,"l":"29","t":"0","gxe":43,"r":"1441.63054638","rd":"51.334131550438","sigma":"0","rptime":"1438160400","rpr":1446.191594531,"rprd":49.953001120953,"rpsigma":"0","acre":1122.1248894086,"lacre":1122.1248894086,"oldacre":"1099.7967374408"},"p2rating":{"entryid":"6857825","serverid":"eos","formatid":"monotype","userid":"gtxbzumzum","username":"GTX♅Bzumzum","w":"14","l":62,"t":"0","gxe":21.3,"r":"1249.0890443318","rd":"45.899885728111","sigma":"0","rptime":"1438160400","rpr":1252.7661984995,"rprd":44.175444322714,"rpsigma":"0","acre":1044.9050980519,"lacre":1044.9050980519,"oldacre":"1062.1401934355"},"endType":"normal"}