{"seed":[34579,30563,55084,56565],"turns":17,"p1":"D4nk L0rd Panda","p2":"D4nk L0rd Jyph","p1team":[{"name":"Virizion","moves":["gigadrain","closecombat","stoneedge","substitute"],"ability":"Justified","evs":{"hp":85,"atk":85,"def":85,"spa":85,"spd":85,"spe":85},"ivs":{"hp":31,"atk":31,"def":31,"spa":31,"spd":31,"spe":31},"item":"Leftovers","level":79,"shiny":false},{"name":"Emboar","moves":["wildcharge","suckerpunch","grassknot","fireblast"],"ability":"Reckless","evs":{"hp":85,"atk":85,"def":85,"spa":85,"spd":85,"spe":85},"ivs":{"hp":31,"atk":31,"def":31,"spa":31,"spd":31,"spe":31},"item":"Life Orb","level":79,"shiny":false},{"name":"Gallade","moves":["knockoff","swordsdance","closecombat","zenheadbutt"],"ability":"Justified","evs":{"hp":85,"atk":85,"def":85,"spa":85,"spd":85,"spe":85},"ivs":{"hp":31,"atk":31,"def":31,"spa":31,"spd":31,"spe":31},"item":"Galladite","level":76,"shiny":false},{"name":"Conkeldurr","moves":["machpunch","knockoff","icepunch","bulkup"],"ability":"Sheer Force","evs":{"hp":85,"atk":85,"def":85,"spa":85,"spd":85,"spe":85},"ivs":{"hp":31,"atk":31,"def":31,"spa":31,"spd":31,"spe":31},"item":"Life Orb","level":75,"shiny":false},{"name":"Sawk","moves":["bulkup","knockoff","poisonjab","closecombat"],"ability":"Sturdy","evs":{"hp":85,"atk":85,"def":85,"spa":85,"spd":85,"spe":85},"ivs":{"hp":31,"atk":31,"def":31,"spa":31,"spd":31,"spe":31},"item":"Leftovers","level":81,"shiny":false},{"name":"Hitmontop","moves":["suckerpunch","closecombat","rapidspin","toxic"],"ability":"Intimidate","evs":{"hp":85,"atk":85,"def":85,"spa":85,"spd":85,"spe":85},"ivs":{"hp":31,"atk":31,"def":31,"spa":31,"spd":31,"spe":31},"item":"Life Orb","level":79,"shiny":false}],"p2team":[{"name":"Golem","moves":["toxic","stealthrock","earthquake","explosion"],"ability":"Sturdy","evs":{"hp":85,"atk":85,"def":85,"spa":85,"spd":85,"spe":85},"ivs":{"hp":31,"atk":31,"def":31,"spa":31,"spd":31,"spe":31},"item":"Custap Berry","level":83,"shiny":false},{"name":"Tyranitar","moves":["icepunch","stoneedge","earthquake","dragondance"],"ability":"Sand Stream","evs":{"hp":85,"atk":85,"def":85,"spa":85,"spd":85,"spe":85},"ivs":{"hp":31,"atk":31,"def":31,"spa":31,"spd":31,"spe":31},"item":"Tyranitarite","level":90,"shiny":false},{"name":"Crustle","moves":["shellsmash","rockblast","earthquake","xscissor"],"ability":"Sturdy","evs":{"hp":85,"atk":85,"def":85,"spa":85,"spd":85,"spe":85},"ivs":{"hp":31,"atk":31,"def":31,"spa":31,"spd":31,"spe":31},"item":"White Herb","level":81,"shiny":false},{"name":"Relicanth","moves":["headsmash","stealthrock","waterfall","doubleedge"],"ability":"Rock Head","evs":{"hp":85,"atk":85,"def":85,"spa":85,"spd":85,"spe":85},"ivs":{"hp":31,"atk":31,"def":31,"spa":31,"spd":31,"spe":31},"item":"Leftovers","level":83,"shiny":false},{"name":"Aggron","moves":["autotomize","heavyslam","earthquake","headsmash"],"ability":"Rock Head","evs":{"hp":85,"atk":85,"def":85,"spa":85,"spd":85,"spe":85},"ivs":{"hp":31,"atk":31,"def":31,"spa":31,"spd":31,"spe":31},"item":"Air Balloon","level":79,"shiny":false},{"name":"Shuckle","moves":["encore","infestation","stickyweb","toxic"],"ability":"Sturdy","evs":{"hp":85,"atk":85,"def":85,"spa":85,"spd":85,"spe":85},"ivs":{"hp":31,"atk":31,"def":31,"spa":31,"spd":31,"spe":31},"item":"Leftovers","level":78,"shiny":false}],"log":["|player|p1|D4nk L0rd Panda|swlpanda.png","|player|p2|D4nk L0rd Jyph|swljyph.png","|gametype|singles","|gen|6","|tier|Monotype Random Battle","|rated","|rule|Same Type Clause: Pokémon in a team must share a type","|rule|Sleep Clause Mod: Limit one foe put to sleep","|rule|HP Percentage Mod: HP is shown in percentages","|","|start","|switch|p1a: Virizion|Virizion, L79|273/273","|switch|p2a: Golem|Golem, L83, F|268/268","|turn|1","|","|move|p1a: Virizion|Substitute|p1a: Virizion","|-start|p1a: Virizion|Substitute","|-damage|p1a: Virizion|205/273","|move|p2a: Golem|Explosion|p1a: Virizion","|-end|p1a: Virizion|Substitute","|faint|p2a: Golem","|","|-heal|p1a: Virizion|222/273|[from] item: Leftovers","|","|switch|p2a: Crustle|Crustle, L81, F|246/246","|turn|2","|","|move|p1a: Virizion|Stone Edge|p2a: Crustle|[miss]","|-miss|p1a: Virizion|p2a: Crustle","|move|p2a: Crustle|Shell Smash|p2a: Crustle","|-unboost|p2a: Crustle|def|1","|-unboost|p2a: Crustle|spd|1","|-boost|p2a: Crustle|atk|2","|-boost|p2a: Crustle|spa|2","|-boost|p2a: Crustle|spe|2","|-enditem|p2a: Crustle|White Herb","|-restoreboost|p2a: Crustle|[silent]","|","|-heal|p1a: Virizion|239/273|[from] item: Leftovers","|turn|3","|","|move|p2a: Crustle|X-Scissor|p1a: Virizion","|-damage|p1a: Virizion|46/273","|move|p1a: Virizion|Stone Edge|p2a: Crustle|[miss]","|-miss|p1a: Virizion|p2a: Crustle","|","|-heal|p1a: Virizion|63/273|[from] item: Leftovers","|turn|4","|","|move|p2a: Crustle|X-Scissor|p1a: Virizion","|-crit|p1a: Virizion","|-damage|p1a: Virizion|0 fnt","|faint|p1a: Virizion","|","|","|switch|p1a: Conkeldurr|Conkeldurr, L75, F|281/281","|turn|5","|","|move|p2a: Crustle|Earthquake|p1a: Conkeldurr","|-damage|p1a: Conkeldurr|147/281","|move|p1a: Conkeldurr|Bulk Up|p1a: Conkeldurr","|-boost|p1a: Conkeldurr|atk|1","|-boost|p1a: Conkeldurr|def|1","|","|turn|6","|","|move|p1a: Conkeldurr|Mach Punch|p2a: Crustle","|-damage|p2a: Crustle|171/246","|-damage|p1a: Conkeldurr|119/281|[from] item: Life Orb","|move|p2a: Crustle|Shell Smash|p2a: Crustle","|-unboost|p2a: Crustle|def|1","|-unboost|p2a: Crustle|spd|1","|-boost|p2a: Crustle|atk|2","|-boost|p2a: Crustle|spa|2","|-boost|p2a: Crustle|spe|2","|","|turn|7","|","|move|p1a: Conkeldurr|Mach Punch|p2a: Crustle","|-damage|p2a: Crustle|61/246","|-damage|p1a: Conkeldurr|91/281|[from] item: Life Orb","|move|p2a: Crustle|Earthquake|p1a: Conkeldurr","|-damage|p1a: Conkeldurr|0 fnt","|faint|p1a: Conkeldurr","|","|","|switch|p1a: Hitmontop|Hitmontop, L79, M|209/209","|-ability|p1a: Hitmontop|Intimidate","|-unboost|p2a: Crustle|atk|1","|turn|8","|","|move|p1a: Hitmontop|Sucker Punch|p2a: Crustle","|-damage|p2a: Crustle|0 fnt","|-damage|p1a: Hitmontop|189/209|[from] item: Life Orb","|faint|p2a: Crustle","|","|","|switch|p2a: Aggron|Aggron, L79, F|240/240","|-item|p2a: Aggron|Air Balloon","|turn|9","|","|move|p1a: Hitmontop|Close Combat|p2a: Aggron","|-supereffective|p2a: Aggron","|-damage|p2a: Aggron|0 fnt","|-enditem|p2a: Aggron|Air Balloon","|-unboost|p1a: Hitmontop|def|1","|-unboost|p1a: Hitmontop|spd|1","|-damage|p1a: Hitmontop|169/209|[from] item: Life Orb","|faint|p2a: Aggron","|","|","|switch|p2a: Shuckle|Shuckle, L78, M|159/159","|turn|10","|","|move|p1a: Hitmontop|Toxic|p2a: Shuckle","|-status|p2a: Shuckle|tox","|move|p2a: Shuckle|Sticky Web|p1a: Hitmontop","|-sidestart|p1: D4nk L0rd Panda|move: Sticky Web","|","|-damage|p2a: Shuckle|150/159 tox|[from] psn","|turn|11","|","|move|p1a: Hitmontop|Rapid Spin|p2a: Shuckle","|-resisted|p2a: Shuckle","|-damage|p2a: Shuckle|146/159 tox","|-sideend|p1: D4nk L0rd Panda|Sticky Web|[from] move: Rapid Spin|[of] p1a: Hitmontop","|-damage|p1a: Hitmontop|149/209|[from] item: Life Orb","|move|p2a: Shuckle|Infestation|p1a: Hitmontop","|-resisted|p1a: Hitmontop","|-damage|p1a: Hitmontop|145/209","|-activate|p1a: Hitmontop|move: Infestation|[of] p2a: Shuckle","|","|-heal|p2a: Shuckle|155/159 tox|[from] item: Leftovers","|-damage|p2a: Shuckle|137/159 tox|[from] psn","|-damage|p1a: Hitmontop|119/209|[from] move: Infestation|[partiallytrapped]","|turn|12","|","|move|p1a: Hitmontop|Close Combat|p2a: Shuckle","|-damage|p2a: Shuckle|69/159 tox","|-unboost|p1a: Hitmontop|def|1","|-unboost|p1a: Hitmontop|spd|1","|-damage|p1a: Hitmontop|99/209|[from] item: Life Orb","|move|p2a: Shuckle|Toxic|p1a: Hitmontop|[miss]","|-miss|p2a: Shuckle|p1a: Hitmontop","|","|-heal|p2a: Shuckle|78/159 tox|[from] item: Leftovers","|-damage|p2a: Shuckle|51/159 tox|[from] psn","|-damage|p1a: Hitmontop|73/209|[from] move: Infestation|[partiallytrapped]","|turn|13","|","|move|p1a: Hitmontop|Close Combat|p2a: Shuckle","|-damage|p2a: Shuckle|0 fnt","|-unboost|p1a: Hitmontop|def|1","|-unboost|p1a: Hitmontop|spd|1","|-damage|p1a: Hitmontop|53/209|[from] item: Life Orb","|faint|p2a: Shuckle","|","|","|switch|p2a: Tyranitar|Tyranitar, L90, F|326/326","|-weather|Sandstorm","|turn|14","|","|detailschange|p2a: Tyranitar|Tyranitar-Mega, L90, F","|-mega|p2a: Tyranitar|Tyranitar|Tyranitarite","|move|p2a: Tyranitar|Earthquake|p1a: Hitmontop","|-damage|p1a: Hitmontop|0 fnt","|faint|p1a: Hitmontop","|","|-weather|Sandstorm|[upkeep]","|","|switch|p1a: Sawk|Sawk, L81, M|254/254","|turn|15","|","|move|p1a: Sawk|Close Combat|p2a: Tyranitar","|-crit|p2a: Tyranitar","|-supereffective|p2a: Tyranitar","|-damage|p2a: Tyranitar|0 fnt","|-unboost|p1a: Sawk|def|1","|-unboost|p1a: Sawk|spd|1","|faint|p2a: Tyranitar","|","|-weather|Sandstorm|[upkeep]","|-damage|p1a: Sawk|239/254|[from] sandstorm","|-heal|p1a: Sawk|254/254|[from] item: Leftovers","|","|switch|p2a: Relicanth|Relicanth, L83, F|302/302","|turn|16","|","|move|p1a: Sawk|Close Combat|p2a: Relicanth","|-supereffective|p2a: Relicanth","|-damage|p2a: Relicanth|78/302","|-unboost|p1a: Sawk|def|1","|-unboost|p1a: Sawk|spd|1","|move|p2a: Relicanth|Head Smash|p1a: Sawk","|-resisted|p1a: Sawk","|-damage|p1a: Sawk|72/254","|","|-weather|Sandstorm|[upkeep]","|-damage|p1a: Sawk|57/254|[from] sandstorm","|-heal|p1a: Sawk|72/254|[from] item: Leftovers","|-heal|p2a: Relicanth|96/302|[from] item: Leftovers","|turn|17","|","|move|p1a: Sawk|Close Combat|p2a: Relicanth","|-supereffective|p2a: Relicanth","|-damage|p2a: Relicanth|0 fnt","|-unboost|p1a: Sawk|def|1","|-unboost|p1a: Sawk|spd|1","|faint|p2a: Relicanth","|","|win|D4nk L0rd Panda"],"p1rating":{"entryid":777502,"formatid":"monotyperandombattle","userid":"d4nkl0rdpanda","username":"D4nk L0rd Panda","r":1500,"rd":130,"sigma":0,"rpr":1540.1606143388,"rprd":122.8583080769,"rpsigma":0,"rptime":1441184400,"w":1,"l":0,"t":0,"gxe":55,"acre":1040,"lacre":1040,"oldacre":1000},"p2rating":{"entryid":777503,"formatid":"monotyperandombattle","userid":"d4nkl0rdjyph","username":"D4nk L0rd Jyph","r":1500,"rd":130,"sigma":0,"rpr":1459.8393856612,"rprd":122.8583080769,"rpsigma":0,"rptime":1441184400,"w":0,"l":1,"t":0,"gxe":45,"acre":1000,"lacre":1000,"oldacre":1000},"endType":"normal"}