{"seed":[23337,64289,26603,54032],"turns":25,"p1":"Intern olBezerkolo","p2":"SL~Kingdra - ⓢⓔⓧⓨ","p1team":[{"name":"Sableye","species":"Sableye","item":"sablenite","ability":"Prankster","moves":["willowisp","snarl","calmmind","recover"],"nature":"Quiet","evs":{"hp":252,"atk":0,"def":0,"spa":252,"spd":0,"spe":0},"ivs":{"hp":31,"atk":31,"def":31,"spa":31,"spd":31,"spe":31}},{"name":"Bisharp","species":"Bisharp","item":"lifeorb","ability":"Defiant","moves":["swordsdance","ironhead","nightslash","suckerpunch"],"nature":"Jolly","evs":{"hp":0,"atk":252,"def":0,"spa":0,"spd":4,"spe":252},"ivs":{"hp":31,"atk":31,"def":31,"spa":31,"spd":31,"spe":31}},{"name":"Zoroark","species":"Zoroark","item":"focussash","ability":"Illusion","moves":["nastyplot","flamethrower","darkpulse","extrasensory"],"nature":"Timid","evs":{"hp":0,"atk":0,"def":0,"spa":252,"spd":4,"spe":252},"ivs":{"hp":31,"atk":31,"def":31,"spa":31,"spd":31,"spe":31}},{"name":"Cacturne","species":"Cacturne","item":"leftovers","ability":"Sand Veil","moves":["swordsdance","seedbomb","suckerpunch","poisonjab"],"nature":"Adamant","evs":{"hp":252,"atk":252,"def":0,"spa":0,"spd":4,"spe":0},"ivs":{"hp":31,"atk":31,"def":31,"spa":31,"spd":31,"spe":31}},{"name":"Honchkrow","species":"Honchkrow","item":"choicescarf","ability":"Moxie","moves":["bravebird","nightslash","heatwave","drillpeck"],"nature":"Hasty","evs":{"hp":0,"atk":224,"def":0,"spa":32,"spd":0,"spe":252},"ivs":{"hp":31,"atk":31,"def":31,"spa":31,"spd":31,"spe":31}},{"name":"Tyranitar","species":"Tyranitar","item":"smoothrock","ability":"Sand Stream","moves":["stoneedge","crunch","earthquake","stealthrock"],"nature":"Naughty","evs":{"hp":248,"atk":228,"def":0,"spa":32,"spd":0,"spe":0},"ivs":{"hp":31,"atk":31,"def":31,"spa":31,"spd":31,"spe":31}}],"p2team":[{"name":"Chesnaught","species":"Chesnaught","item":"leftovers","ability":"Bulletproof","moves":["spikes","leechseed","spikyshield","drainpunch"],"nature":"Impish","evs":{"hp":252,"atk":0,"def":252,"spa":0,"spd":4,"spe":0},"ivs":{"hp":31,"atk":31,"def":31,"spa":31,"spd":31,"spe":31}},{"name":"Infernape","species":"Infernape","item":"focussash","ability":"Iron Fist","moves":["stealthrock","closecombat","firepunch","machpunch"],"nature":"Jolly","evs":{"hp":4,"atk":252,"def":0,"spa":0,"spd":0,"spe":252},"ivs":{"hp":31,"atk":31,"def":31,"spa":31,"spd":31,"spe":31}},{"name":"Medicham","species":"Medicham","item":"medichamite","ability":"Pure Power","moves":["fakeout","bulletpunch","zenheadbutt","highjumpkick"],"nature":"Jolly","evs":{"hp":4,"atk":252,"def":0,"spa":0,"spd":0,"spe":252},"ivs":{"hp":31,"atk":31,"def":31,"spa":31,"spd":31,"spe":31}},{"name":"Terrakion","species":"Terrakion","item":"choicescarf","ability":"Justified","moves":["ironhead","stoneedge","closecombat","earthquake"],"nature":"Adamant","evs":{"hp":4,"atk":252,"def":0,"spa":0,"spd":0,"spe":252},"ivs":{"hp":31,"atk":31,"def":31,"spa":31,"spd":31,"spe":31}},{"name":"Keldeo-Resolute","species":"Keldeo-Resolute","item":"choicespecs","ability":"Justified","moves":["secretsword","scald","icywind","hydropump"],"nature":"Timid","evs":{"hp":4,"atk":0,"def":0,"spa":252,"spd":0,"spe":252},"ivs":{"hp":31,"atk":31,"def":31,"spa":31,"spd":31,"spe":31}},{"name":"Hawlucha","species":"Hawlucha","item":"powerherb","ability":"Unburden","moves":["acrobatics","skyattack","drainpunch","swordsdance"],"nature":"Adamant","evs":{"hp":0,"atk":252,"def":0,"spa":0,"spd":0,"spe":252},"ivs":{"hp":31,"atk":31,"def":31,"spa":31,"spd":31,"spe":31}}],"log":["|player|p1|Intern olBezerkolo|136","|player|p2|SL~Kingdra - ⓢⓔⓧⓨ|99","|gametype|singles","|gen|6","|tier|Monotype","|rated","|rule|Baton Pass Clause: Limit one Baton Passer, can't pass Spe and other stats simultaneously","|rule|Swagger Clause: Swagger is banned","|rule|Same Type Clause: Pokémon in a team must share a type","|clearpoke","|poke|p1|Sableye, F","|poke|p1|Bisharp, F","|poke|p1|Zoroark, M","|poke|p1|Cacturne, F","|poke|p1|Honchkrow, F","|poke|p1|Tyranitar, F","|poke|p2|Chesnaught, F","|poke|p2|Infernape, M","|poke|p2|Medicham, F","|poke|p2|Terrakion","|poke|p2|Keldeo-Resolute","|poke|p2|Hawlucha, F","|rule|Sleep Clause Mod: Limit one foe put to sleep","|rule|Species Clause: Limit one of each Pokémon","|rule|OHKO Clause: OHKO moves are banned","|rule|Moody Clause: Moody is banned","|rule|Evasion Moves Clause: Evasion moves are banned","|rule|Endless Battle Clause: Forcing endless battles is banned","|rule|HP Percentage Mod: HP is shown in percentages","|teampreview","|","|start","|switch|p1a: Sableye|Sableye, F|261/261","|switch|p2a: Infernape|Infernape, M|294/294","|turn|1","|","|move|p2a: Infernape|Stealth Rock|p1a: Sableye","|-sidestart|p1: Intern olBezerkolo|move: Stealth Rock","|move|p1a: Sableye|Extrasensory|p2a: Infernape","|-supereffective|p2a: Infernape","|-damage|p2a: Infernape|52/294","|","|turn|2","|","|move|p2a: Infernape|Fire Punch|p1a: Sableye","|replace|p1a: Zoroark|Zoroark, M|261/261","|-damage|p1a: Zoroark|39/261","|move|p1a: Zoroark|Extrasensory|p2a: Infernape","|-supereffective|p2a: Infernape","|-damage|p2a: Infernape|0 fnt","|faint|p2a: Infernape","|","|","|switch|p2a: Medicham|Medicham, F|262/262","|turn|3","|","|switch|p2a: Hawlucha|Hawlucha, F|297/297","|move|p1a: Zoroark|Dark Pulse|p2a: Hawlucha","|-resisted|p2a: Hawlucha","|-damage|p2a: Hawlucha|206/297","|","|turn|4","|","|move|p1a: Zoroark|Extrasensory|p2a: Hawlucha","|-supereffective|p2a: Hawlucha","|-damage|p2a: Hawlucha|0 fnt","|faint|p2a: Hawlucha","|","|","|switch|p2a: Terrakion|Terrakion|324/324","|turn|5","|","|move|p2a: Terrakion|Earthquake|p1a: Zoroark","|-damage|p1a: Zoroark|0 fnt","|faint|p1a: Zoroark","|","|","|switch|p1a: Cacturne|Cacturne, F|344/344","|-damage|p1a: Cacturne|301/344|[from] Stealth Rock","|turn|6","|","|move|p2a: Terrakion|Earthquake|p1a: Cacturne","|-resisted|p1a: Cacturne","|-damage|p1a: Cacturne|199/344","|move|p1a: Cacturne|Seed Bomb|p2a: Terrakion","|-supereffective|p2a: Terrakion","|-damage|p2a: Terrakion|0 fnt","|faint|p2a: Terrakion","|","|-heal|p1a: Cacturne|220/344|[from] item: Leftovers","|","|switch|p2a: Chesnaught|Chesnaught, F|380/380","|turn|7","|","|move|p2a: Chesnaught|Drain Punch|p1a: Cacturne","|-supereffective|p1a: Cacturne","|-damage|p1a: Cacturne|0 fnt","|faint|p1a: Cacturne","|","|","|switch|p1a: Sableye|Sableye, F|304/304","|-damage|p1a: Sableye|266/304|[from] Stealth Rock","|turn|8","|","|move|p2a: Chesnaught|Spiky Shield|p2a: Chesnaught","|-singleturn|p2a: Chesnaught|move: Protect","|move|p1a: Sableye|Will-O-Wisp|p2a: Chesnaught","|-activate|p2a: Chesnaught|Protect","|","|turn|9","|","|detailschange|p1a: Sableye|Sableye-Mega, F","|-mega|p1a: Sableye|Sableye|Sablenite","|move|p1a: Sableye|Calm Mind|p1a: Sableye","|-boost|p1a: Sableye|spa|1","|-boost|p1a: Sableye|spd|1","|move|p2a: Chesnaught|Leech Seed|p1a: Sableye","|move|p1a: Sableye|Leech Seed|p2a: Chesnaught|[from]Magic Bounce","|-immune|p2a: Chesnaught|[msg]","|","|turn|10","|","|switch|p2a: Keldeo-Resolute|Keldeo-Resolute|324/324","|move|p1a: Sableye|Calm Mind|p1a: Sableye","|-boost|p1a: Sableye|spa|1","|-boost|p1a: Sableye|spd|1","|","|turn|11","|","|move|p2a: Keldeo-Resolute|Hydro Pump|p1a: Sableye","|-damage|p1a: Sableye|137/304","|move|p1a: Sableye|Will-O-Wisp|p2a: Keldeo-Resolute","|-status|p2a: Keldeo-Resolute|brn","|","|-damage|p2a: Keldeo-Resolute|284/324 brn|[from] brn","|turn|12","|","|move|p2a: Keldeo-Resolute|Hydro Pump|p1a: Sableye","|-damage|p1a: Sableye|1/304","|move|p1a: Sableye|Recover|p1a: Sableye","|-heal|p1a: Sableye|153/304","|","|-damage|p2a: Keldeo-Resolute|244/324 brn|[from] brn","|turn|13","|","|move|p2a: Keldeo-Resolute|Hydro Pump|p1a: Sableye|[miss]","|-miss|p2a: Keldeo-Resolute|p1a: Sableye","|move|p1a: Sableye|Recover|p1a: Sableye","|-heal|p1a: Sableye|304/304","|","|-damage|p2a: Keldeo-Resolute|204/324 brn|[from] brn","|turn|14","|","|move|p2a: Keldeo-Resolute|Hydro Pump|p1a: Sableye|[miss]","|-miss|p2a: Keldeo-Resolute|p1a: Sableye","|move|p1a: Sableye|Calm Mind|p1a: Sableye","|-boost|p1a: Sableye|spa|1","|-boost|p1a: Sableye|spd|1","|","|-damage|p2a: Keldeo-Resolute|164/324 brn|[from] brn","|turn|15","|","|move|p2a: Keldeo-Resolute|Hydro Pump|p1a: Sableye","|-damage|p1a: Sableye|205/304","|move|p1a: Sableye|Calm Mind|p1a: Sableye","|-boost|p1a: Sableye|spa|1","|-boost|p1a: Sableye|spd|1","|","|-damage|p2a: Keldeo-Resolute|124/324 brn|[from] brn","|turn|16","|","|move|p2a: Keldeo-Resolute|Hydro Pump|p1a: Sableye","|-damage|p1a: Sableye|118/304","|move|p1a: Sableye|Calm Mind|p1a: Sableye","|-boost|p1a: Sableye|spa|1","|-boost|p1a: Sableye|spd|1","|","|-damage|p2a: Keldeo-Resolute|84/324 brn|[from] brn","|turn|17","|","|move|p2a: Keldeo-Resolute|Hydro Pump|p1a: Sableye|[miss]","|-miss|p2a: Keldeo-Resolute|p1a: Sableye","|move|p1a: Sableye|Calm Mind|p1a: Sableye","|-boost|p1a: Sableye|spa|1","|-boost|p1a: Sableye|spd|1","|","|-damage|p2a: Keldeo-Resolute|44/324 brn|[from] brn","|turn|18","|","|move|p2a: Keldeo-Resolute|Hydro Pump|p1a: Sableye","|-damage|p1a: Sableye|54/304","|move|p1a: Sableye|Recover|p1a: Sableye","|-heal|p1a: Sableye|206/304","|","|-damage|p2a: Keldeo-Resolute|4/324 brn|[from] brn","|turn|19","|","|-activate|p2a: Keldeo-Resolute|move: Struggle","|move|p2a: Keldeo-Resolute|Struggle|p1a: Sableye","|-damage|p1a: Sableye|196/304","|-damage|p2a: Keldeo-Resolute|0 fnt|[from] recoil","|faint|p2a: Keldeo-Resolute","|move|p1a: Sableye|Recover|p1a: Sableye","|-heal|p1a: Sableye|304/304","|","|","|switch|p2a: Medicham|Medicham, F|262/262","|turn|20","|","|detailschange|p2a: Medicham|Medicham-Mega, F","|-mega|p2a: Medicham|Medicham|Medichamite","|move|p2a: Medicham|Bullet Punch|p1a: Sableye","|-damage|p1a: Sableye|240/304","|move|p1a: Sableye|Will-O-Wisp|p2a: Medicham","|-status|p2a: Medicham|brn","|","|-damage|p2a: Medicham|230/262 brn|[from] brn","|turn|21","|","|move|p2a: Medicham|Bullet Punch|p1a: Sableye","|-crit|p1a: Sableye","|-damage|p1a: Sableye|193/304","|move|p1a: Sableye|Snarl|p2a: Medicham","|-damage|p2a: Medicham|0 fnt","|faint|p2a: Medicham","|","|","|switch|p2a: Chesnaught|Chesnaught, F|380/380","|turn|22","|","|move|p2a: Chesnaught|Spiky Shield|p2a: Chesnaught","|-singleturn|p2a: Chesnaught|move: Protect","|move|p1a: Sableye|Will-O-Wisp|p2a: Chesnaught","|-activate|p2a: Chesnaught|Protect","|","|turn|23","|","|move|p2a: Chesnaught|Leech Seed|p1a: Sableye","|move|p1a: Sableye|Leech Seed|p2a: Chesnaught|[from]Magic Bounce","|-immune|p2a: Chesnaught|[msg]","|move|p1a: Sableye|Will-O-Wisp|p2a: Chesnaught","|-status|p2a: Chesnaught|brn","|","|-damage|p2a: Chesnaught|333/380 brn|[from] brn","|turn|24","|","|move|p2a: Chesnaught|Drain Punch|p1a: Sableye","|-immune|p1a: Sableye|[msg]","|move|p1a: Sableye|Snarl|p2a: Chesnaught","|-resisted|p2a: Chesnaught","|-damage|p2a: Chesnaught|138/380 brn","|-unboost|p2a: Chesnaught|spa|1","|","|-heal|p2a: Chesnaught|161/380 brn|[from] item: Leftovers","|-damage|p2a: Chesnaught|114/380 brn|[from] brn","|turn|25","|","|move|p2a: Chesnaught|Drain Punch|p1a: Sableye","|-immune|p1a: Sableye|[msg]","|move|p1a: Sableye|Snarl|p2a: Chesnaught","|-resisted|p2a: Chesnaught","|-damage|p2a: Chesnaught|0 fnt","|faint|p2a: Chesnaught","|","|win|Intern olBezerkolo"],"p1rating":{"entryid":"7487892","serverid":"eos","formatid":"monotype","userid":"internolbezerkolo","username":"InternOlbezerkolo","w":10,"l":"15","t":"0","gxe":43.4,"r":"1420.883447548","rd":"66.748455617826","sigma":"0","rptime":"1439629200","rpr":1449.2790514464,"rprd":64.697021380234,"rpsigma":"0","acre":1119.2711665262,"lacre":1119.2711665262,"oldacre":"1096.4768010798"},"p2rating":{"entryid":"7548471","serverid":"eos","formatid":"monotype","userid":"slkingdra","username":"SL~Kingdra","w":"12","l":13,"t":"0","gxe":48.4,"r":"1519.9438968855","rd":"74.701130968254","sigma":"0","rptime":"1439629200","rpr":1487.5540141973,"rprd":64.94815760538,"rpsigma":"0","acre":1042.2753666796,"lacre":1042.2753666796,"oldacre":"1059.1229944444"},"endType":"normal"}