{"seed":[48826,63701,37090,55555],"turns":27,"p1":"Inferno Sasuke","p2":"Twizz - ⓢⓔⓝⓟⓐⓘ","p1team":[{"name":"Aerodactyl","species":"Aerodactyl","item":"focussash","ability":"Unnerve","moves":["stealthrock","stoneedge","irontail","taunt"],"nature":"Jolly","evs":{"hp":0,"atk":252,"def":4,"spa":0,"spd":0,"spe":252},"shiny":true,"ivs":{"hp":31,"atk":31,"def":31,"spa":31,"spd":31,"spe":31}},{"name":"Charizard","species":"Charizard","item":"charizarditex","ability":"Blaze","moves":["swordsdance","tailwind","flareblitz","outrage"],"nature":"Adamant","evs":{"hp":0,"atk":252,"def":0,"spa":0,"spd":4,"spe":252},"shiny":true,"ivs":{"hp":31,"atk":31,"def":31,"spa":31,"spd":31,"spe":31}},{"name":"Landorus-Therian","species":"Landorus-Therian","item":"leftovers","ability":"Intimidate","moves":["swordsdance","rockpolish","earthquake","stoneedge"],"nature":"Adamant","evs":{"hp":56,"atk":220,"def":0,"spa":0,"spd":0,"spe":232},"shiny":true,"ivs":{"hp":31,"atk":31,"def":31,"spa":31,"spd":31,"spe":31}},{"name":"Dragonite","species":"Dragonite","item":"choiceband","ability":"Multiscale","moves":["outrage","extremespeed","thunderpunch","superpower"],"nature":"Adamant","evs":{"hp":0,"atk":252,"def":4,"spa":0,"spd":0,"spe":252},"shiny":true,"ivs":{"hp":31,"atk":31,"def":31,"spa":31,"spd":31,"spe":31}},{"name":"Togekiss","species":"Togekiss","item":"choicescarf","ability":"Serene Grace","moves":["trick","defog","airslash","dazzlinggleam"],"nature":"Timid","evs":{"hp":0,"atk":0,"def":0,"spa":252,"spd":4,"spe":252},"gender":"F","shiny":true,"ivs":{"hp":31,"atk":31,"def":31,"spa":31,"spd":31,"spe":31}},{"name":"Thundurus-Therian","species":"Thundurus-Therian","item":"choicescarf","ability":"Volt Absorb","moves":["voltswitch","thunderbolt","hiddenpowerice","grassknot"],"nature":"Timid","evs":{"hp":0,"atk":0,"def":0,"spa":252,"spd":4,"spe":252},"ivs":{"hp":31,"atk":30,"def":30,"spa":31,"spd":31,"spe":31},"shiny":true}],"p2team":[{"name":"Magnezone","species":"Magnezone","item":"leftovers","ability":"Sturdy","moves":["flashcannon","thunderbolt","protect","hiddenpowerice"],"nature":"Modest","evs":{"hp":76,"atk":0,"def":180,"spa":252,"spd":0,"spe":0},"ivs":{"hp":31,"atk":30,"def":30,"spa":31,"spd":31,"spe":31}},{"name":"Zapdos","species":"Zapdos","item":"leftovers","ability":"Pressure","moves":["discharge","heatwave","toxic","roost"],"nature":"Bold","evs":{"hp":4,"atk":0,"def":252,"spa":56,"spd":196,"spe":0},"ivs":{"hp":31,"atk":31,"def":31,"spa":31,"spd":31,"spe":31}},{"name":"Ampharos","species":"Ampharos","item":"ampharosite","ability":"Static","moves":["cottonguard","rest","sleeptalk","dragonpulse"],"nature":"Bold","evs":{"hp":0,"atk":0,"def":252,"spa":136,"spd":120,"spe":0},"ivs":{"hp":31,"atk":31,"def":31,"spa":31,"spd":31,"spe":31}},{"name":"Raikou","species":"Raikou","item":"leftovers","ability":"Pressure","moves":["calmmind","substitute","thunderbolt","extrasensory"],"nature":"Timid","evs":{"hp":0,"atk":0,"def":0,"spa":252,"spd":4,"spe":252},"ivs":{"hp":31,"atk":31,"def":31,"spa":31,"spd":31,"spe":31}},{"name":"Rotom-Wash","species":"Rotom-Wash","item":"choicescarf","ability":"Levitate","moves":["voltswitch","hydropump","willowisp","trick"],"nature":"Timid","evs":{"hp":0,"atk":0,"def":0,"spa":252,"spd":4,"spe":252},"ivs":{"hp":31,"atk":31,"def":31,"spa":31,"spd":31,"spe":31}},{"name":"Condom","species":"eelektross","item":"assaultvest","ability":"Levitate","moves":["gigadrain","thunderbolt","drainpunch","knockoff"],"nature":"Quiet","evs":{"hp":3,"atk":136,"def":0,"spa":108,"spd":252,"spe":0},"ivs":{"hp":31,"atk":31,"def":31,"spa":31,"spd":31,"spe":31}}],"log":["|player|p1|Inferno Sasuke|281","|player|p2|Twizz - ⓢⓔⓝⓟⓐⓘ|264","|gametype|singles","|gen|6","|tier|Monotype","|rated","|rule|Baton Pass Clause: Limit one Baton Passer, can't pass Spe and other stats simultaneously","|rule|Swagger Clause: Swagger is banned","|rule|Same Type Clause: Pokémon in a team must share a type","|clearpoke","|poke|p1|Aerodactyl, M, shiny","|poke|p1|Charizard, F, shiny","|poke|p1|Landorus-Therian, M, shiny","|poke|p1|Dragonite, M, shiny","|poke|p1|Togekiss, F, shiny","|poke|p1|Thundurus-Therian, M, shiny","|poke|p2|Magnezone","|poke|p2|Zapdos","|poke|p2|Ampharos, F","|poke|p2|Raikou","|poke|p2|Rotom-Wash","|poke|p2|Eelektross, F","|rule|Sleep Clause Mod: Limit one foe put to sleep","|rule|Species Clause: Limit one of each Pokémon","|rule|OHKO Clause: OHKO moves are banned","|rule|Moody Clause: Moody is banned","|rule|Evasion Moves Clause: Evasion moves are banned","|rule|Endless Battle Clause: Forcing endless battles is banned","|rule|HP Percentage Mod: HP is shown in percentages","|teampreview","|","|start","|switch|p1a: Landorus-Therian|Landorus-Therian, M, shiny|333/333","|switch|p2a: Rotom-Wash|Rotom-Wash|241/241","|-ability|p1a: Landorus-Therian|Intimidate","|-unboost|p2a: Rotom-Wash|atk|1","|turn|1","|","|move|p2a: Rotom-Wash|Hydro Pump|p1a: Landorus-Therian","|-supereffective|p1a: Landorus-Therian","|-damage|p1a: Landorus-Therian|0 fnt","|faint|p1a: Landorus-Therian","|","|","|switch|p1a: Charizard|Charizard, F, shiny|297/297","|turn|2","|","|detailschange|p1a: Charizard|Charizard-Mega-X, F, shiny","|-mega|p1a: Charizard|Charizard|Charizardite X","|move|p2a: Rotom-Wash|Hydro Pump|p1a: Charizard","|-damage|p1a: Charizard|96/297","|move|p1a: Charizard|Outrage|p2a: Rotom-Wash","|-damage|p2a: Rotom-Wash|0 fnt","|faint|p2a: Rotom-Wash","|","|","|switch|p2a: Magnezone|Magnezone|300/300","|turn|3","|","|move|p1a: Charizard|Outrage|p2a: Magnezone|[from]lockedmove","|-resisted|p2a: Magnezone","|-damage|p2a: Magnezone|177/300","|move|p2a: Magnezone|Hidden Power|p1a: Charizard","|-damage|p1a: Charizard|7/297","|","|-heal|p2a: Magnezone|195/300|[from] item: Leftovers","|turn|4","|","|move|p1a: Charizard|Outrage|p2a: Magnezone|[from]lockedmove","|-resisted|p2a: Magnezone","|-damage|p2a: Magnezone|69/300","|-start|p1a: Charizard|confusion|[fatigue]","|move|p2a: Magnezone|Hidden Power|p1a: Charizard","|-damage|p1a: Charizard|0 fnt","|faint|p1a: Charizard","|","|-heal|p2a: Magnezone|87/300|[from] item: Leftovers","|","|switch|p1a: Dragonite|Dragonite, M, shiny|323/323","|turn|5","|","|move|p2a: Magnezone|Protect|p2a: Magnezone","|-singleturn|p2a: Magnezone|Protect","|move|p1a: Dragonite|Superpower|p2a: Magnezone","|-activate|p2a: Magnezone|Protect","|","|-heal|p2a: Magnezone|105/300|[from] item: Leftovers","|turn|6","|","|switch|p2a: Zapdos|Zapdos|322/322","|-ability|p2a: Zapdos|Pressure","|move|p1a: Dragonite|Superpower|p2a: Zapdos","|-resisted|p2a: Zapdos","|-damage|p2a: Zapdos|230/322","|-unboost|p1a: Dragonite|atk|1","|-unboost|p1a: Dragonite|def|1","|","|-heal|p2a: Zapdos|250/322|[from] item: Leftovers","|turn|7","|","|switch|p1a: Aerodactyl|Aerodactyl, M, shiny|301/301","|-ability|p1a: Aerodactyl|Unnerve|p2: Twizz - ⓢⓔⓝⓟⓐⓘ","|move|p2a: Zapdos|Toxic|p1a: Aerodactyl","|-status|p1a: Aerodactyl|tox","|","|-heal|p2a: Zapdos|270/322|[from] item: Leftovers","|-damage|p1a: Aerodactyl|283/301 tox|[from] psn","|turn|8","|","|switch|p2a: Magnezone|Magnezone|105/300","|move|p1a: Aerodactyl|Stone Edge|p2a: Magnezone|[miss]","|-miss|p1a: Aerodactyl|p2a: Magnezone","|","|-heal|p2a: Magnezone|123/300|[from] item: Leftovers","|-damage|p1a: Aerodactyl|247/301 tox|[from] psn","|turn|9","|","|move|p2a: Magnezone|Protect|p2a: Magnezone","|-singleturn|p2a: Magnezone|Protect","|move|p1a: Aerodactyl|Stone Edge|p2a: Magnezone","|-activate|p2a: Magnezone|Protect","|","|-heal|p2a: Magnezone|141/300|[from] item: Leftovers","|-damage|p1a: Aerodactyl|193/301 tox|[from] psn","|turn|10","|","|switch|p1a: Dragonite|Dragonite, M, shiny|323/323","|move|p2a: Magnezone|Thunderbolt|p1a: Dragonite","|-damage|p1a: Dragonite|239/323","|","|-heal|p2a: Magnezone|159/300|[from] item: Leftovers","|turn|11","|","|move|p1a: Dragonite|Outrage|p2a: Magnezone","|-crit|p2a: Magnezone","|-resisted|p2a: Magnezone","|-damage|p2a: Magnezone|0 fnt","|faint|p2a: Magnezone","|","|","|switch|p2a: Zapdos|Zapdos|270/322","|-ability|p2a: Zapdos|Pressure","|turn|12","|","|move|p1a: Dragonite|Outrage|p2a: Zapdos|[from]lockedmove","|-damage|p2a: Zapdos|0 fnt","|-start|p1a: Dragonite|confusion|[fatigue]","|faint|p2a: Zapdos","|","|","|switch|p2a: Ampharos|Ampharos, F|321/321","|turn|13","|","|detailschange|p2a: Ampharos|Ampharos-Mega, F","|-mega|p2a: Ampharos|Ampharos|Ampharosite","|-ability|p2a: Ampharos|Mold Breaker","|-activate|p1a: Dragonite|confusion","|move|p1a: Dragonite|Outrage|p2a: Ampharos","|-supereffective|p2a: Ampharos","|-damage|p2a: Ampharos|0 fnt","|faint|p2a: Ampharos","|","|","|switch|p2a: Raikou|Raikou|321/321","|-ability|p2a: Raikou|Pressure","|turn|14","|","|move|p2a: Raikou|Substitute|p2a: Raikou","|-start|p2a: Raikou|Substitute","|-damage|p2a: Raikou|241/321","|-activate|p1a: Dragonite|confusion","|-damage|p1a: Dragonite|158/323|[from] confusion","|","|-heal|p2a: Raikou|261/321|[from] item: Leftovers","|turn|15","|","|move|p2a: Raikou|Calm Mind|p2a: Raikou","|-boost|p2a: Raikou|spa|1","|-boost|p2a: Raikou|spd|1","|-activate|p1a: Dragonite|confusion","|move|p1a: Dragonite|Outrage|p2a: Raikou","|-end|p2a: Raikou|Substitute","|","|-heal|p2a: Raikou|281/321|[from] item: Leftovers","|turn|16","|","|move|p2a: Raikou|Substitute|p2a: Raikou","|-start|p2a: Raikou|Substitute","|-damage|p2a: Raikou|201/321","|-end|p1a: Dragonite|confusion","|move|p1a: Dragonite|Outrage|p2a: Raikou|[from]lockedmove","|-crit|p2a: Raikou","|-end|p2a: Raikou|Substitute","|-start|p1a: Dragonite|confusion|[fatigue]","|","|-heal|p2a: Raikou|221/321|[from] item: Leftovers","|turn|17","|","|move|p2a: Raikou|Substitute|p2a: Raikou","|-start|p2a: Raikou|Substitute","|-damage|p2a: Raikou|141/321","|-activate|p1a: Dragonite|confusion","|-damage|p1a: Dragonite|69/323|[from] confusion","|","|-heal|p2a: Raikou|161/321|[from] item: Leftovers","|turn|18","|","|move|p2a: Raikou|Thunderbolt|p1a: Dragonite","|-damage|p1a: Dragonite|0 fnt","|faint|p1a: Dragonite","|","|-heal|p2a: Raikou|181/321|[from] item: Leftovers","|","|switch|p1a: Thundurus-Therian|Thundurus-Therian, M, shiny|299/299","|turn|19","|","|move|p1a: Thundurus-Therian|Thunderbolt|p2a: Raikou","|-crit|p2a: Raikou","|-resisted|p2a: Raikou","|-end|p2a: Raikou|Substitute","|move|p2a: Raikou|Extrasensory|p1a: Thundurus-Therian","|-damage|p1a: Thundurus-Therian|140/299","|","|-heal|p2a: Raikou|201/321|[from] item: Leftovers","|turn|20","|","|move|p1a: Thundurus-Therian|Thunderbolt|p2a: Raikou","|-resisted|p2a: Raikou","|-damage|p2a: Raikou|143/321","|move|p2a: Raikou|Substitute|p2a: Raikou","|-start|p2a: Raikou|Substitute","|-damage|p2a: Raikou|63/321","|","|-heal|p2a: Raikou|83/321|[from] item: Leftovers","|turn|21","|","|move|p1a: Thundurus-Therian|Thunderbolt|p2a: Raikou","|-crit|p2a: Raikou","|-resisted|p2a: Raikou","|-end|p2a: Raikou|Substitute","|move|p2a: Raikou|Calm Mind|p2a: Raikou","|-boost|p2a: Raikou|spa|1","|-boost|p2a: Raikou|spd|1","|","|-heal|p2a: Raikou|103/321|[from] item: Leftovers","|turn|22","|","|move|p1a: Thundurus-Therian|Thunderbolt|p2a: Raikou","|-resisted|p2a: Raikou","|-damage|p2a: Raikou|61/321","|move|p2a: Raikou|Substitute|p2a: Raikou","|-fail|p2a: Raikou|move: Substitute|[weak]","|","|-heal|p2a: Raikou|81/321|[from] item: Leftovers","|turn|23","|","|move|p1a: Thundurus-Therian|Thunderbolt|p2a: Raikou","|-resisted|p2a: Raikou","|-damage|p2a: Raikou|35/321","|move|p2a: Raikou|Extrasensory|p1a: Thundurus-Therian","|-damage|p1a: Thundurus-Therian|0 fnt","|faint|p1a: Thundurus-Therian","|","|-heal|p2a: Raikou|55/321|[from] item: Leftovers","|","|switch|p1a: Togekiss|Togekiss, F, shiny|311/311","|turn|24","|","|move|p1a: Togekiss|Dazzling Gleam|p2a: Raikou","|-damage|p2a: Raikou|0 fnt","|faint|p2a: Raikou","|","|","|switch|p2a: Condom|Eelektross, F|311/311","|turn|25","|","|move|p1a: Togekiss|Dazzling Gleam|p2a: Condom","|-damage|p2a: Condom|229/311","|move|p2a: Condom|Thunderbolt|p1a: Togekiss","|-supereffective|p1a: Togekiss","|-damage|p1a: Togekiss|77/311","|","|turn|26","|","|move|p1a: Togekiss|Dazzling Gleam|p2a: Condom","|-damage|p2a: Condom|142/311","|move|p2a: Condom|Thunderbolt|p1a: Togekiss","|-supereffective|p1a: Togekiss","|-damage|p1a: Togekiss|0 fnt","|faint|p1a: Togekiss","|","|","|switch|p1a: Aerodactyl|Aerodactyl, M, shiny|193/301 tox","|-ability|p1a: Aerodactyl|Unnerve|p2: Twizz - ⓢⓔⓝⓟⓐⓘ","|turn|27","|","|move|p1a: Aerodactyl|Stone Edge|p2a: Condom","|-crit|p2a: Condom","|-damage|p2a: Condom|0 fnt","|faint|p2a: Condom","|","|win|Inferno Sasuke"],"p1rating":{"entryid":"7291991","serverid":"eos","formatid":"monotype","userid":"infernosasuke","username":"Inferno Sasuke","w":30,"l":"80","t":"0","gxe":28.8,"r":"1306.0032181338","rd":"38.501466546741","sigma":"0","rptime":"1439629200","rpr":1328.6101508738,"rprd":37.744612826546,"rpsigma":"0","acre":1227.7044890469,"lacre":1227.7044890469,"oldacre":"1203.1778694695"},"p2rating":{"entryid":"6985408","serverid":"eos","formatid":"monotype","userid":"twizz","username":"Twizz","w":"26","l":34,"t":"0","gxe":43.8,"r":"1462.8941177899","rd":"49.686654244209","sigma":"0","rptime":"1439629200","rpr":1453.0388916739,"rprd":49.279592869059,"rpsigma":"0","acre":1172.0716952957,"lacre":1172.0716952957,"oldacre":"1196.5983148731"},"endType":"normal"}