{"seed":[65279,36076,8325,23728],"turns":25,"p1":"Rain ☆ Trivial","p2":"SL~Kingdra - ⓢⓔⓧⓨ","p1team":[{"name":"Zapdos","species":"Zapdos","item":"leftovers","ability":"Pressure","moves":["discharge","heatwave","roost","defog"],"nature":"Bold","evs":{"hp":248,"atk":0,"def":252,"spa":0,"spd":0,"spe":8},"ivs":{"hp":31,"atk":31,"def":31,"spa":31,"spd":31,"spe":31}},{"name":"Thundurus","species":"Thundurus","item":"lifeorb","ability":"Prankster","moves":["thunderbolt","grassknot","hiddenpowerice","thunderwave"],"nature":"Timid","evs":{"hp":0,"atk":0,"def":0,"spa":252,"spd":4,"spe":252},"ivs":{"hp":31,"atk":30,"def":30,"spa":31,"spd":31,"spe":31}},{"name":"Manectric","species":"Manectric","item":"manectite","ability":"Lightning Rod","moves":["protect","voltswitch","flamethrower","hiddenpowerice"],"nature":"Timid","evs":{"hp":0,"atk":0,"def":4,"spa":252,"spd":0,"spe":252},"ivs":{"hp":31,"atk":30,"def":30,"spa":31,"spd":31,"spe":31}},{"name":"Rotom-Wash","species":"Rotom-Wash","item":"chestoberry","ability":"Levitate","moves":["rest","voltswitch","hydropump","willowisp"],"nature":"Calm","evs":{"hp":248,"atk":0,"def":0,"spa":8,"spd":252,"spe":0},"shiny":true,"ivs":{"hp":31,"atk":31,"def":31,"spa":31,"spd":31,"spe":31}},{"name":"Electivire","species":"Electivire","item":"choicescarf","ability":"Motor Drive","moves":["icepunch","earthquake","rockslide","voltswitch"],"nature":"","evs":{"hp":0,"atk":0,"def":0,"spa":0,"spd":0,"spe":0},"ivs":{"hp":31,"atk":31,"def":31,"spa":31,"spd":31,"spe":31}},{"name":"Magnezone","species":"Magnezone","item":"choicespecs","ability":"Sturdy","moves":["thunderbolt","voltswitch","flashcannon","hiddenpowergrass"],"nature":"Modest","evs":{"hp":100,"atk":0,"def":0,"spa":236,"spd":0,"spe":172},"ivs":{"hp":31,"atk":30,"def":31,"spa":30,"spd":31,"spe":31}}],"p2team":[{"name":"Chesnaught","species":"Chesnaught","item":"leftovers","ability":"Bulletproof","moves":["spikes","leechseed","spikyshield","drainpunch"],"nature":"Impish","evs":{"hp":252,"atk":0,"def":252,"spa":0,"spd":4,"spe":0},"ivs":{"hp":31,"atk":31,"def":31,"spa":31,"spd":31,"spe":31}},{"name":"Infernape","species":"Infernape","item":"focussash","ability":"Iron Fist","moves":["stealthrock","closecombat","firepunch","machpunch"],"nature":"Jolly","evs":{"hp":4,"atk":252,"def":0,"spa":0,"spd":0,"spe":252},"ivs":{"hp":31,"atk":31,"def":31,"spa":31,"spd":31,"spe":31}},{"name":"Medicham","species":"Medicham","item":"medichamite","ability":"Pure Power","moves":["fakeout","bulletpunch","zenheadbutt","highjumpkick"],"nature":"Jolly","evs":{"hp":4,"atk":252,"def":0,"spa":0,"spd":0,"spe":252},"ivs":{"hp":31,"atk":31,"def":31,"spa":31,"spd":31,"spe":31}},{"name":"Terrakion","species":"Terrakion","item":"choicescarf","ability":"Justified","moves":["ironhead","stoneedge","closecombat","earthquake"],"nature":"Adamant","evs":{"hp":4,"atk":252,"def":0,"spa":0,"spd":0,"spe":252},"ivs":{"hp":31,"atk":31,"def":31,"spa":31,"spd":31,"spe":31}},{"name":"Keldeo-Resolute","species":"Keldeo-Resolute","item":"choicespecs","ability":"Justified","moves":["secretsword","scald","icywind","hydropump"],"nature":"Timid","evs":{"hp":4,"atk":0,"def":0,"spa":252,"spd":0,"spe":252},"ivs":{"hp":31,"atk":31,"def":31,"spa":31,"spd":31,"spe":31}},{"name":"Hawlucha","species":"Hawlucha","item":"powerherb","ability":"Unburden","moves":["acrobatics","skyattack","drainpunch","swordsdance"],"nature":"Adamant","evs":{"hp":0,"atk":252,"def":0,"spa":0,"spd":0,"spe":252},"ivs":{"hp":31,"atk":31,"def":31,"spa":31,"spd":31,"spe":31}}],"log":["|player|p1|Rain ☆ Trivial|52","|player|p2|SL~Kingdra - ⓢⓔⓧⓨ|99","|gametype|singles","|gen|6","|tier|Monotype","|rated","|rule|Baton Pass Clause: Limit one Baton Passer, can't pass Spe and other stats simultaneously","|rule|Swagger Clause: Swagger is banned","|rule|Same Type Clause: Pokémon in a team must share a type","|clearpoke","|poke|p1|Zapdos","|poke|p1|Thundurus, M","|poke|p1|Manectric, F","|poke|p1|Rotom-Wash, shiny","|poke|p1|Electivire, F","|poke|p1|Magnezone","|poke|p2|Chesnaught, F","|poke|p2|Infernape, F","|poke|p2|Medicham, M","|poke|p2|Terrakion","|poke|p2|Keldeo-Resolute","|poke|p2|Hawlucha, M","|rule|Sleep Clause Mod: Limit one foe put to sleep","|rule|Species Clause: Limit one of each Pokémon","|rule|OHKO Clause: OHKO moves are banned","|rule|Moody Clause: Moody is banned","|rule|Evasion Moves Clause: Evasion moves are banned","|rule|Endless Battle Clause: Forcing endless battles is banned","|rule|HP Percentage Mod: HP is shown in percentages","|teampreview","|","|start","|switch|p1a: Rotom-Wash|Rotom-Wash, shiny|303/303","|switch|p2a: Infernape|Infernape, F|294/294","|turn|1","|","|move|p2a: Infernape|Stealth Rock|p1a: Rotom-Wash","|-sidestart|p1: Rain ☆ Trivial|move: Stealth Rock","|move|p1a: Rotom-Wash|Volt Switch|p2a: Infernape","|-damage|p2a: Infernape|188/294","|","|switch|p1a: Electivire|Electivire, F|291/291","|-damage|p1a: Electivire|255/291|[from] Stealth Rock","|","|turn|2","|","|move|p2a: Infernape|Close Combat|p1a: Electivire","|-damage|p1a: Electivire|21/291","|-unboost|p2a: Infernape|def|1","|-unboost|p2a: Infernape|spd|1","|move|p1a: Electivire|Rock Slide|p2a: Infernape","|-crit|p2a: Infernape","|-damage|p2a: Infernape|0 fnt","|faint|p2a: Infernape","|","|","|switch|p2a: Medicham|Medicham, M|262/262","|turn|3","|","|detailschange|p2a: Medicham|Medicham-Mega, M","|-mega|p2a: Medicham|Medicham|Medichamite","|move|p2a: Medicham|Fake Out|p1a: Electivire","|-crit|p1a: Electivire","|-damage|p1a: Electivire|0 fnt","|faint|p1a: Electivire","|","|","|switch|p1a: Thundurus|Thundurus, M|299/299","|-damage|p1a: Thundurus|225/299|[from] Stealth Rock","|turn|4","|","|move|p1a: Thundurus|Thunder Wave|p2a: Medicham","|-status|p2a: Medicham|par","|move|p2a: Medicham|High Jump Kick|p1a: Thundurus","|-resisted|p1a: Thundurus","|-damage|p1a: Thundurus|0 fnt","|faint|p1a: Thundurus","|","|","|switch|p1a: Magnezone|Magnezone|306/306","|-damage|p1a: Magnezone|287/306|[from] Stealth Rock","|turn|5","|","|move|p1a: Magnezone|Thunderbolt|p2a: Medicham","|-damage|p2a: Medicham|0 fnt","|faint|p2a: Medicham","|","|","|switch|p2a: Chesnaught|Chesnaught, F|380/380","|turn|6","|","|switch|p1a: Zapdos|Zapdos|383/383","|-damage|p1a: Zapdos|288/383|[from] Stealth Rock","|-ability|p1a: Zapdos|Pressure","|move|p2a: Chesnaught|Leech Seed|p1a: Zapdos","|-start|p1a: Zapdos|move: Leech Seed","|","|-heal|p1a: Zapdos|311/383|[from] item: Leftovers","|-damage|p1a: Zapdos|264/383|[from] Leech Seed|[of] p2a: Chesnaught","|turn|7","|","|move|p1a: Zapdos|Defog|p2a: Chesnaught","|-unboost|p2a: Chesnaught|evasion|1","|-sideend|p1: Rain ☆ Trivial|Stealth Rock|[from] move: Defog|[of] p1a: Zapdos","|move|p2a: Chesnaught|Spikes|p1a: Zapdos","|-sidestart|p1: Rain ☆ Trivial|Spikes","|","|-heal|p1a: Zapdos|287/383|[from] item: Leftovers","|-damage|p1a: Zapdos|240/383|[from] Leech Seed|[of] p2a: Chesnaught","|turn|8","|","|move|p1a: Zapdos|Defog|p2a: Chesnaught","|-unboost|p2a: Chesnaught|evasion|1","|-sideend|p1: Rain ☆ Trivial|Spikes|[from] move: Defog|[of] p1a: Zapdos","|move|p2a: Chesnaught|Spikes|p1a: Zapdos","|-sidestart|p1: Rain ☆ Trivial|Spikes","|","|-heal|p1a: Zapdos|263/383|[from] item: Leftovers","|-damage|p1a: Zapdos|216/383|[from] Leech Seed|[of] p2a: Chesnaught","|turn|9","|","|move|p1a: Zapdos|Heat Wave|p2a: Chesnaught","|-supereffective|p2a: Chesnaught","|-damage|p2a: Chesnaught|136/380","|move|p2a: Chesnaught|Spikes|p1a: Zapdos","|-sidestart|p1: Rain ☆ Trivial|Spikes","|","|-heal|p1a: Zapdos|239/383|[from] item: Leftovers","|-heal|p2a: Chesnaught|159/380|[from] item: Leftovers","|-damage|p1a: Zapdos|192/383|[from] Leech Seed|[of] p2a: Chesnaught","|-heal|p2a: Chesnaught|206/380|[silent]","|turn|10","|","|move|p1a: Zapdos|Defog|p2a: Chesnaught","|-unboost|p2a: Chesnaught|evasion|1","|-sideend|p1: Rain ☆ Trivial|Spikes|[from] move: Defog|[of] p1a: Zapdos","|move|p2a: Chesnaught|Drain Punch|p1a: Zapdos","|-resisted|p1a: Zapdos","|-damage|p1a: Zapdos|154/383","|-heal|p2a: Chesnaught|225/380|[from] drain|[of] p1a: Zapdos","|","|-heal|p1a: Zapdos|177/383|[from] item: Leftovers","|-heal|p2a: Chesnaught|248/380|[from] item: Leftovers","|-damage|p1a: Zapdos|130/383|[from] Leech Seed|[of] p2a: Chesnaught","|-heal|p2a: Chesnaught|295/380|[silent]","|turn|11","|","|switch|p2a: Hawlucha|Hawlucha, M|297/297","|move|p1a: Zapdos|Roost|p1a: Zapdos","|-heal|p1a: Zapdos|322/383","|","|-heal|p1a: Zapdos|345/383|[from] item: Leftovers","|-damage|p1a: Zapdos|298/383|[from] Leech Seed|[of] p2a: Hawlucha","|turn|12","|","|move|p2a: Hawlucha|Sky Attack|p1a: Zapdos|[still]","|-prepare|p2a: Hawlucha|Sky Attack|p1a: Zapdos","|-enditem|p2a: Hawlucha|Power Herb","|-anim|p2a: Hawlucha|Sky Attack|p1a: Zapdos","|-resisted|p1a: Zapdos","|-damage|p1a: Zapdos|205/383","|cant|p1a: Zapdos|flinch","|","|-heal|p1a: Zapdos|228/383|[from] item: Leftovers","|-damage|p1a: Zapdos|181/383|[from] Leech Seed|[of] p2a: Hawlucha","|turn|13","|","|move|p2a: Hawlucha|Drain Punch|p1a: Zapdos","|-resisted|p1a: Zapdos","|-damage|p1a: Zapdos|133/383","|move|p1a: Zapdos|Roost|p1a: Zapdos","|-heal|p1a: Zapdos|325/383","|","|-heal|p1a: Zapdos|348/383|[from] item: Leftovers","|-damage|p1a: Zapdos|301/383|[from] Leech Seed|[of] p2a: Hawlucha","|turn|14","|","|move|p2a: Hawlucha|Swords Dance|p2a: Hawlucha","|-boost|p2a: Hawlucha|atk|2","|move|p1a: Zapdos|Discharge|p2a: Hawlucha","|-supereffective|p2a: Hawlucha","|-damage|p2a: Hawlucha|0 fnt","|faint|p2a: Hawlucha","|","|-heal|p1a: Zapdos|324/383|[from] item: Leftovers","|","|switch|p2a: Terrakion|Terrakion|324/324","|turn|15","|","|switch|p1a: Rotom-Wash|Rotom-Wash, shiny|303/303","|move|p2a: Terrakion|Stone Edge|p1a: Rotom-Wash","|-damage|p1a: Rotom-Wash|108/303","|","|turn|16","|","|move|p2a: Terrakion|Stone Edge|p1a: Rotom-Wash","|-damage|p1a: Rotom-Wash|0 fnt","|faint|p1a: Rotom-Wash","|","|","|switch|p1a: Magnezone|Magnezone|287/306","|turn|17","|","|switch|p2a: Chesnaught|Chesnaught, F|295/380","|move|p1a: Magnezone|Flash Cannon|p2a: Chesnaught","|-damage|p2a: Chesnaught|4/380","|","|-heal|p2a: Chesnaught|27/380|[from] item: Leftovers","|turn|18","|","|move|p2a: Chesnaught|Spiky Shield|p2a: Chesnaught","|-singleturn|p2a: Chesnaught|move: Protect","|move|p1a: Magnezone|Flash Cannon|p2a: Chesnaught","|-activate|p2a: Chesnaught|Protect","|","|-heal|p2a: Chesnaught|50/380|[from] item: Leftovers","|turn|19","|","|move|p1a: Magnezone|Flash Cannon|p2a: Chesnaught","|-damage|p2a: Chesnaught|0 fnt","|faint|p2a: Chesnaught","|","|","|switch|p2a: Keldeo-Resolute|Keldeo-Resolute|324/324","|turn|20","|","|switch|p1a: Zapdos|Zapdos|324/383","|-ability|p1a: Zapdos|Pressure","|move|p2a: Keldeo-Resolute|Hydro Pump|p1a: Zapdos","|-damage|p1a: Zapdos|0 fnt","|faint|p1a: Zapdos","|","|","|switch|p1a: Manectric|Manectric, F|281/281","|turn|21","|","|detailschange|p1a: Manectric|Manectric-Mega, F","|-mega|p1a: Manectric|Manectric|Manectite","|-ability|p1a: Manectric|Intimidate","|-unboost|p2a: Keldeo-Resolute|atk|1","|move|p1a: Manectric|Protect|p1a: Manectric","|-singleturn|p1a: Manectric|Protect","|move|p2a: Keldeo-Resolute|Hydro Pump|p1a: Manectric","|-activate|p1a: Manectric|Protect","|","|turn|22","|","|move|p1a: Manectric|Volt Switch|p2a: Keldeo-Resolute","|-supereffective|p2a: Keldeo-Resolute","|-damage|p2a: Keldeo-Resolute|66/324","|","|switch|p1a: Magnezone|Magnezone|287/306","|move|p2a: Keldeo-Resolute|Hydro Pump|p1a: Magnezone|[miss]","|-miss|p2a: Keldeo-Resolute|p1a: Magnezone","|","|turn|23","|","|move|p2a: Keldeo-Resolute|Hydro Pump|p1a: Magnezone","|-damage|p1a: Magnezone|0 fnt","|faint|p1a: Magnezone","|","|","|switch|p1a: Manectric|Manectric-Mega, F|281/281","|-ability|p1a: Manectric|Intimidate","|-unboost|p2a: Keldeo-Resolute|atk|1","|turn|24","|","|move|p1a: Manectric|Volt Switch|p2a: Keldeo-Resolute","|-supereffective|p2a: Keldeo-Resolute","|-damage|p2a: Keldeo-Resolute|0 fnt","|faint|p2a: Keldeo-Resolute","|","|","|switch|p2a: Terrakion|Terrakion|324/324","|turn|25","|","|move|p2a: Terrakion|Earthquake|p1a: Manectric","|-supereffective|p1a: Manectric","|-damage|p1a: Manectric|0 fnt","|faint|p1a: Manectric","|","|win|SL~Kingdra - ⓢⓔⓧⓨ"],"p1rating":{"entryid":"7639700","serverid":"eos","formatid":"monotype","userid":"raintrivial","username":"Rain ☆ Trivial","w":"5","l":12,"t":"0","gxe":32.6,"r":"1557.1019015165","rd":"117.52977944538","sigma":"0","rptime":"1439629200","rpr":1360.4264010382,"rprd":74.815019303475,"rpsigma":"0","acre":1020.6921961147,"lacre":1020.6921961147,"oldacre":"1035.7700332319"},"p2rating":{"entryid":"7548471","serverid":"eos","formatid":"monotype","userid":"slkingdra","username":"SL~Kingdra","w":13,"l":"13","t":"0","gxe":50.1,"r":"1519.9438968855","rd":"74.701130968254","sigma":"0","rptime":"1439629200","rpr":1500.6515753111,"rprd":63.983802903544,"rpsigma":"0","acre":1075.3039147983,"lacre":1075.3039147983,"oldacre":"1042.2753666796"},"endType":"normal"}