{"seed":[37251,40563,5925,13363],"turns":26,"p1":"Pikapig123","p2":"SL~Kingdra","p1team":[{"name":"Ayon","species":"terrakion","item":"choicescarf","ability":"Justified","moves":["earthquake","ironhead","sacredsword","rockslide"],"nature":"","evs":{"hp":252,"atk":0,"def":0,"spa":4,"spd":0,"spe":252},"ivs":{"hp":31,"atk":31,"def":31,"spa":31,"spd":31,"spe":31}},{"name":"Ichigo","species":"keldeoresolute","item":"choicescarf","ability":"Justified","moves":["secretsword","hydropump","hiddenpowerground","icywind"],"nature":"Timid","evs":{"hp":4,"atk":0,"def":0,"spa":252,"spd":0,"spe":252},"ivs":{"hp":31,"atk":31,"def":31,"spa":30,"spd":30,"spe":31}},{"name":"Orihime Inoue","species":"breloom","item":"focussash","ability":"Technician","moves":["bulletseed","spore","swordsdance","machpunch"],"nature":"Jolly","evs":{"hp":4,"atk":252,"def":0,"spa":0,"spd":0,"spe":252},"ivs":{"hp":31,"atk":31,"def":31,"spa":31,"spd":31,"spe":31}},{"name":"Gin Ichimaru","species":"heracross","item":"choicescarf","ability":"Moxie","moves":["megahorn","closecombat","stoneedge","aerialace"],"nature":"Jolly","evs":{"hp":4,"atk":252,"def":0,"spa":0,"spd":0,"spe":252},"gender":"F","ivs":{"hp":31,"atk":31,"def":31,"spa":31,"spd":31,"spe":31}},{"name":"Yasutora Sado","species":"medicham","item":"medichamite","ability":"Pure Power","moves":["fakeout","drainpunch","icepunch","bulletpunch"],"nature":"Hasty","evs":{"hp":0,"atk":0,"def":4,"spa":0,"spd":252,"spe":252},"ivs":{"hp":31,"atk":31,"def":31,"spa":31,"spd":31,"spe":31}},{"name":"Jidanbō Ikkanzaka","species":"emboar","item":"airballoon","ability":"Reckless","moves":["headsmash","earthquake","fireblast","suckerpunch"],"nature":"Lonely","evs":{"hp":248,"atk":0,"def":0,"spa":8,"spd":0,"spe":252},"shiny":true,"ivs":{"hp":31,"atk":31,"def":31,"spa":31,"spd":31,"spe":31}}],"p2team":[{"name":"Chesnaught","species":"Chesnaught","item":"leftovers","ability":"Bulletproof","moves":["spikes","leechseed","spikyshield","drainpunch"],"nature":"Impish","evs":{"hp":252,"atk":0,"def":252,"spa":0,"spd":4,"spe":0},"ivs":{"hp":31,"atk":31,"def":31,"spa":31,"spd":31,"spe":31}},{"name":"Infernape","species":"Infernape","item":"focussash","ability":"Iron Fist","moves":["stealthrock","closecombat","firepunch","machpunch"],"nature":"Jolly","evs":{"hp":4,"atk":252,"def":0,"spa":0,"spd":0,"spe":252},"ivs":{"hp":31,"atk":31,"def":31,"spa":31,"spd":31,"spe":31}},{"name":"Medicham","species":"Medicham","item":"medichamite","ability":"Pure Power","moves":["fakeout","bulletpunch","zenheadbutt","highjumpkick"],"nature":"Jolly","evs":{"hp":4,"atk":252,"def":0,"spa":0,"spd":0,"spe":252},"ivs":{"hp":31,"atk":31,"def":31,"spa":31,"spd":31,"spe":31}},{"name":"Terrakion","species":"Terrakion","item":"choicescarf","ability":"Justified","moves":["ironhead","stoneedge","closecombat","earthquake"],"nature":"Adamant","evs":{"hp":4,"atk":252,"def":0,"spa":0,"spd":0,"spe":252},"ivs":{"hp":31,"atk":31,"def":31,"spa":31,"spd":31,"spe":31}},{"name":"Keldeo-Resolute","species":"Keldeo-Resolute","item":"choicespecs","ability":"Justified","moves":["secretsword","scald","icywind","hydropump"],"nature":"Timid","evs":{"hp":4,"atk":0,"def":0,"spa":252,"spd":0,"spe":252},"ivs":{"hp":31,"atk":31,"def":31,"spa":31,"spd":31,"spe":31}},{"name":"Hawlucha","species":"Hawlucha","item":"powerherb","ability":"Unburden","moves":["acrobatics","skyattack","drainpunch","swordsdance"],"nature":"Adamant","evs":{"hp":0,"atk":252,"def":0,"spa":0,"spd":0,"spe":252},"ivs":{"hp":31,"atk":31,"def":31,"spa":31,"spd":31,"spe":31}}],"log":["|player|p1|Pikapig123|120","|player|p2|SL~Kingdra|99","|gametype|singles","|gen|6","|tier|Monotype","|rated","|rule|Baton Pass Clause: Limit one Baton Passer, can't pass Spe and other stats simultaneously","|rule|Swagger Clause: Swagger is banned","|rule|Same Type Clause: Pokémon in a team must share a type","|clearpoke","|poke|p1|Terrakion","|poke|p1|Keldeo-Resolute","|poke|p1|Breloom, F","|poke|p1|Heracross, F","|poke|p1|Medicham, M","|poke|p1|Emboar, M, shiny","|poke|p2|Chesnaught, M","|poke|p2|Infernape, M","|poke|p2|Medicham, F","|poke|p2|Terrakion","|poke|p2|Keldeo-Resolute","|poke|p2|Hawlucha, F","|rule|Sleep Clause Mod: Limit one foe put to sleep","|rule|Species Clause: Limit one of each Pokémon","|rule|OHKO Clause: OHKO moves are banned","|rule|Moody Clause: Moody is banned","|rule|Evasion Moves Clause: Evasion moves are banned","|rule|Endless Battle Clause: Forcing endless battles is banned","|rule|HP Percentage Mod: HP is shown in percentages","|teampreview","|","|start","|switch|p1a: Ichigo|Keldeo-Resolute|324/324","|switch|p2a: Infernape|Infernape, M|294/294","|turn|1","|","|move|p1a: Ichigo|Hydro Pump|p2a: Infernape","|-supereffective|p2a: Infernape","|-enditem|p2a: Infernape|Focus Sash","|-damage|p2a: Infernape|1/294","|move|p2a: Infernape|Stealth Rock|p1a: Ichigo","|-sidestart|p1: Pikapig123|move: Stealth Rock","|","|turn|2","|","|move|p2a: Infernape|Mach Punch|p1a: Ichigo","|-damage|p1a: Ichigo|249/324","|move|p1a: Ichigo|Hydro Pump|p2a: Infernape","|-supereffective|p2a: Infernape","|-damage|p2a: Infernape|0 fnt","|faint|p2a: Infernape","|","|","|switch|p2a: Medicham|Medicham, F|262/262","|turn|3","|","|detailschange|p2a: Medicham|Medicham-Mega, F","|-mega|p2a: Medicham|Medicham|Medichamite","|move|p2a: Medicham|Fake Out|p1a: Ichigo","|-damage|p1a: Ichigo|166/324","|cant|p1a: Ichigo|flinch","|","|turn|4","|","|move|p1a: Ichigo|Hydro Pump|p2a: Medicham","|-damage|p2a: Medicham|40/262","|move|p2a: Medicham|Zen Headbutt|p1a: Ichigo","|-supereffective|p1a: Ichigo","|-damage|p1a: Ichigo|0 fnt","|faint|p1a: Ichigo","|","|","|switch|p1a: Yasutora Sado|Medicham, M|261/261","|-damage|p1a: Yasutora Sado|245/261|[from] Stealth Rock","|turn|5","|","|detailschange|p1a: Yasutora Sado|Medicham-Mega, M","|-mega|p1a: Yasutora Sado|Medicham|Medichamite","|move|p1a: Yasutora Sado|Fake Out|p2a: Medicham","|-damage|p2a: Medicham|0 fnt","|faint|p2a: Medicham","|","|","|switch|p2a: Chesnaught|Chesnaught, M|380/380","|turn|6","|","|move|p1a: Yasutora Sado|Ice Punch|p2a: Chesnaught","|-crit|p2a: Chesnaught","|-supereffective|p2a: Chesnaught","|-damage|p2a: Chesnaught|160/380","|move|p2a: Chesnaught|Spikes|p1a: Yasutora Sado","|-sidestart|p1: Pikapig123|Spikes","|","|-heal|p2a: Chesnaught|183/380|[from] item: Leftovers","|turn|7","|","|move|p2a: Chesnaught|Spiky Shield|p2a: Chesnaught","|-singleturn|p2a: Chesnaught|move: Protect","|move|p1a: Yasutora Sado|Ice Punch|p2a: Chesnaught","|-activate|p2a: Chesnaught|Protect","|-damage|p1a: Yasutora Sado|213/261|[from] Spiky Shield|[of] p2a: Chesnaught","|","|-heal|p2a: Chesnaught|206/380|[from] item: Leftovers","|turn|8","|","|move|p1a: Yasutora Sado|Ice Punch|p2a: Chesnaught","|-supereffective|p2a: Chesnaught","|-damage|p2a: Chesnaught|56/380","|move|p2a: Chesnaught|Leech Seed|p1a: Yasutora Sado","|-start|p1a: Yasutora Sado|move: Leech Seed","|","|-heal|p2a: Chesnaught|79/380|[from] item: Leftovers","|-damage|p1a: Yasutora Sado|181/261|[from] Leech Seed|[of] p2a: Chesnaught","|-heal|p2a: Chesnaught|111/380|[silent]","|turn|9","|","|move|p2a: Chesnaught|Spiky Shield|p2a: Chesnaught","|-singleturn|p2a: Chesnaught|move: Protect","|move|p1a: Yasutora Sado|Drain Punch|p2a: Chesnaught","|-activate|p2a: Chesnaught|Protect","|-damage|p1a: Yasutora Sado|149/261|[from] Spiky Shield|[of] p2a: Chesnaught","|","|-heal|p2a: Chesnaught|134/380|[from] item: Leftovers","|-damage|p1a: Yasutora Sado|117/261|[from] Leech Seed|[of] p2a: Chesnaught","|-heal|p2a: Chesnaught|166/380|[silent]","|turn|10","|","|move|p1a: Yasutora Sado|Drain Punch|p2a: Chesnaught","|-damage|p2a: Chesnaught|55/380","|-heal|p1a: Yasutora Sado|173/261|[from] drain|[of] p2a: Chesnaught","|move|p2a: Chesnaught|Leech Seed|p1a: Yasutora Sado","|-fail|p1a: Yasutora Sado","|","|-heal|p2a: Chesnaught|78/380|[from] item: Leftovers","|-damage|p1a: Yasutora Sado|141/261|[from] Leech Seed|[of] p2a: Chesnaught","|-heal|p2a: Chesnaught|110/380|[silent]","|turn|11","|","|move|p2a: Chesnaught|Spiky Shield|p2a: Chesnaught","|-singleturn|p2a: Chesnaught|move: Protect","|move|p1a: Yasutora Sado|Drain Punch|p2a: Chesnaught","|-activate|p2a: Chesnaught|Protect","|-damage|p1a: Yasutora Sado|109/261|[from] Spiky Shield|[of] p2a: Chesnaught","|","|-heal|p2a: Chesnaught|133/380|[from] item: Leftovers","|-damage|p1a: Yasutora Sado|77/261|[from] Leech Seed|[of] p2a: Chesnaught","|-heal|p2a: Chesnaught|165/380|[silent]","|turn|12","|","|move|p1a: Yasutora Sado|Drain Punch|p2a: Chesnaught","|-damage|p2a: Chesnaught|50/380","|-heal|p1a: Yasutora Sado|135/261|[from] drain|[of] p2a: Chesnaught","|move|p2a: Chesnaught|Spikes|p1a: Yasutora Sado","|-sidestart|p1: Pikapig123|Spikes","|","|-heal|p2a: Chesnaught|73/380|[from] item: Leftovers","|-damage|p1a: Yasutora Sado|103/261|[from] Leech Seed|[of] p2a: Chesnaught","|-heal|p2a: Chesnaught|105/380|[silent]","|turn|13","|","|move|p2a: Chesnaught|Spiky Shield|p2a: Chesnaught","|-singleturn|p2a: Chesnaught|move: Protect","|move|p1a: Yasutora Sado|Fake Out|p2a: Chesnaught","|-fail|p1a: Yasutora Sado","|-hint|Fake Out only works on your first turn out.","|","|-heal|p2a: Chesnaught|128/380|[from] item: Leftovers","|-damage|p1a: Yasutora Sado|71/261|[from] Leech Seed|[of] p2a: Chesnaught","|-heal|p2a: Chesnaught|160/380|[silent]","|turn|14","|","|move|p1a: Yasutora Sado|Drain Punch|p2a: Chesnaught","|-damage|p2a: Chesnaught|42/380","|-heal|p1a: Yasutora Sado|130/261|[from] drain|[of] p2a: Chesnaught","|move|p2a: Chesnaught|Drain Punch|p1a: Yasutora Sado","|-resisted|p1a: Yasutora Sado","|-damage|p1a: Yasutora Sado|74/261","|-heal|p2a: Chesnaught|70/380|[from] drain|[of] p1a: Yasutora Sado","|","|-heal|p2a: Chesnaught|93/380|[from] item: Leftovers","|-damage|p1a: Yasutora Sado|42/261|[from] Leech Seed|[of] p2a: Chesnaught","|-heal|p2a: Chesnaught|125/380|[silent]","|turn|15","|","|switch|p1a: Ayon|Terrakion|386/386","|-damage|p1a: Ayon|362/386|[from] Stealth Rock","|-damage|p1a: Ayon|298/386|[from] Spikes","|move|p2a: Chesnaught|Spikes|p1a: Ayon","|-sidestart|p1: Pikapig123|Spikes","|","|-heal|p2a: Chesnaught|148/380|[from] item: Leftovers","|turn|16","|","|move|p2a: Chesnaught|Spiky Shield|p2a: Chesnaught","|-singleturn|p2a: Chesnaught|move: Protect","|move|p1a: Ayon|Earthquake|p2a: Chesnaught","|-activate|p2a: Chesnaught|Protect","|","|-heal|p2a: Chesnaught|171/380|[from] item: Leftovers","|turn|17","|","|move|p1a: Ayon|Earthquake|p2a: Chesnaught","|-resisted|p2a: Chesnaught","|-damage|p2a: Chesnaught|140/380","|move|p2a: Chesnaught|Leech Seed|p1a: Ayon","|-start|p1a: Ayon|move: Leech Seed","|","|-heal|p2a: Chesnaught|163/380|[from] item: Leftovers","|-damage|p1a: Ayon|250/386|[from] Leech Seed|[of] p2a: Chesnaught","|-heal|p2a: Chesnaught|211/380|[silent]","|turn|18","|","|switch|p1a: Jidanbō Ikkanzaka|Emboar, M, shiny|423/423","|-damage|p1a: Jidanbō Ikkanzaka|371/423|[from] Stealth Rock","|-item|p1a: Jidanbō Ikkanzaka|Air Balloon","|move|p2a: Chesnaught|Leech Seed|p1a: Jidanbō Ikkanzaka","|-start|p1a: Jidanbō Ikkanzaka|move: Leech Seed","|","|-heal|p2a: Chesnaught|234/380|[from] item: Leftovers","|-damage|p1a: Jidanbō Ikkanzaka|319/423|[from] Leech Seed|[of] p2a: Chesnaught","|-heal|p2a: Chesnaught|286/380|[silent]","|turn|19","|","|move|p2a: Chesnaught|Spiky Shield|p2a: Chesnaught","|-singleturn|p2a: Chesnaught|move: Protect","|move|p1a: Jidanbō Ikkanzaka|Fire Blast|p2a: Chesnaught","|-activate|p2a: Chesnaught|Protect","|","|-heal|p2a: Chesnaught|309/380|[from] item: Leftovers","|-damage|p1a: Jidanbō Ikkanzaka|267/423|[from] Leech Seed|[of] p2a: Chesnaught","|-heal|p2a: Chesnaught|361/380|[silent]","|turn|20","|","|move|p1a: Jidanbō Ikkanzaka|Fire Blast|p2a: Chesnaught","|-supereffective|p2a: Chesnaught","|-damage|p2a: Chesnaught|31/380","|move|p2a: Chesnaught|Drain Punch|p1a: Jidanbō Ikkanzaka","|-damage|p1a: Jidanbō Ikkanzaka|129/423","|-heal|p2a: Chesnaught|100/380|[from] drain|[of] p1a: Jidanbō Ikkanzaka","|-enditem|p1a: Jidanbō Ikkanzaka|Air Balloon","|","|-heal|p2a: Chesnaught|123/380|[from] item: Leftovers","|-damage|p1a: Jidanbō Ikkanzaka|77/423|[from] Leech Seed|[of] p2a: Chesnaught","|-heal|p2a: Chesnaught|175/380|[silent]","|turn|21","|","|move|p2a: Chesnaught|Spiky Shield|p2a: Chesnaught","|-singleturn|p2a: Chesnaught|move: Protect","|move|p1a: Jidanbō Ikkanzaka|Fire Blast|p2a: Chesnaught","|-activate|p2a: Chesnaught|Protect","|","|-heal|p2a: Chesnaught|198/380|[from] item: Leftovers","|-damage|p1a: Jidanbō Ikkanzaka|25/423|[from] Leech Seed|[of] p2a: Chesnaught","|-heal|p2a: Chesnaught|250/380|[silent]","|turn|22","|","|switch|p2a: Keldeo-Resolute|Keldeo-Resolute|324/324","|move|p1a: Jidanbō Ikkanzaka|Fire Blast|p2a: Keldeo-Resolute","|-resisted|p2a: Keldeo-Resolute","|-damage|p2a: Keldeo-Resolute|256/324","|-status|p2a: Keldeo-Resolute|brn","|","|-damage|p1a: Jidanbō Ikkanzaka|0 fnt|[from] Leech Seed|[of] p2a: Keldeo-Resolute","|-heal|p2a: Keldeo-Resolute|281/324 brn|[silent]","|-damage|p2a: Keldeo-Resolute|241/324 brn|[from] brn","|faint|p1a: Jidanbō Ikkanzaka","|","|switch|p1a: Gin Ichimaru|Heracross, F|302/302","|-damage|p1a: Gin Ichimaru|265/302|[from] Stealth Rock","|-damage|p1a: Gin Ichimaru|190/302|[from] Spikes","|turn|23","|","|move|p1a: Gin Ichimaru|Aerial Ace|p2a: Keldeo-Resolute","|-supereffective|p2a: Keldeo-Resolute","|-damage|p2a: Keldeo-Resolute|93/324 brn","|move|p2a: Keldeo-Resolute|Scald|p1a: Gin Ichimaru","|-damage|p1a: Gin Ichimaru|0 fnt","|faint|p1a: Gin Ichimaru","|","|-damage|p2a: Keldeo-Resolute|53/324 brn|[from] brn","|","|switch|p1a: Orihime Inoue|Breloom, F|262/262","|-damage|p1a: Orihime Inoue|246/262|[from] Stealth Rock","|-damage|p1a: Orihime Inoue|181/262|[from] Spikes","|turn|24","|","|move|p1a: Orihime Inoue|Mach Punch|p2a: Keldeo-Resolute","|-damage|p2a: Keldeo-Resolute|0 fnt","|faint|p2a: Keldeo-Resolute","|","|","|switch|p2a: Hawlucha|Hawlucha, F|297/297","|turn|25","|","|move|p2a: Hawlucha|Sky Attack|p1a: Orihime Inoue|[still]","|-prepare|p2a: Hawlucha|Sky Attack|p1a: Orihime Inoue","|-enditem|p2a: Hawlucha|Power Herb","|-anim|p2a: Hawlucha|Sky Attack|p1a: Orihime Inoue","|-crit|p1a: Orihime Inoue","|-supereffective|p1a: Orihime Inoue","|-damage|p1a: Orihime Inoue|0 fnt","|faint|p1a: Orihime Inoue","|","|","|switch|p1a: Ayon|Terrakion|250/386","|-damage|p1a: Ayon|154/386|[from] Spikes","|-damage|p1a: Ayon|130/386|[from] Stealth Rock","|turn|26","|","|move|p2a: Hawlucha|Acrobatics|p1a: Ayon","|-damage|p1a: Ayon|0 fnt","|faint|p1a: Ayon","|","|","|switch|p1a: Yasutora Sado|Medicham-Mega, M|42/261","|-damage|p1a: Yasutora Sado|26/261|[from] Stealth Rock","|-damage|p1a: Yasutora Sado|0 fnt|[from] Spikes","|faint|p1a: Yasutora Sado","|","|win|SL~Kingdra"],"p1rating":{"entryid":"7062191","serverid":"eos","formatid":"monotype","userid":"pikapig123","username":"Pikapig123","w":"7","l":13,"t":"0","gxe":38.3,"r":1419.290303089,"rd":75.366504466023,"sigma":"0","rptime":1439629200,"rpr":1408.2081772488,"rprd":73.860676190459,"rpsigma":"0","acre":1049.3972836923,"lacre":1049.3972836923,"oldacre":"1068.6791050333"},"p2rating":{"entryid":"7548471","serverid":"eos","formatid":"monotype","userid":"slkingdra","username":"SL~Kingdra","w":12,"l":"10","t":"0","gxe":53.4,"r":"1519.9438968855","rd":"74.701130968254","sigma":"0","rptime":"1439629200","rpr":1525.9210899815,"rprd":68.300670507664,"rpsigma":"0","acre":1111.867301832,"lacre":1111.867301832,"oldacre":"1086.1503269469"},"endType":"normal"}