{"seed":[50612,5542,29958,1871],"turns":29,"p1":"Knight♕Altair","p2":"Void KGBeast","p1team":[{"name":"Take a Chance xd","species":"chansey","item":"eviolite","ability":"Natural Cure","moves":["toxic","softboiled","seismictoss","stealthrock"],"nature":"Bold","evs":{"hp":4,"atk":0,"def":252,"spa":0,"spd":252,"spe":0},"ivs":{"hp":31,"atk":31,"def":31,"spa":31,"spd":31,"spe":31}},{"name":"Im very Punny xd","species":"lopunny","item":"lopunnite","ability":"Limber","moves":["highjumpkick","return","fakeout","icepunch"],"nature":"Jolly","evs":{"hp":0,"atk":252,"def":4,"spa":0,"spd":0,"spe":252},"ivs":{"hp":31,"atk":31,"def":31,"spa":31,"spd":31,"spe":31}},{"name":"Pory is gone 2 far","species":"porygon2","item":"eviolite","ability":"Trace","moves":["toxic","icebeam","discharge","recover"],"nature":"Bold","evs":{"hp":252,"atk":0,"def":252,"spa":4,"spd":0,"spe":0},"ivs":{"hp":31,"atk":31,"def":31,"spa":31,"spd":31,"spe":31}},{"name":"Mellow Out D00d","species":"meloetta","item":"lifeorb","ability":"Serene Grace","moves":["relicsong","psychic","closecombat","knockoff"],"nature":"Naive","evs":{"hp":0,"atk":128,"def":0,"spa":128,"spd":0,"spe":252},"ivs":{"hp":31,"atk":31,"def":31,"spa":31,"spd":31,"spe":31}},{"name":"The Raptorz Star","species":"staraptor","item":"choiceband","ability":"Reckless","moves":["bravebird","doubleedge","finalgambit","uturn"],"nature":"Adamant","evs":{"hp":0,"atk":252,"def":4,"spa":0,"spd":0,"spe":252},"ivs":{"hp":31,"atk":31,"def":31,"spa":31,"spd":31,"spe":31}},{"name":"Give em Hell..iois","species":"heliolisk","item":"lifeorb","ability":"Dry Skin","moves":["voltswitch","hypervoice","grassknot","thunderbolt"],"nature":"Timid","evs":{"hp":0,"atk":0,"def":0,"spa":252,"spd":4,"spe":252},"ivs":{"hp":31,"atk":31,"def":31,"spa":31,"spd":31,"spe":31}}],"p2team":[{"name":"Charizard","species":"Charizard","item":"charizarditey","ability":"Blaze","moves":["defog","focusblast","fireblast","solarbeam"],"nature":"Timid","evs":{"hp":0,"atk":0,"def":0,"spa":252,"spd":4,"spe":252},"ivs":{"hp":31,"atk":0,"def":31,"spa":31,"spd":31,"spe":31}},{"name":"Infernape","species":"Infernape","item":"focussash","ability":"Blaze","moves":["stealthrock","taunt","closecombat","fireblast"],"nature":"Naive","evs":{"hp":0,"atk":252,"def":0,"spa":4,"spd":0,"spe":252},"ivs":{"hp":31,"atk":31,"def":31,"spa":31,"spd":31,"spe":31}},{"name":"Darmanitan","species":"Darmanitan","item":"choicescarf","ability":"Sheer Force","moves":["flareblitz","uturn","rockslide","superpower"],"nature":"Jolly","evs":{"hp":0,"atk":252,"def":0,"spa":0,"spd":4,"spe":252},"ivs":{"hp":31,"atk":31,"def":31,"spa":31,"spd":31,"spe":31}},{"name":"Heatran","species":"Heatran","item":"leftovers","ability":"Flash Fire","moves":["solarbeam","toxic","earthpower","flashcannon"],"nature":"Calm","evs":{"hp":248,"atk":0,"def":0,"spa":0,"spd":252,"spe":8},"ivs":{"hp":31,"atk":0,"def":31,"spa":31,"spd":31,"spe":31}},{"name":"Rotom-Heat","species":"Rotom-Heat","item":"choicescarf","ability":"Levitate","moves":["voltswitch","thunderbolt","hiddenpowerice","overheat"],"nature":"Timid","evs":{"hp":26,"atk":0,"def":0,"spa":230,"spd":0,"spe":252},"ivs":{"hp":31,"atk":0,"def":30,"spa":31,"spd":31,"spe":31}},{"name":"Arcanine","species":"Arcanine","item":"leftovers","ability":"Intimidate","moves":["willowisp","flareblitz","roar","morningsun"],"nature":"Impish","evs":{"hp":248,"atk":8,"def":252,"spa":0,"spd":0,"spe":0},"ivs":{"hp":31,"atk":31,"def":31,"spa":31,"spd":31,"spe":31}}],"log":["|player|p1|Knight♕Altair|274","|player|p2|Void KGBeast|25","|gametype|singles","|gen|6","|tier|Monotype","|rated","|rule|Baton Pass Clause: Limit one Baton Passer, can't pass Spe and other stats simultaneously","|rule|Swagger Clause: Swagger is banned","|rule|Same Type Clause: Pokémon in a team must share a type","|clearpoke","|poke|p1|Chansey, F","|poke|p1|Lopunny, F","|poke|p1|Porygon2","|poke|p1|Meloetta","|poke|p1|Staraptor, M","|poke|p1|Heliolisk, M","|poke|p2|Charizard, F","|poke|p2|Infernape, F","|poke|p2|Darmanitan, M","|poke|p2|Heatran, M","|poke|p2|Rotom-Heat","|poke|p2|Arcanine, F","|rule|Sleep Clause Mod: Limit one foe put to sleep","|rule|Species Clause: Limit one of each Pokémon","|rule|OHKO Clause: OHKO moves are banned","|rule|Moody Clause: Moody is banned","|rule|Evasion Moves Clause: Evasion moves are banned","|rule|Endless Battle Clause: Forcing endless battles is banned","|rule|HP Percentage Mod: HP is shown in percentages","|teampreview","|","|start","|switch|p1a: Mellow Out D00d|Meloetta|341/341","|switch|p2a: Infernape|Infernape, F|293/293","|turn|1","|","|switch|p2a: Heatran|Heatran, M|385/385","|move|p1a: Mellow Out D00d|Psychic|p2a: Heatran","|-resisted|p2a: Heatran","|-damage|p2a: Heatran|323/385","|-damage|p1a: Mellow Out D00d|307/341|[from] item: Life Orb","|","|-heal|p2a: Heatran|347/385|[from] item: Leftovers","|turn|2","|","|move|p1a: Mellow Out D00d|Relic Song|p2a: Heatran","|-resisted|p2a: Heatran","|-damage|p2a: Heatran|290/385","|-formechange|p1a: Mellow Out D00d|Meloetta-Pirouette|[msg]","|-damage|p1a: Mellow Out D00d|273/341|[from] item: Life Orb","|move|p2a: Heatran|Toxic|p1a: Mellow Out D00d","|-status|p1a: Mellow Out D00d|tox","|","|-heal|p2a: Heatran|314/385|[from] item: Leftovers","|-damage|p1a: Mellow Out D00d|252/341 tox|[from] psn","|turn|3","|","|switch|p2a: Arcanine|Arcanine, F|383/383","|-ability|p2a: Arcanine|Intimidate","|-unboost|p1a: Mellow Out D00d|atk|1","|move|p1a: Mellow Out D00d|Close Combat|p2a: Arcanine","|-damage|p2a: Arcanine|247/383","|-unboost|p1a: Mellow Out D00d|def|1","|-unboost|p1a: Mellow Out D00d|spd|1","|-damage|p1a: Mellow Out D00d|218/341 tox|[from] item: Life Orb","|","|-heal|p2a: Arcanine|270/383|[from] item: Leftovers","|-damage|p1a: Mellow Out D00d|176/341 tox|[from] psn","|turn|4","|","|move|p1a: Mellow Out D00d|Relic Song|p2a: Arcanine","|-damage|p2a: Arcanine|132/383","|-formechange|p1a: Mellow Out D00d|Meloetta|[msg]","|-damage|p1a: Mellow Out D00d|142/341 tox|[from] item: Life Orb","|move|p2a: Arcanine|Morning Sun|p2a: Arcanine","|-heal|p2a: Arcanine|323/383","|","|-heal|p2a: Arcanine|346/383|[from] item: Leftovers","|-damage|p1a: Mellow Out D00d|79/341 tox|[from] psn","|turn|5","|","|switch|p2a: Heatran|Heatran, M|314/385","|move|p1a: Mellow Out D00d|Psychic|p2a: Heatran","|-resisted|p2a: Heatran","|-damage|p2a: Heatran|250/385","|-damage|p1a: Mellow Out D00d|45/341 tox|[from] item: Life Orb","|","|-heal|p2a: Heatran|274/385|[from] item: Leftovers","|-damage|p1a: Mellow Out D00d|0 fnt|[from] psn","|faint|p1a: Mellow Out D00d","|","|switch|p1a: Im very Punny xd|Lopunny, F|271/271","|turn|6","|","|switch|p2a: Arcanine|Arcanine, F|346/383","|-ability|p2a: Arcanine|Intimidate","|-unboost|p1a: Im very Punny xd|atk|1","|detailschange|p1a: Im very Punny xd|Lopunny-Mega, F","|-mega|p1a: Im very Punny xd|Lopunny|Lopunnite","|move|p1a: Im very Punny xd|Fake Out|p2a: Arcanine","|-damage|p2a: Arcanine|304/383","|","|-heal|p2a: Arcanine|327/383|[from] item: Leftovers","|turn|7","|","|move|p1a: Im very Punny xd|High Jump Kick|p2a: Arcanine","|-damage|p2a: Arcanine|186/383","|move|p2a: Arcanine|Will-O-Wisp|p1a: Im very Punny xd|[miss]","|-miss|p2a: Arcanine|p1a: Im very Punny xd","|","|-heal|p2a: Arcanine|209/383|[from] item: Leftovers","|turn|8","|","|switch|p1a: Take a Chance xd|Chansey, F|642/642","|move|p2a: Arcanine|Morning Sun|p2a: Arcanine","|-heal|p2a: Arcanine|383/383","|","|turn|9","|","|switch|p2a: Infernape|Infernape, F|293/293","|move|p1a: Take a Chance xd|Toxic|p2a: Infernape","|-status|p2a: Infernape|tox","|","|-damage|p2a: Infernape|275/293 tox|[from] psn","|turn|10","|","|move|p2a: Infernape|Taunt|p1a: Take a Chance xd","|-start|p1a: Take a Chance xd|move: Taunt","|cant|p1a: Take a Chance xd|move: Taunt|Stealth Rock","|","|-damage|p2a: Infernape|239/293 tox|[from] psn","|turn|11","|","|switch|p1a: Pory is gone 2 far|Porygon2|374/374","|-ability|p1a: Pory is gone 2 far|Blaze|[from] ability: Trace|[of] p2a: Infernape","|move|p2a: Infernape|Stealth Rock|p1a: Pory is gone 2 far","|-sidestart|p1: Knight♕Altair|move: Stealth Rock","|","|-damage|p2a: Infernape|185/293 tox|[from] psn","|turn|12","|","|switch|p2a: Heatran|Heatran, M|274/385","|move|p1a: Pory is gone 2 far|Discharge|p2a: Heatran","|-damage|p2a: Heatran|228/385","|","|-heal|p2a: Heatran|252/385|[from] item: Leftovers","|turn|13","|","|switch|p2a: Infernape|Infernape, F|185/293 tox","|move|p1a: Pory is gone 2 far|Discharge|p2a: Infernape","|-damage|p2a: Infernape|87/293 tox","|","|-damage|p2a: Infernape|69/293 tox|[from] psn","|turn|14","|","|switch|p2a: Rotom-Heat|Rotom-Heat|247/247","|move|p1a: Pory is gone 2 far|Discharge|p2a: Rotom-Heat","|-resisted|p2a: Rotom-Heat","|-damage|p2a: Rotom-Heat|217/247","|","|turn|15","|","|move|p2a: Rotom-Heat|Volt Switch|p1a: Pory is gone 2 far","|-damage|p1a: Pory is gone 2 far|298/374","|","|switch|p2a: Heatran|Heatran, M|252/385","|move|p1a: Pory is gone 2 far|Toxic|p2a: Heatran","|-immune|p2a: Heatran|[msg]","|","|-heal|p2a: Heatran|276/385|[from] item: Leftovers","|turn|16","|","|move|p2a: Heatran|Toxic|p1a: Pory is gone 2 far","|-status|p1a: Pory is gone 2 far|tox","|move|p1a: Pory is gone 2 far|Discharge|p2a: Heatran","|-damage|p2a: Heatran|231/385","|","|-heal|p2a: Heatran|255/385|[from] item: Leftovers","|-damage|p1a: Pory is gone 2 far|275/374 tox|[from] psn","|turn|17","|","|switch|p1a: Take a Chance xd|Chansey, F|642/642","|-damage|p1a: Take a Chance xd|562/642|[from] Stealth Rock","|move|p2a: Heatran|Flash Cannon|p1a: Take a Chance xd","|-damage|p1a: Take a Chance xd|507/642","|","|-heal|p2a: Heatran|279/385|[from] item: Leftovers","|turn|18","|","|switch|p2a: Infernape|Infernape, F|69/293 tox","|move|p1a: Take a Chance xd|Stealth Rock|p2a: Infernape","|-sidestart|p2: Void KGBeast|move: Stealth Rock","|","|-damage|p2a: Infernape|51/293 tox|[from] psn","|turn|19","|","|move|p2a: Infernape|Close Combat|p1a: Take a Chance xd","|-supereffective|p1a: Take a Chance xd","|-damage|p1a: Take a Chance xd|43/642","|-unboost|p2a: Infernape|def|1","|-unboost|p2a: Infernape|spd|1","|move|p1a: Take a Chance xd|Seismic Toss|p2a: Infernape","|-damage|p2a: Infernape|0 fnt","|faint|p2a: Infernape","|","|","|switch|p2a: Charizard|Charizard, F|297/297","|-damage|p2a: Charizard|149/297|[from] Stealth Rock","|turn|20","|","|detailschange|p2a: Charizard|Charizard-Mega-Y, F","|-mega|p2a: Charizard|Charizard|Charizardite Y","|-weather|SunnyDay","|move|p2a: Charizard|Solar Beam|p1a: Take a Chance xd|[still]","|-prepare|p2a: Charizard|Solar Beam|p1a: Take a Chance xd","|-anim|p2a: Charizard|Solar Beam|p1a: Take a Chance xd","|-damage|p1a: Take a Chance xd|0 fnt","|faint|p1a: Take a Chance xd","|","|-weather|SunnyDay|[upkeep]","|","|switch|p1a: Im very Punny xd|Lopunny-Mega, F|271/271","|-damage|p1a: Im very Punny xd|255/271|[from] Stealth Rock","|turn|21","|","|switch|p2a: Arcanine|Arcanine, F|383/383","|-damage|p2a: Arcanine|288/383|[from] Stealth Rock","|-ability|p2a: Arcanine|Intimidate","|-unboost|p1a: Im very Punny xd|atk|1","|move|p1a: Im very Punny xd|Fake Out|p2a: Arcanine","|-damage|p2a: Arcanine|243/383","|","|-weather|SunnyDay|[upkeep]","|-heal|p2a: Arcanine|266/383|[from] item: Leftovers","|turn|22","|","|move|p1a: Im very Punny xd|High Jump Kick|p2a: Arcanine","|-damage|p2a: Arcanine|139/383","|move|p2a: Arcanine|Morning Sun|p2a: Arcanine","|-heal|p2a: Arcanine|383/383","|","|-weather|SunnyDay|[upkeep]","|turn|23","|","|switch|p1a: Pory is gone 2 far|Porygon2|275/374 tox","|-damage|p1a: Pory is gone 2 far|229/374 tox|[from] Stealth Rock","|-ability|p1a: Pory is gone 2 far|Intimidate|[from] ability: Trace|[of] p2a: Arcanine","|-ability|p1a: Pory is gone 2 far|Intimidate","|-unboost|p2a: Arcanine|atk|1","|move|p2a: Arcanine|Flare Blitz|p1a: Pory is gone 2 far","|-damage|p1a: Pory is gone 2 far|147/374 tox","|-damage|p2a: Arcanine|356/383|[from] recoil|[of] p1a: Pory is gone 2 far","|","|-weather|SunnyDay|[upkeep]","|-heal|p2a: Arcanine|379/383|[from] item: Leftovers","|-damage|p1a: Pory is gone 2 far|124/374 tox|[from] psn","|turn|24","|","|switch|p2a: Heatran|Heatran, M|279/385","|-damage|p2a: Heatran|231/385|[from] Stealth Rock","|move|p1a: Pory is gone 2 far|Toxic|p2a: Heatran","|-immune|p2a: Heatran|[msg]","|","|-weather|none","|-heal|p2a: Heatran|255/385|[from] item: Leftovers","|-damage|p1a: Pory is gone 2 far|78/374 tox|[from] psn","|turn|25","|","|move|p2a: Heatran|Flash Cannon|p1a: Pory is gone 2 far","|-damage|p1a: Pory is gone 2 far|0 fnt","|faint|p1a: Pory is gone 2 far","|","|-heal|p2a: Heatran|279/385|[from] item: Leftovers","|","|switch|p1a: Im very Punny xd|Lopunny-Mega, F|255/271","|-damage|p1a: Im very Punny xd|239/271|[from] Stealth Rock","|turn|26","|","|switch|p2a: Charizard|Charizard-Mega-Y, F|149/297","|-damage|p2a: Charizard|1/297|[from] Stealth Rock","|-weather|SunnyDay","|move|p1a: Im very Punny xd|Fake Out|p2a: Charizard","|-damage|p2a: Charizard|0 fnt","|faint|p2a: Charizard","|","|-weather|SunnyDay|[upkeep]","|","|switch|p2a: Darmanitan|Darmanitan, M|351/351","|-damage|p2a: Darmanitan|264/351|[from] Stealth Rock","|turn|27","|","|move|p2a: Darmanitan|Flare Blitz|p1a: Im very Punny xd","|-crit|p1a: Im very Punny xd","|-damage|p1a: Im very Punny xd|0 fnt","|-damage|p2a: Darmanitan|185/351|[from] recoil|[of] p1a: Im very Punny xd","|faint|p1a: Im very Punny xd","|","|-weather|SunnyDay|[upkeep]","|","|switch|p1a: Give em Hell..iois|Heliolisk, M|265/265","|-damage|p1a: Give em Hell..iois|232/265|[from] Stealth Rock","|turn|28","|","|move|p2a: Darmanitan|Flare Blitz|p1a: Give em Hell..iois","|-crit|p1a: Give em Hell..iois","|-damage|p1a: Give em Hell..iois|0 fnt","|-damage|p2a: Darmanitan|108/351|[from] recoil|[of] p1a: Give em Hell..iois","|faint|p1a: Give em Hell..iois","|","|-weather|SunnyDay|[upkeep]","|","|switch|p1a: The Raptorz Star|Staraptor, M|311/311","|-damage|p1a: The Raptorz Star|234/311|[from] Stealth Rock","|turn|29","|","|move|p2a: Darmanitan|Flare Blitz|p1a: The Raptorz Star","|-damage|p1a: The Raptorz Star|0 fnt","|-damage|p2a: Darmanitan|31/351|[from] recoil|[of] p1a: The Raptorz Star","|faint|p1a: The Raptorz Star","|","|win|Void KGBeast"],"p1rating":{"entryid":"7650439","serverid":"eos","formatid":"monotype","userid":"knightaltair","username":"Knight♕Altair","w":"2","l":5,"t":"0","gxe":36.7,"r":"1500","rd":"130","sigma":"0","rptime":"1439629200","rpr":1393.2685940444,"rprd":95.647169799415,"rpsigma":"0","acre":1040.7679969118,"lacre":1040.7679969118,"oldacre":"1053.6623258055"},"p2rating":{"entryid":"6841698","serverid":"eos","formatid":"monotype","userid":"voidkgbeast","username":"Void KGBeast","w":32,"l":"25","t":"0","gxe":54.9,"r":"1537.8806743883","rd":"51.423382445373","sigma":"0","rptime":"1439629200","rpr":1537.1807903423,"rprd":47.979607973232,"rpsigma":"0","acre":1173.5905580608,"lacre":1173.5905580608,"oldacre":"1155.7307324987"},"endType":"normal"}