{"seed":[60376,18411,44749,10938],"turns":29,"p1":"Rain ☆ Trivial","p2":"V Photon","p1team":[{"name":"Zapdos","species":"Zapdos","item":"leftovers","ability":"Pressure","moves":["discharge","heatwave","roost","defog"],"nature":"Bold","evs":{"hp":248,"atk":0,"def":252,"spa":0,"spd":0,"spe":8},"ivs":{"hp":31,"atk":31,"def":31,"spa":31,"spd":31,"spe":31}},{"name":"Thundurus","species":"Thundurus","item":"lifeorb","ability":"Prankster","moves":["thunderbolt","grassknot","hiddenpowerice","thunderwave"],"nature":"Timid","evs":{"hp":0,"atk":0,"def":0,"spa":252,"spd":4,"spe":252},"ivs":{"hp":31,"atk":30,"def":30,"spa":31,"spd":31,"spe":31}},{"name":"Manectric","species":"Manectric","item":"manectite","ability":"Lightning Rod","moves":["protect","voltswitch","flamethrower","hiddenpowerice"],"nature":"Timid","evs":{"hp":0,"atk":0,"def":4,"spa":252,"spd":0,"spe":252},"ivs":{"hp":31,"atk":30,"def":30,"spa":31,"spd":31,"spe":31}},{"name":"Rotom-Wash","species":"Rotom-Wash","item":"chestoberry","ability":"Levitate","moves":["rest","voltswitch","hydropump","willowisp"],"nature":"Calm","evs":{"hp":248,"atk":0,"def":0,"spa":8,"spd":252,"spe":0},"shiny":true,"ivs":{"hp":31,"atk":31,"def":31,"spa":31,"spd":31,"spe":31}},{"name":"Electivire","species":"Electivire","item":"choicescarf","ability":"Motor Drive","moves":["icepunch","earthquake","rockslide","voltswitch"],"nature":"","evs":{"hp":0,"atk":0,"def":0,"spa":0,"spd":0,"spe":0},"ivs":{"hp":31,"atk":31,"def":31,"spa":31,"spd":31,"spe":31}},{"name":"Magnezone","species":"Magnezone","item":"choicespecs","ability":"Sturdy","moves":["thunderbolt","voltswitch","flashcannon","hiddenpowergrass"],"nature":"Modest","evs":{"hp":100,"atk":0,"def":0,"spa":236,"spd":0,"spe":172},"ivs":{"hp":31,"atk":30,"def":31,"spa":30,"spd":31,"spe":31}}],"p2team":[{"name":"Whimsicott","species":"Whimsicott","item":"lifeorb","ability":"Prankster","moves":["moonblast","cottonguard","leechseed","hiddenpowerrock"],"nature":"Timid","evs":{"hp":0,"atk":0,"def":0,"spa":252,"spd":4,"spe":252},"ivs":{"hp":31,"atk":31,"def":30,"spa":31,"spd":30,"spe":30}},{"name":"Ludicolo","species":"Ludicolo","item":"assaultvest","ability":"Rain Dish","moves":["energyball","hydropump","icebeam","hiddenpowerfire"],"nature":"Modest","evs":{"hp":248,"atk":0,"def":0,"spa":252,"spd":8,"spe":0},"ivs":{"hp":31,"atk":30,"def":31,"spa":30,"spd":31,"spe":30}},{"name":"Serperior","species":"Serperior","item":"lifeorb","ability":"Contrary","moves":["leafstorm","dragonpulse","hiddenpowerrock","gigadrain"],"nature":"Timid","evs":{"hp":0,"atk":0,"def":0,"spa":252,"spd":4,"spe":252},"ivs":{"hp":31,"atk":31,"def":30,"spa":31,"spd":30,"spe":30}},{"name":"Breloom","species":"Breloom","item":"focussash","ability":"Technician","moves":["swordsdance","drainpunch","machpunch","rockslide"],"nature":"Adamant","evs":{"hp":248,"atk":252,"def":0,"spa":0,"spd":8,"spe":0},"ivs":{"hp":31,"atk":31,"def":31,"spa":31,"spd":31,"spe":31}},{"name":"Venusaur","species":"Venusaur","item":"venusaurite","ability":"Overgrow","moves":["curse","earthquake","petalblizzard","synthesis"],"nature":"Adamant","evs":{"hp":248,"atk":252,"def":0,"spa":0,"spd":8,"spe":0},"ivs":{"hp":31,"atk":31,"def":31,"spa":31,"spd":31,"spe":31}},{"name":"Ferrothorn","species":"Ferrothorn","item":"rockyhelmet","ability":"Iron Barbs","moves":["stealthrock","thunderwave","gyroball","leechseed"],"nature":"Relaxed","evs":{"hp":252,"atk":4,"def":252,"spa":0,"spd":0,"spe":0},"ivs":{"hp":31,"atk":31,"def":31,"spa":31,"spd":31,"spe":0}}],"log":["|player|p1|Rain ☆ Trivial|52","|player|p2|V Photon|66","|gametype|singles","|gen|6","|tier|Monotype","|rated","|rule|Baton Pass Clause: Limit one Baton Passer, can't pass Spe and other stats simultaneously","|rule|Swagger Clause: Swagger is banned","|rule|Same Type Clause: Pokémon in a team must share a type","|clearpoke","|poke|p1|Zapdos","|poke|p1|Thundurus, M","|poke|p1|Manectric, F","|poke|p1|Rotom-Wash, shiny","|poke|p1|Electivire, F","|poke|p1|Magnezone","|poke|p2|Whimsicott, F","|poke|p2|Ludicolo, M","|poke|p2|Serperior, M","|poke|p2|Breloom, F","|poke|p2|Venusaur, M","|poke|p2|Ferrothorn, M","|rule|Sleep Clause Mod: Limit one foe put to sleep","|rule|Species Clause: Limit one of each Pokémon","|rule|OHKO Clause: OHKO moves are banned","|rule|Moody Clause: Moody is banned","|rule|Evasion Moves Clause: Evasion moves are banned","|rule|Endless Battle Clause: Forcing endless battles is banned","|rule|HP Percentage Mod: HP is shown in percentages","|teampreview","|","|start","|switch|p1a: Rotom-Wash|Rotom-Wash, shiny|303/303","|switch|p2a: Serperior|Serperior, M|291/291","|turn|1","|","|move|p2a: Serperior|Leaf Storm|p1a: Rotom-Wash","|-supereffective|p1a: Rotom-Wash","|-damage|p1a: Rotom-Wash|0 fnt","|-boost|p2a: Serperior|spa|2","|-damage|p2a: Serperior|262/291|[from] item: Life Orb","|faint|p1a: Rotom-Wash","|","|","|switch|p1a: Manectric|Manectric, F|281/281","|turn|2","|","|detailschange|p1a: Manectric|Manectric-Mega, F","|-mega|p1a: Manectric|Manectric|Manectite","|-ability|p1a: Manectric|Intimidate","|-boost|p2a: Serperior|atk|1","|move|p1a: Manectric|Protect|p1a: Manectric","|-singleturn|p1a: Manectric|Protect","|move|p2a: Serperior|Leaf Storm|p1a: Manectric","|-activate|p1a: Manectric|Protect","|","|turn|3","|","|switch|p2a: Ludicolo|Ludicolo, M|363/363","|move|p1a: Manectric|Flamethrower|p2a: Ludicolo","|-damage|p2a: Ludicolo|288/363","|","|turn|4","|","|move|p1a: Manectric|Volt Switch|p2a: Ludicolo","|-damage|p2a: Ludicolo|195/363","|","|switch|p1a: Thundurus|Thundurus, M|299/299","|move|p2a: Ludicolo|Hydro Pump|p1a: Thundurus","|-damage|p1a: Thundurus|89/299","|","|turn|5","|","|move|p1a: Thundurus|Hidden Power|p2a: Ludicolo","|-damage|p2a: Ludicolo|135/363","|-damage|p1a: Thundurus|60/299|[from] item: Life Orb","|move|p2a: Ludicolo|Ice Beam|p1a: Thundurus","|-supereffective|p1a: Thundurus","|-damage|p1a: Thundurus|0 fnt","|faint|p1a: Thundurus","|","|","|switch|p1a: Magnezone|Magnezone|306/306","|turn|6","|","|switch|p2a: Ferrothorn|Ferrothorn, M|352/352","|move|p1a: Magnezone|Thunderbolt|p2a: Ferrothorn","|-resisted|p2a: Ferrothorn","|-damage|p2a: Ferrothorn|232/352","|","|turn|7","|","|move|p1a: Magnezone|Thunderbolt|p2a: Ferrothorn","|-resisted|p2a: Ferrothorn","|-damage|p2a: Ferrothorn|112/352","|move|p2a: Ferrothorn|Leech Seed|p1a: Magnezone|[miss]","|-miss|p2a: Ferrothorn|p1a: Magnezone","|","|turn|8","|","|move|p1a: Magnezone|Thunderbolt|p2a: Ferrothorn","|-resisted|p2a: Ferrothorn","|-damage|p2a: Ferrothorn|0 fnt","|faint|p2a: Ferrothorn","|","|","|switch|p2a: Venusaur|Venusaur, M|363/363","|turn|9","|","|detailschange|p2a: Venusaur|Venusaur-Mega, M","|-mega|p2a: Venusaur|Venusaur|Venusaurite","|move|p1a: Magnezone|Thunderbolt|p2a: Venusaur","|-resisted|p2a: Venusaur","|-damage|p2a: Venusaur|249/363","|move|p2a: Venusaur|Curse|p2a: Venusaur","|-unboost|p2a: Venusaur|spe|1","|-boost|p2a: Venusaur|atk|1","|-boost|p2a: Venusaur|def|1","|","|turn|10","|","|switch|p1a: Zapdos|Zapdos|383/383","|-ability|p1a: Zapdos|Pressure","|move|p2a: Venusaur|Earthquake|p1a: Zapdos","|-immune|p1a: Zapdos|[msg]","|","|turn|11","|","|move|p1a: Zapdos|Heat Wave|p2a: Venusaur","|-supereffective|p2a: Venusaur","|-damage|p2a: Venusaur|169/363","|move|p2a: Venusaur|Curse|p2a: Venusaur","|-unboost|p2a: Venusaur|spe|1","|-boost|p2a: Venusaur|atk|1","|-boost|p2a: Venusaur|def|1","|","|turn|12","|","|move|p1a: Zapdos|Heat Wave|p2a: Venusaur","|-supereffective|p2a: Venusaur","|-damage|p2a: Venusaur|93/363","|move|p2a: Venusaur|Synthesis|p2a: Venusaur","|-heal|p2a: Venusaur|274/363","|","|turn|13","|","|move|p1a: Zapdos|Heat Wave|p2a: Venusaur","|-supereffective|p2a: Venusaur","|-damage|p2a: Venusaur|198/363","|move|p2a: Venusaur|Synthesis|p2a: Venusaur","|-heal|p2a: Venusaur|363/363","|","|turn|14","|","|move|p1a: Zapdos|Heat Wave|p2a: Venusaur","|-supereffective|p2a: Venusaur","|-damage|p2a: Venusaur|279/363","|move|p2a: Venusaur|Curse|p2a: Venusaur","|-unboost|p2a: Venusaur|spe|1","|-boost|p2a: Venusaur|atk|1","|-boost|p2a: Venusaur|def|1","|","|turn|15","|","|switch|p1a: Magnezone|Magnezone|306/306","|move|p2a: Venusaur|Petal Blizzard|p1a: Magnezone","|-resisted|p1a: Magnezone","|-damage|p1a: Magnezone|136/306","|","|turn|16","|","|move|p1a: Magnezone|Flash Cannon|p2a: Venusaur","|-damage|p2a: Venusaur|81/363","|move|p2a: Venusaur|Synthesis|p2a: Venusaur","|-heal|p2a: Venusaur|262/363","|","|turn|17","|","|move|p1a: Magnezone|Flash Cannon|p2a: Venusaur","|-damage|p2a: Venusaur|73/363","|-unboost|p2a: Venusaur|spd|1","|move|p2a: Venusaur|Petal Blizzard|p1a: Magnezone","|-resisted|p1a: Magnezone","|-damage|p1a: Magnezone|0 fnt","|faint|p1a: Magnezone","|","|","|switch|p1a: Manectric|Manectric-Mega, F|281/281","|-ability|p1a: Manectric|Intimidate","|-unboost|p2a: Venusaur|atk|1","|turn|18","|","|move|p1a: Manectric|Flamethrower|p2a: Venusaur","|-supereffective|p2a: Venusaur","|-damage|p2a: Venusaur|0 fnt","|faint|p2a: Venusaur","|","|","|switch|p2a: Ludicolo|Ludicolo, M|135/363","|turn|19","|","|move|p1a: Manectric|Volt Switch|p2a: Ludicolo","|-damage|p2a: Ludicolo|53/363","|","|switch|p1a: Zapdos|Zapdos|383/383","|-ability|p1a: Zapdos|Pressure","|move|p2a: Ludicolo|Ice Beam|p1a: Zapdos","|-supereffective|p1a: Zapdos","|-damage|p1a: Zapdos|189/383","|","|-heal|p1a: Zapdos|212/383|[from] item: Leftovers","|turn|20","|","|move|p1a: Zapdos|Discharge|p2a: Ludicolo","|-damage|p2a: Ludicolo|0 fnt","|faint|p2a: Ludicolo","|","|-heal|p1a: Zapdos|235/383|[from] item: Leftovers","|","|switch|p2a: Whimsicott|Whimsicott, F|261/261","|turn|21","|","|move|p2a: Whimsicott|Moonblast|p1a: Zapdos","|-damage|p1a: Zapdos|79/383","|-damage|p2a: Whimsicott|235/261|[from] item: Life Orb","|move|p1a: Zapdos|Roost|p1a: Zapdos","|-heal|p1a: Zapdos|271/383","|","|-heal|p1a: Zapdos|294/383|[from] item: Leftovers","|turn|22","|","|move|p2a: Whimsicott|Leech Seed|p1a: Zapdos","|-start|p1a: Zapdos|move: Leech Seed","|move|p1a: Zapdos|Roost|p1a: Zapdos","|-heal|p1a: Zapdos|383/383","|","|-damage|p1a: Zapdos|336/383|[from] Leech Seed|[of] p2a: Whimsicott","|-heal|p2a: Whimsicott|261/261|[silent]","|turn|23","|","|move|p2a: Whimsicott|Moonblast|p1a: Zapdos","|-damage|p1a: Zapdos|157/383","|-damage|p2a: Whimsicott|235/261|[from] item: Life Orb","|move|p1a: Zapdos|Heat Wave|p2a: Whimsicott","|-supereffective|p2a: Whimsicott","|-damage|p2a: Whimsicott|15/261","|","|-heal|p1a: Zapdos|180/383|[from] item: Leftovers","|-damage|p1a: Zapdos|133/383|[from] Leech Seed|[of] p2a: Whimsicott","|-heal|p2a: Whimsicott|62/261|[silent]","|turn|24","|","|move|p2a: Whimsicott|Moonblast|p1a: Zapdos","|-damage|p1a: Zapdos|0 fnt","|-damage|p2a: Whimsicott|36/261|[from] item: Life Orb","|faint|p1a: Zapdos","|","|","|switch|p1a: Manectric|Manectric-Mega, F|281/281","|-ability|p1a: Manectric|Intimidate","|-unboost|p2a: Whimsicott|atk|1","|turn|25","|","|move|p1a: Manectric|Flamethrower|p2a: Whimsicott","|-supereffective|p2a: Whimsicott","|-damage|p2a: Whimsicott|0 fnt","|faint|p2a: Whimsicott","|","|","|switch|p2a: Breloom|Breloom, F|323/323","|turn|26","|","|move|p1a: Manectric|Flamethrower|p2a: Breloom","|-supereffective|p2a: Breloom","|-damage|p2a: Breloom|21/323","|move|p2a: Breloom|Drain Punch|p1a: Manectric","|-damage|p1a: Manectric|98/281","|-heal|p2a: Breloom|113/323|[from] drain|[of] p1a: Manectric","|","|turn|27","|","|move|p2a: Breloom|Mach Punch|p1a: Manectric","|-damage|p1a: Manectric|0 fnt","|faint|p1a: Manectric","|","|","|switch|p1a: Electivire|Electivire, F|291/291","|turn|28","|","|move|p2a: Breloom|Mach Punch|p1a: Electivire","|-damage|p1a: Electivire|120/291","|move|p1a: Electivire|Ice Punch|p2a: Breloom","|-supereffective|p2a: Breloom","|-damage|p2a: Breloom|0 fnt","|faint|p2a: Breloom","|","|","|switch|p2a: Serperior|Serperior, M|262/291","|turn|29","|","|move|p2a: Serperior|Leaf Storm|p1a: Electivire","|-damage|p1a: Electivire|0 fnt","|-boost|p2a: Serperior|spa|2","|-damage|p2a: Serperior|233/291|[from] item: Life Orb","|faint|p1a: Electivire","|","|win|V Photon"],"p1rating":{"entryid":"7639700","serverid":"eos","formatid":"monotype","userid":"raintrivial","username":"Rain ☆ Trivial","w":"2","l":3,"t":"0","gxe":42.9,"r":"1557.1019015165","rd":"117.52977944538","sigma":"0","rptime":"1439629200","rpr":1443.916707962,"rprd":103.51781559534,"rpsigma":"0","acre":1022.8572297209,"lacre":1022.8572297209,"oldacre":"1037.516407525"},"p2rating":{"entryid":"7561969","serverid":"eos","formatid":"monotype","userid":"vphoton","username":"V Photon","w":8,"l":"10","t":"0","gxe":46.3,"r":"1480.1813764591","rd":"80.230376137595","sigma":"0","rptime":"1439629200","rpr":1471.8997792774,"rprd":72.217119282438,"rpsigma":"0","acre":1088.2811659829,"lacre":1088.2811659829,"oldacre":"1059.0712580398"},"endType":"normal"}