{"seed":[46463,16413,34968,64376],"turns":22,"p1":"law and order svu","p2":"GTX♅Cool","p1team":[{"name":"Garchomp","species":"Garchomp","item":"garchompite","ability":"Rough Skin","moves":["earthquake","dragonclaw","fireblast","swordsdance"],"nature":"Naive","evs":{"hp":0,"atk":252,"def":0,"spa":4,"spd":0,"spe":252},"ivs":{"hp":31,"atk":31,"def":31,"spa":31,"spd":31,"spe":31}},{"name":"Hippowdon","species":"Hippowdon","item":"leftovers","ability":"Sand Stream","moves":["stealthrock","slackoff","earthquake","icefang"],"nature":"Impish","evs":{"hp":252,"atk":4,"def":252,"spa":0,"spd":0,"spe":0},"gender":"F","ivs":{"hp":31,"atk":31,"def":31,"spa":31,"spd":31,"spe":31}},{"name":"Excadrill","species":"Excadrill","item":"lifeorb","ability":"Sand Rush","moves":["ironhead","earthquake","rockslide","swordsdance"],"nature":"Adamant","evs":{"hp":0,"atk":252,"def":0,"spa":0,"spd":4,"spe":252},"ivs":{"hp":31,"atk":31,"def":31,"spa":31,"spd":31,"spe":31}},{"name":"Landorus","species":"Landorus","item":"lifeorb","ability":"Sheer Force","moves":["earthpower","sludgewave","psychic","hiddenpowerfire"],"nature":"Timid","evs":{"hp":0,"atk":0,"def":0,"spa":252,"spd":4,"spe":252},"ivs":{"hp":31,"atk":30,"def":31,"spa":30,"spd":31,"spe":30}},{"name":"Gastrodon","species":"Gastrodon","item":"leftovers","ability":"Storm Drain","moves":["scald","earthpower","toxic","recover"],"nature":"Bold","evs":{"hp":252,"atk":0,"def":252,"spa":4,"spd":0,"spe":0},"ivs":{"hp":31,"atk":31,"def":31,"spa":31,"spd":31,"spe":31}},{"name":"Nidoking","species":"Nidoking","item":"lifeorb","ability":"Sheer Force","moves":["sludgewave","earthpower","icebeam","thunderbolt"],"nature":"Timid","evs":{"hp":0,"atk":0,"def":0,"spa":252,"spd":4,"spe":252},"ivs":{"hp":31,"atk":31,"def":31,"spa":31,"spd":31,"spe":31}}],"p2team":[{"name":"mlg","species":"bisharp","item":"assaultvest","ability":"Defiant","moves":["knockoff","ironhead","suckerpunch","pursuit"],"nature":"Adamant","evs":{"hp":192,"atk":220,"def":0,"spa":0,"spd":0,"spe":96},"shiny":true,"ivs":{"hp":31,"atk":31,"def":31,"spa":31,"spd":31,"spe":31}},{"name":"deffensive tank","species":"aggron","item":"aggronite","ability":"Rock Head","moves":["heavyslam","thunderwave","earthquake","stealthrock"],"nature":"Impish","evs":{"hp":252,"atk":0,"def":16,"spa":0,"spd":240,"spe":0},"shiny":true,"ivs":{"hp":31,"atk":31,"def":31,"spa":31,"spd":31,"spe":31}},{"name":"king","species":"excadrill","item":"lifeorb","ability":"Mold Breaker","moves":["earthquake","rockslide","rapidspin","swordsdance"],"nature":"Naive","evs":{"hp":0,"atk":252,"def":0,"spa":0,"spd":4,"spe":252},"shiny":true,"ivs":{"hp":31,"atk":31,"def":31,"spa":31,"spd":31,"spe":31}},{"name":"Scizor","species":"Scizor","item":"scizorite","ability":"Technician","moves":["swordsdance","bulletpunch","knockoff","protect"],"nature":"Adamant","evs":{"hp":252,"atk":252,"def":0,"spa":0,"spd":4,"spe":0},"shiny":true,"ivs":{"hp":31,"atk":31,"def":31,"spa":31,"spd":31,"spe":31}},{"name":"electricity","species":"magnezone","item":"airballoon","ability":"Magnet Pull","moves":["magnetrise","hiddenpowerfire","flashcannon","thunderbolt"],"nature":"Modest","evs":{"hp":128,"atk":0,"def":0,"spa":252,"spd":0,"spe":128},"ivs":{"hp":31,"atk":30,"def":31,"spa":30,"spd":31,"spe":30},"shiny":true},{"name":"steam power","species":"heatran","item":"airballoon","ability":"Flash Fire","moves":["magmastorm","earthquake","flamethrower","stealthrock"],"nature":"","evs":{"hp":0,"atk":0,"def":4,"spa":252,"spd":0,"spe":2},"ivs":{"hp":31,"atk":30,"def":30,"spa":31,"spd":31,"spe":31},"shiny":true}],"log":["|player|p1|law and order svu|67","|player|p2|GTX♅Cool|163","|gametype|singles","|gen|6","|tier|Monotype","|rated","|rule|Baton Pass Clause: Limit one Baton Passer, can't pass Spe and other stats simultaneously","|rule|Swagger Clause: Swagger is banned","|rule|Same Type Clause: Pokémon in a team must share a type","|clearpoke","|poke|p1|Garchomp, F","|poke|p1|Hippowdon, F","|poke|p1|Excadrill, F","|poke|p1|Landorus, M","|poke|p1|Gastrodon, F","|poke|p1|Nidoking, M","|poke|p2|Bisharp, F, shiny","|poke|p2|Aggron, M, shiny","|poke|p2|Excadrill, F, shiny","|poke|p2|Scizor, F, shiny","|poke|p2|Magnezone, shiny","|poke|p2|Heatran, M, shiny","|rule|Sleep Clause Mod: Limit one foe put to sleep","|rule|Species Clause: Limit one of each Pokémon","|rule|OHKO Clause: OHKO moves are banned","|rule|Moody Clause: Moody is banned","|rule|Evasion Moves Clause: Evasion moves are banned","|rule|Endless Battle Clause: Forcing endless battles is banned","|rule|HP Percentage Mod: HP is shown in percentages","|teampreview","|","|start","|switch|p1a: Hippowdon|Hippowdon, F|420/420","|switch|p2a: electricity|Magnezone, shiny|313/313","|-item|p2a: electricity|Air Balloon","|-weather|Sandstorm","|turn|1","|","|move|p2a: electricity|Magnet Rise|p2a: electricity","|-start|p2a: electricity|Magnet Rise","|move|p1a: Hippowdon|Stealth Rock|p2a: electricity","|-sidestart|p2: GTX♅Cool|move: Stealth Rock","|","|-weather|Sandstorm|[upkeep]","|turn|2","|","|switch|p1a: Gastrodon|Gastrodon, F|426/426","|move|p2a: electricity|Flash Cannon|p1a: Gastrodon","|-resisted|p1a: Gastrodon","|-damage|p1a: Gastrodon|340/426","|","|-weather|Sandstorm|[upkeep]","|-heal|p1a: Gastrodon|366/426|[from] item: Leftovers","|turn|3","|","|move|p2a: electricity|Flash Cannon|p1a: Gastrodon","|-crit|p1a: Gastrodon","|-resisted|p1a: Gastrodon","|-damage|p1a: Gastrodon|227/426","|-unboost|p1a: Gastrodon|spd|1","|move|p1a: Gastrodon|Scald|p2a: electricity","|-damage|p2a: electricity|220/313","|-enditem|p2a: electricity|Air Balloon","|-status|p2a: electricity|brn","|","|-weather|Sandstorm|[upkeep]","|-heal|p1a: Gastrodon|253/426|[from] item: Leftovers","|-damage|p2a: electricity|181/313 brn|[from] brn","|turn|4","|","|switch|p2a: deffensive tank|Aggron, M, shiny|344/344","|-damage|p2a: deffensive tank|323/344|[from] Stealth Rock","|switch|p1a: Excadrill|Excadrill, F|361/361","|","|-weather|Sandstorm|[upkeep]","|turn|5","|","|move|p1a: Excadrill|Earthquake|p2a: deffensive tank","|-supereffective|p2a: deffensive tank","|-damage|p2a: deffensive tank|0 fnt","|-damage|p1a: Excadrill|325/361|[from] item: Life Orb","|faint|p2a: deffensive tank","|","|-weather|none","|","|switch|p2a: king|Excadrill, F, shiny|361/361","|-damage|p2a: king|350/361|[from] Stealth Rock","|-ability|p2a: king|Mold Breaker","|turn|6","|","|switch|p1a: Hippowdon|Hippowdon, F|420/420","|-weather|Sandstorm","|move|p2a: king|Earthquake|p1a: Hippowdon","|-damage|p1a: Hippowdon|259/420","|-damage|p2a: king|314/361|[from] item: Life Orb","|","|-weather|Sandstorm|[upkeep]","|-heal|p1a: Hippowdon|285/420|[from] item: Leftovers","|turn|7","|","|switch|p2a: steam power|Heatran, M, shiny|323/323","|-damage|p2a: steam power|283/323|[from] Stealth Rock","|-item|p2a: steam power|Air Balloon","|move|p1a: Hippowdon|Earthquake|p2a: steam power","|-immune|p2a: steam power|[msg]","|","|-weather|Sandstorm|[upkeep]","|-heal|p1a: Hippowdon|311/420|[from] item: Leftovers","|turn|8","|","|switch|p1a: Gastrodon|Gastrodon, F|253/426","|move|p2a: steam power|Earthquake|p1a: Gastrodon","|-damage|p1a: Gastrodon|183/426","|","|-weather|Sandstorm|[upkeep]","|-heal|p1a: Gastrodon|209/426|[from] item: Leftovers","|turn|9","|","|switch|p2a: mlg|Bisharp, F, shiny|319/319","|-damage|p2a: mlg|300/319|[from] Stealth Rock","|move|p1a: Gastrodon|Recover|p1a: Gastrodon","|-heal|p1a: Gastrodon|422/426","|","|-weather|Sandstorm|[upkeep]","|-heal|p1a: Gastrodon|426/426|[from] item: Leftovers","|turn|10","|","|move|p2a: mlg|Knock Off|p1a: Gastrodon","|-damage|p1a: Gastrodon|246/426","|-enditem|p1a: Gastrodon|Leftovers|[from] move: Knock Off|[of] p2a: mlg","|move|p1a: Gastrodon|Earth Power|p2a: mlg","|-supereffective|p2a: mlg","|-damage|p2a: mlg|118/319","|","|-weather|none","|turn|11","|","|move|p2a: mlg|Sucker Punch|p1a: Gastrodon","|-damage|p1a: Gastrodon|116/426","|move|p1a: Gastrodon|Scald|p2a: mlg","|-damage|p2a: mlg|37/319","|","|turn|12","|","|move|p2a: mlg|Sucker Punch|p1a: Gastrodon","|-fail|p2a: mlg","|move|p1a: Gastrodon|Recover|p1a: Gastrodon","|-heal|p1a: Gastrodon|329/426","|","|turn|13","|","|move|p2a: mlg|Sucker Punch|p1a: Gastrodon","|-damage|p1a: Gastrodon|187/426","|move|p1a: Gastrodon|Earth Power|p2a: mlg","|-supereffective|p2a: mlg","|-damage|p2a: mlg|0 fnt","|faint|p2a: mlg","|","|","|switch|p2a: steam power|Heatran, M, shiny|283/323","|-damage|p2a: steam power|243/323|[from] Stealth Rock","|-item|p2a: steam power|Air Balloon","|turn|14","|","|move|p2a: steam power|Earthquake|p1a: Gastrodon","|-damage|p1a: Gastrodon|118/426","|move|p1a: Gastrodon|Recover|p1a: Gastrodon","|-heal|p1a: Gastrodon|331/426","|","|turn|15","|","|move|p2a: steam power|Magma Storm|p1a: Gastrodon","|-resisted|p1a: Gastrodon","|-damage|p1a: Gastrodon|220/426","|-activate|p1a: Gastrodon|move: Magma Storm|[of] p2a: steam power","|move|p1a: Gastrodon|Recover|p1a: Gastrodon","|-heal|p1a: Gastrodon|426/426","|","|-damage|p1a: Gastrodon|373/426|[from] move: Magma Storm|[partiallytrapped]","|turn|16","|","|move|p2a: steam power|Flamethrower|p1a: Gastrodon","|-resisted|p1a: Gastrodon","|-damage|p1a: Gastrodon|284/426","|move|p1a: Gastrodon|Scald|p2a: steam power","|-supereffective|p2a: steam power","|-damage|p2a: steam power|91/323","|-enditem|p2a: steam power|Air Balloon","|","|-damage|p1a: Gastrodon|231/426|[from] move: Magma Storm|[partiallytrapped]","|turn|17","|","|move|p2a: steam power|Earthquake|p1a: Gastrodon","|-damage|p1a: Gastrodon|164/426","|move|p1a: Gastrodon|Earth Power|p2a: steam power","|-supereffective|p2a: steam power","|-damage|p2a: steam power|0 fnt","|faint|p2a: steam power","|","|","|switch|p2a: Scizor|Scizor, F, shiny|344/344","|-damage|p2a: Scizor|301/344|[from] Stealth Rock","|turn|18","|","|switch|p1a: Hippowdon|Hippowdon, F|311/420","|-weather|Sandstorm","|detailschange|p2a: Scizor|Scizor-Mega, F, shiny","|-mega|p2a: Scizor|Scizor|Scizorite","|move|p2a: Scizor|Swords Dance|p2a: Scizor","|-boost|p2a: Scizor|atk|2","|","|-weather|Sandstorm|[upkeep]","|-heal|p1a: Hippowdon|337/420|[from] item: Leftovers","|turn|19","|","|move|p2a: Scizor|Bullet Punch|p1a: Hippowdon","|-damage|p1a: Hippowdon|159/420","|move|p1a: Hippowdon|Earthquake|p2a: Scizor","|-crit|p2a: Scizor","|-damage|p2a: Scizor|160/344","|","|-weather|Sandstorm|[upkeep]","|-heal|p1a: Hippowdon|185/420|[from] item: Leftovers","|turn|20","|","|move|p2a: Scizor|Bullet Punch|p1a: Hippowdon","|-damage|p1a: Hippowdon|10/420","|move|p1a: Hippowdon|Earthquake|p2a: Scizor","|-crit|p2a: Scizor","|-damage|p2a: Scizor|10/344","|","|-weather|Sandstorm|[upkeep]","|-heal|p1a: Hippowdon|36/420|[from] item: Leftovers","|turn|21","|","|switch|p1a: Garchomp|Garchomp, F|357/357","|move|p2a: Scizor|Bullet Punch|p1a: Garchomp","|-damage|p1a: Garchomp|62/357","|-damage|p2a: Scizor|0 fnt|[from] ability: Rough Skin|[of] p1a: Garchomp","|faint|p2a: Scizor","|","|-weather|Sandstorm|[upkeep]","|","|switch|p2a: king|Excadrill, F, shiny|314/361","|-damage|p2a: king|303/361|[from] Stealth Rock","|-ability|p2a: king|Mold Breaker","|turn|22","|","|move|p1a: Garchomp|Earthquake|p2a: king","|-supereffective|p2a: king","|-damage|p2a: king|0 fnt","|faint|p2a: king","|","|-weather|none","|","|win|law and order svu"],"p1rating":{"entryid":"7651874","serverid":"eos","formatid":"monotype","userid":"lawandordersvu","username":"law and order svu","w":2,"l":"2","t":"0","gxe":46.5,"r":"1500","rd":"130","sigma":"0","rptime":"1439629200","rpr":1472.4311636702,"rprd":106.87198521343,"rpsigma":"0","acre":1063.3315950399,"lacre":1063.3315950399,"oldacre":"1028.8991762096"},"p2rating":{"entryid":"7611673","serverid":"eos","formatid":"monotype","userid":"gtxcool","username":"GTX♅Cool","w":"6","l":27,"t":"0","gxe":25.1,"r":"1305.2274443604","rd":"67.415902056612","sigma":"0","rptime":"1439629200","rpr":1291.3267758051,"rprd":60.027016954864,"rpsigma":"0","acre":1004.7861646804,"lacre":1004.7861646804,"oldacre":"1016.8858668905"},"endType":"forfeit"}