{"seed":[46411,34458,59622,11949],"turns":24,"p1":"Guard Darkrai","p2":"SWL Neßki","p1team":[{"name":"Dedenne","species":"Dedenne","item":"petayaberry","ability":"Cheek Pouch","moves":["recycle","substitute","discharge","grassknot"],"nature":"Timid","evs":{"hp":4,"atk":0,"def":0,"spa":252,"spd":0,"spe":252},"ivs":{"hp":31,"atk":31,"def":31,"spa":31,"spd":31,"spe":31}},{"name":"Luxray","species":"Luxray","item":"zapplate","ability":"Intimidate","moves":["wildcharge","voltswitch","crunch","superpower"],"nature":"Adamant","evs":{"hp":248,"atk":252,"def":0,"spa":0,"spd":8,"spe":0},"ivs":{"hp":31,"atk":31,"def":31,"spa":31,"spd":31,"spe":31}},{"name":"Magnezone","species":"Magnezone","item":"airballoon","ability":"Sturdy","moves":["thunderbolt","flashcannon","mirrorcoat","thunderwave"],"nature":"Modest","evs":{"hp":248,"atk":0,"def":0,"spa":252,"spd":8,"spe":0},"ivs":{"hp":31,"atk":31,"def":31,"spa":31,"spd":31,"spe":31}},{"name":"Magneton","species":"Magneton","item":"eviolite","ability":"Analytic","moves":["discharge","flashcannon","hiddenpowergrass","voltswitch"],"nature":"Modest","evs":{"hp":248,"atk":0,"def":0,"spa":252,"spd":8,"spe":0},"ivs":{"hp":31,"atk":30,"def":31,"spa":30,"spd":31,"spe":31}},{"name":"Rotom-Wash","species":"Rotom-Wash","item":"leftovers","ability":"Levitate","moves":["hydropump","voltswitch","willowisp","painsplit"],"nature":"Calm","evs":{"hp":252,"atk":0,"def":0,"spa":4,"spd":252,"spe":0},"ivs":{"hp":31,"atk":31,"def":31,"spa":31,"spd":31,"spe":31}},{"name":"Thundurus-Therian","species":"Thundurus-Therian","item":"choicescarf","ability":"Volt Absorb","moves":["voltswitch","thunderbolt","hiddenpowerice","focusblast"],"nature":"Timid","evs":{"hp":0,"atk":0,"def":0,"spa":252,"spd":4,"spe":252},"ivs":{"hp":31,"atk":30,"def":30,"spa":31,"spd":31,"spe":31}}],"p2team":[{"name":"Deoxys-Speed","species":"Deoxys-Speed","item":"lightclay","ability":"Pressure","moves":["taunt","stealthrock","lightscreen","reflect"],"nature":"Timid","evs":{"hp":248,"atk":0,"def":0,"spa":0,"spd":8,"spe":252},"ivs":{"hp":31,"atk":0,"def":31,"spa":31,"spd":31,"spe":31}},{"name":"Gardevoir","species":"Gardevoir","item":"gardevoirite","ability":"Trace","moves":["substitute","hypervoice","psyshock","painsplit"],"nature":"Modest","evs":{"hp":0,"atk":0,"def":0,"spa":252,"spd":4,"spe":252},"ivs":{"hp":31,"atk":0,"def":31,"spa":31,"spd":31,"spe":31}},{"name":"Victini","species":"Victini","item":"choicescarf","ability":"Victory Star","moves":["vcreate","uturn","boltstrike","blueflare"],"nature":"Naive","evs":{"hp":0,"atk":252,"def":0,"spa":4,"spd":0,"spe":252},"ivs":{"hp":31,"atk":31,"def":31,"spa":31,"spd":31,"spe":31}},{"name":"Mew","species":"Mew","item":"leftovers","ability":"Synchronize","moves":["nastyplot","vacuumwave","flamethrower","psyshock"],"nature":"Modest","evs":{"hp":148,"atk":0,"def":0,"spa":252,"spd":0,"spe":108},"ivs":{"hp":31,"atk":0,"def":31,"spa":31,"spd":31,"spe":31}},{"name":"Meloetta","species":"Meloetta","item":"assaultvest","ability":"Serene Grace","moves":["thunderbolt","energyball","shadowball","hypervoice"],"nature":"Modest","evs":{"hp":248,"atk":0,"def":0,"spa":252,"spd":8,"spe":0},"ivs":{"hp":31,"atk":0,"def":31,"spa":31,"spd":31,"spe":31}},{"name":"Hoopa-Unbound","species":"Hoopa-Unbound","item":"dreadplate","ability":"Magician","moves":["knockoff","drainpunch","gunkshot","darkpulse"],"nature":"Lonely","evs":{"hp":236,"atk":252,"def":0,"spa":8,"spd":0,"spe":12},"ivs":{"hp":31,"atk":31,"def":31,"spa":31,"spd":31,"spe":31}}],"log":["|player|p1|Guard Darkrai|guarddarkrai.png","|player|p2|SWL Neßki|swlneki.png","|gametype|singles","|gen|6","|tier|Monotype","|rated","|rule|Baton Pass Clause: Limit one Baton Passer, can't pass Spe and other stats simultaneously","|rule|Swagger Clause: Swagger is banned","|rule|Same Type Clause: Pokémon in a team must share a type","|clearpoke","|poke|p1|Dedenne, F","|poke|p1|Luxray, F","|poke|p1|Magnezone","|poke|p1|Magneton","|poke|p1|Rotom-Wash","|poke|p1|Thundurus-Therian, M","|poke|p2|Deoxys-Speed","|poke|p2|Gardevoir, F","|poke|p2|Victini","|poke|p2|Mew","|poke|p2|Meloetta","|poke|p2|Hoopa-Unbound","|rule|Sleep Clause Mod: Limit one foe put to sleep","|rule|Species Clause: Limit one of each Pokémon","|rule|OHKO Clause: OHKO moves are banned","|rule|Moody Clause: Moody is banned","|rule|Evasion Moves Clause: Evasion moves are banned","|rule|Endless Battle Clause: Forcing endless battles is banned","|rule|HP Percentage Mod: HP is shown in percentages","|teampreview","|","|start","|switch|p1a: Luxray|Luxray, F|363/363","|switch|p2a: Deoxys-Speed|Deoxys-Speed|303/303","|-ability|p2a: Deoxys-Speed|Pressure","|-ability|p1a: Luxray|Intimidate","|-unboost|p2a: Deoxys-Speed|atk|1","|turn|1","|","|move|p2a: Deoxys-Speed|Reflect|p2a: Deoxys-Speed","|-sidestart|p2: SWL Neßki|Reflect","|move|p1a: Luxray|Crunch|p2a: Deoxys-Speed","|-supereffective|p2a: Deoxys-Speed","|-damage|p2a: Deoxys-Speed|203/303","|-unboost|p2a: Deoxys-Speed|def|1","|","|turn|2","|","|move|p2a: Deoxys-Speed|Stealth Rock|p1a: Luxray","|-sidestart|p1: Guard Darkrai|move: Stealth Rock","|move|p1a: Luxray|Crunch|p2a: Deoxys-Speed","|-supereffective|p2a: Deoxys-Speed","|-damage|p2a: Deoxys-Speed|37/303","|","|turn|3","|","|switch|p2a: Gardevoir|Gardevoir, F|277/277","|-ability|p2a: Gardevoir|Intimidate|[from] ability: Trace|[of] p1a: Luxray","|-ability|p2a: Gardevoir|Intimidate","|-unboost|p1a: Luxray|atk|1","|move|p1a: Luxray|Crunch|p2a: Gardevoir","|-damage|p2a: Gardevoir|226/277","|","|turn|4","|","|detailschange|p2a: Gardevoir|Gardevoir-Mega, F","|-mega|p2a: Gardevoir|Gardevoir|Gardevoirite","|move|p2a: Gardevoir|Substitute|p2a: Gardevoir","|-start|p2a: Gardevoir|Substitute","|-damage|p2a: Gardevoir|157/277","|move|p1a: Luxray|Volt Switch|p2a: Gardevoir","|-activate|p2a: Gardevoir|Substitute|[damage]","|","|switch|p1a: Dedenne|Dedenne, F|276/276","|-damage|p1a: Dedenne|242/276|[from] Stealth Rock","|","|turn|5","|","|move|p1a: Dedenne|Discharge|p2a: Gardevoir","|-end|p2a: Gardevoir|Substitute","|move|p2a: Gardevoir|Hyper Voice|p1a: Dedenne","|-damage|p1a: Dedenne|0 fnt","|faint|p1a: Dedenne","|","|","|switch|p1a: Magneton|Magneton|303/303","|-damage|p1a: Magneton|285/303|[from] Stealth Rock","|turn|6","|","|switch|p2a: Hoopa-Unbound|Hoopa-Unbound|360/360","|move|p1a: Magneton|Flash Cannon|p2a: Hoopa-Unbound","|-damage|p2a: Hoopa-Unbound|204/360","|","|turn|7","|","|move|p2a: Hoopa-Unbound|Drain Punch|p1a: Magneton","|-supereffective|p1a: Magneton","|-damage|p1a: Magneton|137/303","|-heal|p2a: Hoopa-Unbound|278/360|[from] drain|[of] p1a: Magneton","|move|p1a: Magneton|Discharge|p2a: Hoopa-Unbound","|-damage|p2a: Hoopa-Unbound|118/360","|-status|p2a: Hoopa-Unbound|par","|","|turn|8","|","|move|p1a: Magneton|Flash Cannon|p2a: Hoopa-Unbound","|-damage|p2a: Hoopa-Unbound|6/360 par","|cant|p2a: Hoopa-Unbound|par","|","|-sideend|p2: SWL Neßki|Reflect","|turn|9","|","|move|p1a: Magneton|Flash Cannon|p2a: Hoopa-Unbound","|-damage|p2a: Hoopa-Unbound|0 fnt","|faint|p2a: Hoopa-Unbound","|","|","|switch|p2a: Mew|Mew|378/378","|turn|10","|","|move|p2a: Mew|Nasty Plot|p2a: Mew","|-boost|p2a: Mew|spa|2","|move|p1a: Magneton|Discharge|p2a: Mew","|-damage|p2a: Mew|191/378","|-status|p2a: Mew|par","|","|-heal|p2a: Mew|214/378 par|[from] item: Leftovers","|turn|11","|","|cant|p2a: Mew|par","|move|p1a: Magneton|Discharge|p2a: Mew","|-damage|p2a: Mew|21/378 par","|","|-heal|p2a: Mew|44/378 par|[from] item: Leftovers","|turn|12","|","|move|p2a: Mew|Vacuum Wave|p1a: Magneton","|-supereffective|p1a: Magneton","|-damage|p1a: Magneton|0 fnt","|faint|p1a: Magneton","|","|-heal|p2a: Mew|67/378 par|[from] item: Leftovers","|","|switch|p1a: Thundurus-Therian|Thundurus-Therian, M|299/299","|-damage|p1a: Thundurus-Therian|225/299|[from] Stealth Rock","|turn|13","|","|move|p2a: Mew|Vacuum Wave|p1a: Thundurus-Therian","|-crit|p1a: Thundurus-Therian","|-resisted|p1a: Thundurus-Therian","|-damage|p1a: Thundurus-Therian|141/299","|move|p1a: Thundurus-Therian|Volt Switch|p2a: Mew","|-damage|p2a: Mew|0 fnt","|faint|p2a: Mew","|","|switch|p1a: Luxray|Luxray, F|363/363","|-damage|p1a: Luxray|318/363|[from] Stealth Rock","|","|","|switch|p2a: Gardevoir|Gardevoir-Mega, F|157/277","|turn|14","|","|move|p2a: Gardevoir|Hyper Voice|p1a: Luxray","|-damage|p1a: Luxray|5/363","|move|p1a: Luxray|Wild Charge|p2a: Gardevoir","|-damage|p2a: Gardevoir|0 fnt","|-damage|p1a: Luxray|0 fnt|[from] recoil|[of] p2a: Gardevoir","|faint|p2a: Gardevoir","|faint|p1a: Luxray","|","|","|switch|p2a: Deoxys-Speed|Deoxys-Speed|37/303","|switch|p1a: Rotom-Wash|Rotom-Wash|304/304","|-ability|p2a: Deoxys-Speed|Pressure","|-damage|p1a: Rotom-Wash|266/304|[from] Stealth Rock","|turn|15","|","|move|p2a: Deoxys-Speed|Light Screen|p2a: Deoxys-Speed","|-sidestart|p2: SWL Neßki|move: Light Screen","|move|p1a: Rotom-Wash|Volt Switch|p2a: Deoxys-Speed","|-damage|p2a: Deoxys-Speed|0 fnt","|faint|p2a: Deoxys-Speed","|","|switch|p1a: Thundurus-Therian|Thundurus-Therian, M|141/299","|-damage|p1a: Thundurus-Therian|67/299|[from] Stealth Rock","|","|","|switch|p2a: Victini|Victini|341/341","|turn|16","|","|move|p1a: Thundurus-Therian|Volt Switch|p2a: Victini","|-damage|p2a: Victini|271/341","|","|switch|p1a: Rotom-Wash|Rotom-Wash|266/304","|-damage|p1a: Rotom-Wash|228/304|[from] Stealth Rock","|move|p2a: Victini|Blue Flare|p1a: Rotom-Wash","|-resisted|p1a: Rotom-Wash","|-damage|p1a: Rotom-Wash|177/304","|","|-heal|p1a: Rotom-Wash|196/304|[from] item: Leftovers","|turn|17","|","|switch|p2a: Meloetta|Meloetta|403/403","|move|p1a: Rotom-Wash|Hydro Pump|p2a: Meloetta","|-damage|p2a: Meloetta|369/403","|","|-heal|p1a: Rotom-Wash|215/304|[from] item: Leftovers","|turn|18","|","|move|p2a: Meloetta|Energy Ball|p1a: Rotom-Wash","|-supereffective|p1a: Rotom-Wash","|-damage|p1a: Rotom-Wash|61/304","|move|p1a: Rotom-Wash|Will-O-Wisp|p2a: Meloetta","|-status|p2a: Meloetta|brn","|","|-heal|p1a: Rotom-Wash|80/304|[from] item: Leftovers","|-damage|p2a: Meloetta|319/403 brn|[from] brn","|turn|19","|","|switch|p1a: Magnezone|Magnezone|343/343","|-damage|p1a: Magnezone|322/343|[from] Stealth Rock","|-item|p1a: Magnezone|Air Balloon","|move|p2a: Meloetta|Shadow Ball|p1a: Magnezone","|-damage|p1a: Magnezone|216/343","|-enditem|p1a: Magnezone|Air Balloon","|","|-damage|p2a: Meloetta|269/403 brn|[from] brn","|turn|20","|","|switch|p2a: Victini|Victini|271/341","|move|p1a: Magnezone|Thunder Wave|p2a: Victini","|-status|p2a: Victini|par","|","|turn|21","|","|move|p1a: Magnezone|Thunderbolt|p2a: Victini","|-damage|p2a: Victini|169/341 par","|move|p2a: Victini|Blue Flare|p1a: Magnezone","|-supereffective|p1a: Magnezone","|-damage|p1a: Magnezone|0 fnt","|faint|p1a: Magnezone","|","|","|switch|p1a: Rotom-Wash|Rotom-Wash|80/304","|-damage|p1a: Rotom-Wash|42/304|[from] Stealth Rock","|turn|22","|","|move|p1a: Rotom-Wash|Pain Split|p2a: Victini","|-sethp|p2a: Victini|105/341 par|p1a: Rotom-Wash|105/304|[from] move: Pain Split","|cant|p2a: Victini|par","|","|-heal|p1a: Rotom-Wash|124/304|[from] item: Leftovers","|-sideend|p2: SWL Neßki|move: Light Screen","|turn|23","|","|move|p1a: Rotom-Wash|Hydro Pump|p2a: Victini|[miss]","|-miss|p1a: Rotom-Wash|p2a: Victini","|move|p2a: Victini|Blue Flare|p1a: Rotom-Wash","|-crit|p1a: Rotom-Wash","|-resisted|p1a: Rotom-Wash","|-damage|p1a: Rotom-Wash|46/304","|-status|p1a: Rotom-Wash|brn","|","|-heal|p1a: Rotom-Wash|65/304 brn|[from] item: Leftovers","|-damage|p1a: Rotom-Wash|27/304 brn|[from] brn","|turn|24","|","|move|p1a: Rotom-Wash|Pain Split|p2a: Victini","|-sethp|p2a: Victini|66/341 par|p1a: Rotom-Wash|66/304 brn|[from] move: Pain Split","|move|p2a: Victini|Blue Flare|p1a: Rotom-Wash","|-resisted|p1a: Rotom-Wash","|-damage|p1a: Rotom-Wash|15/304 brn","|","|-heal|p1a: Rotom-Wash|34/304 brn|[from] item: Leftovers","|-damage|p1a: Rotom-Wash|0 fnt|[from] brn","|faint|p1a: Rotom-Wash","|","|switch|p1a: Thundurus-Therian|Thundurus-Therian, M|67/299","|-damage|p1a: Thundurus-Therian|0 fnt|[from] Stealth Rock","|faint|p1a: Thundurus-Therian","|","|win|SWL Neßki"],"p1rating":{"entryid":"6034648","serverid":"eos","formatid":"monotype","userid":"guarddarkrai","username":"Guard Darkrai","w":"104","l":114,"t":"0","gxe":48.4,"r":"1488.38273777","rd":"28.285049762125","sigma":"0","rptime":"1439629200","rpr":1487.9090549133,"rprd":28.041662373053,"rpsigma":"0","acre":1188.1615798013,"lacre":1188.1615798013,"oldacre":"1211.6529877824"},"p2rating":{"entryid":"6746789","serverid":"eos","formatid":"monotype","userid":"swlneki","username":"SWL Neßki","w":33,"l":"18","t":"0","gxe":65.5,"r":"1616.6842427103","rd":"54.44087014474","sigma":"0","rptime":"1439629200","rpr":1622.0742964777,"rprd":53.869186402568,"rpsigma":"0","acre":1256.1354412571,"lacre":1256.1354412571,"oldacre":"1232.644033276"},"endType":"normal"}