{"seed":[7887,9141,49964,12704],"turns":27,"p1":"Imp❇ Jk","p2":"GTX♅Bzumzum","p1team":[{"name":"toges.copy","species":"cobalion","item":"leftovers","ability":"Justified","moves":["stealthrock","taunt","ironhead","thunderwave"],"nature":"Impish","evs":{"hp":252,"atk":0,"def":212,"spa":0,"spd":0,"spe":44},"ivs":{"hp":31,"atk":31,"def":31,"spa":31,"spd":31,"spe":31}},{"name":"beyblade","species":"hitmontop","item":"assaultvest","ability":"Intimidate","moves":["endeavor","highjumpkick","suckerpunch","rapidspin"],"nature":"Careful","evs":{"hp":252,"atk":0,"def":16,"spa":0,"spd":240,"spe":0},"ivs":{"hp":31,"atk":31,"def":31,"spa":31,"spd":31,"spe":31}},{"name":"the.punk","species":"scrafty","item":"leftovers","ability":"Shed Skin","moves":["crunch","drainpunch","bulkup","icepunch"],"nature":"Careful","evs":{"hp":252,"atk":4,"def":0,"spa":0,"spd":252,"spe":0},"ivs":{"hp":31,"atk":31,"def":31,"spa":31,"spd":31,"spe":31}},{"name":"diddy.kong","species":"infernape","item":"focussash","ability":"Blaze","moves":["flamethrower","vacuumwave","encore","nastyplot"],"nature":"Timid","evs":{"hp":0,"atk":0,"def":0,"spa":252,"spd":0,"spe":252},"ivs":{"hp":31,"atk":31,"def":31,"spa":31,"spd":31,"spe":31}},{"name":"beetle.juice","species":"heracross","item":"heracronite","ability":"Moxie","moves":["bulletseed","rockblast","closecombat","pinmissile"],"nature":"Adamant","evs":{"hp":252,"atk":232,"def":24,"spa":0,"spd":0,"spe":0},"ivs":{"hp":31,"atk":31,"def":31,"spa":31,"spd":31,"spe":31}},{"name":"doggy","species":"terrakion","item":"choicescarf","ability":"Justified","moves":["earthquake","ironhead","stoneedge","closecombat"],"nature":"Adamant","evs":{"hp":0,"atk":252,"def":0,"spa":0,"spd":0,"spe":252},"ivs":{"hp":31,"atk":31,"def":31,"spa":31,"spd":31,"spe":31}}],"p2team":[{"name":"Striker","species":"raikou","item":"airballoon","ability":"Pressure","moves":["aurasphere","calmmind","hiddenpowergrass","substitute"],"nature":"Rash","evs":{"hp":4,"atk":0,"def":72,"spa":196,"spd":0,"spe":236},"ivs":{"hp":31,"atk":30,"def":31,"spa":30,"spd":31,"spe":31},"shiny":true},{"name":"Plugg-in Failure","species":"electivire","item":"choicescarf","ability":"Vital Spirit","moves":["crosschop","earthquake","firepunch","icepunch"],"nature":"Jolly","evs":{"hp":0,"atk":252,"def":0,"spa":0,"spd":4,"spe":252},"gender":"M","shiny":true,"ivs":{"hp":31,"atk":31,"def":31,"spa":31,"spd":31,"spe":31}},{"name":"Breezer","species":"rotomfrost","item":"rockyhelmet","ability":"Levitate","moves":["blizzard","protect","signalbeam","trick"],"nature":"Calm","evs":{"hp":228,"atk":0,"def":120,"spa":8,"spd":152,"spe":0},"shiny":true,"ivs":{"hp":31,"atk":31,"def":31,"spa":31,"spd":31,"spe":31}},{"name":"MY ZONE!!!","species":"magnezone","item":"choicespecs","ability":"Sturdy","moves":["flashcannon","triattack","hiddenpowerice","signalbeam"],"nature":"Timid","evs":{"hp":228,"atk":0,"def":0,"spa":252,"spd":28,"spe":0},"ivs":{"hp":31,"atk":30,"def":30,"spa":31,"spd":31,"spe":31},"shiny":true},{"name":"Zapz","species":"zapdos","item":"leftovers","ability":"Pressure","moves":["defog","heatwave","roost","extrasensory"],"nature":"Calm","evs":{"hp":16,"atk":0,"def":44,"spa":4,"spd":28,"spe":0},"shiny":true,"ivs":{"hp":31,"atk":31,"def":31,"spa":31,"spd":31,"spe":31}},{"name":"Flicker-Sparkz","species":"luxray","item":"assaultvest","ability":"Intimidate","moves":["wildcharge","firefang","superpower","quickattack"],"nature":"Adamant","evs":{"hp":248,"atk":252,"def":0,"spa":0,"spd":8,"spe":0},"gender":"M","shiny":true,"ivs":{"hp":31,"atk":31,"def":31,"spa":31,"spd":31,"spe":31}}],"log":["|player|p1|Imp❇ Jk|196","|player|p2|GTX♅Bzumzum|225","|gametype|singles","|gen|6","|tier|Monotype","|rated","|rule|Baton Pass Clause: Limit one Baton Passer, can't pass Spe and other stats simultaneously","|rule|Swagger Clause: Swagger is banned","|rule|Same Type Clause: Pokémon in a team must share a type","|clearpoke","|poke|p1|Cobalion","|poke|p1|Hitmontop, M","|poke|p1|Scrafty, M","|poke|p1|Infernape, M","|poke|p1|Heracross, F","|poke|p1|Terrakion","|poke|p2|Raikou, shiny","|poke|p2|Electivire, M, shiny","|poke|p2|Rotom-Frost, shiny","|poke|p2|Magnezone, shiny","|poke|p2|Zapdos, shiny","|poke|p2|Luxray, M, shiny","|rule|Sleep Clause Mod: Limit one foe put to sleep","|rule|Species Clause: Limit one of each Pokémon","|rule|OHKO Clause: OHKO moves are banned","|rule|Moody Clause: Moody is banned","|rule|Evasion Moves Clause: Evasion moves are banned","|rule|Endless Battle Clause: Forcing endless battles is banned","|rule|HP Percentage Mod: HP is shown in percentages","|teampreview","|","|start","|switch|p1a: the.punk|Scrafty, M|334/334","|switch|p2a: Breezer|Rotom-Frost, shiny|298/298","|turn|1","|","|move|p2a: Breezer|Signal Beam|p1a: the.punk","|-damage|p1a: the.punk|293/334","|move|p1a: the.punk|Drain Punch|p2a: Breezer","|-supereffective|p2a: Breezer","|-damage|p2a: Breezer|154/298","|-heal|p1a: the.punk|334/334|[from] drain|[of] p2a: Breezer","|-damage|p1a: the.punk|279/334|[from] item: Rocky Helmet|[of] p2a: Breezer","|","|-heal|p1a: the.punk|299/334|[from] item: Leftovers","|turn|2","|","|move|p2a: Breezer|Protect|p2a: Breezer","|-singleturn|p2a: Breezer|Protect","|move|p1a: the.punk|Bulk Up|p1a: the.punk","|-boost|p1a: the.punk|atk|1","|-boost|p1a: the.punk|def|1","|","|-heal|p1a: the.punk|319/334|[from] item: Leftovers","|turn|3","|","|move|p2a: Breezer|Trick|p1a: the.punk","|-activate|p2a: Breezer|move: Trick|[of] p1a: the.punk","|-item|p1a: the.punk|Rocky Helmet|[from] move: Trick","|-item|p2a: Breezer|Leftovers|[from] move: Trick","|move|p1a: the.punk|Drain Punch|p2a: Breezer","|-supereffective|p2a: Breezer","|-damage|p2a: Breezer|0 fnt","|-heal|p1a: the.punk|334/334|[from] drain|[of] p2a: Breezer","|faint|p2a: Breezer","|","|","|switch|p2a: Flicker-Sparkz|Luxray, M, shiny|363/363","|-ability|p2a: Flicker-Sparkz|Intimidate","|-unboost|p1a: the.punk|atk|1","|turn|4","|","|move|p2a: Flicker-Sparkz|Fire Fang|p1a: the.punk","|-damage|p1a: the.punk|283/334","|-damage|p2a: Flicker-Sparkz|303/363|[from] item: Rocky Helmet|[of] p1a: the.punk","|-status|p1a: the.punk|brn","|move|p1a: the.punk|Drain Punch|p2a: Flicker-Sparkz","|-damage|p2a: Flicker-Sparkz|258/363","|-heal|p1a: the.punk|306/334 brn|[from] drain|[of] p2a: Flicker-Sparkz","|","|-activate|p1a: the.punk|ability: Shed Skin","|-curestatus|p1a: the.punk|brn","|turn|5","|","|switch|p2a: Zapz|Zapdos, shiny|325/325","|-ability|p2a: Zapz|Pressure","|move|p1a: the.punk|Bulk Up|p1a: the.punk","|-boost|p1a: the.punk|atk|1","|-boost|p1a: the.punk|def|1","|","|turn|6","|","|move|p2a: Zapz|Heat Wave|p1a: the.punk","|-damage|p1a: the.punk|241/334","|move|p1a: the.punk|Bulk Up|p1a: the.punk","|-boost|p1a: the.punk|atk|1","|-boost|p1a: the.punk|def|1","|","|turn|7","|","|switch|p2a: Striker|Raikou, shiny|322/322","|-ability|p2a: Striker|Pressure","|-item|p2a: Striker|Air Balloon","|move|p1a: the.punk|Ice Punch|p2a: Striker","|-damage|p2a: Striker|199/322","|-enditem|p2a: Striker|Air Balloon","|","|turn|8","|","|move|p2a: Striker|Calm Mind|p2a: Striker","|-boost|p2a: Striker|spa|1","|-boost|p2a: Striker|spd|1","|move|p1a: the.punk|Drain Punch|p2a: Striker","|-damage|p2a: Striker|22/322","|-heal|p1a: the.punk|330/334|[from] drain|[of] p2a: Striker","|","|turn|9","|","|move|p2a: Striker|Aura Sphere|p1a: the.punk","|-supereffective|p1a: the.punk","|-damage|p1a: the.punk|146/334","|move|p1a: the.punk|Drain Punch|p2a: Striker","|-damage|p2a: Striker|0 fnt","|-heal|p1a: the.punk|157/334|[from] drain|[of] p2a: Striker","|faint|p2a: Striker","|","|","|switch|p2a: Plugg-in Failure|Electivire, M, shiny|291/291","|turn|10","|","|move|p2a: Plugg-in Failure|Cross Chop|p1a: the.punk","|-supereffective|p1a: the.punk","|-damage|p1a: the.punk|75/334","|-damage|p2a: Plugg-in Failure|243/291|[from] item: Rocky Helmet|[of] p1a: the.punk","|move|p1a: the.punk|Drain Punch|p2a: Plugg-in Failure","|-damage|p2a: Plugg-in Failure|23/291","|-heal|p1a: the.punk|185/334|[from] drain|[of] p2a: Plugg-in Failure","|","|turn|11","|","|switch|p2a: Zapz|Zapdos, shiny|325/325","|-ability|p2a: Zapz|Pressure","|move|p1a: the.punk|Drain Punch|p2a: Zapz","|-resisted|p2a: Zapz","|-damage|p2a: Zapz|244/325","|-heal|p1a: the.punk|226/334|[from] drain|[of] p2a: Zapz","|","|-heal|p2a: Zapz|264/325|[from] item: Leftovers","|turn|12","|","|move|p2a: Zapz|Heat Wave|p1a: the.punk","|-damage|p1a: the.punk|166/334","|move|p1a: the.punk|Crunch|p2a: Zapz","|-damage|p2a: Zapz|83/325","|-unboost|p2a: Zapz|def|1","|","|-heal|p2a: Zapz|103/325|[from] item: Leftovers","|turn|13","|","|move|p2a: Zapz|Roost|p2a: Zapz","|-heal|p2a: Zapz|266/325","|move|p1a: the.punk|Drain Punch|p2a: Zapz","|-damage|p2a: Zapz|0 fnt","|-heal|p1a: the.punk|299/334|[from] drain|[of] p2a: Zapz","|faint|p2a: Zapz","|","|","|switch|p2a: Flicker-Sparkz|Luxray, M, shiny|258/363","|-ability|p2a: Flicker-Sparkz|Intimidate","|-unboost|p1a: the.punk|atk|1","|turn|14","|","|move|p2a: Flicker-Sparkz|Superpower|p1a: the.punk","|-crit|p1a: the.punk","|-supereffective|p1a: the.punk","|-damage|p1a: the.punk|0 fnt","|-damage|p2a: Flicker-Sparkz|198/363|[from] item: Rocky Helmet|[of] p1a: the.punk","|-unboost|p2a: Flicker-Sparkz|atk|1","|-unboost|p2a: Flicker-Sparkz|def|1","|faint|p1a: the.punk","|","|","|switch|p1a: toges.copy|Cobalion|386/386","|turn|15","|","|move|p1a: toges.copy|Stealth Rock|p2a: Flicker-Sparkz","|-sidestart|p2: GTX♅Bzumzum|move: Stealth Rock","|move|p2a: Flicker-Sparkz|Fire Fang|p1a: toges.copy","|-supereffective|p1a: toges.copy","|-damage|p1a: toges.copy|324/386","|","|-heal|p1a: toges.copy|348/386|[from] item: Leftovers","|turn|16","|","|move|p1a: toges.copy|Iron Head|p2a: Flicker-Sparkz","|-resisted|p2a: Flicker-Sparkz","|-damage|p2a: Flicker-Sparkz|117/363","|move|p2a: Flicker-Sparkz|Fire Fang|p1a: toges.copy","|-supereffective|p1a: toges.copy","|-damage|p1a: toges.copy|276/386","|","|-heal|p1a: toges.copy|300/386|[from] item: Leftovers","|turn|17","|","|switch|p2a: Plugg-in Failure|Electivire, M, shiny|23/291","|-damage|p2a: Plugg-in Failure|0 fnt|[from] Stealth Rock","|faint|p2a: Plugg-in Failure","|move|p1a: toges.copy|Iron Head|p2: Plugg-in Failure|[notarget]","|-notarget","|","|-heal|p1a: toges.copy|324/386|[from] item: Leftovers","|","|switch|p2a: MY ZONE!!!|Magnezone, shiny|338/338","|-damage|p2a: MY ZONE!!!|317/338|[from] Stealth Rock","|turn|18","|","|move|p1a: toges.copy|Iron Head|p2a: MY ZONE!!!","|-resisted|p2a: MY ZONE!!!","|-damage|p2a: MY ZONE!!!|298/338","|move|p2a: MY ZONE!!!|Tri Attack|p1a: toges.copy","|-resisted|p1a: toges.copy","|-damage|p1a: toges.copy|239/386","|-status|p1a: toges.copy|frz","|","|-heal|p1a: toges.copy|263/386 frz|[from] item: Leftovers","|turn|19","|","|cant|p1a: toges.copy|frz","|move|p2a: MY ZONE!!!|Tri Attack|p1a: toges.copy","|-resisted|p1a: toges.copy","|-damage|p1a: toges.copy|170/386 frz","|","|-heal|p1a: toges.copy|194/386 frz|[from] item: Leftovers","|turn|20","|","|cant|p1a: toges.copy|frz","|move|p2a: MY ZONE!!!|Tri Attack|p1a: toges.copy","|-resisted|p1a: toges.copy","|-damage|p1a: toges.copy|98/386 frz","|","|-heal|p1a: toges.copy|122/386 frz|[from] item: Leftovers","|turn|21","|","|cant|p1a: toges.copy|frz","|move|p2a: MY ZONE!!!|Tri Attack|p1a: toges.copy","|-resisted|p1a: toges.copy","|-damage|p1a: toges.copy|31/386 frz","|","|-heal|p1a: toges.copy|55/386 frz|[from] item: Leftovers","|turn|22","|","|switch|p2a: Flicker-Sparkz|Luxray, M, shiny|117/363","|-damage|p2a: Flicker-Sparkz|72/363|[from] Stealth Rock","|-ability|p2a: Flicker-Sparkz|Intimidate","|-unboost|p1a: toges.copy|atk|1","|-curestatus|p1a: toges.copy|frz","|move|p1a: toges.copy|Iron Head|p2a: Flicker-Sparkz","|-resisted|p2a: Flicker-Sparkz","|-damage|p2a: Flicker-Sparkz|40/363","|","|-heal|p1a: toges.copy|79/386|[from] item: Leftovers","|turn|23","|","|move|p2a: Flicker-Sparkz|Quick Attack|p1a: toges.copy","|-resisted|p1a: toges.copy","|-damage|p1a: toges.copy|65/386","|move|p1a: toges.copy|Iron Head|p2a: Flicker-Sparkz","|-resisted|p2a: Flicker-Sparkz","|-damage|p2a: Flicker-Sparkz|8/363","|","|-heal|p1a: toges.copy|89/386|[from] item: Leftovers","|turn|24","|","|move|p1a: toges.copy|Iron Head|p2a: Flicker-Sparkz","|-resisted|p2a: Flicker-Sparkz","|-damage|p2a: Flicker-Sparkz|0 fnt","|faint|p2a: Flicker-Sparkz","|","|-heal|p1a: toges.copy|113/386|[from] item: Leftovers","|","|switch|p2a: MY ZONE!!!|Magnezone, shiny|298/338","|-damage|p2a: MY ZONE!!!|277/338|[from] Stealth Rock","|turn|25","|","|move|p1a: toges.copy|Iron Head|p2a: MY ZONE!!!","|-resisted|p2a: MY ZONE!!!","|-damage|p2a: MY ZONE!!!|265/338","|move|p2a: MY ZONE!!!|Tri Attack|p1a: toges.copy","|-resisted|p1a: toges.copy","|-damage|p1a: toges.copy|27/386","|","|-heal|p1a: toges.copy|51/386|[from] item: Leftovers","|turn|26","|","|move|p1a: toges.copy|Iron Head|p2a: MY ZONE!!!","|-resisted|p2a: MY ZONE!!!","|-damage|p2a: MY ZONE!!!|252/338","|move|p2a: MY ZONE!!!|Tri Attack|p1a: toges.copy","|-resisted|p1a: toges.copy","|-damage|p1a: toges.copy|0 fnt","|faint|p1a: toges.copy","|","|","|switch|p1a: doggy|Terrakion|323/323","|turn|27","|","|move|p1a: doggy|Earthquake|p2a: MY ZONE!!!","|-supereffective|p2a: MY ZONE!!!","|-damage|p2a: MY ZONE!!!|0 fnt","|faint|p2a: MY ZONE!!!","|","|win|Imp❇ Jk"],"p1rating":{"entryid":"7537159","serverid":"eos","formatid":"monotype","userid":"impjk","username":"Imp❇ Jk","w":8,"l":"13","t":"0","gxe":37.6,"r":1393.8466938411,"rd":70.149726663646,"sigma":"0","rptime":1439629200,"rpr":1402.97232906,"rprd":68.920886908464,"rpsigma":"0","acre":1078.9705374835,"lacre":1078.9705374835,"oldacre":"1041.6588230606"},"p2rating":{"entryid":"6857825","serverid":"eos","formatid":"monotype","userid":"gtxbzumzum","username":"GTX♅Bzumzum","w":"39","l":128,"t":"0","gxe":23.7,"r":"1274.4875731694","rd":"32.174632655966","sigma":"0","rptime":"1439629200","rpr":1279.1198639234,"rprd":31.756233714486,"rpsigma":"0","acre":1054.3844839981,"lacre":1054.3844839981,"oldacre":"1078.4479848482"},"endType":"normal"}