{"seed":[13030,7000,53897,52360],"turns":26,"p1":"Rain Tyranitar","p2":"V Photon","p1team":[{"name":"Landorus","species":"Landorus","item":"lifeorb","ability":"Sheer Force","moves":["earthpower","sludgewave","focusblast","stealthrock"],"nature":"Timid","evs":{"hp":0,"atk":0,"def":0,"spa":252,"spd":4,"spe":252},"ivs":{"hp":31,"atk":0,"def":31,"spa":31,"spd":31,"spe":31},"shiny":true},{"name":"Charizard","species":"Charizard","item":"charizarditex","ability":"Solar Power","moves":["dragondance","flareblitz","dragonclaw","earthquake"],"nature":"Adamant","evs":{"hp":0,"atk":252,"def":0,"spa":0,"spd":4,"spe":252},"gender":"M","shiny":true,"ivs":{"hp":31,"atk":31,"def":31,"spa":31,"spd":31,"spe":31}},{"name":"Thundurus","species":"Thundurus","item":"leftovers","ability":"Prankster","moves":["thunderwave","thunderbolt","hiddenpowerice","focusblast"],"nature":"Timid","evs":{"hp":0,"atk":0,"def":0,"spa":252,"spd":4,"spe":252},"ivs":{"hp":31,"atk":0,"def":30,"spa":31,"spd":31,"spe":31},"shiny":true},{"name":"Togekiss","species":"Togekiss","item":"choicescarf","ability":"Serene Grace","moves":["airslash","dazzlinggleam","flamethrower","trick"],"nature":"Timid","evs":{"hp":0,"atk":0,"def":0,"spa":252,"spd":4,"spe":252},"gender":"F","ivs":{"hp":31,"atk":0,"def":31,"spa":31,"spd":31,"spe":31},"shiny":true},{"name":"Dragonite","species":"Dragonite","item":"choiceband","ability":"Multiscale","moves":["outrage","firepunch","earthquake","extremespeed"],"nature":"Adamant","evs":{"hp":0,"atk":252,"def":4,"spa":0,"spd":0,"spe":252},"gender":"F","shiny":true,"ivs":{"hp":31,"atk":31,"def":31,"spa":31,"spd":31,"spe":31}},{"name":"Mandibuzz","species":"Mandibuzz","item":"mentalherb","ability":"Overcoat","moves":["taunt","defog","toxic","roost"],"nature":"Bold","evs":{"hp":252,"atk":0,"def":252,"spa":0,"spd":0,"spe":4},"ivs":{"hp":31,"atk":0,"def":31,"spa":31,"spd":31,"spe":31},"shiny":true}],"p2team":[{"name":"Ferrothorn","species":"Ferrothorn","item":"rockyhelmet","ability":"Iron Barbs","moves":["stealthrock","thunderwave","gyroball","leechseed"],"nature":"Relaxed","evs":{"hp":252,"atk":4,"def":252,"spa":0,"spd":0,"spe":0},"ivs":{"hp":31,"atk":31,"def":31,"spa":31,"spd":31,"spe":0}},{"name":"Cradily","species":"Cradily","item":"leftovers","ability":"Storm Drain","moves":["ancientpower","stealthrock","hiddenpowerfire","recover"],"nature":"Calm","evs":{"hp":252,"atk":0,"def":0,"spa":4,"spd":252,"spe":0},"ivs":{"hp":31,"atk":30,"def":31,"spa":30,"spd":31,"spe":30}},{"name":"Ludicolo","species":"Ludicolo","item":"assaultvest","ability":"Rain Dish","moves":["scald","gigadrain","icebeam","hiddenpowerfire"],"nature":"Modest","evs":{"hp":0,"atk":0,"def":0,"spa":252,"spd":4,"spe":252},"ivs":{"hp":31,"atk":30,"def":31,"spa":30,"spd":31,"spe":30}},{"name":"Serperior","species":"Serperior","item":"lifeorb","ability":"Contrary","moves":["leafstorm","dragonpulse","hiddenpowerice","gigadrain"],"nature":"Timid","evs":{"hp":0,"atk":0,"def":0,"spa":252,"spd":4,"spe":252},"ivs":{"hp":31,"atk":30,"def":30,"spa":31,"spd":31,"spe":31}},{"name":"Sceptile","species":"Sceptile","item":"focussash","ability":"Unburden","moves":["acrobatics","drainpunch","swordsdance","rockslide"],"nature":"Adamant","evs":{"hp":0,"atk":252,"def":0,"spa":0,"spd":4,"spe":252},"ivs":{"hp":31,"atk":31,"def":31,"spa":31,"spd":31,"spe":31}},{"name":"Venusaur","species":"Venusaur","item":"venusaurite","ability":"Overgrow","moves":["curse","petalblizzard","earthquake","synthesis"],"nature":"Adamant","evs":{"hp":248,"atk":252,"def":0,"spa":0,"spd":8,"spe":0},"ivs":{"hp":31,"atk":31,"def":31,"spa":31,"spd":31,"spe":31}}],"log":["|player|p1|Rain Tyranitar|physicaltyranitar.png","|player|p2|V Photon|66","|gametype|singles","|gen|6","|tier|Monotype","|rated","|rule|Baton Pass Clause: Limit one Baton Passer, can't pass Spe and other stats simultaneously","|rule|Swagger Clause: Swagger is banned","|rule|Same Type Clause: Pokémon in a team must share a type","|clearpoke","|poke|p1|Landorus, M, shiny","|poke|p1|Charizard, M, shiny","|poke|p1|Thundurus, M, shiny","|poke|p1|Togekiss, F, shiny","|poke|p1|Dragonite, F, shiny","|poke|p1|Mandibuzz, F, shiny","|poke|p2|Ferrothorn, M","|poke|p2|Cradily, F","|poke|p2|Ludicolo, F","|poke|p2|Serperior, F","|poke|p2|Sceptile, F","|poke|p2|Venusaur, M","|rule|Sleep Clause Mod: Limit one foe put to sleep","|rule|Species Clause: Limit one of each Pokémon","|rule|OHKO Clause: OHKO moves are banned","|rule|Moody Clause: Moody is banned","|rule|Evasion Moves Clause: Evasion moves are banned","|rule|Endless Battle Clause: Forcing endless battles is banned","|rule|HP Percentage Mod: HP is shown in percentages","|teampreview","|","|start","|switch|p1a: Togekiss|Togekiss, F, shiny|311/311","|switch|p2a: Ferrothorn|Ferrothorn, M|352/352","|turn|1","|","|move|p1a: Togekiss|Trick|p2a: Ferrothorn","|-activate|p1a: Togekiss|move: Trick|[of] p2a: Ferrothorn","|-item|p2a: Ferrothorn|Choice Scarf|[from] move: Trick","|-item|p1a: Togekiss|Rocky Helmet|[from] move: Trick","|move|p2a: Ferrothorn|Stealth Rock|p1a: Togekiss","|-sidestart|p1: Rain Tyranitar|move: Stealth Rock","|","|turn|2","|","|switch|p2a: Cradily|Cradily, F|376/376","|move|p1a: Togekiss|Flamethrower|p2a: Cradily","|-damage|p2a: Cradily|303/376","|","|-heal|p2a: Cradily|326/376|[from] item: Leftovers","|turn|3","|","|switch|p1a: Mandibuzz|Mandibuzz, F, shiny|424/424","|-damage|p1a: Mandibuzz|318/424|[from] Stealth Rock","|move|p2a: Cradily|Ancient Power|p1a: Mandibuzz","|-crit|p1a: Mandibuzz","|-supereffective|p1a: Mandibuzz","|-damage|p1a: Mandibuzz|130/424","|","|-heal|p2a: Cradily|349/376|[from] item: Leftovers","|turn|4","|","|move|p1a: Mandibuzz|Defog|p2a: Cradily","|-unboost|p2a: Cradily|evasion|1","|-sideend|p1: Rain Tyranitar|Stealth Rock|[from] move: Defog|[of] p1a: Mandibuzz","|move|p2a: Cradily|Ancient Power|p1a: Mandibuzz","|-supereffective|p1a: Mandibuzz","|-damage|p1a: Mandibuzz|14/424","|","|-heal|p2a: Cradily|372/376|[from] item: Leftovers","|turn|5","|","|switch|p2a: Ludicolo|Ludicolo, F|301/301","|move|p1a: Mandibuzz|Roost|p1a: Mandibuzz","|-heal|p1a: Mandibuzz|226/424","|","|turn|6","|","|move|p2a: Ludicolo|Ice Beam|p1a: Mandibuzz","|-supereffective|p1a: Mandibuzz","|-damage|p1a: Mandibuzz|24/424","|move|p1a: Mandibuzz|Toxic|p2a: Ludicolo","|-status|p2a: Ludicolo|tox","|","|-damage|p2a: Ludicolo|283/301 tox|[from] psn","|turn|7","|","|switch|p1a: Togekiss|Togekiss, F, shiny|311/311","|move|p2a: Ludicolo|Ice Beam|p1a: Togekiss","|-supereffective|p1a: Togekiss","|-damage|p1a: Togekiss|157/311","|-status|p1a: Togekiss|frz","|","|-damage|p2a: Ludicolo|247/301 tox|[from] psn","|turn|8","|","|switch|p2a: Cradily|Cradily, F|372/376","|-curestatus|p1a: Togekiss|frz","|move|p1a: Togekiss|Flamethrower|p2a: Cradily","|-damage|p2a: Cradily|297/376","|","|-heal|p2a: Cradily|320/376|[from] item: Leftovers","|turn|9","|","|move|p1a: Togekiss|Trick|p2a: Cradily","|-activate|p1a: Togekiss|move: Trick|[of] p2a: Cradily","|-item|p2a: Cradily|Rocky Helmet|[from] move: Trick","|-item|p1a: Togekiss|Leftovers|[from] move: Trick","|move|p2a: Cradily|Stealth Rock|p1a: Togekiss","|-sidestart|p1: Rain Tyranitar|move: Stealth Rock","|","|-heal|p1a: Togekiss|176/311|[from] item: Leftovers","|turn|10","|","|move|p1a: Togekiss|Dazzling Gleam|p2a: Cradily","|-damage|p2a: Cradily|226/376","|move|p2a: Cradily|Ancient Power|p1a: Togekiss","|-supereffective|p1a: Togekiss","|-damage|p1a: Togekiss|74/311","|-boost|p2a: Cradily|atk|1","|-boost|p2a: Cradily|def|1","|-boost|p2a: Cradily|spa|1","|-boost|p2a: Cradily|spd|1","|-boost|p2a: Cradily|spe|1","|","|-heal|p1a: Togekiss|93/311|[from] item: Leftovers","|turn|11","|","|switch|p1a: Mandibuzz|Mandibuzz, F, shiny|24/424","|-damage|p1a: Mandibuzz|0 fnt|[from] Stealth Rock","|faint|p1a: Mandibuzz","|move|p2a: Cradily|Ancient Power|p1: Mandibuzz|[notarget]","|-notarget","|","|","|switch|p1a: Dragonite|Dragonite, F, shiny|323/323","|-damage|p1a: Dragonite|243/323|[from] Stealth Rock","|turn|12","|","|move|p1a: Dragonite|Outrage|p2a: Cradily","|-damage|p2a: Cradily|0 fnt","|-damage|p1a: Dragonite|190/323|[from] item: Rocky Helmet|[of] p2a: Cradily","|faint|p2a: Cradily","|","|","|switch|p2a: Ferrothorn|Ferrothorn, M|352/352","|turn|13","|","|move|p1a: Dragonite|Outrage|p2a: Ferrothorn|[from]lockedmove","|-resisted|p2a: Ferrothorn","|-damage|p2a: Ferrothorn|248/352","|-damage|p1a: Dragonite|150/323|[from] ability: Iron Barbs|[of] p2a: Ferrothorn","|-start|p1a: Dragonite|confusion|[fatigue]","|move|p2a: Ferrothorn|Leech Seed|p1a: Dragonite","|-start|p1a: Dragonite|move: Leech Seed","|","|-damage|p1a: Dragonite|110/323|[from] Leech Seed|[of] p2a: Ferrothorn","|-heal|p2a: Ferrothorn|288/352|[silent]","|turn|14","|","|switch|p1a: Charizard|Charizard, M, shiny|297/297","|-damage|p1a: Charizard|149/297|[from] Stealth Rock","|move|p2a: Ferrothorn|Leech Seed|p1a: Charizard","|-start|p1a: Charizard|move: Leech Seed","|","|-damage|p1a: Charizard|112/297|[from] Leech Seed|[of] p2a: Ferrothorn","|-heal|p2a: Ferrothorn|325/352|[silent]","|turn|15","|","|switch|p2a: Ludicolo|Ludicolo, F|247/301 tox","|detailschange|p1a: Charizard|Charizard-Mega-X, M, shiny","|-mega|p1a: Charizard|Charizard|Charizardite X","|move|p1a: Charizard|Flare Blitz|p2a: Ludicolo","|-damage|p2a: Ludicolo|0 fnt","|-damage|p1a: Charizard|30/297|[from] recoil|[of] p2a: Ludicolo","|faint|p2a: Ludicolo","|","|","|switch|p2a: Sceptile|Sceptile, F|281/281","|turn|16","|","|switch|p2a: Ferrothorn|Ferrothorn, M|325/352","|move|p1a: Charizard|Flare Blitz|p2a: Ferrothorn","|-supereffective|p2a: Ferrothorn","|-damage|p2a: Ferrothorn|0 fnt","|-damage|p1a: Charizard|0 fnt|[from] ability: Iron Barbs|[of] p2a: Ferrothorn","|faint|p1a: Charizard","|faint|p2a: Ferrothorn","|","|","|switch|p2a: Serperior|Serperior, F|291/291","|switch|p1a: Thundurus|Thundurus, M, shiny|299/299","|-damage|p1a: Thundurus|225/299|[from] Stealth Rock","|turn|17","|","|move|p1a: Thundurus|Thunder Wave|p2a: Serperior","|-status|p2a: Serperior|par","|move|p2a: Serperior|Leaf Storm|p1a: Thundurus|[miss]","|-miss|p2a: Serperior|p1a: Thundurus","|","|-heal|p1a: Thundurus|243/299|[from] item: Leftovers","|turn|18","|","|move|p1a: Thundurus|Hidden Power|p2a: Serperior","|-supereffective|p2a: Serperior","|-damage|p2a: Serperior|145/291 par","|move|p2a: Serperior|Leaf Storm|p1a: Thundurus","|-resisted|p1a: Thundurus","|-damage|p1a: Thundurus|112/299","|-boost|p2a: Serperior|spa|2","|-damage|p2a: Serperior|116/291 par|[from] item: Life Orb","|","|-heal|p1a: Thundurus|130/299|[from] item: Leftovers","|turn|19","|","|move|p1a: Thundurus|Hidden Power|p2a: Serperior","|-supereffective|p2a: Serperior","|-damage|p2a: Serperior|0 fnt","|faint|p2a: Serperior","|","|-heal|p1a: Thundurus|148/299|[from] item: Leftovers","|","|switch|p2a: Venusaur|Venusaur, M|363/363","|turn|20","|","|detailschange|p2a: Venusaur|Venusaur-Mega, M","|-mega|p2a: Venusaur|Venusaur|Venusaurite","|move|p1a: Thundurus|Thunder Wave|p2a: Venusaur","|-status|p2a: Venusaur|par","|move|p2a: Venusaur|Petal Blizzard|p1a: Thundurus","|-resisted|p1a: Thundurus","|-damage|p1a: Thundurus|57/299","|","|-heal|p1a: Thundurus|75/299|[from] item: Leftovers","|turn|21","|","|move|p1a: Thundurus|Thunderbolt|p2a: Venusaur","|-resisted|p2a: Venusaur","|-damage|p2a: Venusaur|297/363 par","|move|p2a: Venusaur|Curse|p2a: Venusaur","|-unboost|p2a: Venusaur|spe|1","|-boost|p2a: Venusaur|atk|1","|-boost|p2a: Venusaur|def|1","|","|-heal|p1a: Thundurus|93/299|[from] item: Leftovers","|turn|22","|","|switch|p1a: Dragonite|Dragonite, F, shiny|110/323","|-damage|p1a: Dragonite|30/323|[from] Stealth Rock","|move|p2a: Venusaur|Petal Blizzard|p1a: Dragonite","|-resisted|p1a: Dragonite","|-damage|p1a: Dragonite|0 fnt","|faint|p1a: Dragonite","|","|","|switch|p1a: Landorus|Landorus, M, shiny|319/319","|-damage|p1a: Landorus|280/319|[from] Stealth Rock","|turn|23","|","|move|p1a: Landorus|Earth Power|p2a: Venusaur","|-damage|p2a: Venusaur|77/363 par","|move|p2a: Venusaur|Petal Blizzard|p1a: Landorus","|-damage|p1a: Landorus|54/319","|","|turn|24","|","|move|p1a: Landorus|Sludge Wave|p2a: Venusaur","|-damage|p2a: Venusaur|0 fnt","|faint|p2a: Venusaur","|","|","|switch|p2a: Sceptile|Sceptile, F|281/281","|turn|25","|","|move|p2a: Sceptile|Rock Slide|p1a: Landorus","|-damage|p1a: Landorus|0 fnt","|faint|p1a: Landorus","|","|","|switch|p1a: Togekiss|Togekiss, F, shiny|93/311","|-damage|p1a: Togekiss|16/311|[from] Stealth Rock","|turn|26","|","|win|V Photon"],"p1rating":{"entryid":"7563854","serverid":"eos","formatid":"monotype","userid":"raintyranitar","username":"Rain Tyranitar","w":"3","l":4,"t":"0","gxe":44.6,"r":"1428.9522055313","rd":"106.96802900318","sigma":"0","rptime":"1439629200","rpr":1458.0769161614,"rprd":95.111825424919,"rpsigma":"0","acre":1084.0090614612,"lacre":1084.0090614612,"oldacre":"1114.1009502839"},"p2rating":{"entryid":"7561969","serverid":"eos","formatid":"monotype","userid":"vphoton","username":"V Photon","w":9,"l":"12","t":"0","gxe":44.7,"r":"1480.1813764591","rd":"80.230376137595","sigma":"0","rptime":"1439629200","rpr":1459.101405712,"rprd":68.389919161349,"rpsigma":"0","acre":1082.8369013512,"lacre":1082.8369013512,"oldacre":"1042.3331938036"},"endType":"forfeit"}