{"seed":[22929,27155,36652,37183],"turns":26,"p1":"Imp❇ Jk","p2":"V Photon","p1team":[{"name":"toges.copy","species":"cobalion","item":"leftovers","ability":"Justified","moves":["stealthrock","taunt","ironhead","thunderwave"],"nature":"Impish","evs":{"hp":252,"atk":0,"def":212,"spa":0,"spd":0,"spe":44},"ivs":{"hp":31,"atk":31,"def":31,"spa":31,"spd":31,"spe":31}},{"name":"beyblade","species":"hitmontop","item":"assaultvest","ability":"Intimidate","moves":["endeavor","highjumpkick","suckerpunch","rapidspin"],"nature":"Careful","evs":{"hp":252,"atk":0,"def":16,"spa":0,"spd":240,"spe":0},"ivs":{"hp":31,"atk":31,"def":31,"spa":31,"spd":31,"spe":31}},{"name":"the.punk","species":"scrafty","item":"leftovers","ability":"Shed Skin","moves":["crunch","drainpunch","bulkup","icepunch"],"nature":"Careful","evs":{"hp":252,"atk":4,"def":0,"spa":0,"spd":252,"spe":0},"ivs":{"hp":31,"atk":31,"def":31,"spa":31,"spd":31,"spe":31}},{"name":"diddy.kong","species":"infernape","item":"focussash","ability":"Blaze","moves":["flamethrower","vacuumwave","encore","nastyplot"],"nature":"Timid","evs":{"hp":0,"atk":0,"def":0,"spa":252,"spd":0,"spe":252},"ivs":{"hp":31,"atk":31,"def":31,"spa":31,"spd":31,"spe":31}},{"name":"beetle.juice","species":"heracross","item":"heracronite","ability":"Moxie","moves":["bulletseed","rockblast","closecombat","pinmissile"],"nature":"Adamant","evs":{"hp":252,"atk":232,"def":24,"spa":0,"spd":0,"spe":0},"ivs":{"hp":31,"atk":31,"def":31,"spa":31,"spd":31,"spe":31}},{"name":"doggy","species":"terrakion","item":"choicescarf","ability":"Justified","moves":["earthquake","ironhead","stoneedge","closecombat"],"nature":"Adamant","evs":{"hp":0,"atk":252,"def":0,"spa":0,"spd":0,"spe":252},"ivs":{"hp":31,"atk":31,"def":31,"spa":31,"spd":31,"spe":31}}],"p2team":[{"name":"Ferrothorn","species":"Ferrothorn","item":"rockyhelmet","ability":"Iron Barbs","moves":["stealthrock","thunderwave","gyroball","leechseed"],"nature":"Relaxed","evs":{"hp":252,"atk":4,"def":252,"spa":0,"spd":0,"spe":0},"ivs":{"hp":31,"atk":31,"def":31,"spa":31,"spd":31,"spe":0}},{"name":"Cradily","species":"Cradily","item":"leftovers","ability":"Storm Drain","moves":["ancientpower","stealthrock","hiddenpowerfire","recover"],"nature":"Calm","evs":{"hp":252,"atk":0,"def":0,"spa":4,"spd":252,"spe":0},"ivs":{"hp":31,"atk":30,"def":31,"spa":30,"spd":31,"spe":30}},{"name":"Ludicolo","species":"Ludicolo","item":"assaultvest","ability":"Rain Dish","moves":["scald","gigadrain","icebeam","hiddenpowerfire"],"nature":"Modest","evs":{"hp":0,"atk":0,"def":0,"spa":252,"spd":4,"spe":252},"ivs":{"hp":31,"atk":30,"def":31,"spa":30,"spd":31,"spe":30}},{"name":"Serperior","species":"Serperior","item":"lifeorb","ability":"Contrary","moves":["leafstorm","dragonpulse","hiddenpowerice","gigadrain"],"nature":"Timid","evs":{"hp":0,"atk":0,"def":0,"spa":252,"spd":4,"spe":252},"ivs":{"hp":31,"atk":30,"def":30,"spa":31,"spd":31,"spe":31}},{"name":"Sceptile","species":"Sceptile","item":"focussash","ability":"Unburden","moves":["acrobatics","drainpunch","swordsdance","rockslide"],"nature":"Adamant","evs":{"hp":0,"atk":252,"def":0,"spa":0,"spd":4,"spe":252},"ivs":{"hp":31,"atk":31,"def":31,"spa":31,"spd":31,"spe":31}},{"name":"Venusaur","species":"Venusaur","item":"venusaurite","ability":"Overgrow","moves":["curse","petalblizzard","earthquake","synthesis"],"nature":"Adamant","evs":{"hp":248,"atk":252,"def":0,"spa":0,"spd":8,"spe":0},"ivs":{"hp":31,"atk":31,"def":31,"spa":31,"spd":31,"spe":31}}],"log":["|player|p1|Imp❇ Jk|196","|player|p2|V Photon|66","|gametype|singles","|gen|6","|tier|Monotype","|rated","|rule|Baton Pass Clause: Limit one Baton Passer, can't pass Spe and other stats simultaneously","|rule|Swagger Clause: Swagger is banned","|rule|Same Type Clause: Pokémon in a team must share a type","|clearpoke","|poke|p1|Cobalion","|poke|p1|Hitmontop, M","|poke|p1|Scrafty, F","|poke|p1|Infernape, F","|poke|p1|Heracross, F","|poke|p1|Terrakion","|poke|p2|Ferrothorn, M","|poke|p2|Cradily, M","|poke|p2|Ludicolo, F","|poke|p2|Serperior, M","|poke|p2|Sceptile, F","|poke|p2|Venusaur, M","|rule|Sleep Clause Mod: Limit one foe put to sleep","|rule|Species Clause: Limit one of each Pokémon","|rule|OHKO Clause: OHKO moves are banned","|rule|Moody Clause: Moody is banned","|rule|Evasion Moves Clause: Evasion moves are banned","|rule|Endless Battle Clause: Forcing endless battles is banned","|rule|HP Percentage Mod: HP is shown in percentages","|teampreview","|","|start","|switch|p1a: diddy.kong|Infernape, F|293/293","|switch|p2a: Venusaur|Venusaur, M|363/363","|turn|1","|","|switch|p1a: toges.copy|Cobalion|386/386","|detailschange|p2a: Venusaur|Venusaur-Mega, M","|-mega|p2a: Venusaur|Venusaur|Venusaurite","|move|p2a: Venusaur|Earthquake|p1a: toges.copy","|-supereffective|p1a: toges.copy","|-damage|p1a: toges.copy|242/386","|","|-heal|p1a: toges.copy|266/386|[from] item: Leftovers","|turn|2","|","|move|p1a: toges.copy|Thunder Wave|p2a: Venusaur","|-status|p2a: Venusaur|par","|move|p2a: Venusaur|Curse|p2a: Venusaur","|-unboost|p2a: Venusaur|spe|1","|-boost|p2a: Venusaur|atk|1","|-boost|p2a: Venusaur|def|1","|","|-heal|p1a: toges.copy|290/386|[from] item: Leftovers","|turn|3","|","|move|p1a: toges.copy|Stealth Rock|p2a: Venusaur","|-sidestart|p2: V Photon|move: Stealth Rock","|move|p2a: Venusaur|Earthquake|p1a: toges.copy","|-supereffective|p1a: toges.copy","|-damage|p1a: toges.copy|102/386","|","|-heal|p1a: toges.copy|126/386|[from] item: Leftovers","|turn|4","|","|move|p1a: toges.copy|Iron Head|p2a: Venusaur","|-damage|p2a: Venusaur|318/363 par","|cant|p2a: Venusaur|flinch","|","|-heal|p1a: toges.copy|150/386|[from] item: Leftovers","|turn|5","|","|move|p1a: toges.copy|Iron Head|p2a: Venusaur","|-damage|p2a: Venusaur|270/363 par","|move|p2a: Venusaur|Curse|p2a: Venusaur","|-unboost|p2a: Venusaur|spe|1","|-boost|p2a: Venusaur|atk|1","|-boost|p2a: Venusaur|def|1","|","|-heal|p1a: toges.copy|174/386|[from] item: Leftovers","|turn|6","|","|move|p1a: toges.copy|Iron Head|p2a: Venusaur","|-damage|p2a: Venusaur|234/363 par","|move|p2a: Venusaur|Synthesis|p2a: Venusaur","|-heal|p2a: Venusaur|363/363 par","|","|-heal|p1a: toges.copy|198/386|[from] item: Leftovers","|turn|7","|","|move|p1a: toges.copy|Iron Head|p2a: Venusaur","|-damage|p2a: Venusaur|330/363 par","|cant|p2a: Venusaur|flinch","|","|-heal|p1a: toges.copy|222/386|[from] item: Leftovers","|turn|8","|","|move|p1a: toges.copy|Iron Head|p2a: Venusaur","|-damage|p2a: Venusaur|290/363 par","|move|p2a: Venusaur|Earthquake|p1a: toges.copy","|-supereffective|p1a: toges.copy","|-damage|p1a: toges.copy|0 fnt","|faint|p1a: toges.copy","|","|","|switch|p1a: diddy.kong|Infernape, F|293/293","|turn|9","|","|move|p1a: diddy.kong|Nasty Plot|p1a: diddy.kong","|-boost|p1a: diddy.kong|spa|2","|move|p2a: Venusaur|Synthesis|p2a: Venusaur","|-heal|p2a: Venusaur|363/363 par","|","|turn|10","|","|move|p1a: diddy.kong|Encore|p2a: Venusaur","|-start|p2a: Venusaur|Encore","|move|p2a: Venusaur|Synthesis|p2a: Venusaur","|","|turn|11","|","|switch|p2a: Cradily|Cradily, M|376/376","|-damage|p2a: Cradily|329/376|[from] Stealth Rock","|move|p1a: diddy.kong|Flamethrower|p2a: Cradily","|-damage|p2a: Cradily|152/376","|","|-heal|p2a: Cradily|175/376|[from] item: Leftovers","|turn|12","|","|move|p1a: diddy.kong|Flamethrower|p2a: Cradily","|-damage|p2a: Cradily|3/376","|move|p2a: Cradily|Ancient Power|p1a: diddy.kong","|-crit|p1a: diddy.kong","|-damage|p1a: diddy.kong|167/293","|","|-heal|p2a: Cradily|26/376|[from] item: Leftovers","|turn|13","|","|move|p1a: diddy.kong|Flamethrower|p2a: Cradily","|-damage|p2a: Cradily|0 fnt","|faint|p2a: Cradily","|","|","|switch|p2a: Serperior|Serperior, M|291/291","|-damage|p2a: Serperior|255/291|[from] Stealth Rock","|turn|14","|","|switch|p1a: beyblade|Hitmontop, M|304/304","|-ability|p1a: beyblade|Intimidate","|-boost|p2a: Serperior|atk|1","|move|p2a: Serperior|Dragon Pulse|p1a: beyblade","|-damage|p1a: beyblade|265/304","|-damage|p2a: Serperior|226/291|[from] item: Life Orb","|","|turn|15","|","|move|p2a: Serperior|Leaf Storm|p1a: beyblade","|-damage|p1a: beyblade|170/304","|-boost|p2a: Serperior|spa|2","|-damage|p2a: Serperior|197/291|[from] item: Life Orb","|move|p1a: beyblade|High Jump Kick|p2a: Serperior","|-damage|p2a: Serperior|38/291","|","|turn|16","|","|move|p1a: beyblade|Sucker Punch|p2a: Serperior","|-damage|p2a: Serperior|0 fnt","|faint|p2a: Serperior","|","|","|switch|p2a: Venusaur|Venusaur-Mega, M|363/363 par","|-damage|p2a: Venusaur|318/363 par|[from] Stealth Rock","|turn|17","|","|switch|p1a: diddy.kong|Infernape, F|167/293","|cant|p2a: Venusaur|par","|","|turn|18","|","|move|p1a: diddy.kong|Flamethrower|p2a: Venusaur","|-supereffective|p2a: Venusaur","|-damage|p2a: Venusaur|192/363 par","|move|p2a: Venusaur|Earthquake|p1a: diddy.kong","|-supereffective|p1a: diddy.kong","|-damage|p1a: diddy.kong|0 fnt","|faint|p1a: diddy.kong","|","|","|switch|p1a: beetle.juice|Heracross, F|364/364","|turn|19","|","|detailschange|p1a: beetle.juice|Heracross-Mega, F","|-mega|p1a: beetle.juice|Heracross|Heracronite","|move|p1a: beetle.juice|Pin Missile|p2a: Venusaur","|-damage|p2a: Venusaur|140/363 par","|-damage|p2a: Venusaur|88/363 par","|-damage|p2a: Venusaur|39/363 par","|-damage|p2a: Venusaur|0 fnt","|-hitcount|p2a: Venusaur|4","|faint|p2a: Venusaur","|","|","|switch|p2a: Sceptile|Sceptile, F|281/281","|-damage|p2a: Sceptile|246/281|[from] Stealth Rock","|turn|20","|","|switch|p1a: beyblade|Hitmontop, M|170/304","|-ability|p1a: beyblade|Intimidate","|-unboost|p2a: Sceptile|atk|1","|move|p2a: Sceptile|Acrobatics|p1a: beyblade","|-supereffective|p1a: beyblade","|-damage|p1a: beyblade|90/304","|","|turn|21","|","|move|p2a: Sceptile|Swords Dance|p2a: Sceptile","|-boost|p2a: Sceptile|atk|2","|move|p1a: beyblade|Endeavor|p2a: Sceptile","|-damage|p2a: Sceptile|90/281","|","|turn|22","|","|move|p1a: beyblade|Sucker Punch|p2a: Sceptile","|-damage|p2a: Sceptile|1/281","|move|p2a: Sceptile|Drain Punch|p1a: beyblade","|-damage|p1a: beyblade|0 fnt","|-heal|p2a: Sceptile|46/281|[from] drain|[of] p1a: beyblade","|faint|p1a: beyblade","|","|","|switch|p1a: doggy|Terrakion|323/323","|turn|23","|","|move|p1a: doggy|Close Combat|p2a: Sceptile","|-damage|p2a: Sceptile|0 fnt","|-unboost|p1a: doggy|def|1","|-unboost|p1a: doggy|spd|1","|faint|p2a: Sceptile","|","|","|switch|p2a: Ferrothorn|Ferrothorn, M|352/352","|-damage|p2a: Ferrothorn|330/352|[from] Stealth Rock","|turn|24","|","|move|p1a: doggy|Close Combat|p2a: Ferrothorn","|-supereffective|p2a: Ferrothorn","|-damage|p2a: Ferrothorn|36/352","|-damage|p1a: doggy|283/323|[from] ability: Iron Barbs|[of] p2a: Ferrothorn","|-damage|p1a: doggy|230/323|[from] item: Rocky Helmet|[of] p2a: Ferrothorn","|-unboost|p1a: doggy|def|1","|-unboost|p1a: doggy|spd|1","|move|p2a: Ferrothorn|Gyro Ball|p1a: doggy","|-supereffective|p1a: doggy","|-damage|p1a: doggy|0 fnt","|faint|p1a: doggy","|","|","|switch|p1a: beetle.juice|Heracross-Mega, F|364/364","|turn|25","|","|move|p1a: beetle.juice|Pin Missile|p2a: Ferrothorn","|-damage|p2a: Ferrothorn|0 fnt","|-hitcount|p2a: Ferrothorn|1","|faint|p2a: Ferrothorn","|","|","|switch|p2a: Ludicolo|Ludicolo, F|301/301","|-damage|p2a: Ludicolo|264/301|[from] Stealth Rock","|turn|26","|","|move|p2a: Ludicolo|Scald|p1a: beetle.juice","|-damage|p1a: beetle.juice|246/364","|move|p1a: beetle.juice|Pin Missile|p2a: Ludicolo","|-supereffective|p2a: Ludicolo","|-damage|p2a: Ludicolo|96/301","|-supereffective|p2a: Ludicolo","|-damage|p2a: Ludicolo|0 fnt","|-hitcount|p2a: Ludicolo|2","|faint|p2a: Ludicolo","|","|win|Imp❇ Jk"],"p1rating":{"entryid":"7537159","serverid":"eos","formatid":"monotype","userid":"impjk","username":"Imp❇ Jk","w":9,"l":"13","t":"0","gxe":39.5,"r":"1393.8466938411","rd":"70.149726663646","sigma":"0","rptime":"1439629200","rpr":1418.491716708,"rprd":67.749069113156,"rpsigma":"0","acre":1110.3098179406,"lacre":1110.3098179406,"oldacre":"1078.9705374835"},"p2rating":{"entryid":"7561969","serverid":"eos","formatid":"monotype","userid":"vphoton","username":"V Photon","w":"11","l":14,"t":"0","gxe":44.3,"r":"1480.1813764591","rd":"80.230376137595","sigma":"0","rptime":"1439629200","rpr":1456.3264939952,"rprd":64.231171226351,"rpsigma":"0","acre":1090.6137724512,"lacre":1090.6137724512,"oldacre":"1118.4418018957"},"endType":"normal"}