{"seed":[43995,62335,44041,62029],"turns":35,"p1":"Knight♕Altair","p2":"Rain ☆ Trivial","p1team":[{"name":"Take a Chance xd","species":"chansey","item":"eviolite","ability":"Natural Cure","moves":["toxic","softboiled","seismictoss","stealthrock"],"nature":"Bold","evs":{"hp":4,"atk":0,"def":252,"spa":0,"spd":252,"spe":0},"ivs":{"hp":31,"atk":31,"def":31,"spa":31,"spd":31,"spe":31}},{"name":"Im very Punny xd","species":"lopunny","item":"lopunnite","ability":"Limber","moves":["highjumpkick","return","fakeout","icepunch"],"nature":"Jolly","evs":{"hp":0,"atk":252,"def":4,"spa":0,"spd":0,"spe":252},"ivs":{"hp":31,"atk":31,"def":31,"spa":31,"spd":31,"spe":31}},{"name":"Pory is gone 2 far","species":"porygon2","item":"eviolite","ability":"Trace","moves":["toxic","icebeam","discharge","recover"],"nature":"Bold","evs":{"hp":252,"atk":0,"def":252,"spa":4,"spd":0,"spe":0},"ivs":{"hp":31,"atk":31,"def":31,"spa":31,"spd":31,"spe":31}},{"name":"Mellow Out D00d","species":"meloetta","item":"lifeorb","ability":"Serene Grace","moves":["relicsong","psychic","closecombat","knockoff"],"nature":"Naive","evs":{"hp":0,"atk":128,"def":0,"spa":128,"spd":0,"spe":252},"ivs":{"hp":31,"atk":31,"def":31,"spa":31,"spd":31,"spe":31}},{"name":"The Raptorz Star","species":"staraptor","item":"choiceband","ability":"Reckless","moves":["bravebird","doubleedge","finalgambit","uturn"],"nature":"Adamant","evs":{"hp":0,"atk":252,"def":4,"spa":0,"spd":0,"spe":252},"ivs":{"hp":31,"atk":31,"def":31,"spa":31,"spd":31,"spe":31}},{"name":"Give em Hell..iois","species":"heliolisk","item":"lifeorb","ability":"Dry Skin","moves":["voltswitch","hypervoice","grassknot","thunderbolt"],"nature":"Timid","evs":{"hp":0,"atk":0,"def":0,"spa":252,"spd":4,"spe":252},"ivs":{"hp":31,"atk":31,"def":31,"spa":31,"spd":31,"spe":31}}],"p2team":[{"name":"Zapdos","species":"Zapdos","item":"leftovers","ability":"Pressure","moves":["discharge","heatwave","roost","defog"],"nature":"Bold","evs":{"hp":248,"atk":0,"def":252,"spa":0,"spd":0,"spe":8},"ivs":{"hp":31,"atk":31,"def":31,"spa":31,"spd":31,"spe":31}},{"name":"Thundurus","species":"Thundurus","item":"lifeorb","ability":"Prankster","moves":["thunderbolt","grassknot","hiddenpowerice","thunderwave"],"nature":"Timid","evs":{"hp":0,"atk":0,"def":0,"spa":252,"spd":4,"spe":252},"ivs":{"hp":31,"atk":30,"def":30,"spa":31,"spd":31,"spe":31}},{"name":"Manectric","species":"Manectric","item":"manectite","ability":"Lightning Rod","moves":["protect","voltswitch","flamethrower","hiddenpowerice"],"nature":"Timid","evs":{"hp":0,"atk":0,"def":4,"spa":252,"spd":0,"spe":252},"ivs":{"hp":31,"atk":30,"def":30,"spa":31,"spd":31,"spe":31}},{"name":"Rotom-Wash","species":"Rotom-Wash","item":"chestoberry","ability":"Levitate","moves":["rest","voltswitch","hydropump","willowisp"],"nature":"Calm","evs":{"hp":248,"atk":0,"def":0,"spa":8,"spd":252,"spe":0},"shiny":true,"ivs":{"hp":31,"atk":31,"def":31,"spa":31,"spd":31,"spe":31}},{"name":"Electivire","species":"Electivire","item":"choicescarf","ability":"Motor Drive","moves":["icepunch","earthquake","rockslide","voltswitch"],"nature":"","evs":{"hp":0,"atk":0,"def":0,"spa":0,"spd":0,"spe":0},"ivs":{"hp":31,"atk":31,"def":31,"spa":31,"spd":31,"spe":31}},{"name":"Magnezone","species":"Magnezone","item":"choicespecs","ability":"Sturdy","moves":["thunderbolt","voltswitch","flashcannon","hiddenpowergrass"],"nature":"Modest","evs":{"hp":100,"atk":0,"def":0,"spa":236,"spd":0,"spe":172},"ivs":{"hp":31,"atk":30,"def":31,"spa":30,"spd":31,"spe":31}}],"log":["|player|p1|Knight♕Altair|274","|player|p2|Rain ☆ Trivial|52","|gametype|singles","|gen|6","|tier|Monotype","|rated","|rule|Baton Pass Clause: Limit one Baton Passer, can't pass Spe and other stats simultaneously","|rule|Swagger Clause: Swagger is banned","|rule|Same Type Clause: Pokémon in a team must share a type","|clearpoke","|poke|p1|Chansey, F","|poke|p1|Lopunny, M","|poke|p1|Porygon2","|poke|p1|Meloetta","|poke|p1|Staraptor, M","|poke|p1|Heliolisk, M","|poke|p2|Zapdos","|poke|p2|Thundurus, M","|poke|p2|Manectric, M","|poke|p2|Rotom-Wash, shiny","|poke|p2|Electivire, M","|poke|p2|Magnezone","|rule|Sleep Clause Mod: Limit one foe put to sleep","|rule|Species Clause: Limit one of each Pokémon","|rule|OHKO Clause: OHKO moves are banned","|rule|Moody Clause: Moody is banned","|rule|Evasion Moves Clause: Evasion moves are banned","|rule|Endless Battle Clause: Forcing endless battles is banned","|rule|HP Percentage Mod: HP is shown in percentages","|teampreview","|","|start","|switch|p1a: Mellow Out D00d|Meloetta|341/341","|switch|p2a: Rotom-Wash|Rotom-Wash, shiny|303/303","|turn|1","|","|move|p1a: Mellow Out D00d|Relic Song|p2a: Rotom-Wash","|-damage|p2a: Rotom-Wash|196/303","|-formechange|p1a: Mellow Out D00d|Meloetta-Pirouette|[msg]","|-damage|p1a: Mellow Out D00d|307/341|[from] item: Life Orb","|move|p2a: Rotom-Wash|Volt Switch|p1a: Mellow Out D00d","|-damage|p1a: Mellow Out D00d|187/341","|","|switch|p2a: Thundurus|Thundurus, M|299/299","|","|turn|2","|","|move|p1a: Mellow Out D00d|Knock Off|p2a: Thundurus","|-damage|p2a: Thundurus|101/299","|-enditem|p2a: Thundurus|Life Orb|[from] move: Knock Off|[of] p1a: Mellow Out D00d","|-damage|p1a: Mellow Out D00d|153/341|[from] item: Life Orb","|move|p2a: Thundurus|Thunderbolt|p1a: Mellow Out D00d","|-damage|p1a: Mellow Out D00d|0 fnt","|faint|p1a: Mellow Out D00d","|","|","|switch|p1a: Im very Punny xd|Lopunny, M|271/271","|turn|3","|","|detailschange|p1a: Im very Punny xd|Lopunny-Mega, M","|-mega|p1a: Im very Punny xd|Lopunny|Lopunnite","|move|p1a: Im very Punny xd|Fake Out|p2a: Thundurus","|-damage|p2a: Thundurus|1/299","|cant|p2a: Thundurus|flinch","|","|turn|4","|","|move|p2a: Thundurus|Thunder Wave|p1a: Im very Punny xd","|-status|p1a: Im very Punny xd|par","|move|p1a: Im very Punny xd|Return|p2a: Thundurus","|-damage|p2a: Thundurus|0 fnt","|faint|p2a: Thundurus","|","|","|switch|p2a: Rotom-Wash|Rotom-Wash, shiny|196/303","|turn|5","|","|move|p2a: Rotom-Wash|Hydro Pump|p1a: Im very Punny xd","|-damage|p1a: Im very Punny xd|132/271 par","|move|p1a: Im very Punny xd|Return|p2a: Rotom-Wash","|-damage|p2a: Rotom-Wash|18/303","|","|turn|6","|","|move|p2a: Rotom-Wash|Hydro Pump|p1a: Im very Punny xd","|-damage|p1a: Im very Punny xd|2/271 par","|cant|p1a: Im very Punny xd|par","|","|turn|7","|","|switch|p1a: Give em Hell..iois|Heliolisk, M|265/265","|move|p2a: Rotom-Wash|Hydro Pump|p1a: Give em Hell..iois","|-immune|p1a: Give em Hell..iois|[msg]","|","|turn|8","|","|move|p1a: Give em Hell..iois|Grass Knot|p2a: Rotom-Wash","|-supereffective|p2a: Rotom-Wash","|-damage|p2a: Rotom-Wash|0 fnt","|-damage|p1a: Give em Hell..iois|239/265|[from] item: Life Orb","|faint|p2a: Rotom-Wash","|","|","|switch|p2a: Electivire|Electivire, M|291/291","|turn|9","|","|move|p1a: Give em Hell..iois|Volt Switch|p2a: Electivire","|-boost|p2a: Electivire|spe|1|[from] ability: Motor Drive","|move|p2a: Electivire|Earthquake|p1a: Give em Hell..iois","|-supereffective|p1a: Give em Hell..iois","|-damage|p1a: Give em Hell..iois|0 fnt","|faint|p1a: Give em Hell..iois","|","|","|switch|p1a: Pory is gone 2 far|Porygon2|374/374","|-ability|p1a: Pory is gone 2 far|Motor Drive|[from] ability: Trace|[of] p2a: Electivire","|turn|10","|","|move|p2a: Electivire|Earthquake|p1a: Pory is gone 2 far","|-damage|p1a: Pory is gone 2 far|329/374","|move|p1a: Pory is gone 2 far|Toxic|p2a: Electivire","|-status|p2a: Electivire|tox","|","|-damage|p2a: Electivire|273/291 tox|[from] psn","|turn|11","|","|switch|p2a: Magnezone|Magnezone|306/306","|move|p1a: Pory is gone 2 far|Recover|p1a: Pory is gone 2 far","|-heal|p1a: Pory is gone 2 far|374/374","|","|turn|12","|","|switch|p1a: Take a Chance xd|Chansey, F|642/642","|move|p2a: Magnezone|Thunderbolt|p1a: Take a Chance xd","|-damage|p1a: Take a Chance xd|519/642","|","|turn|13","|","|switch|p2a: Zapdos|Zapdos|383/383","|-ability|p2a: Zapdos|Pressure","|move|p1a: Take a Chance xd|Stealth Rock|p2a: Zapdos","|-sidestart|p2: Rain ☆ Trivial|move: Stealth Rock","|","|turn|14","|","|move|p2a: Zapdos|Defog|p1a: Take a Chance xd","|-unboost|p1a: Take a Chance xd|evasion|1","|-sideend|p2: Rain ☆ Trivial|Stealth Rock|[from] move: Defog|[of] p2a: Zapdos","|move|p1a: Take a Chance xd|Toxic|p2a: Zapdos","|-status|p2a: Zapdos|tox","|","|-damage|p2a: Zapdos|360/383 tox|[from] psn","|turn|15","|","|switch|p2a: Magnezone|Magnezone|306/306","|move|p1a: Take a Chance xd|Stealth Rock|p2a: Magnezone","|-sidestart|p2: Rain ☆ Trivial|move: Stealth Rock","|","|turn|16","|","|switch|p1a: The Raptorz Star|Staraptor, M|311/311","|move|p2a: Magnezone|Flash Cannon|p1a: The Raptorz Star","|-damage|p1a: The Raptorz Star|0 fnt","|faint|p1a: The Raptorz Star","|","|","|switch|p1a: Im very Punny xd|Lopunny-Mega, M|2/271 par","|turn|17","|","|switch|p2a: Zapdos|Zapdos|360/383 tox","|-damage|p2a: Zapdos|265/383 tox|[from] Stealth Rock","|-ability|p2a: Zapdos|Pressure","|move|p1a: Im very Punny xd|Fake Out|p2a: Zapdos","|-damage|p2a: Zapdos|202/383 tox","|","|-heal|p2a: Zapdos|225/383 tox|[from] item: Leftovers","|-damage|p2a: Zapdos|202/383 tox|[from] psn","|turn|18","|","|move|p2a: Zapdos|Heat Wave|p1a: Im very Punny xd","|-damage|p1a: Im very Punny xd|0 fnt","|faint|p1a: Im very Punny xd","|","|-heal|p2a: Zapdos|225/383 tox|[from] item: Leftovers","|-damage|p2a: Zapdos|179/383 tox|[from] psn","|","|switch|p1a: Pory is gone 2 far|Porygon2|374/374","|-ability|p1a: Pory is gone 2 far|Pressure|[from] ability: Trace|[of] p2a: Zapdos","|-ability|p1a: Pory is gone 2 far|Pressure","|turn|19","|","|move|p2a: Zapdos|Defog|p1a: Pory is gone 2 far","|-unboost|p1a: Pory is gone 2 far|evasion|1","|-sideend|p2: Rain ☆ Trivial|Stealth Rock|[from] move: Defog|[of] p2a: Zapdos","|move|p1a: Pory is gone 2 far|Ice Beam|p2a: Zapdos","|-supereffective|p2a: Zapdos","|-damage|p2a: Zapdos|5/383 tox","|","|-heal|p2a: Zapdos|28/383 tox|[from] item: Leftovers","|-damage|p2a: Zapdos|0 fnt|[from] psn","|faint|p2a: Zapdos","|","|switch|p2a: Magnezone|Magnezone|306/306","|turn|20","|","|move|p2a: Magnezone|Flash Cannon|p1a: Pory is gone 2 far","|-damage|p1a: Pory is gone 2 far|205/374","|move|p1a: Pory is gone 2 far|Ice Beam|p2a: Magnezone","|-resisted|p2a: Magnezone","|-damage|p2a: Magnezone|265/306","|","|turn|21","|","|move|p2a: Magnezone|Flash Cannon|p1a: Pory is gone 2 far","|-damage|p1a: Pory is gone 2 far|45/374","|-unboost|p1a: Pory is gone 2 far|spd|1","|move|p1a: Pory is gone 2 far|Ice Beam|p2a: Magnezone","|-resisted|p2a: Magnezone","|-damage|p2a: Magnezone|225/306","|","|turn|22","|","|switch|p1a: Take a Chance xd|Chansey, F|519/642","|move|p2a: Magnezone|Flash Cannon|p1a: Take a Chance xd","|-damage|p1a: Take a Chance xd|398/642","|-unboost|p1a: Take a Chance xd|spd|1","|","|turn|23","|","|switch|p2a: Electivire|Electivire, M|273/291 tox","|move|p1a: Take a Chance xd|Soft-Boiled|p1a: Take a Chance xd","|-heal|p1a: Take a Chance xd|642/642","|","|-damage|p2a: Electivire|255/291 tox|[from] psn","|turn|24","|","|move|p2a: Electivire|Rock Slide|p1a: Take a Chance xd","|-damage|p1a: Take a Chance xd|555/642","|move|p1a: Take a Chance xd|Stealth Rock|p2a: Electivire","|-sidestart|p2: Rain ☆ Trivial|move: Stealth Rock","|","|-damage|p2a: Electivire|219/291 tox|[from] psn","|turn|25","|","|switch|p1a: Pory is gone 2 far|Porygon2|45/374","|-ability|p1a: Pory is gone 2 far|Motor Drive|[from] ability: Trace|[of] p2a: Electivire","|move|p2a: Electivire|Rock Slide|p1a: Pory is gone 2 far","|-damage|p1a: Pory is gone 2 far|11/374","|","|-damage|p2a: Electivire|165/291 tox|[from] psn","|turn|26","|","|move|p2a: Electivire|Rock Slide|p1a: Pory is gone 2 far","|-damage|p1a: Pory is gone 2 far|0 fnt","|faint|p1a: Pory is gone 2 far","|","|-damage|p2a: Electivire|93/291 tox|[from] psn","|","|switch|p1a: Take a Chance xd|Chansey, F|555/642","|turn|27","|","|move|p2a: Electivire|Rock Slide|p1a: Take a Chance xd","|-damage|p1a: Take a Chance xd|457/642","|move|p1a: Take a Chance xd|Toxic|p2a: Electivire|[miss]","|-miss|p1a: Take a Chance xd|p2a: Electivire","|","|-damage|p2a: Electivire|3/291 tox|[from] psn","|turn|28","|","|move|p2a: Electivire|Rock Slide|p1a: Take a Chance xd","|-damage|p1a: Take a Chance xd|359/642","|move|p1a: Take a Chance xd|Soft-Boiled|p1a: Take a Chance xd","|-heal|p1a: Take a Chance xd|642/642","|","|-damage|p2a: Electivire|0 fnt|[from] psn","|faint|p2a: Electivire","|","|switch|p2a: Magnezone|Magnezone|225/306","|-damage|p2a: Magnezone|206/306|[from] Stealth Rock","|turn|29","|","|move|p2a: Magnezone|Thunderbolt|p1a: Take a Chance xd","|-damage|p1a: Take a Chance xd|503/642","|move|p1a: Take a Chance xd|Seismic Toss|p2a: Magnezone","|-damage|p2a: Magnezone|106/306","|","|turn|30","|","|move|p2a: Magnezone|Thunderbolt|p1a: Take a Chance xd","|-damage|p1a: Take a Chance xd|380/642","|-status|p1a: Take a Chance xd|par","|move|p1a: Take a Chance xd|Seismic Toss|p2a: Magnezone","|-damage|p2a: Magnezone|6/306","|","|turn|31","|","|move|p2a: Magnezone|Thunderbolt|p1a: Take a Chance xd","|-damage|p1a: Take a Chance xd|253/642 par","|move|p1a: Take a Chance xd|Seismic Toss|p2a: Magnezone","|-damage|p2a: Magnezone|0 fnt","|faint|p2a: Magnezone","|","|","|switch|p2a: Manectric|Manectric, M|281/281","|-damage|p2a: Manectric|246/281|[from] Stealth Rock","|turn|32","|","|detailschange|p2a: Manectric|Manectric-Mega, M","|-mega|p2a: Manectric|Manectric|Manectite","|-ability|p2a: Manectric|Intimidate","|-unboost|p1a: Take a Chance xd|atk|1","|move|p2a: Manectric|Flamethrower|p1a: Take a Chance xd","|-damage|p1a: Take a Chance xd|199/642 par","|move|p1a: Take a Chance xd|Soft-Boiled|p1a: Take a Chance xd","|-heal|p1a: Take a Chance xd|520/642 par","|","|turn|33","|","|move|p2a: Manectric|Flamethrower|p1a: Take a Chance xd","|-damage|p1a: Take a Chance xd|459/642 par","|move|p1a: Take a Chance xd|Toxic|p2a: Manectric","|-status|p2a: Manectric|tox","|","|-damage|p2a: Manectric|229/281 tox|[from] psn","|turn|34","|","|move|p2a: Manectric|Flamethrower|p1a: Take a Chance xd","|-damage|p1a: Take a Chance xd|404/642 par","|move|p1a: Take a Chance xd|Seismic Toss|p2a: Manectric","|-damage|p2a: Manectric|129/281 tox","|","|-damage|p2a: Manectric|95/281 tox|[from] psn","|turn|35","|","|move|p2a: Manectric|Flamethrower|p1a: Take a Chance xd","|-damage|p1a: Take a Chance xd|351/642 par","|move|p1a: Take a Chance xd|Seismic Toss|p2a: Manectric","|-damage|p2a: Manectric|0 fnt","|faint|p2a: Manectric","|","|win|Knight♕Altair"],"p1rating":{"entryid":"7650439","serverid":"eos","formatid":"monotype","userid":"knightaltair","username":"Knight♕Altair","w":7,"l":"6","t":"0","gxe":49.3,"r":"1500","rd":"130","sigma":"0","rptime":"1439629200","rpr":1494.3474077854,"rprd":80.64671170813,"rpsigma":"0","acre":1167.076734729,"lacre":1167.076734729,"oldacre":"1147.6779015501"},"p2rating":{"entryid":"7639700","serverid":"eos","formatid":"monotype","userid":"raintrivial","username":"Rain ☆ Trivial","w":"3","l":4,"t":"0","gxe":43.8,"r":"1557.1019015165","rd":"117.52977944538","sigma":"0","rptime":"1439629200","rpr":1451.1991888829,"rprd":96.38245809779,"rpsigma":"0","acre":1052.7613171346,"lacre":1052.7613171346,"oldacre":"1068.4929503078"},"endType":"normal"}