{"seed":[44316,38815,48259,60649],"turns":63,"p1":"tahit","p2":"V Photon","p1team":[{"name":"Aegi","species":"aegislash","item":"weaknesspolicy","ability":"Stance Change","moves":["kingsshield","shadowball","sacredsword","shadowsneak"],"nature":"Quiet","evs":{"hp":252,"atk":0,"def":0,"spa":252,"spd":4,"spe":0},"ivs":{"hp":31,"atk":31,"def":31,"spa":31,"spd":31,"spe":0}},{"name":"Dusclops","species":"Dusclops","item":"eviolite","ability":"Pressure","moves":["calmmind","rest","willowisp","icebeam"],"nature":"Bold","evs":{"hp":252,"atk":0,"def":124,"spa":132,"spd":0,"spe":0},"ivs":{"hp":31,"atk":31,"def":31,"spa":31,"spd":31,"spe":31}},{"name":"Treve","species":"trevenant","item":"sitrusberry","ability":"Harvest","moves":["substitute","leechseed","willowisp","rockslide"],"nature":"Impish","evs":{"hp":252,"atk":0,"def":148,"spa":0,"spd":108,"spe":0},"ivs":{"hp":31,"atk":31,"def":31,"spa":31,"spd":31,"spe":31}},{"name":"Sableye","species":"Sableye","item":"sablenite","ability":"Prankster","moves":["calmmind","willowisp","recover","dazzlinggleam"],"nature":"Calm","evs":{"hp":252,"atk":0,"def":248,"spa":0,"spd":0,"spe":8},"ivs":{"hp":31,"atk":31,"def":31,"spa":31,"spd":31,"spe":31}},{"name":"G-S","species":"gourgeistsuper","item":"leftovers","ability":"Frisk","moves":["flamecharge","willowisp","leechseed","painsplit"],"nature":"Careful","evs":{"hp":252,"atk":0,"def":252,"spa":0,"spd":4,"spe":0},"ivs":{"hp":31,"atk":31,"def":31,"spa":31,"spd":31,"spe":31}},{"name":"Cofagrigus","species":"Cofagrigus","item":"custapberry","ability":"Mummy","moves":["destinybond","disable","endure","infestation"],"nature":"Bold","evs":{"hp":252,"atk":0,"def":4,"spa":0,"spd":252,"spe":0},"ivs":{"hp":31,"atk":31,"def":31,"spa":31,"spd":31,"spe":31}}],"p2team":[{"name":"Ferrothorn","species":"Ferrothorn","item":"rockyhelmet","ability":"Iron Barbs","moves":["stealthrock","thunderwave","gyroball","leechseed"],"nature":"Relaxed","evs":{"hp":252,"atk":4,"def":252,"spa":0,"spd":0,"spe":0},"ivs":{"hp":31,"atk":31,"def":31,"spa":31,"spd":31,"spe":0}},{"name":"Cradily","species":"Cradily","item":"leftovers","ability":"Storm Drain","moves":["ancientpower","stealthrock","hiddenpowerfire","recover"],"nature":"Calm","evs":{"hp":252,"atk":0,"def":0,"spa":4,"spd":252,"spe":0},"ivs":{"hp":31,"atk":30,"def":31,"spa":30,"spd":31,"spe":30}},{"name":"Ludicolo","species":"Ludicolo","item":"assaultvest","ability":"Rain Dish","moves":["scald","gigadrain","icebeam","hiddenpowerfire"],"nature":"Modest","evs":{"hp":0,"atk":0,"def":0,"spa":252,"spd":4,"spe":252},"ivs":{"hp":31,"atk":30,"def":31,"spa":30,"spd":31,"spe":30}},{"name":"Chesnaught","species":"Chesnaught","item":"rockyhelmet","ability":"Bulletproof","moves":["spikes","leechseed","spikyshield","drainpunch"],"nature":"Impish","evs":{"hp":252,"atk":0,"def":252,"spa":0,"spd":4,"spe":0},"ivs":{"hp":31,"atk":31,"def":31,"spa":31,"spd":31,"spe":31}},{"name":"Sceptile","species":"Sceptile","item":"focussash","ability":"Unburden","moves":["leafblade","drainpunch","swordsdance","rockslide"],"nature":"Jolly","evs":{"hp":0,"atk":252,"def":0,"spa":0,"spd":4,"spe":252},"ivs":{"hp":31,"atk":31,"def":31,"spa":31,"spd":31,"spe":31}},{"name":"Venusaur","species":"Venusaur","item":"venusaurite","ability":"Overgrow","moves":["curse","petalblizzard","earthquake","synthesis"],"nature":"Adamant","evs":{"hp":248,"atk":252,"def":0,"spa":0,"spd":8,"spe":0},"ivs":{"hp":31,"atk":31,"def":31,"spa":31,"spd":31,"spe":31}}],"log":["|player|p1|tahit|169","|player|p2|V Photon|66","|gametype|singles","|gen|6","|tier|Monotype","|rated","|rule|Baton Pass Clause: Limit one Baton Passer, can't pass Spe and other stats simultaneously","|rule|Swagger Clause: Swagger is banned","|rule|Same Type Clause: Pokémon in a team must share a type","|clearpoke","|poke|p1|Aegislash, F","|poke|p1|Dusclops, F","|poke|p1|Trevenant, F","|poke|p1|Sableye, M","|poke|p1|Gourgeist-*, F","|poke|p1|Cofagrigus, F","|poke|p2|Ferrothorn, F","|poke|p2|Cradily, F","|poke|p2|Ludicolo, M","|poke|p2|Chesnaught, F","|poke|p2|Sceptile, M","|poke|p2|Venusaur, M","|rule|Sleep Clause Mod: Limit one foe put to sleep","|rule|Species Clause: Limit one of each Pokémon","|rule|OHKO Clause: OHKO moves are banned","|rule|Moody Clause: Moody is banned","|rule|Evasion Moves Clause: Evasion moves are banned","|rule|Endless Battle Clause: Forcing endless battles is banned","|rule|HP Percentage Mod: HP is shown in percentages","|teampreview","|","|start","|switch|p1a: G-S|Gourgeist-Super, F|374/374","|switch|p2a: Ludicolo|Ludicolo, M|301/301","|-item|p2a: Ludicolo|Assault Vest|[from] ability: Frisk|[of] p1a: G-S|[identify]","|turn|1","|","|move|p2a: Ludicolo|Ice Beam|p1a: G-S","|-crit|p1a: G-S","|-supereffective|p1a: G-S","|-damage|p1a: G-S|46/374","|move|p1a: G-S|Will-O-Wisp|p2a: Ludicolo","|-status|p2a: Ludicolo|brn","|","|-heal|p1a: G-S|69/374|[from] item: Leftovers","|-damage|p2a: Ludicolo|264/301 brn|[from] brn","|turn|2","|","|move|p2a: Ludicolo|Scald|p1a: G-S","|-resisted|p1a: G-S","|-damage|p1a: G-S|0 fnt","|faint|p1a: G-S","|","|-damage|p2a: Ludicolo|227/301 brn|[from] brn","|","|switch|p1a: Cofagrigus|Cofagrigus, F|320/320","|turn|3","|","|switch|p2a: Ferrothorn|Ferrothorn, F|352/352","|move|p1a: Cofagrigus|Disable|p2a: Ferrothorn","|-fail|p2a: Ferrothorn","|","|turn|4","|","|move|p1a: Cofagrigus|Infestation|p2a: Ferrothorn","|-damage|p2a: Ferrothorn|338/352","|-damage|p1a: Cofagrigus|280/320|[from] ability: Iron Barbs|[of] p2a: Ferrothorn","|-damage|p1a: Cofagrigus|227/320|[from] item: Rocky Helmet|[of] p2a: Ferrothorn","|-activate|p2a: Ferrothorn|move: Infestation|[of] p1a: Cofagrigus","|move|p2a: Ferrothorn|Leech Seed|p1a: Cofagrigus","|-start|p1a: Cofagrigus|move: Leech Seed","|","|-damage|p1a: Cofagrigus|187/320|[from] Leech Seed|[of] p2a: Ferrothorn","|-heal|p2a: Ferrothorn|352/352|[silent]","|-damage|p2a: Ferrothorn|308/352|[from] move: Infestation|[partiallytrapped]","|turn|5","|","|move|p1a: Cofagrigus|Disable|p2a: Ferrothorn","|-start|p2a: Ferrothorn|Disable|Leech Seed","|move|p2a: Ferrothorn|Stealth Rock|p1a: Cofagrigus","|-sidestart|p1: tahit|move: Stealth Rock","|","|-damage|p1a: Cofagrigus|147/320|[from] Leech Seed|[of] p2a: Ferrothorn","|-heal|p2a: Ferrothorn|348/352|[silent]","|-damage|p2a: Ferrothorn|304/352|[from] move: Infestation|[partiallytrapped]","|turn|6","|","|move|p1a: Cofagrigus|Infestation|p2a: Ferrothorn","|-crit|p2a: Ferrothorn","|-damage|p2a: Ferrothorn|281/352","|-damage|p1a: Cofagrigus|107/320|[from] ability: Iron Barbs|[of] p2a: Ferrothorn","|-damage|p1a: Cofagrigus|54/320|[from] item: Rocky Helmet|[of] p2a: Ferrothorn","|move|p2a: Ferrothorn|Gyro Ball|p1a: Cofagrigus","|-damage|p1a: Cofagrigus|12/320","|-activate|p1a: Cofagrigus|ability: Mummy|ironbarbs|[of] p2a: Ferrothorn","|","|-damage|p1a: Cofagrigus|0 fnt|[from] Leech Seed|[of] p2a: Ferrothorn","|-heal|p2a: Ferrothorn|293/352|[silent]","|faint|p1a: Cofagrigus","|","|switch|p1a: Treve|Trevenant, F|374/374","|-damage|p1a: Treve|328/374|[from] Stealth Rock","|turn|7","|","|switch|p2a: Cradily|Cradily, F|376/376","|move|p1a: Treve|Substitute|p1a: Treve","|-start|p1a: Treve|Substitute","|-damage|p1a: Treve|235/374","|","|turn|8","|","|move|p1a: Treve|Will-O-Wisp|p2a: Cradily","|-status|p2a: Cradily|brn","|move|p2a: Cradily|Hidden Power|p1a: Treve","|-supereffective|p1a: Treve","|-activate|p1a: Treve|Substitute|[damage]","|","|-damage|p2a: Cradily|329/376 brn|[from] brn","|turn|9","|","|move|p1a: Treve|Rock Slide|p2a: Cradily","|-damage|p2a: Cradily|264/376 brn","|move|p2a: Cradily|Ancient Power|p1a: Treve","|-end|p1a: Treve|Substitute","|","|-heal|p2a: Cradily|287/376 brn|[from] item: Leftovers","|-damage|p2a: Cradily|240/376 brn|[from] brn","|turn|10","|","|switch|p2a: Ludicolo|Ludicolo, M|227/301 brn","|move|p1a: Treve|Substitute|p1a: Treve","|-start|p1a: Treve|Substitute","|-damage|p1a: Treve|142/374","|-enditem|p1a: Treve|Sitrus Berry|[eat]","|-heal|p1a: Treve|235/374|[from] item: Sitrus Berry","|","|-damage|p2a: Ludicolo|190/301 brn|[from] brn","|-item|p1a: Treve|Sitrus Berry|[from] ability: Harvest","|turn|11","|","|move|p2a: Ludicolo|Ice Beam|p1a: Treve","|-supereffective|p1a: Treve","|-end|p1a: Treve|Substitute","|move|p1a: Treve|Substitute|p1a: Treve","|-start|p1a: Treve|Substitute","|-damage|p1a: Treve|142/374","|-enditem|p1a: Treve|Sitrus Berry|[eat]","|-heal|p1a: Treve|235/374|[from] item: Sitrus Berry","|","|-damage|p2a: Ludicolo|153/301 brn|[from] brn","|turn|12","|","|move|p2a: Ludicolo|Ice Beam|p1a: Treve","|-supereffective|p1a: Treve","|-end|p1a: Treve|Substitute","|move|p1a: Treve|Substitute|p1a: Treve","|-start|p1a: Treve|Substitute","|-damage|p1a: Treve|142/374","|","|-damage|p2a: Ludicolo|116/301 brn|[from] brn","|turn|13","|","|switch|p2a: Venusaur|Venusaur, M|363/363","|move|p1a: Treve|Rock Slide|p2a: Venusaur","|-damage|p2a: Venusaur|287/363","|","|turn|14","|","|detailschange|p2a: Venusaur|Venusaur-Mega, M","|-mega|p2a: Venusaur|Venusaur|Venusaurite","|move|p2a: Venusaur|Curse|p2a: Venusaur","|-unboost|p2a: Venusaur|spe|1","|-boost|p2a: Venusaur|atk|1","|-boost|p2a: Venusaur|def|1","|move|p1a: Treve|Will-O-Wisp|p2a: Venusaur|[miss]","|-miss|p1a: Treve|p2a: Venusaur","|","|turn|15","|","|move|p1a: Treve|Will-O-Wisp|p2a: Venusaur","|-status|p2a: Venusaur|brn","|move|p2a: Venusaur|Curse|p2a: Venusaur","|-unboost|p2a: Venusaur|spe|1","|-boost|p2a: Venusaur|atk|1","|-boost|p2a: Venusaur|def|1","|","|-damage|p2a: Venusaur|242/363 brn|[from] brn","|-item|p1a: Treve|Sitrus Berry|[from] ability: Harvest","|-enditem|p1a: Treve|Sitrus Berry|[eat]","|-heal|p1a: Treve|235/374|[from] item: Sitrus Berry","|turn|16","|","|move|p1a: Treve|Rock Slide|p2a: Venusaur","|-damage|p2a: Venusaur|212/363 brn","|move|p2a: Venusaur|Curse|p2a: Venusaur","|-unboost|p2a: Venusaur|spe|1","|-boost|p2a: Venusaur|atk|1","|-boost|p2a: Venusaur|def|1","|","|-damage|p2a: Venusaur|167/363 brn|[from] brn","|-item|p1a: Treve|Sitrus Berry|[from] ability: Harvest","|turn|17","|","|move|p1a: Treve|Rock Slide|p2a: Venusaur","|-damage|p2a: Venusaur|144/363 brn","|cant|p2a: Venusaur|flinch","|","|-damage|p2a: Venusaur|99/363 brn|[from] brn","|turn|18","|","|move|p1a: Treve|Rock Slide|p2a: Venusaur","|-damage|p2a: Venusaur|77/363 brn","|move|p2a: Venusaur|Synthesis|p2a: Venusaur","|-heal|p2a: Venusaur|258/363 brn","|","|-damage|p2a: Venusaur|213/363 brn|[from] brn","|turn|19","|","|move|p1a: Treve|Rock Slide|p2a: Venusaur","|-damage|p2a: Venusaur|192/363 brn","|move|p2a: Venusaur|Synthesis|p2a: Venusaur","|-heal|p2a: Venusaur|363/363 brn","|","|-damage|p2a: Venusaur|318/363 brn|[from] brn","|turn|20","|","|move|p1a: Treve|Rock Slide|p2a: Venusaur","|-damage|p2a: Venusaur|298/363 brn","|move|p2a: Venusaur|Curse|p2a: Venusaur","|-unboost|p2a: Venusaur|spe|1","|-boost|p2a: Venusaur|atk|1","|-boost|p2a: Venusaur|def|1","|","|-damage|p2a: Venusaur|253/363 brn|[from] brn","|turn|21","|","|move|p1a: Treve|Rock Slide|p2a: Venusaur","|-damage|p2a: Venusaur|235/363 brn","|move|p2a: Venusaur|Curse|p2a: Venusaur","|-unboost|p2a: Venusaur|spe|1","|-boost|p2a: Venusaur|atk|1","|-boost|p2a: Venusaur|def|1","|","|-damage|p2a: Venusaur|190/363 brn|[from] brn","|turn|22","|","|move|p1a: Treve|Rock Slide|p2a: Venusaur","|-damage|p2a: Venusaur|175/363 brn","|cant|p2a: Venusaur|flinch","|","|-damage|p2a: Venusaur|130/363 brn|[from] brn","|turn|23","|","|move|p1a: Treve|Rock Slide|p2a: Venusaur","|-damage|p2a: Venusaur|114/363 brn","|move|p2a: Venusaur|Synthesis|p2a: Venusaur","|-heal|p2a: Venusaur|295/363 brn","|","|-damage|p2a: Venusaur|250/363 brn|[from] brn","|turn|24","|","|move|p1a: Treve|Rock Slide|p2a: Venusaur","|-damage|p2a: Venusaur|233/363 brn","|move|p2a: Venusaur|Petal Blizzard|p1a: Treve","|-resisted|p1a: Treve","|-end|p1a: Treve|Substitute","|","|-damage|p2a: Venusaur|188/363 brn|[from] brn","|turn|25","|","|move|p1a: Treve|Substitute|p1a: Treve","|-start|p1a: Treve|Substitute","|-damage|p1a: Treve|142/374","|-enditem|p1a: Treve|Sitrus Berry|[eat]","|-heal|p1a: Treve|235/374|[from] item: Sitrus Berry","|move|p2a: Venusaur|Petal Blizzard|p1a: Treve","|-resisted|p1a: Treve","|-end|p1a: Treve|Substitute","|","|-damage|p2a: Venusaur|143/363 brn|[from] brn","|turn|26","|","|move|p1a: Treve|Substitute|p1a: Treve","|-start|p1a: Treve|Substitute","|-damage|p1a: Treve|142/374","|move|p2a: Venusaur|Petal Blizzard|p1a: Treve","|-resisted|p1a: Treve","|-end|p1a: Treve|Substitute","|","|-damage|p2a: Venusaur|98/363 brn|[from] brn","|turn|27","|","|move|p1a: Treve|Substitute|p1a: Treve","|-start|p1a: Treve|Substitute","|-damage|p1a: Treve|49/374","|move|p2a: Venusaur|Synthesis|p2a: Venusaur","|-heal|p2a: Venusaur|279/363 brn","|","|-damage|p2a: Venusaur|234/363 brn|[from] brn","|turn|28","|","|move|p1a: Treve|Rock Slide|p2a: Venusaur","|-damage|p2a: Venusaur|219/363 brn","|move|p2a: Venusaur|Petal Blizzard|p1a: Treve","|-resisted|p1a: Treve","|-end|p1a: Treve|Substitute","|","|-damage|p2a: Venusaur|174/363 brn|[from] brn","|turn|29","|","|move|p1a: Treve|Rock Slide|p2a: Venusaur","|-crit|p2a: Venusaur","|-damage|p2a: Venusaur|98/363 brn","|move|p2a: Venusaur|Petal Blizzard|p1a: Treve","|-resisted|p1a: Treve","|-damage|p1a: Treve|0 fnt","|faint|p1a: Treve","|","|-damage|p2a: Venusaur|53/363 brn|[from] brn","|","|switch|p1a: Dusclops|Dusclops, F|284/284","|-damage|p1a: Dusclops|249/284|[from] Stealth Rock","|-ability|p1a: Dusclops|Pressure","|turn|30","|","|move|p1a: Dusclops|Ice Beam|p2a: Venusaur","|-supereffective|p2a: Venusaur","|-damage|p2a: Venusaur|0 fnt","|faint|p2a: Venusaur","|","|","|switch|p2a: Sceptile|Sceptile, M|281/281","|turn|31","|","|move|p2a: Sceptile|Swords Dance|p2a: Sceptile","|-boost|p2a: Sceptile|atk|2","|move|p1a: Dusclops|Will-O-Wisp|p2a: Sceptile","|-status|p2a: Sceptile|brn","|","|-damage|p2a: Sceptile|246/281 brn|[from] brn","|turn|32","|","|move|p2a: Sceptile|Swords Dance|p2a: Sceptile","|-boost|p2a: Sceptile|atk|2","|move|p1a: Dusclops|Calm Mind|p1a: Dusclops","|-boost|p1a: Dusclops|spa|1","|-boost|p1a: Dusclops|spd|1","|","|-damage|p2a: Sceptile|211/281 brn|[from] brn","|turn|33","|","|move|p2a: Sceptile|Leaf Blade|p1a: Dusclops","|-damage|p1a: Dusclops|176/284","|move|p1a: Dusclops|Ice Beam|p2a: Sceptile","|-supereffective|p2a: Sceptile","|-damage|p2a: Sceptile|21/281 brn","|","|-damage|p2a: Sceptile|0 fnt|[from] brn","|faint|p2a: Sceptile","|","|switch|p2a: Chesnaught|Chesnaught, F|380/380","|turn|34","|","|move|p2a: Chesnaught|Leech Seed|p1a: Dusclops","|-start|p1a: Dusclops|move: Leech Seed","|move|p1a: Dusclops|Will-O-Wisp|p2a: Chesnaught","|-status|p2a: Chesnaught|brn","|","|-damage|p1a: Dusclops|141/284|[from] Leech Seed|[of] p2a: Chesnaught","|-damage|p2a: Chesnaught|333/380 brn|[from] brn","|turn|35","|","|move|p2a: Chesnaught|Spikes|p1a: Dusclops","|-sidestart|p1: tahit|Spikes","|move|p1a: Dusclops|Rest|p1a: Dusclops","|-status|p1a: Dusclops|slp","|-heal|p1a: Dusclops|284/284 slp|[silent]","|-status|p1a: Dusclops|slp|[from] move: Rest","|","|-damage|p1a: Dusclops|249/284 slp|[from] Leech Seed|[of] p2a: Chesnaught","|-heal|p2a: Chesnaught|368/380 brn|[silent]","|-damage|p2a: Chesnaught|321/380 brn|[from] brn","|turn|36","|","|move|p2a: Chesnaught|Spikes|p1a: Dusclops","|-sidestart|p1: tahit|Spikes","|cant|p1a: Dusclops|slp","|","|-damage|p1a: Dusclops|214/284 slp|[from] Leech Seed|[of] p2a: Chesnaught","|-heal|p2a: Chesnaught|356/380 brn|[silent]","|-damage|p2a: Chesnaught|309/380 brn|[from] brn","|turn|37","|","|move|p2a: Chesnaught|Spikes|p1a: Dusclops","|-sidestart|p1: tahit|Spikes","|cant|p1a: Dusclops|slp","|","|-damage|p1a: Dusclops|179/284 slp|[from] Leech Seed|[of] p2a: Chesnaught","|-heal|p2a: Chesnaught|344/380 brn|[silent]","|-damage|p2a: Chesnaught|297/380 brn|[from] brn","|turn|38","|","|switch|p2a: Ferrothorn|Ferrothorn, F|293/352","|-curestatus|p1a: Dusclops|slp","|move|p1a: Dusclops|Ice Beam|p2a: Ferrothorn","|-damage|p2a: Ferrothorn|224/352","|","|-damage|p1a: Dusclops|144/284|[from] Leech Seed|[of] p2a: Ferrothorn","|-heal|p2a: Ferrothorn|259/352|[silent]","|turn|39","|","|move|p1a: Dusclops|Will-O-Wisp|p2a: Ferrothorn","|-status|p2a: Ferrothorn|brn","|move|p2a: Ferrothorn|Gyro Ball|p1a: Dusclops","|-damage|p1a: Dusclops|130/284","|","|-damage|p1a: Dusclops|95/284|[from] Leech Seed|[of] p2a: Ferrothorn","|-heal|p2a: Ferrothorn|294/352 brn|[silent]","|-damage|p2a: Ferrothorn|250/352 brn|[from] brn","|turn|40","|","|move|p1a: Dusclops|Rest|p1a: Dusclops","|-status|p1a: Dusclops|slp","|-heal|p1a: Dusclops|284/284 slp|[silent]","|-status|p1a: Dusclops|slp|[from] move: Rest","|move|p2a: Ferrothorn|Gyro Ball|p1a: Dusclops","|-damage|p1a: Dusclops|271/284 slp","|","|-damage|p1a: Dusclops|236/284 slp|[from] Leech Seed|[of] p2a: Ferrothorn","|-heal|p2a: Ferrothorn|285/352 brn|[silent]","|-damage|p2a: Ferrothorn|241/352 brn|[from] brn","|turn|41","|","|switch|p2a: Ludicolo|Ludicolo, M|116/301 brn","|cant|p1a: Dusclops|slp","|","|-damage|p1a: Dusclops|201/284 slp|[from] Leech Seed|[of] p2a: Ludicolo","|-heal|p2a: Ludicolo|151/301 brn|[silent]","|-damage|p2a: Ludicolo|114/301 brn|[from] brn","|turn|42","|","|move|p2a: Ludicolo|Scald|p1a: Dusclops","|-damage|p1a: Dusclops|159/284 slp","|cant|p1a: Dusclops|slp","|","|-damage|p1a: Dusclops|124/284 slp|[from] Leech Seed|[of] p2a: Ludicolo","|-heal|p2a: Ludicolo|149/301 brn|[silent]","|-damage|p2a: Ludicolo|112/301 brn|[from] brn","|turn|43","|","|move|p2a: Ludicolo|Giga Drain|p1a: Dusclops","|-crit|p1a: Dusclops","|-damage|p1a: Dusclops|30/284 slp","|-heal|p2a: Ludicolo|159/301 brn|[from] drain|[of] p1a: Dusclops","|-curestatus|p1a: Dusclops|slp","|move|p1a: Dusclops|Calm Mind|p1a: Dusclops","|-boost|p1a: Dusclops|spa|1","|-boost|p1a: Dusclops|spd|1","|","|-damage|p1a: Dusclops|0 fnt|[from] Leech Seed|[of] p2a: Ludicolo","|-heal|p2a: Ludicolo|189/301 brn|[silent]","|-damage|p2a: Ludicolo|152/301 brn|[from] brn","|faint|p1a: Dusclops","|","|switch|p1a: Sableye|Sableye, M|304/304","|-damage|p1a: Sableye|266/304|[from] Stealth Rock","|-damage|p1a: Sableye|190/304|[from] Spikes","|turn|44","|","|detailschange|p1a: Sableye|Sableye-Mega, M","|-mega|p1a: Sableye|Sableye|Sablenite","|move|p1a: Sableye|Recover|p1a: Sableye","|-heal|p1a: Sableye|304/304","|move|p2a: Ludicolo|Giga Drain|p1a: Sableye","|-damage|p1a: Sableye|208/304","|-heal|p2a: Ludicolo|200/301 brn|[from] drain|[of] p1a: Sableye","|","|-damage|p2a: Ludicolo|163/301 brn|[from] brn","|turn|45","|","|move|p2a: Ludicolo|Scald|p1a: Sableye","|-damage|p1a: Sableye|114/304","|move|p1a: Sableye|Calm Mind|p1a: Sableye","|-boost|p1a: Sableye|spa|1","|-boost|p1a: Sableye|spd|1","|","|-damage|p2a: Ludicolo|126/301 brn|[from] brn","|turn|46","|","|move|p2a: Ludicolo|Scald|p1a: Sableye","|-damage|p1a: Sableye|54/304","|move|p1a: Sableye|Recover|p1a: Sableye","|-heal|p1a: Sableye|206/304","|","|-damage|p2a: Ludicolo|89/301 brn|[from] brn","|turn|47","|","|move|p2a: Ludicolo|Giga Drain|p1a: Sableye","|-damage|p1a: Sableye|146/304","|-heal|p2a: Ludicolo|119/301 brn|[from] drain|[of] p1a: Sableye","|move|p1a: Sableye|Calm Mind|p1a: Sableye","|-boost|p1a: Sableye|spa|1","|-boost|p1a: Sableye|spd|1","|","|-damage|p2a: Ludicolo|82/301 brn|[from] brn","|turn|48","|","|move|p2a: Ludicolo|Scald|p1a: Sableye","|-damage|p1a: Sableye|95/304","|move|p1a: Sableye|Recover|p1a: Sableye","|-heal|p1a: Sableye|247/304","|","|-damage|p2a: Ludicolo|45/301 brn|[from] brn","|turn|49","|","|move|p2a: Ludicolo|Scald|p1a: Sableye","|-damage|p1a: Sableye|201/304","|-status|p1a: Sableye|brn","|move|p1a: Sableye|Calm Mind|p1a: Sableye","|-boost|p1a: Sableye|spa|1","|-boost|p1a: Sableye|spd|1","|","|-damage|p2a: Ludicolo|8/301 brn|[from] brn","|-damage|p1a: Sableye|163/304 brn|[from] brn","|turn|50","|","|move|p2a: Ludicolo|Giga Drain|p1a: Sableye","|-damage|p1a: Sableye|124/304 brn","|-heal|p2a: Ludicolo|28/301 brn|[from] drain|[of] p1a: Sableye","|move|p1a: Sableye|Recover|p1a: Sableye","|-heal|p1a: Sableye|276/304 brn","|","|-damage|p2a: Ludicolo|0 fnt|[from] brn","|-damage|p1a: Sableye|238/304 brn|[from] brn","|faint|p2a: Ludicolo","|","|switch|p2a: Cradily|Cradily, F|240/376 brn","|turn|51","|","|move|p2a: Cradily|Ancient Power|p1a: Sableye","|-damage|p1a: Sableye|219/304 brn","|move|p1a: Sableye|Calm Mind|p1a: Sableye","|-boost|p1a: Sableye|spa|1","|-boost|p1a: Sableye|spd|1","|","|-heal|p2a: Cradily|263/376 brn|[from] item: Leftovers","|-damage|p2a: Cradily|216/376 brn|[from] brn","|-damage|p1a: Sableye|181/304 brn|[from] brn","|turn|52","|","|move|p2a: Cradily|Ancient Power|p1a: Sableye","|-damage|p1a: Sableye|165/304 brn","|move|p1a: Sableye|Calm Mind|p1a: Sableye","|-boost|p1a: Sableye|spa|1","|-boost|p1a: Sableye|spd|1","|","|-heal|p2a: Cradily|239/376 brn|[from] item: Leftovers","|-damage|p2a: Cradily|192/376 brn|[from] brn","|-damage|p1a: Sableye|127/304 brn|[from] brn","|turn|53","|","|move|p2a: Cradily|Ancient Power|p1a: Sableye","|-damage|p1a: Sableye|111/304 brn","|move|p1a: Sableye|Recover|p1a: Sableye","|-heal|p1a: Sableye|263/304 brn","|","|-heal|p2a: Cradily|215/376 brn|[from] item: Leftovers","|-damage|p2a: Cradily|168/376 brn|[from] brn","|-damage|p1a: Sableye|225/304 brn|[from] brn","|turn|54","|","|move|p2a: Cradily|Recover|p2a: Cradily","|-heal|p2a: Cradily|356/376 brn","|move|p1a: Sableye|Calm Mind|p1a: Sableye","|-boost|p1a: Sableye|spa|1","|-boost|p1a: Sableye|spd|1","|","|-heal|p2a: Cradily|376/376 brn|[from] item: Leftovers","|-damage|p2a: Cradily|329/376 brn|[from] brn","|-damage|p1a: Sableye|187/304 brn|[from] brn","|turn|55","|","|move|p2a: Cradily|Ancient Power|p1a: Sableye","|-damage|p1a: Sableye|172/304 brn","|move|p1a: Sableye|Recover|p1a: Sableye","|-heal|p1a: Sableye|304/304 brn","|","|-heal|p2a: Cradily|352/376 brn|[from] item: Leftovers","|-damage|p2a: Cradily|305/376 brn|[from] brn","|-damage|p1a: Sableye|266/304 brn|[from] brn","|turn|56","|","|move|p2a: Cradily|Ancient Power|p1a: Sableye","|-damage|p1a: Sableye|253/304 brn","|move|p1a: Sableye|Dazzling Gleam|p2a: Cradily","|-damage|p2a: Cradily|161/376 brn","|","|-heal|p2a: Cradily|184/376 brn|[from] item: Leftovers","|-damage|p2a: Cradily|137/376 brn|[from] brn","|-damage|p1a: Sableye|215/304 brn|[from] brn","|turn|57","|","|move|p2a: Cradily|Ancient Power|p1a: Sableye","|-damage|p1a: Sableye|200/304 brn","|move|p1a: Sableye|Dazzling Gleam|p2a: Cradily","|-damage|p2a: Cradily|0 fnt","|faint|p2a: Cradily","|","|-damage|p1a: Sableye|162/304 brn|[from] brn","|","|switch|p2a: Ferrothorn|Ferrothorn, F|241/352 brn","|turn|58","|","|move|p1a: Sableye|Recover|p1a: Sableye","|-heal|p1a: Sableye|304/304 brn","|move|p2a: Ferrothorn|Gyro Ball|p1a: Sableye","|-damage|p1a: Sableye|286/304 brn","|","|-damage|p1a: Sableye|248/304 brn|[from] brn","|-damage|p2a: Ferrothorn|197/352 brn|[from] brn","|turn|59","|","|move|p1a: Sableye|Dazzling Gleam|p2a: Ferrothorn","|-resisted|p2a: Ferrothorn","|-damage|p2a: Ferrothorn|93/352 brn","|move|p2a: Ferrothorn|Gyro Ball|p1a: Sableye","|-damage|p1a: Sableye|230/304 brn","|","|-damage|p1a: Sableye|192/304 brn|[from] brn","|-damage|p2a: Ferrothorn|49/352 brn|[from] brn","|turn|60","|","|move|p1a: Sableye|Dazzling Gleam|p2a: Ferrothorn","|-resisted|p2a: Ferrothorn","|-damage|p2a: Ferrothorn|0 fnt","|faint|p2a: Ferrothorn","|","|-damage|p1a: Sableye|154/304 brn|[from] brn","|","|switch|p2a: Chesnaught|Chesnaught, F|297/380 brn","|turn|61","|","|move|p2a: Chesnaught|Leech Seed|p1a: Sableye","|move|p1a: Sableye|Leech Seed|p2a: Chesnaught|[from]Magic Bounce","|-immune|p2a: Chesnaught|[msg]","|move|p1a: Sableye|Recover|p1a: Sableye","|-heal|p1a: Sableye|304/304 brn","|","|-damage|p2a: Chesnaught|250/380 brn|[from] brn","|-damage|p1a: Sableye|266/304 brn|[from] brn","|turn|62","|","|move|p2a: Chesnaught|Spiky Shield|p2a: Chesnaught","|-singleturn|p2a: Chesnaught|move: Protect","|move|p1a: Sableye|Dazzling Gleam|p2a: Chesnaught","|-activate|p2a: Chesnaught|Protect","|","|-damage|p2a: Chesnaught|203/380 brn|[from] brn","|-damage|p1a: Sableye|228/304 brn|[from] brn","|turn|63","|","|move|p2a: Chesnaught|Drain Punch|p1a: Sableye","|-immune|p1a: Sableye|[msg]","|move|p1a: Sableye|Dazzling Gleam|p2a: Chesnaught","|-supereffective|p2a: Chesnaught","|-damage|p2a: Chesnaught|0 fnt","|faint|p2a: Chesnaught","|","|win|tahit"],"p1rating":{"entryid":"7556594","serverid":"eos","formatid":"monotype","userid":"tahit","username":"Tahit","w":11,"l":"14","t":"0","gxe":45.9,"r":"1484.3381392207","rd":"85.404443841914","sigma":"0","rptime":"1439629200","rpr":1468.8903880385,"rprd":64.489089122245,"rpsigma":"0","acre":1075.6439318472,"lacre":1075.6439318472,"oldacre":"1035.8306725437"},"p2rating":{"entryid":"7561969","serverid":"eos","formatid":"monotype","userid":"vphoton","username":"V Photon","w":"8","l":11,"t":"0","gxe":44.6,"r":"1480.1813764591","rd":"80.230376137595","sigma":"0","rptime":"1439629200","rpr":1458.4533564506,"rprd":70.806456837703,"rpsigma":"0","acre":1061.556658554,"lacre":1061.556658554,"oldacre":"1088.2811659829"},"endType":"normal"}