{"seed":[49910,18878,55642,26025],"turns":22,"p1":"Rain ☆ S.Herbs","p2":"Fairy Ouroboros","p1team":[{"name":"King Ludi","species":"ludicolo","item":"leftovers","ability":"Swift Swim","moves":["teeterdance","scald","icebeam","gigadrain"],"nature":"Modest","evs":{"hp":0,"atk":0,"def":0,"spa":252,"spd":4,"spe":252},"shiny":true,"ivs":{"hp":31,"atk":31,"def":31,"spa":31,"spd":31,"spe":31}},{"name":"SS2 Azu","species":"azumarill","item":"sitrusberry","ability":"Huge Power","moves":["aquajet","playrough","bellydrum","knockoff"],"nature":"Jolly","evs":{"hp":252,"atk":252,"def":0,"spa":0,"spd":4,"spe":0},"shiny":true,"ivs":{"hp":31,"atk":31,"def":31,"spa":31,"spd":31,"spe":31}},{"name":"SwampGun","species":"swampert","item":"swampertite","ability":"Damp","moves":["superpower","waterfall","earthquake","icepunch"],"nature":"Adamant","evs":{"hp":248,"atk":252,"def":0,"spa":0,"spd":8,"spe":0},"ivs":{"hp":31,"atk":31,"def":31,"spa":31,"spd":31,"spe":31}},{"name":"Milo","species":"milotic","item":"leftovers","ability":"Competitive","moves":["scald","icebeam","raindance","toxic"],"nature":"Bold","evs":{"hp":252,"atk":0,"def":252,"spa":4,"spd":0,"spe":0},"shiny":true,"ivs":{"hp":31,"atk":31,"def":31,"spa":31,"spd":31,"spe":31}},{"name":"Poliie","species":"politoed","item":"widelens","ability":"Drizzle","moves":["icebeam","surf","hypnosis","perishsong"],"nature":"Modest","evs":{"hp":248,"atk":0,"def":0,"spa":252,"spd":8,"spe":0},"shiny":true,"ivs":{"hp":31,"atk":31,"def":31,"spa":31,"spd":31,"spe":31}},{"name":"Gyarados","species":"Gyarados","item":"leftovers","ability":"Moxie","moves":["dragondance","bounce","waterfall","substitute"],"nature":"Jolly","evs":{"hp":88,"atk":220,"def":4,"spa":0,"spd":0,"spe":196},"shiny":true,"ivs":{"hp":31,"atk":31,"def":31,"spa":31,"spd":31,"spe":31}}],"p2team":[{"name":"Deoxys-Speed","species":"Deoxys-Speed","item":"lightclay","ability":"Pressure","moves":["taunt","stealthrock","lightscreen","reflect"],"nature":"Timid","evs":{"hp":248,"atk":0,"def":0,"spa":0,"spd":8,"spe":252},"ivs":{"hp":31,"atk":0,"def":31,"spa":31,"spd":31,"spe":31}},{"name":"Gardevoir","species":"Gardevoir","item":"gardevoirite","ability":"Trace","moves":["substitute","hypervoice","psyshock","painsplit"],"nature":"Modest","evs":{"hp":0,"atk":0,"def":0,"spa":252,"spd":4,"spe":252},"ivs":{"hp":31,"atk":0,"def":31,"spa":31,"spd":31,"spe":31}},{"name":"Victini","species":"Victini","item":"choicescarf","ability":"Victory Star","moves":["vcreate","uturn","boltstrike","blueflare"],"nature":"Naive","evs":{"hp":0,"atk":252,"def":0,"spa":4,"spd":0,"spe":252},"ivs":{"hp":31,"atk":31,"def":31,"spa":31,"spd":31,"spe":31}},{"name":"Mew","species":"Mew","item":"leftovers","ability":"Synchronize","moves":["nastyplot","vacuumwave","flamethrower","psyshock"],"nature":"Modest","evs":{"hp":148,"atk":0,"def":0,"spa":252,"spd":0,"spe":108},"ivs":{"hp":31,"atk":0,"def":31,"spa":31,"spd":31,"spe":31}},{"name":"Hoopa-Unbound","species":"Hoopa-Unbound","item":"dreadplate","ability":"Magician","moves":["knockoff","drainpunch","gunkshot","darkpulse"],"nature":"Lonely","evs":{"hp":236,"atk":252,"def":0,"spa":8,"spd":0,"spe":12},"ivs":{"hp":31,"atk":31,"def":31,"spa":31,"spd":31,"spe":31}},{"name":"Meloetta","species":"Meloetta","item":"assaultvest","ability":"Serene Grace","moves":["thunderbolt","energyball","shadowball","hypervoice"],"nature":"Modest","evs":{"hp":248,"atk":0,"def":0,"spa":252,"spd":8,"spe":0},"ivs":{"hp":31,"atk":0,"def":31,"spa":31,"spd":31,"spe":31}}],"log":["|player|p1|Rain ☆ S.Herbs|154","|player|p2|Fairy Ouroboros|swlneki.png","|gametype|singles","|gen|6","|tier|Monotype","|rated","|rule|Baton Pass Clause: Limit one Baton Passer, can't pass Spe and other stats simultaneously","|rule|Swagger Clause: Swagger is banned","|rule|Same Type Clause: Pokémon in a team must share a type","|clearpoke","|poke|p1|Ludicolo, F, shiny","|poke|p1|Azumarill, M, shiny","|poke|p1|Swampert, F","|poke|p1|Milotic, M, shiny","|poke|p1|Politoed, M, shiny","|poke|p1|Gyarados, M, shiny","|poke|p2|Deoxys-Speed","|poke|p2|Gardevoir, F","|poke|p2|Victini","|poke|p2|Mew","|poke|p2|Hoopa-Unbound","|poke|p2|Meloetta","|rule|Sleep Clause Mod: Limit one foe put to sleep","|rule|Species Clause: Limit one of each Pokémon","|rule|OHKO Clause: OHKO moves are banned","|rule|Moody Clause: Moody is banned","|rule|Evasion Moves Clause: Evasion moves are banned","|rule|Endless Battle Clause: Forcing endless battles is banned","|rule|HP Percentage Mod: HP is shown in percentages","|teampreview","|","|start","|switch|p1a: Poliie|Politoed, M, shiny|383/383","|switch|p2a: Meloetta|Meloetta|403/403","|-weather|RainDance","|turn|1","|","|move|p2a: Meloetta|Thunderbolt|p1a: Poliie","|-supereffective|p1a: Poliie","|-damage|p1a: Poliie|167/383","|move|p1a: Poliie|Hypnosis|p2a: Meloetta","|-status|p2a: Meloetta|slp","|","|-weather|RainDance|[upkeep]","|turn|2","|","|switch|p1a: SwampGun|Swampert, F|403/403","|cant|p2a: Meloetta|slp","|","|-weather|RainDance|[upkeep]","|turn|3","|","|detailschange|p1a: SwampGun|Swampert-Mega, F","|-mega|p1a: SwampGun|Swampert|Swampertite","|cant|p2a: Meloetta|slp","|move|p1a: SwampGun|Waterfall|p2a: Meloetta","|-damage|p2a: Meloetta|91/403 slp","|","|-weather|RainDance|[upkeep]","|turn|4","|","|move|p1a: SwampGun|Earthquake|p2a: Meloetta","|-damage|p2a: Meloetta|0 fnt","|faint|p2a: Meloetta","|","|-weather|RainDance|[upkeep]","|","|switch|p2a: Deoxys-Speed|Deoxys-Speed|303/303","|-ability|p2a: Deoxys-Speed|Pressure","|turn|5","|","|move|p2a: Deoxys-Speed|Reflect|p2a: Deoxys-Speed","|-sidestart|p2: Fairy Ouroboros|Reflect","|move|p1a: SwampGun|Earthquake|p2a: Deoxys-Speed","|-damage|p2a: Deoxys-Speed|192/303","|","|-weather|none","|turn|6","|","|switch|p1a: Poliie|Politoed, M, shiny|167/383","|-weather|RainDance","|move|p2a: Deoxys-Speed|Stealth Rock|p1a: Poliie","|-sidestart|p1: Rain ☆ S.Herbs|move: Stealth Rock","|","|-weather|RainDance|[upkeep]","|turn|7","|","|move|p2a: Deoxys-Speed|Taunt|p1a: Poliie","|-start|p1a: Poliie|move: Taunt","|move|p1a: Poliie|Surf|p2a: Deoxys-Speed","|-damage|p2a: Deoxys-Speed|0 fnt","|faint|p2a: Deoxys-Speed","|","|-weather|RainDance|[upkeep]","|","|switch|p2a: Gardevoir|Gardevoir, F|277/277","|-ability|p2a: Gardevoir|Drizzle|[from] ability: Trace|[of] p1a: Poliie","|turn|8","|","|switch|p1a: King Ludi|Ludicolo, F, shiny|301/301","|-damage|p1a: King Ludi|264/301|[from] Stealth Rock","|detailschange|p2a: Gardevoir|Gardevoir-Mega, F","|-mega|p2a: Gardevoir|Gardevoir|Gardevoirite","|move|p2a: Gardevoir|Hyper Voice|p1a: King Ludi","|-damage|p1a: King Ludi|2/301","|","|-weather|RainDance|[upkeep]","|-heal|p1a: King Ludi|20/301|[from] item: Leftovers","|turn|9","|","|move|p1a: King Ludi|Teeter Dance|p2a: Gardevoir","|-start|p2a: Gardevoir|confusion","|-activate|p2a: Gardevoir|confusion","|move|p2a: Gardevoir|Hyper Voice|p1a: King Ludi","|-damage|p1a: King Ludi|0 fnt","|faint|p1a: King Ludi","|","|-weather|RainDance|[upkeep]","|","|switch|p1a: SwampGun|Swampert-Mega, F|403/403","|-damage|p1a: SwampGun|378/403|[from] Stealth Rock","|turn|10","|","|move|p1a: SwampGun|Waterfall|p2a: Gardevoir","|-damage|p2a: Gardevoir|108/277","|-activate|p2a: Gardevoir|confusion","|-damage|p2a: Gardevoir|79/277|[from] confusion","|","|-weather|none","|turn|11","|","|switch|p1a: Poliie|Politoed, M, shiny|167/383","|-damage|p1a: Poliie|120/383|[from] Stealth Rock","|-weather|RainDance","|-activate|p2a: Gardevoir|confusion","|-damage|p2a: Gardevoir|47/277|[from] confusion","|","|-weather|RainDance|[upkeep]","|turn|12","|","|switch|p1a: Gyarados|Gyarados, M, shiny|353/353","|-damage|p1a: Gyarados|265/353|[from] Stealth Rock","|-activate|p2a: Gardevoir|confusion","|-damage|p2a: Gardevoir|17/277|[from] confusion","|","|-weather|RainDance|[upkeep]","|-heal|p1a: Gyarados|287/353|[from] item: Leftovers","|-sideend|p2: Fairy Ouroboros|Reflect","|turn|13","|","|switch|p2a: Victini|Victini|341/341","|move|p1a: Gyarados|Substitute|p1a: Gyarados","|-start|p1a: Gyarados|Substitute","|-damage|p1a: Gyarados|199/353","|","|-weather|RainDance|[upkeep]","|-heal|p1a: Gyarados|221/353|[from] item: Leftovers","|turn|14","|","|move|p2a: Victini|Bolt Strike|p1a: Gyarados","|-supereffective|p1a: Gyarados","|-end|p1a: Gyarados|Substitute","|move|p1a: Gyarados|Waterfall|p2a: Victini","|-crit|p2a: Victini","|-supereffective|p2a: Victini","|-damage|p2a: Victini|0 fnt","|faint|p2a: Victini","|-boost|p1a: Gyarados|atk|1|[from] ability: Moxie","|","|-weather|RainDance|[upkeep]","|-heal|p1a: Gyarados|243/353|[from] item: Leftovers","|","|switch|p2a: Gardevoir|Gardevoir-Mega, F|17/277","|turn|15","|","|switch|p1a: Milo|Milotic, M, shiny|394/394","|-damage|p1a: Milo|345/394|[from] Stealth Rock","|move|p2a: Gardevoir|Hyper Voice|p1a: Milo","|-damage|p1a: Milo|128/394","|","|-weather|none","|-heal|p1a: Milo|152/394|[from] item: Leftovers","|turn|16","|","|switch|p1a: Poliie|Politoed, M, shiny|120/383","|-damage|p1a: Poliie|73/383|[from] Stealth Rock","|-weather|RainDance","|move|p2a: Gardevoir|Hyper Voice|p1a: Poliie","|-damage|p1a: Poliie|0 fnt","|faint|p1a: Poliie","|","|-weather|RainDance|[upkeep]","|","|switch|p1a: SwampGun|Swampert-Mega, F|378/403","|-damage|p1a: SwampGun|353/403|[from] Stealth Rock","|turn|17","|","|move|p1a: SwampGun|Waterfall|p2a: Gardevoir","|-damage|p2a: Gardevoir|0 fnt","|faint|p2a: Gardevoir","|","|-weather|RainDance|[upkeep]","|","|switch|p2a: Mew|Mew|378/378","|turn|18","|","|move|p1a: SwampGun|Waterfall|p2a: Mew","|-damage|p2a: Mew|132/378","|move|p2a: Mew|Psyshock|p1a: SwampGun","|-damage|p1a: SwampGun|238/403","|","|-weather|RainDance|[upkeep]","|-heal|p2a: Mew|155/378|[from] item: Leftovers","|turn|19","|","|move|p2a: Mew|Vacuum Wave|p1a: SwampGun","|-damage|p1a: SwampGun|197/403","|move|p1a: SwampGun|Waterfall|p2a: Mew","|-damage|p2a: Mew|0 fnt","|faint|p2a: Mew","|","|-weather|RainDance|[upkeep]","|","|switch|p2a: Hoopa-Unbound|Hoopa-Unbound|360/360","|turn|20","|","|move|p1a: SwampGun|Earthquake|p2a: Hoopa-Unbound","|-damage|p2a: Hoopa-Unbound|20/360","|move|p2a: Hoopa-Unbound|Drain Punch|p1a: SwampGun","|-damage|p1a: SwampGun|88/403","|-heal|p2a: Hoopa-Unbound|75/360|[from] drain|[of] p1a: SwampGun","|","|-weather|none","|turn|21","|","|move|p2a: Hoopa-Unbound|Drain Punch|p1a: SwampGun","|-damage|p1a: SwampGun|0 fnt","|-heal|p2a: Hoopa-Unbound|119/360|[from] drain|[of] p1a: SwampGun","|faint|p1a: SwampGun","|","|","|switch|p1a: SS2 Azu|Azumarill, M, shiny|404/404","|-damage|p1a: SS2 Azu|354/404|[from] Stealth Rock","|turn|22","|","|move|p1a: SS2 Azu|Aqua Jet|p2a: Hoopa-Unbound","|-damage|p2a: Hoopa-Unbound|0 fnt","|faint|p2a: Hoopa-Unbound","|","|win|Rain ☆ S.Herbs"],"p1rating":{"entryid":"7610897","serverid":"eos","formatid":"monotype","userid":"rainsherbs","username":"Rain ☆ S.Herbs","w":6,"l":"2","t":"0","gxe":61.5,"r":"1550.1748255698","rd":"97.995353237371","sigma":"0","rptime":"1439629200","rpr":1591.1558711685,"rprd":91.718009496666,"rpsigma":"0","acre":1139.9930862929,"lacre":1139.9930862929,"oldacre":"1113.9534324306"},"p2rating":{"entryid":"7662052","serverid":"eos","formatid":"monotype","userid":"fairyouroboros","username":"Fairy Ouroboros","w":"4","l":1,"t":"0","gxe":61.8,"r":"1500","rd":"130","sigma":"0","rptime":"1439629200","rpr":1594.2443492171,"rprd":101.74456471996,"rpsigma":"0","acre":1102.3706262807,"lacre":1102.3706262807,"oldacre":"1128.410280143"},"endType":"normal"}