{"seed":[33752,6259,19798,11879],"turns":28,"p1":"Imp❇ Jk","p2":"Rain ☆ Fae","p1team":[{"name":"batty.signal","species":"golbat","item":"eviolite","ability":"Infiltrator","moves":["roost","superfang","bravebird","defog"],"nature":"Careful","evs":{"hp":252,"atk":0,"def":4,"spa":0,"spd":252,"spe":0},"ivs":{"hp":31,"atk":31,"def":31,"spa":31,"spd":31,"spe":31}},{"name":"only.misses","species":"weezing","item":"blacksludge","ability":"Levitate","moves":["willowisp","flamethrower","clearsmog","painsplit"],"nature":"Bold","evs":{"hp":252,"atk":0,"def":252,"spa":4,"spd":0,"spe":0},"ivs":{"hp":31,"atk":31,"def":31,"spa":31,"spd":31,"spe":31}},{"name":"kings.rage","species":"nidoking","item":"lifeorb","ability":"Sheer Force","moves":["earthpower","sludgewave","icebeam","stealthrock"],"nature":"Timid","evs":{"hp":0,"atk":0,"def":0,"spa":252,"spd":0,"spe":252},"ivs":{"hp":31,"atk":31,"def":31,"spa":31,"spd":31,"spe":31}},{"name":"stalkng.shadow","species":"gengar","item":"focussash","ability":"Levitate","moves":["shadowball","sludgewave","dazzlinggleam","energyball"],"nature":"Modest","evs":{"hp":0,"atk":0,"def":0,"spa":252,"spd":0,"spe":252},"ivs":{"hp":31,"atk":31,"def":31,"spa":31,"spd":31,"spe":31}},{"name":"emo.skun","species":"skuntank","item":"choicescarf","ability":"Aftermath","moves":["playrough","poisonjab","pursuit","crunch"],"nature":"Lonely","evs":{"hp":0,"atk":252,"def":0,"spa":4,"spd":0,"spe":252},"ivs":{"hp":31,"atk":31,"def":31,"spa":31,"spd":31,"spe":31}},{"name":"beeting","species":"beedrill","item":"beedrillite","ability":"Swarm","moves":["drillrun","uturn","poisonjab","protect"],"nature":"Jolly","evs":{"hp":0,"atk":252,"def":0,"spa":0,"spd":0,"spe":252},"ivs":{"hp":31,"atk":31,"def":31,"spa":31,"spd":31,"spe":31}}],"p2team":[{"name":"Medicham","species":"Medicham","item":"choiceband","ability":"Pure Power","moves":["highjumpkick","zenheadbutt","icepunch","bulletpunch"],"nature":"Jolly","evs":{"hp":0,"atk":252,"def":0,"spa":0,"spd":4,"spe":252},"ivs":{"hp":31,"atk":31,"def":31,"spa":31,"spd":31,"spe":31}},{"name":"Hawlucha","species":"Hawlucha","item":"powerherb","ability":"Unburden","moves":["skyattack","highjumpkick","acrobatics","zenheadbutt"],"nature":"Adamant","evs":{"hp":0,"atk":252,"def":0,"spa":0,"spd":4,"spe":252},"shiny":true,"ivs":{"hp":31,"atk":31,"def":31,"spa":31,"spd":31,"spe":31}},{"name":"Conkeldurr","species":"Conkeldurr","item":"assaultvest","ability":"Guts","moves":["machpunch","drainpunch","knockoff","icepunch"],"nature":"Adamant","evs":{"hp":248,"atk":252,"def":0,"spa":0,"spd":8,"spe":0},"shiny":true,"ivs":{"hp":31,"atk":31,"def":31,"spa":31,"spd":31,"spe":31}},{"name":"Keldeo","species":"Keldeo","item":"choicespecs","ability":"Justified","moves":["hydropump","scald","secretsword","icywind"],"nature":"Timid","evs":{"hp":0,"atk":0,"def":0,"spa":252,"spd":4,"spe":252},"ivs":{"hp":31,"atk":31,"def":31,"spa":31,"spd":31,"spe":31}},{"name":"Cobalion","species":"Cobalion","item":"leftovers","ability":"Justified","moves":["thunderwave","stealthrock","ironhead","taunt"],"nature":"Jolly","evs":{"hp":252,"atk":0,"def":48,"spa":0,"spd":0,"spe":208},"ivs":{"hp":31,"atk":31,"def":31,"spa":31,"spd":31,"spe":31}},{"name":"Terrakion","species":"Terrakion","item":"choicescarf","ability":"Justified","moves":["stoneedge","closecombat","earthquake","ironhead"],"nature":"Jolly","evs":{"hp":0,"atk":252,"def":0,"spa":0,"spd":4,"spe":252},"ivs":{"hp":31,"atk":31,"def":31,"spa":31,"spd":31,"spe":31}}],"log":["|player|p1|Imp❇ Jk|196","|player|p2|Rain ☆ Fae|rainfae.png","|gametype|singles","|gen|6","|tier|Monotype","|rated","|rule|Baton Pass Clause: Limit one Baton Passer, can't pass Spe and other stats simultaneously","|rule|Swagger Clause: Swagger is banned","|rule|Same Type Clause: Pokémon in a team must share a type","|clearpoke","|poke|p1|Golbat, M","|poke|p1|Weezing, F","|poke|p1|Nidoking, M","|poke|p1|Gengar, M","|poke|p1|Skuntank, F","|poke|p1|Beedrill, F","|poke|p2|Medicham, F","|poke|p2|Hawlucha, F, shiny","|poke|p2|Conkeldurr, F, shiny","|poke|p2|Keldeo","|poke|p2|Cobalion","|poke|p2|Terrakion","|rule|Sleep Clause Mod: Limit one foe put to sleep","|rule|Species Clause: Limit one of each Pokémon","|rule|OHKO Clause: OHKO moves are banned","|rule|Moody Clause: Moody is banned","|rule|Evasion Moves Clause: Evasion moves are banned","|rule|Endless Battle Clause: Forcing endless battles is banned","|rule|HP Percentage Mod: HP is shown in percentages","|teampreview","|","|start","|switch|p1a: kings.rage|Nidoking, M|303/303","|switch|p2a: Hawlucha|Hawlucha, F, shiny|297/297","|turn|1","|","|move|p2a: Hawlucha|Zen Headbutt|p1a: kings.rage","|-supereffective|p1a: kings.rage","|-damage|p1a: kings.rage|89/303","|cant|p1a: kings.rage|flinch","|","|turn|2","|","|switch|p1a: emo.skun|Skuntank, F|347/347","|move|p2a: Hawlucha|Sky Attack|p1a: emo.skun|[still]","|-prepare|p2a: Hawlucha|Sky Attack|p1a: emo.skun","|-enditem|p2a: Hawlucha|Power Herb","|-anim|p2a: Hawlucha|Sky Attack|p1a: emo.skun","|-damage|p1a: emo.skun|0 fnt","|faint|p1a: emo.skun","|","|","|switch|p1a: only.misses|Weezing, F|334/334","|turn|3","|","|move|p2a: Hawlucha|Zen Headbutt|p1a: only.misses","|-supereffective|p1a: only.misses","|-damage|p1a: only.misses|232/334","|move|p1a: only.misses|Will-O-Wisp|p2a: Hawlucha","|-status|p2a: Hawlucha|brn","|","|-heal|p1a: only.misses|252/334|[from] item: Black Sludge","|-damage|p2a: Hawlucha|260/297 brn|[from] brn","|turn|4","|","|switch|p2a: Keldeo|Keldeo|323/323","|move|p1a: only.misses|Flamethrower|p2a: Keldeo","|-resisted|p2a: Keldeo","|-damage|p2a: Keldeo|291/323","|","|-heal|p1a: only.misses|272/334|[from] item: Black Sludge","|turn|5","|","|switch|p1a: batty.signal|Golbat, M|354/354","|move|p2a: Keldeo|Hydro Pump|p1a: batty.signal","|-damage|p1a: batty.signal|200/354","|","|turn|6","|","|move|p2a: Keldeo|Hydro Pump|p1a: batty.signal","|-crit|p1a: batty.signal","|-damage|p1a: batty.signal|0 fnt","|faint|p1a: batty.signal","|","|","|switch|p1a: stalkng.shadow|Gengar, M|261/261","|turn|7","|","|move|p2a: Keldeo|Hydro Pump|p1a: stalkng.shadow","|-enditem|p1a: stalkng.shadow|Focus Sash","|-damage|p1a: stalkng.shadow|1/261","|move|p1a: stalkng.shadow|Energy Ball|p2a: Keldeo","|-supereffective|p2a: Keldeo","|-damage|p2a: Keldeo|51/323","|","|turn|8","|","|switch|p2a: Conkeldurr|Conkeldurr, F, shiny|413/413","|move|p1a: stalkng.shadow|Energy Ball|p2a: Conkeldurr","|-damage|p2a: Conkeldurr|304/413","|","|turn|9","|","|move|p1a: stalkng.shadow|Dazzling Gleam|p2a: Conkeldurr","|-supereffective|p2a: Conkeldurr","|-damage|p2a: Conkeldurr|124/413","|move|p2a: Conkeldurr|Drain Punch|p1a: stalkng.shadow","|-immune|p1a: stalkng.shadow|[msg]","|","|turn|10","|","|move|p1a: stalkng.shadow|Dazzling Gleam|p2a: Conkeldurr","|-supereffective|p2a: Conkeldurr","|-damage|p2a: Conkeldurr|0 fnt","|faint|p2a: Conkeldurr","|","|","|switch|p2a: Hawlucha|Hawlucha, F, shiny|260/297 brn","|turn|11","|","|switch|p1a: only.misses|Weezing, F|272/334","|move|p2a: Hawlucha|Zen Headbutt|p1a: only.misses","|-supereffective|p1a: only.misses","|-damage|p1a: only.misses|216/334","|","|-heal|p1a: only.misses|236/334|[from] item: Black Sludge","|-damage|p2a: Hawlucha|223/297 brn|[from] brn","|turn|12","|","|switch|p2a: Keldeo|Keldeo|51/323","|move|p1a: only.misses|Flamethrower|p2a: Keldeo","|-resisted|p2a: Keldeo","|-damage|p2a: Keldeo|17/323","|","|-heal|p1a: only.misses|256/334|[from] item: Black Sludge","|turn|13","|","|move|p2a: Keldeo|Hydro Pump|p1a: only.misses|[miss]","|-miss|p2a: Keldeo|p1a: only.misses","|move|p1a: only.misses|Clear Smog|p2a: Keldeo","|-damage|p2a: Keldeo|0 fnt","|-clearboost|p2a: Keldeo","|faint|p2a: Keldeo","|","|-heal|p1a: only.misses|276/334|[from] item: Black Sludge","|","|switch|p2a: Medicham|Medicham, F|261/261","|turn|14","|","|move|p2a: Medicham|Zen Headbutt|p1a: only.misses","|-supereffective|p1a: only.misses","|-damage|p1a: only.misses|0 fnt","|faint|p1a: only.misses","|","|","|switch|p1a: beeting|Beedrill, F|271/271","|turn|15","|","|switch|p2a: Cobalion|Cobalion|386/386","|detailschange|p1a: beeting|Beedrill-Mega, F","|-mega|p1a: beeting|Beedrill|Beedrillite","|move|p1a: beeting|Protect|p1a: beeting","|-fail|p1a: beeting","|","|turn|16","|","|move|p1a: beeting|U-turn|p2a: Cobalion","|-resisted|p2a: Cobalion","|-damage|p2a: Cobalion|352/386","|","|switch|p1a: kings.rage|Nidoking, M|89/303","|move|p2a: Cobalion|Thunder Wave|p1a: kings.rage","|-immune|p1a: kings.rage|[msg]","|","|-heal|p2a: Cobalion|376/386|[from] item: Leftovers","|turn|17","|","|move|p2a: Cobalion|Iron Head|p1a: kings.rage","|-damage|p1a: kings.rage|0 fnt","|faint|p1a: kings.rage","|","|-heal|p2a: Cobalion|386/386|[from] item: Leftovers","|","|switch|p1a: stalkng.shadow|Gengar, M|1/261","|turn|18","|","|move|p2a: Cobalion|Iron Head|p1a: stalkng.shadow","|-damage|p1a: stalkng.shadow|0 fnt","|faint|p1a: stalkng.shadow","|","|","|switch|p1a: beeting|Beedrill-Mega, F|271/271","|turn|19","|","|move|p1a: beeting|Drill Run|p2a: Cobalion","|-crit|p2a: Cobalion","|-supereffective|p2a: Cobalion","|-damage|p2a: Cobalion|128/386","|move|p2a: Cobalion|Taunt|p1a: beeting","|-start|p1a: beeting|move: Taunt","|","|-heal|p2a: Cobalion|152/386|[from] item: Leftovers","|turn|20","|","|switch|p2a: Hawlucha|Hawlucha, F, shiny|223/297 brn","|move|p1a: beeting|Drill Run|p2a: Hawlucha","|-immune|p2a: Hawlucha|[msg]","|","|-damage|p2a: Hawlucha|186/297 brn|[from] brn","|turn|21","|","|switch|p2a: Terrakion|Terrakion|323/323","|move|p1a: beeting|Poison Jab|p2a: Terrakion","|-resisted|p2a: Terrakion","|-damage|p2a: Terrakion|211/323","|","|turn|22","|","|move|p2a: Terrakion|Stone Edge|p1a: beeting|[miss]","|-miss|p2a: Terrakion|p1a: beeting","|move|p1a: beeting|Drill Run|p2a: Terrakion","|-supereffective|p2a: Terrakion","|-damage|p2a: Terrakion|0 fnt","|faint|p2a: Terrakion","|","|-end|p1a: beeting|move: Taunt","|","|switch|p2a: Medicham|Medicham, F|261/261","|turn|23","|","|move|p1a: beeting|Protect|p1a: beeting","|-singleturn|p1a: beeting|Protect","|move|p2a: Medicham|Zen Headbutt|p1a: beeting","|-activate|p1a: beeting|Protect","|","|turn|24","|","|move|p1a: beeting|Poison Jab|p2a: Medicham","|-damage|p2a: Medicham|0 fnt","|faint|p2a: Medicham","|","|","|switch|p2a: Hawlucha|Hawlucha, F, shiny|186/297 brn","|turn|25","|","|switch|p2a: Cobalion|Cobalion|152/386","|move|p1a: beeting|Poison Jab|p2a: Cobalion","|-immune|p2a: Cobalion|[msg]","|","|-heal|p2a: Cobalion|176/386|[from] item: Leftovers","|turn|26","|","|move|p1a: beeting|Drill Run|p2a: Cobalion","|-supereffective|p2a: Cobalion","|-damage|p2a: Cobalion|16/386","|move|p2a: Cobalion|Thunder Wave|p1a: beeting","|-status|p1a: beeting|par","|","|-heal|p2a: Cobalion|40/386|[from] item: Leftovers","|turn|27","|","|move|p2a: Cobalion|Iron Head|p1a: beeting","|-damage|p1a: beeting|111/271 par","|move|p1a: beeting|U-turn|p2a: Cobalion","|-resisted|p2a: Cobalion","|-damage|p2a: Cobalion|2/386","|","|-heal|p2a: Cobalion|26/386|[from] item: Leftovers","|turn|28","|","|move|p2a: Cobalion|Iron Head|p1a: beeting","|-damage|p1a: beeting|0 fnt","|faint|p1a: beeting","|","|win|Rain ☆ Fae"],"p1rating":{"entryid":"7537159","serverid":"eos","formatid":"monotype","userid":"impjk","username":"Imp❇ Jk","w":"11","l":14,"t":"0","gxe":42.3,"r":"1393.8466938411","rd":"70.149726663646","sigma":"0","rptime":"1439629200","rpr":1440.7132842412,"rprd":64.948005351801,"rpsigma":"0","acre":1128.0700707854,"lacre":1128.0700707854,"oldacre":"1154.583575764"},"p2rating":{"entryid":"7105533","serverid":"eos","formatid":"monotype","userid":"rainfae","username":"Rain ☆ Fae","w":27,"l":"19","t":"0","gxe":55.5,"r":"1537.2402059508","rd":"54.491536434219","sigma":"0","rptime":"1439629200","rpr":1542.2913363599,"rprd":53.954399630452,"rpsigma":"0","acre":1160.0375074201,"lacre":1160.0375074201,"oldacre":"1133.5240024415"},"endType":"normal"}