{"seed":[43277,45529,49499,45585],"turns":38,"p1":"Void KGBeast","p2":"GTX Lynxice","p1team":[{"name":"Charizard","species":"Charizard","item":"charizarditey","ability":"Blaze","moves":["defog","focusblast","fireblast","solarbeam"],"nature":"Timid","evs":{"hp":0,"atk":0,"def":0,"spa":252,"spd":4,"spe":252},"ivs":{"hp":31,"atk":0,"def":31,"spa":31,"spd":31,"spe":31}},{"name":"Infernape","species":"Infernape","item":"focussash","ability":"Blaze","moves":["stealthrock","taunt","closecombat","fireblast"],"nature":"Naive","evs":{"hp":0,"atk":252,"def":0,"spa":4,"spd":0,"spe":252},"ivs":{"hp":31,"atk":31,"def":31,"spa":31,"spd":31,"spe":31}},{"name":"Darmanitan","species":"Darmanitan","item":"choicescarf","ability":"Sheer Force","moves":["flareblitz","uturn","rockslide","superpower"],"nature":"Jolly","evs":{"hp":0,"atk":252,"def":0,"spa":0,"spd":4,"spe":252},"ivs":{"hp":31,"atk":31,"def":31,"spa":31,"spd":31,"spe":31}},{"name":"Heatran","species":"Heatran","item":"leftovers","ability":"Flash Fire","moves":["solarbeam","toxic","earthpower","flashcannon"],"nature":"Calm","evs":{"hp":248,"atk":0,"def":0,"spa":0,"spd":252,"spe":8},"ivs":{"hp":31,"atk":0,"def":31,"spa":31,"spd":31,"spe":31}},{"name":"Rotom-Heat","species":"Rotom-Heat","item":"choicescarf","ability":"Levitate","moves":["voltswitch","thunderbolt","hiddenpowerice","overheat"],"nature":"Timid","evs":{"hp":0,"atk":0,"def":0,"spa":252,"spd":4,"spe":252},"ivs":{"hp":31,"atk":0,"def":30,"spa":31,"spd":31,"spe":31}},{"name":"Arcanine","species":"Arcanine","item":"leftovers","ability":"Intimidate","moves":["willowisp","flareblitz","roar","morningsun"],"nature":"Impish","evs":{"hp":248,"atk":8,"def":252,"spa":0,"spd":0,"spe":0},"ivs":{"hp":31,"atk":31,"def":31,"spa":31,"spd":31,"spe":31}}],"p2team":[{"name":"W5 Swampert","species":"swampert","item":"focussash","ability":"Torrent","moves":["protect","counter","mirrorcoat","waterfall"],"nature":"Jolly","evs":{"hp":4,"atk":252,"def":0,"spa":0,"spd":0,"spe":248},"ivs":{"hp":31,"atk":31,"def":31,"spa":31,"spd":31,"spe":31}},{"name":"W3 Cloyster","species":"cloyster","item":"focussash","ability":"Skill Link","moves":["rockblast","iciclespear","rapidspin","shellsmash"],"nature":"Naive","evs":{"hp":4,"atk":252,"def":0,"spa":0,"spd":0,"spe":252},"ivs":{"hp":31,"atk":31,"def":31,"spa":31,"spd":31,"spe":31}},{"name":"W4 Lapras","species":"lapras","item":"chestoberry","ability":"Shell Armor","moves":["whirlpool","freezedry","rest","thunderbolt"],"nature":"Timid","evs":{"hp":136,"atk":0,"def":120,"spa":0,"spd":0,"spe":252},"ivs":{"hp":31,"atk":31,"def":31,"spa":31,"spd":31,"spe":31}},{"name":"W1 Milotic","species":"milotic","item":"wacanberry","ability":"Marvel Scale","moves":["recover","hypnosis","surf","icebeam"],"nature":"Calm","evs":{"hp":252,"atk":0,"def":248,"spa":0,"spd":8,"spe":0},"ivs":{"hp":31,"atk":31,"def":31,"spa":31,"spd":31,"spe":31}},{"name":"W2 Lanturn","species":"lanturn","item":"leftovers","ability":"Volt Absorb","moves":["thunderbolt","toxic","healbell","scald"],"nature":"","evs":{"hp":252,"atk":0,"def":0,"spa":252,"spd":0,"spe":4},"ivs":{"hp":31,"atk":31,"def":31,"spa":31,"spd":31,"spe":31}},{"name":"W5 Azumarill","species":"azumarill","item":"leftovers","ability":"Sap Sipper","moves":["icepunch","waterfall","aquajet","playrough"],"nature":"Adamant","evs":{"hp":252,"atk":252,"def":0,"spa":0,"spd":4,"spe":0},"ivs":{"hp":31,"atk":31,"def":31,"spa":31,"spd":31,"spe":31}}],"log":["|player|p1|Void KGBeast|25","|player|p2|GTX Lynxice|281","|gametype|singles","|gen|6","|tier|Monotype","|rated","|rule|Baton Pass Clause: Limit one Baton Passer, can't pass Spe and other stats simultaneously","|rule|Swagger Clause: Swagger is banned","|rule|Same Type Clause: Pokémon in a team must share a type","|clearpoke","|poke|p1|Charizard, M","|poke|p1|Infernape, F","|poke|p1|Darmanitan, M","|poke|p1|Heatran, M","|poke|p1|Rotom-Heat","|poke|p1|Arcanine, F","|poke|p2|Swampert, F","|poke|p2|Cloyster, M","|poke|p2|Lapras, M","|poke|p2|Milotic, F","|poke|p2|Lanturn, M","|poke|p2|Azumarill, F","|rule|Sleep Clause Mod: Limit one foe put to sleep","|rule|Species Clause: Limit one of each Pokémon","|rule|OHKO Clause: OHKO moves are banned","|rule|Moody Clause: Moody is banned","|rule|Evasion Moves Clause: Evasion moves are banned","|rule|Endless Battle Clause: Forcing endless battles is banned","|rule|HP Percentage Mod: HP is shown in percentages","|teampreview","|","|start","|switch|p1a: Charizard|Charizard, M|297/297","|switch|p2a: W1 Milotic|Milotic, F|394/394","|turn|1","|","|switch|p2a: W5 Azumarill|Azumarill, F|404/404","|detailschange|p1a: Charizard|Charizard-Mega-Y, M","|-mega|p1a: Charizard|Charizard|Charizardite Y","|-weather|SunnyDay","|move|p1a: Charizard|Solar Beam|p2a: W5 Azumarill|[still]","|-prepare|p1a: Charizard|Solar Beam|p2a: W5 Azumarill","|-anim|p1a: Charizard|Solar Beam|p2a: W5 Azumarill","|-boost|p2a: W5 Azumarill|atk|1|[from] ability: Sap Sipper","|","|-weather|SunnyDay|[upkeep]","|turn|2","|","|switch|p1a: Arcanine|Arcanine, F|383/383","|-ability|p1a: Arcanine|Intimidate","|-unboost|p2a: W5 Azumarill|atk|1","|move|p2a: W5 Azumarill|Waterfall|p1a: Arcanine","|-supereffective|p1a: Arcanine","|-damage|p1a: Arcanine|315/383","|","|-weather|SunnyDay|[upkeep]","|-heal|p1a: Arcanine|338/383|[from] item: Leftovers","|turn|3","|","|switch|p1a: Heatran|Heatran, M|385/385","|switch|p2a: W1 Milotic|Milotic, F|394/394","|","|-weather|SunnyDay|[upkeep]","|turn|4","|","|move|p2a: W1 Milotic|Hypnosis|p1a: Heatran","|-status|p1a: Heatran|slp","|cant|p1a: Heatran|slp","|","|-weather|SunnyDay|[upkeep]","|turn|5","|","|switch|p2a: W2 Lanturn|Lanturn, M|454/454","|cant|p1a: Heatran|slp","|","|-weather|none","|turn|6","|","|cant|p1a: Heatran|slp","|move|p2a: W2 Lanturn|Scald|p1a: Heatran","|-supereffective|p1a: Heatran","|-damage|p1a: Heatran|233/385 slp","|","|-heal|p1a: Heatran|257/385 slp|[from] item: Leftovers","|turn|7","|","|switch|p2a: W1 Milotic|Milotic, F|394/394","|-curestatus|p1a: Heatran|slp","|move|p1a: Heatran|Toxic|p2a: W1 Milotic","|-status|p2a: W1 Milotic|tox","|","|-heal|p1a: Heatran|281/385|[from] item: Leftovers","|-damage|p2a: W1 Milotic|370/394 tox|[from] psn","|turn|8","|","|switch|p1a: Arcanine|Arcanine, F|338/383","|-ability|p1a: Arcanine|Intimidate","|-unboost|p2a: W1 Milotic|atk|1","|move|p2a: W1 Milotic|Surf|p1a: Arcanine","|-supereffective|p1a: Arcanine","|-damage|p1a: Arcanine|80/383","|","|-heal|p1a: Arcanine|103/383|[from] item: Leftovers","|-damage|p2a: W1 Milotic|322/394 tox|[from] psn","|turn|9","|","|move|p1a: Arcanine|Morning Sun|p1a: Arcanine","|-heal|p1a: Arcanine|294/383","|move|p2a: W1 Milotic|Surf|p1a: Arcanine","|-supereffective|p1a: Arcanine","|-damage|p1a: Arcanine|52/383","|","|-heal|p1a: Arcanine|75/383|[from] item: Leftovers","|-damage|p2a: W1 Milotic|250/394 tox|[from] psn","|turn|10","|","|move|p1a: Arcanine|Morning Sun|p1a: Arcanine","|-heal|p1a: Arcanine|266/383","|move|p2a: W1 Milotic|Hypnosis|p1a: Arcanine|[miss]","|-miss|p2a: W1 Milotic|p1a: Arcanine","|","|-heal|p1a: Arcanine|289/383|[from] item: Leftovers","|-damage|p2a: W1 Milotic|154/394 tox|[from] psn","|turn|11","|","|switch|p2a: W2 Lanturn|Lanturn, M|454/454","|move|p1a: Arcanine|Flare Blitz|p2a: W2 Lanturn","|-resisted|p2a: W2 Lanturn","|-damage|p2a: W2 Lanturn|337/454","|-damage|p1a: Arcanine|250/383|[from] recoil|[of] p2a: W2 Lanturn","|","|-heal|p1a: Arcanine|273/383|[from] item: Leftovers","|-heal|p2a: W2 Lanturn|365/454|[from] item: Leftovers","|turn|12","|","|switch|p1a: Infernape|Infernape, F|293/293","|move|p2a: W2 Lanturn|Scald|p1a: Infernape","|-supereffective|p1a: Infernape","|-enditem|p1a: Infernape|Focus Sash","|-damage|p1a: Infernape|1/293","|","|-heal|p2a: W2 Lanturn|393/454|[from] item: Leftovers","|turn|13","|","|switch|p2a: W1 Milotic|Milotic, F|154/394 tox","|move|p1a: Infernape|Stealth Rock|p2a: W1 Milotic","|-sidestart|p2: GTX Lynxice|move: Stealth Rock","|","|-damage|p2a: W1 Milotic|130/394 tox|[from] psn","|turn|14","|","|move|p1a: Infernape|Close Combat|p2a: W1 Milotic","|-damage|p2a: W1 Milotic|18/394 tox","|-unboost|p1a: Infernape|def|1","|-unboost|p1a: Infernape|spd|1","|move|p2a: W1 Milotic|Recover|p2a: W1 Milotic","|-heal|p2a: W1 Milotic|215/394 tox","|","|-damage|p2a: W1 Milotic|167/394 tox|[from] psn","|turn|15","|","|move|p1a: Infernape|Taunt|p2a: W1 Milotic","|-start|p2a: W1 Milotic|move: Taunt","|cant|p2a: W1 Milotic|move: Taunt|Recover","|","|-damage|p2a: W1 Milotic|95/394 tox|[from] psn","|turn|16","|","|move|p1a: Infernape|Close Combat|p2a: W1 Milotic","|-damage|p2a: W1 Milotic|0 fnt","|-unboost|p1a: Infernape|def|1","|-unboost|p1a: Infernape|spd|1","|faint|p2a: W1 Milotic","|","|","|switch|p2a: W5 Azumarill|Azumarill, F|404/404","|-damage|p2a: W5 Azumarill|354/404|[from] Stealth Rock","|turn|17","|","|switch|p1a: Arcanine|Arcanine, F|273/383","|-ability|p1a: Arcanine|Intimidate","|-unboost|p2a: W5 Azumarill|atk|1","|move|p2a: W5 Azumarill|Aqua Jet|p1a: Arcanine","|-supereffective|p1a: Arcanine","|-damage|p1a: Arcanine|219/383","|","|-heal|p1a: Arcanine|242/383|[from] item: Leftovers","|-heal|p2a: W5 Azumarill|379/404|[from] item: Leftovers","|turn|18","|","|switch|p2a: W2 Lanturn|Lanturn, M|393/454","|-damage|p2a: W2 Lanturn|337/454|[from] Stealth Rock","|move|p1a: Arcanine|Will-O-Wisp|p2a: W2 Lanturn","|-status|p2a: W2 Lanturn|brn","|","|-heal|p1a: Arcanine|265/383|[from] item: Leftovers","|-heal|p2a: W2 Lanturn|365/454 brn|[from] item: Leftovers","|-damage|p2a: W2 Lanturn|309/454 brn|[from] brn","|turn|19","|","|switch|p1a: Heatran|Heatran, M|281/385","|move|p2a: W2 Lanturn|Scald|p1a: Heatran","|-supereffective|p1a: Heatran","|-damage|p1a: Heatran|141/385","|","|-heal|p1a: Heatran|165/385|[from] item: Leftovers","|-heal|p2a: W2 Lanturn|337/454 brn|[from] item: Leftovers","|-damage|p2a: W2 Lanturn|281/454 brn|[from] brn","|turn|20","|","|move|p1a: Heatran|Earth Power|p2a: W2 Lanturn","|-supereffective|p2a: W2 Lanturn","|-damage|p2a: W2 Lanturn|55/454 brn","|move|p2a: W2 Lanturn|Scald|p1a: Heatran","|-supereffective|p1a: Heatran","|-damage|p1a: Heatran|21/385","|","|-heal|p1a: Heatran|45/385|[from] item: Leftovers","|-heal|p2a: W2 Lanturn|83/454 brn|[from] item: Leftovers","|-damage|p2a: W2 Lanturn|27/454 brn|[from] brn","|turn|21","|","|move|p1a: Heatran|Earth Power|p2a: W2 Lanturn","|-supereffective|p2a: W2 Lanturn","|-damage|p2a: W2 Lanturn|0 fnt","|faint|p2a: W2 Lanturn","|","|-heal|p1a: Heatran|69/385|[from] item: Leftovers","|","|switch|p2a: W4 Lapras|Lapras, M|435/435","|-damage|p2a: W4 Lapras|327/435|[from] Stealth Rock","|turn|22","|","|move|p2a: W4 Lapras|Whirlpool|p1a: Heatran|[miss]","|-miss|p2a: W4 Lapras|p1a: Heatran","|move|p1a: Heatran|Toxic|p2a: W4 Lapras","|-status|p2a: W4 Lapras|tox","|","|-heal|p1a: Heatran|93/385|[from] item: Leftovers","|-damage|p2a: W4 Lapras|300/435 tox|[from] psn","|turn|23","|","|move|p2a: W4 Lapras|Whirlpool|p1a: Heatran","|-supereffective|p1a: Heatran","|-damage|p1a: Heatran|39/385","|-activate|p1a: Heatran|move: Whirlpool|[of] p2a: W4 Lapras","|move|p1a: Heatran|Flash Cannon|p2a: W4 Lapras","|-damage|p2a: W4 Lapras|177/435 tox","|","|-heal|p1a: Heatran|63/385|[from] item: Leftovers","|-damage|p2a: W4 Lapras|123/435 tox|[from] psn","|-damage|p1a: Heatran|15/385|[from] move: Whirlpool|[partiallytrapped]","|turn|24","|","|move|p2a: W4 Lapras|Rest|p2a: W4 Lapras","|-status|p2a: W4 Lapras|slp","|-heal|p2a: W4 Lapras|435/435 slp|[silent]","|-status|p2a: W4 Lapras|slp|[from] move: Rest","|-enditem|p2a: W4 Lapras|Chesto Berry|[eat]","|-curestatus|p2a: W4 Lapras|slp","|move|p1a: Heatran|Flash Cannon|p2a: W4 Lapras","|-damage|p2a: W4 Lapras|321/435","|","|-heal|p1a: Heatran|39/385|[from] item: Leftovers","|-damage|p1a: Heatran|0 fnt|[from] move: Whirlpool|[partiallytrapped]","|faint|p1a: Heatran","|","|switch|p1a: Infernape|Infernape, F|1/293","|turn|25","|","|move|p1a: Infernape|Close Combat|p2a: W4 Lapras","|-supereffective|p2a: W4 Lapras","|-damage|p2a: W4 Lapras|0 fnt","|-unboost|p1a: Infernape|def|1","|-unboost|p1a: Infernape|spd|1","|faint|p2a: W4 Lapras","|","|","|switch|p2a: W5 Azumarill|Azumarill, F|379/404","|-damage|p2a: W5 Azumarill|329/404|[from] Stealth Rock","|turn|26","|","|move|p2a: W5 Azumarill|Aqua Jet|p1a: Infernape","|-crit|p1a: Infernape","|-supereffective|p1a: Infernape","|-damage|p1a: Infernape|0 fnt","|faint|p1a: Infernape","|","|-heal|p2a: W5 Azumarill|354/404|[from] item: Leftovers","|","|switch|p1a: Arcanine|Arcanine, F|265/383","|-ability|p1a: Arcanine|Intimidate","|-unboost|p2a: W5 Azumarill|atk|1","|turn|27","|","|switch|p2a: W5 Swampert|Swampert, F|342/342","|-damage|p2a: W5 Swampert|321/342|[from] Stealth Rock","|move|p1a: Arcanine|Will-O-Wisp|p2a: W5 Swampert|[miss]","|-miss|p1a: Arcanine|p2a: W5 Swampert","|","|-heal|p1a: Arcanine|288/383|[from] item: Leftovers","|turn|28","|","|switch|p1a: Charizard|Charizard-Mega-Y, M|297/297","|-weather|SunnyDay","|move|p2a: W5 Swampert|Protect|p2a: W5 Swampert","|-fail|p2a: W5 Swampert","|","|-weather|SunnyDay|[upkeep]","|turn|29","|","|move|p2a: W5 Swampert|Protect|p2a: W5 Swampert","|-singleturn|p2a: W5 Swampert|Protect","|move|p1a: Charizard|Fire Blast|p2a: W5 Swampert","|-activate|p2a: W5 Swampert|Protect","|","|-weather|SunnyDay|[upkeep]","|turn|30","|","|move|p1a: Charizard|Fire Blast|p2a: W5 Swampert","|-resisted|p2a: W5 Swampert","|-damage|p2a: W5 Swampert|132/342","|move|p2a: W5 Swampert|Waterfall|p1a: Charizard","|-supereffective|p1a: Charizard","|-damage|p1a: Charizard|147/297","|","|-weather|SunnyDay|[upkeep]","|turn|31","|","|move|p2a: W5 Swampert|Protect|p2a: W5 Swampert","|-singleturn|p2a: W5 Swampert|Protect","|move|p1a: Charizard|Fire Blast|p2a: W5 Swampert","|-activate|p2a: W5 Swampert|Protect","|","|-weather|SunnyDay|[upkeep]","|turn|32","|","|move|p1a: Charizard|Fire Blast|p2a: W5 Swampert","|-resisted|p2a: W5 Swampert","|-damage|p2a: W5 Swampert|0 fnt","|faint|p2a: W5 Swampert","|","|-weather|none","|","|switch|p2a: W3 Cloyster|Cloyster, M|242/242","|-damage|p2a: W3 Cloyster|182/242|[from] Stealth Rock","|turn|33","|","|switch|p1a: Arcanine|Arcanine, F|288/383","|-ability|p1a: Arcanine|Intimidate","|-unboost|p2a: W3 Cloyster|atk|1","|move|p2a: W3 Cloyster|Shell Smash|p2a: W3 Cloyster","|-unboost|p2a: W3 Cloyster|def|1","|-unboost|p2a: W3 Cloyster|spd|1","|-boost|p2a: W3 Cloyster|atk|2","|-boost|p2a: W3 Cloyster|spa|2","|-boost|p2a: W3 Cloyster|spe|2","|","|-heal|p1a: Arcanine|311/383|[from] item: Leftovers","|turn|34","|","|switch|p1a: Charizard|Charizard-Mega-Y, M|147/297","|-weather|SunnyDay","|move|p2a: W3 Cloyster|Rock Blast|p1a: Charizard|[miss]","|-miss|p2a: W3 Cloyster|p1a: Charizard","|","|-weather|SunnyDay|[upkeep]","|turn|35","|","|move|p2a: W3 Cloyster|Rock Blast|p1a: Charizard","|-supereffective|p1a: Charizard","|-damage|p1a: Charizard|0 fnt","|-hitcount|p1a: Charizard|1","|faint|p1a: Charizard","|","|-weather|SunnyDay|[upkeep]","|","|switch|p1a: Arcanine|Arcanine, F|311/383","|-ability|p1a: Arcanine|Intimidate","|-unboost|p2a: W3 Cloyster|atk|1","|turn|36","|","|move|p2a: W3 Cloyster|Rock Blast|p1a: Arcanine","|-supereffective|p1a: Arcanine","|-damage|p1a: Arcanine|271/383","|-crit|p1a: Arcanine","|-supereffective|p1a: Arcanine","|-damage|p1a: Arcanine|207/383","|-supereffective|p1a: Arcanine","|-damage|p1a: Arcanine|161/383","|-supereffective|p1a: Arcanine","|-damage|p1a: Arcanine|115/383","|-supereffective|p1a: Arcanine","|-damage|p1a: Arcanine|73/383","|-hitcount|p1a: Arcanine|5","|move|p1a: Arcanine|Flare Blitz|p2a: W3 Cloyster","|-damage|p2a: W3 Cloyster|0 fnt","|-damage|p1a: Arcanine|13/383|[from] recoil|[of] p2a: W3 Cloyster","|faint|p2a: W3 Cloyster","|","|-weather|SunnyDay|[upkeep]","|-heal|p1a: Arcanine|36/383|[from] item: Leftovers","|","|switch|p2a: W5 Azumarill|Azumarill, F|354/404","|-damage|p2a: W5 Azumarill|304/404|[from] Stealth Rock","|turn|37","|","|move|p1a: Arcanine|Morning Sun|p1a: Arcanine","|-heal|p1a: Arcanine|291/383","|move|p2a: W5 Azumarill|Waterfall|p1a: Arcanine","|-supereffective|p1a: Arcanine","|-damage|p1a: Arcanine|223/383","|","|-weather|SunnyDay|[upkeep]","|-heal|p1a: Arcanine|246/383|[from] item: Leftovers","|-heal|p2a: W5 Azumarill|329/404|[from] item: Leftovers","|turn|38","|","|win|Void KGBeast"],"p1rating":{"entryid":"6841698","serverid":"eos","formatid":"monotype","userid":"voidkgbeast","username":"Void KGBeast","w":28,"l":"23","t":"0","gxe":54.5,"r":"1537.8806743883","rd":"51.423382445373","sigma":"0","rptime":"1439629200","rpr":1534.186367411,"rprd":50.436458140789,"rpsigma":"0","acre":1121.1223895723,"lacre":1121.1223895723,"oldacre":"1095.2054709391"},"p2rating":{"entryid":"7503497","serverid":"eos","formatid":"monotype","userid":"gtxlynxice","username":"GTX Lynxice","w":"6","l":9,"t":"0","gxe":41.7,"r":1447.7627980922,"rd":78.949004025424,"sigma":"0","rptime":1439629200,"rpr":1435.0905696832,"rprd":77.151546907846,"rpsigma":"0","acre":1073.0054732149,"lacre":1073.0054732149,"oldacre":"1097.8767464583"},"endType":"forfeit"}