{"seed":[41951,4357,918,64149],"turns":21,"p1":"tahit","p2":"Onion L0rdMudkip","p1team":[{"name":"Azumarill","species":"Azumarill","item":"sitrusberry","ability":"Sap Sipper","moves":["bellydrum","aquajet","playrough","knockoff"],"nature":"Adamant","evs":{"hp":92,"atk":252,"def":0,"spa":0,"spd":0,"spe":164},"ivs":{"hp":31,"atk":31,"def":31,"spa":31,"spd":31,"spe":31}},{"name":"Diancie","species":"Diancie","item":"diancite","ability":"Clear Body","moves":["moonblast","diamondstorm","earthpower","protect"],"nature":"Naive","evs":{"hp":0,"atk":32,"def":0,"spa":224,"spd":0,"spe":252},"ivs":{"hp":31,"atk":31,"def":31,"spa":31,"spd":31,"spe":31}},{"name":"Klefki","species":"Klefki","item":"leftovers","ability":"Prankster","moves":["spikes","thunderwave","toxic","playrough"],"nature":"Careful","evs":{"hp":252,"atk":0,"def":4,"spa":0,"spd":252,"spe":0},"ivs":{"hp":31,"atk":31,"def":31,"spa":31,"spd":31,"spe":31}},{"name":"Slurpuff","species":"Slurpuff","item":"sitrusberry","ability":"Unburden","moves":["bellydrum","playrough","return","drainpunch"],"nature":"Jolly","evs":{"hp":28,"atk":252,"def":0,"spa":0,"spd":0,"spe":228},"ivs":{"hp":31,"atk":31,"def":31,"spa":31,"spd":31,"spe":31}},{"name":"Wigglytuff","species":"Wigglytuff","item":"leftovers","ability":"Competitive","moves":["stealthrock","hypervoice","dazzlinggleam","focusblast"],"nature":"Modest","evs":{"hp":4,"atk":0,"def":0,"spa":252,"spd":0,"spe":252},"ivs":{"hp":31,"atk":31,"def":31,"spa":31,"spd":31,"spe":31}},{"name":"Togekiss","species":"Togekiss","item":"leftovers","ability":"Serene Grace","moves":["nastyplot","airslash","thunderwave","roost"],"nature":"Timid","evs":{"hp":248,"atk":0,"def":76,"spa":0,"spd":8,"spe":176},"ivs":{"hp":31,"atk":31,"def":31,"spa":31,"spd":31,"spe":31}}],"p2team":[{"name":"Lopunny","species":"Lopunny","item":"lopunnite","ability":"Limber","moves":["fakeout","highjumpkick","frustration","icepunch"],"nature":"Jolly","evs":{"hp":0,"atk":252,"def":0,"spa":0,"spd":4,"spe":252},"happiness":0,"ivs":{"hp":31,"atk":31,"def":31,"spa":31,"spd":31,"spe":31}},{"name":"Smeargle","species":"Smeargle","item":"focussash","ability":"Own Tempo","moves":["spore","magiccoat","stealthrock","stickyweb"],"nature":"Timid","evs":{"hp":248,"atk":0,"def":0,"spa":0,"spd":8,"spe":252},"ivs":{"hp":31,"atk":31,"def":31,"spa":31,"spd":31,"spe":31}},{"name":"Meloetta","species":"Meloetta","item":"assaultvest","ability":"Serene Grace","moves":["hypervoice","psyshock","focusblast","thunderbolt"],"nature":"Modest","evs":{"hp":248,"atk":0,"def":0,"spa":252,"spd":8,"spe":0},"ivs":{"hp":31,"atk":31,"def":31,"spa":31,"spd":31,"spe":31}},{"name":"Ditto","species":"Ditto","item":"choicescarf","ability":"Imposter","moves":["transform"],"nature":"Bold","evs":{"hp":248,"atk":0,"def":252,"spa":0,"spd":8,"spe":0},"ivs":{"hp":31,"atk":31,"def":31,"spa":31,"spd":31,"spe":31}},{"name":"Diggersby","species":"Diggersby","item":"lifeorb","ability":"Huge Power","moves":["earthquake","return","quickattack","firepunch"],"nature":"Jolly","evs":{"hp":0,"atk":252,"def":0,"spa":0,"spd":4,"spe":252},"ivs":{"hp":31,"atk":31,"def":31,"spa":31,"spd":31,"spe":31}},{"name":"Staraptor","species":"Staraptor","item":"choicescarf","ability":"Reckless","moves":["closecombat","bravebird","uturn","doubleedge"],"nature":"Jolly","evs":{"hp":0,"atk":252,"def":0,"spa":0,"spd":4,"spe":252},"ivs":{"hp":31,"atk":31,"def":31,"spa":31,"spd":31,"spe":31}}],"log":["|player|p1|tahit|169","|player|p2|Onion L0rdMudkip|168","|gametype|singles","|gen|6","|tier|Monotype","|rated","|rule|Baton Pass Clause: Limit one Baton Passer, can't pass Spe and other stats simultaneously","|rule|Swagger Clause: Swagger is banned","|rule|Same Type Clause: Pokémon in a team must share a type","|clearpoke","|poke|p1|Azumarill, M","|poke|p1|Diancie","|poke|p1|Klefki, M","|poke|p1|Slurpuff, F","|poke|p1|Wigglytuff, F","|poke|p1|Togekiss, F","|poke|p2|Lopunny, M","|poke|p2|Smeargle, F","|poke|p2|Meloetta","|poke|p2|Ditto","|poke|p2|Diggersby, M","|poke|p2|Staraptor, F","|rule|Sleep Clause Mod: Limit one foe put to sleep","|rule|Species Clause: Limit one of each Pokémon","|rule|OHKO Clause: OHKO moves are banned","|rule|Moody Clause: Moody is banned","|rule|Evasion Moves Clause: Evasion moves are banned","|rule|Endless Battle Clause: Forcing endless battles is banned","|rule|HP Percentage Mod: HP is shown in percentages","|teampreview","|","|start","|switch|p1a: Klefki|Klefki, M|318/318","|switch|p2a: Smeargle|Smeargle, F|313/313","|turn|1","|","|move|p2a: Smeargle|Magic Coat|p2a: Smeargle","|-singleturn|p2a: Smeargle|move: Magic Coat","|move|p1a: Klefki|Thunder Wave|p2a: Smeargle","|move|p2a: Smeargle|Thunder Wave|p1a: Klefki|[from]Magic Coat","|-status|p1a: Klefki|par","|","|turn|2","|","|move|p1a: Klefki|Thunder Wave|p2a: Smeargle","|-status|p2a: Smeargle|par","|move|p2a: Smeargle|Stealth Rock|p1a: Klefki","|-sidestart|p1: tahit|move: Stealth Rock","|","|turn|3","|","|cant|p2a: Smeargle|par","|move|p1a: Klefki|Play Rough|p2a: Smeargle","|-damage|p2a: Smeargle|105/313 par","|","|turn|4","|","|move|p1a: Klefki|Spikes|p2a: Smeargle","|-sidestart|p2: Onion L0rdMudkip|Spikes","|move|p2a: Smeargle|Sticky Web|p1a: Klefki","|-sidestart|p1: tahit|move: Sticky Web","|","|turn|5","|","|move|p2a: Smeargle|Magic Coat|p2a: Smeargle","|-singleturn|p2a: Smeargle|move: Magic Coat","|move|p1a: Klefki|Spikes|p2a: Smeargle","|move|p2a: Smeargle|Spikes|p1a: Klefki|[from]Magic Coat","|-sidestart|p1: tahit|Spikes","|","|turn|6","|","|move|p2a: Smeargle|Magic Coat|p2a: Smeargle","|-singleturn|p2a: Smeargle|move: Magic Coat","|move|p1a: Klefki|Spikes|p2a: Smeargle","|move|p2a: Smeargle|Spikes|p1a: Klefki|[from]Magic Coat","|-sidestart|p1: tahit|Spikes","|","|turn|7","|","|cant|p2a: Smeargle|par","|cant|p1a: Klefki|par","|","|turn|8","|","|move|p2a: Smeargle|Magic Coat|p2a: Smeargle","|-singleturn|p2a: Smeargle|move: Magic Coat","|move|p1a: Klefki|Play Rough|p2a: Smeargle","|-damage|p2a: Smeargle|0 fnt","|faint|p2a: Smeargle","|","|","|switch|p2a: Diggersby|Diggersby, M|311/311","|-damage|p2a: Diggersby|273/311|[from] Spikes","|turn|9","|","|move|p1a: Klefki|Toxic|p2a: Diggersby","|-status|p2a: Diggersby|tox","|move|p2a: Diggersby|Earthquake|p1a: Klefki","|-supereffective|p1a: Klefki","|-damage|p1a: Klefki|0 fnt","|-damage|p2a: Diggersby|242/311 tox|[from] item: Life Orb","|faint|p1a: Klefki","|","|-damage|p2a: Diggersby|223/311 tox|[from] psn","|","|switch|p1a: Azumarill|Azumarill, M|364/364","|-activate|p1a: Azumarill|move: Sticky Web","|-unboost|p1a: Azumarill|spe|1","|-damage|p1a: Azumarill|319/364|[from] Stealth Rock","|-damage|p1a: Azumarill|259/364|[from] Spikes","|turn|10","|","|move|p1a: Azumarill|Aqua Jet|p2a: Diggersby","|-supereffective|p2a: Diggersby","|-damage|p2a: Diggersby|115/311 tox","|move|p2a: Diggersby|Return|p1a: Azumarill","|-damage|p1a: Azumarill|0 fnt","|-damage|p2a: Diggersby|84/311 tox|[from] item: Life Orb","|faint|p1a: Azumarill","|","|-damage|p2a: Diggersby|46/311 tox|[from] psn","|","|switch|p1a: Diancie|Diancie|241/241","|-activate|p1a: Diancie|move: Sticky Web","|-fail|p1a: Diancie|unboost|[from] ability: Clear Body|[of] p1a: Diancie","|-damage|p1a: Diancie|211/241|[from] Stealth Rock","|-damage|p1a: Diancie|171/241|[from] Spikes","|turn|11","|","|detailschange|p1a: Diancie|Diancie-Mega","|-mega|p1a: Diancie|Diancie|Diancite","|move|p1a: Diancie|Protect|p1a: Diancie","|-singleturn|p1a: Diancie|Protect","|move|p2a: Diggersby|Earthquake|p1a: Diancie","|-activate|p1a: Diancie|Protect","|","|-damage|p2a: Diggersby|0 fnt|[from] psn","|faint|p2a: Diggersby","|","|switch|p2a: Lopunny|Lopunny, M|271/271","|-damage|p2a: Lopunny|238/271|[from] Spikes","|turn|12","|","|detailschange|p2a: Lopunny|Lopunny-Mega, M","|-mega|p2a: Lopunny|Lopunny|Lopunnite","|move|p2a: Lopunny|Fake Out|p1a: Diancie","|-resisted|p1a: Diancie","|-damage|p1a: Diancie|138/241","|cant|p1a: Diancie|flinch","|","|turn|13","|","|switch|p2a: Meloetta|Meloetta|403/403","|-damage|p2a: Meloetta|353/403|[from] Spikes","|move|p1a: Diancie|Moonblast|p2a: Meloetta","|-damage|p2a: Meloetta|251/403","|","|turn|14","|","|move|p1a: Diancie|Diamond Storm|p2a: Meloetta","|-damage|p2a: Meloetta|23/403","|move|p2a: Meloetta|Focus Blast|p1a: Diancie|[miss]","|-miss|p2a: Meloetta|p1a: Diancie","|","|turn|15","|","|move|p1a: Diancie|Diamond Storm|p2a: Meloetta","|-damage|p2a: Meloetta|0 fnt","|-boost|p1a: Diancie|def|1","|faint|p2a: Meloetta","|","|","|switch|p2a: Lopunny|Lopunny-Mega, M|238/271","|-damage|p2a: Lopunny|205/271|[from] Spikes","|turn|16","|","|move|p1a: Diancie|Protect|p1a: Diancie","|-singleturn|p1a: Diancie|Protect","|move|p2a: Lopunny|High Jump Kick|p1a: Diancie","|-activate|p1a: Diancie|Protect","|-damage|p2a: Lopunny|70/271|[from] highjumpkick","|","|turn|17","|","|move|p2a: Lopunny|High Jump Kick|p1a: Diancie","|-damage|p1a: Diancie|0 fnt","|faint|p1a: Diancie","|","|","|switch|p1a: Togekiss|Togekiss, F|373/373","|-damage|p1a: Togekiss|280/373|[from] Stealth Rock","|turn|18","|","|move|p2a: Lopunny|Frustration|p1a: Togekiss","|-damage|p1a: Togekiss|106/373","|move|p1a: Togekiss|Air Slash|p2a: Lopunny","|-supereffective|p2a: Lopunny","|-damage|p2a: Lopunny|0 fnt","|faint|p2a: Lopunny","|","|-heal|p1a: Togekiss|129/373|[from] item: Leftovers","|","|switch|p2a: Staraptor|Staraptor, F|311/311","|turn|19","|","|move|p2a: Staraptor|Brave Bird|p1a: Togekiss","|-damage|p1a: Togekiss|0 fnt","|-damage|p2a: Staraptor|268/311|[from] recoil|[of] p1a: Togekiss","|faint|p1a: Togekiss","|","|","|switch|p1a: Wigglytuff|Wigglytuff, F|422/422","|-activate|p1a: Wigglytuff|move: Sticky Web","|-unboost|p1a: Wigglytuff|spe|1","|-boost|p1a: Wigglytuff|spa|2|[from] ability: Competitive","|-damage|p1a: Wigglytuff|370/422|[from] Stealth Rock","|-damage|p1a: Wigglytuff|300/422|[from] Spikes","|turn|20","|","|move|p2a: Staraptor|Brave Bird|p1a: Wigglytuff","|-damage|p1a: Wigglytuff|0 fnt","|-damage|p2a: Staraptor|169/311|[from] recoil|[of] p1a: Wigglytuff","|faint|p1a: Wigglytuff","|","|","|switch|p1a: Slurpuff|Slurpuff, F|312/312","|-activate|p1a: Slurpuff|move: Sticky Web","|-unboost|p1a: Slurpuff|spe|1","|-damage|p1a: Slurpuff|260/312|[from] Spikes","|-damage|p1a: Slurpuff|221/312|[from] Stealth Rock","|turn|21","|","|move|p2a: Staraptor|Brave Bird|p1a: Slurpuff","|-damage|p1a: Slurpuff|0 fnt","|-damage|p2a: Staraptor|96/311|[from] recoil|[of] p1a: Slurpuff","|faint|p1a: Slurpuff","|","|win|Onion L0rdMudkip"],"p1rating":{"entryid":"7556594","serverid":"eos","formatid":"monotype","userid":"tahit","username":"Tahit","w":"10","l":9,"t":"0","gxe":53.1,"r":"1484.3381392207","rd":"85.404443841914","sigma":"0","rptime":"1439629200","rpr":1524.1210612592,"rprd":71.378783043105,"rpsigma":"0","acre":1135.3893508669,"lacre":1135.3893508669,"oldacre":"1161.6491593028"},"p2rating":{"entryid":"7311817","serverid":"eos","formatid":"monotype","userid":"onionl0rdmudkip","username":"Onion L0rdMudkip","w":14,"l":"13","t":"0","gxe":50.5,"r":"1497.4014203186","rd":"72.9189854861","sigma":"0","rptime":"1439629200","rpr":1503.7016930537,"rprd":62.754450549337,"rpsigma":"0","acre":1170.3860339113,"lacre":1170.3860339113,"oldacre":"1144.1262254754"},"endType":"normal"}