{"seed":[15645,27430,13424,3152],"turns":32,"p1":"Xexian","p2":"GTX♅Bzumzum","p1team":[{"name":"Gengar","species":"Gengar","item":"choicespecs","ability":"Levitate","moves":["thunderbolt","dazzlinggleam","sludgewave","shadowball"],"nature":"Timid","evs":{"hp":0,"atk":0,"def":0,"spa":252,"spd":4,"spe":252},"ivs":{"hp":31,"atk":31,"def":31,"spa":31,"spd":31,"spe":31}},{"name":"Hoopa","species":"Hoopa","item":"focussash","ability":"Magician","moves":["hyperspacehole","darkpulse","gunkshot","shadowball"],"nature":"Modest","evs":{"hp":248,"atk":0,"def":0,"spa":252,"spd":8,"spe":0},"ivs":{"hp":31,"atk":31,"def":31,"spa":31,"spd":31,"spe":31}},{"name":"Chandelure","species":"Chandelure","item":"choicescarf","ability":"Infiltrator","moves":["shadowball","energyball","fireblast","trick"],"nature":"Timid","evs":{"hp":0,"atk":0,"def":0,"spa":252,"spd":4,"spe":252},"ivs":{"hp":31,"atk":31,"def":31,"spa":31,"spd":31,"spe":31}},{"name":"Banette","species":"Banette","item":"banettite","ability":"Insomnia","moves":["destinybond","knockoff","suckerpunch","taunt"],"nature":"Adamant","evs":{"hp":248,"atk":252,"def":0,"spa":0,"spd":8,"spe":0},"ivs":{"hp":31,"atk":31,"def":31,"spa":31,"spd":31,"spe":31}},{"name":"Doublade","species":"Doublade","item":"eviolite","ability":"No Guard","moves":["ironhead","shadowsneak","pursuit","rockslide"],"nature":"Adamant","evs":{"hp":248,"atk":252,"def":0,"spa":0,"spd":8,"spe":0},"ivs":{"hp":31,"atk":31,"def":31,"spa":31,"spd":31,"spe":31}},{"name":"Trevenant","species":"Trevenant","item":"sitrusberry","ability":"Harvest","moves":["substitute","hornleech","shadowclaw","leechseed"],"nature":"Careful","evs":{"hp":252,"atk":4,"def":0,"spa":0,"spd":252,"spe":0},"ivs":{"hp":31,"atk":31,"def":31,"spa":31,"spd":31,"spe":31}}],"p2team":[{"name":"Striker","species":"raikou","item":"airballoon","ability":"Pressure","moves":["aurasphere","calmmind","shadowball","substitute"],"nature":"Rash","evs":{"hp":4,"atk":0,"def":56,"spa":196,"spd":0,"spe":252},"shiny":true,"ivs":{"hp":31,"atk":31,"def":31,"spa":31,"spd":31,"spe":31}},{"name":"Plugg-in Failure","species":"electivire","item":"choicescarf","ability":"Vital Spirit","moves":["crosschop","earthquake","firepunch","icepunch"],"nature":"Jolly","evs":{"hp":0,"atk":252,"def":0,"spa":0,"spd":4,"spe":252},"gender":"M","shiny":true,"ivs":{"hp":31,"atk":31,"def":31,"spa":31,"spd":31,"spe":31}},{"name":"Breezer","species":"rotomfrost","item":"rockyhelmet","ability":"Levitate","moves":["blizzard","protect","signalbeam","trick"],"nature":"Calm","evs":{"hp":228,"atk":0,"def":120,"spa":8,"spd":152,"spe":0},"shiny":true,"ivs":{"hp":31,"atk":31,"def":31,"spa":31,"spd":31,"spe":31}},{"name":"MY ZONE!!!","species":"magnezone","item":"choicespecs","ability":"Sturdy","moves":["flashcannon","triattack","hiddenpowerice","signalbeam"],"nature":"Timid","evs":{"hp":228,"atk":0,"def":0,"spa":252,"spd":28,"spe":0},"ivs":{"hp":31,"atk":30,"def":30,"spa":31,"spd":31,"spe":31},"shiny":true},{"name":"Zapz","species":"zapdos","item":"leftovers","ability":"Pressure","moves":["defog","heatwave","roost","extrasensory"],"nature":"Calm","evs":{"hp":16,"atk":0,"def":44,"spa":4,"spd":28,"spe":0},"shiny":true,"ivs":{"hp":31,"atk":31,"def":31,"spa":31,"spd":31,"spe":31}},{"name":"Flicker-Sparkz","species":"luxray","item":"assaultvest","ability":"Intimidate","moves":["wildcharge","firefang","superpower","quickattack"],"nature":"Adamant","evs":{"hp":248,"atk":252,"def":0,"spa":0,"spd":8,"spe":0},"gender":"M","shiny":true,"ivs":{"hp":31,"atk":31,"def":31,"spa":31,"spd":31,"spe":31}}],"log":["|player|p1|Xexian|226","|player|p2|GTX♅Bzumzum|225","|gametype|singles","|gen|6","|tier|Monotype","|rated","|rule|Baton Pass Clause: Limit one Baton Passer, can't pass Spe and other stats simultaneously","|rule|Swagger Clause: Swagger is banned","|rule|Same Type Clause: Pokémon in a team must share a type","|clearpoke","|poke|p1|Gengar, F","|poke|p1|Hoopa","|poke|p1|Chandelure, F","|poke|p1|Banette, F","|poke|p1|Doublade, F","|poke|p1|Trevenant, M","|poke|p2|Raikou, shiny","|poke|p2|Electivire, M, shiny","|poke|p2|Rotom-Frost, shiny","|poke|p2|Magnezone, shiny","|poke|p2|Zapdos, shiny","|poke|p2|Luxray, M, shiny","|rule|Sleep Clause Mod: Limit one foe put to sleep","|rule|Species Clause: Limit one of each Pokémon","|rule|OHKO Clause: OHKO moves are banned","|rule|Moody Clause: Moody is banned","|rule|Evasion Moves Clause: Evasion moves are banned","|rule|Endless Battle Clause: Forcing endless battles is banned","|rule|HP Percentage Mod: HP is shown in percentages","|teampreview","|","|start","|switch|p1a: Banette|Banette, F|331/331","|switch|p2a: Zapz|Zapdos, shiny|325/325","|-ability|p2a: Zapz|Pressure","|turn|1","|","|detailschange|p1a: Banette|Banette-Mega, F","|-mega|p1a: Banette|Banette|Banettite","|move|p1a: Banette|Sucker Punch|p2a: Zapz","|-damage|p2a: Zapz|184/325","|move|p2a: Zapz|Heat Wave|p1a: Banette","|-damage|p1a: Banette|223/331","|","|-heal|p2a: Zapz|204/325|[from] item: Leftovers","|turn|2","|","|move|p2a: Zapz|Heat Wave|p1a: Banette","|-damage|p1a: Banette|117/331","|move|p1a: Banette|Knock Off|p2a: Zapz","|-damage|p2a: Zapz|46/325","|-enditem|p2a: Zapz|Leftovers|[from] move: Knock Off|[of] p1a: Banette","|","|turn|3","|","|move|p1a: Banette|Sucker Punch|p2a: Zapz","|-fail|p1a: Banette","|move|p2a: Zapz|Roost|p2a: Zapz","|-heal|p2a: Zapz|209/325","|","|turn|4","|","|move|p1a: Banette|Sucker Punch|p2a: Zapz","|-fail|p1a: Banette","|move|p2a: Zapz|Roost|p2a: Zapz","|-heal|p2a: Zapz|325/325","|","|turn|5","|","|move|p1a: Banette|Destiny Bond|p1a: Banette","|-singlemove|p1a: Banette|Destiny Bond","|move|p2a: Zapz|Defog|p1a: Banette","|-unboost|p1a: Banette|evasion|1","|","|turn|6","|","|switch|p2a: Flicker-Sparkz|Luxray, M, shiny|363/363","|-ability|p2a: Flicker-Sparkz|Intimidate","|-unboost|p1a: Banette|atk|1","|move|p1a: Banette|Taunt|p2a: Flicker-Sparkz","|-start|p2a: Flicker-Sparkz|move: Taunt","|","|turn|7","|","|move|p1a: Banette|Destiny Bond|p1a: Banette","|-singlemove|p1a: Banette|Destiny Bond","|move|p2a: Flicker-Sparkz|Quick Attack|p1a: Banette","|-immune|p1a: Banette|[msg]","|","|turn|8","|","|move|p1a: Banette|Knock Off|p2a: Flicker-Sparkz","|-damage|p2a: Flicker-Sparkz|238/363","|-enditem|p2a: Flicker-Sparkz|Assault Vest|[from] move: Knock Off|[of] p1a: Banette","|move|p2a: Flicker-Sparkz|Fire Fang|p1a: Banette","|-damage|p1a: Banette|9/331","|","|-end|p2a: Flicker-Sparkz|move: Taunt","|turn|9","|","|move|p1a: Banette|Destiny Bond|p1a: Banette","|-singlemove|p1a: Banette|Destiny Bond","|move|p2a: Flicker-Sparkz|Quick Attack|p1a: Banette","|-immune|p1a: Banette|[msg]","|","|turn|10","|","|switch|p2a: Zapz|Zapdos, shiny|325/325","|-ability|p2a: Zapz|Pressure","|move|p1a: Banette|Destiny Bond|p1a: Banette","|-singlemove|p1a: Banette|Destiny Bond","|","|turn|11","|","|move|p1a: Banette|Taunt|p2a: Zapz","|-start|p2a: Zapz|move: Taunt","|cant|p2a: Zapz|move: Taunt|Defog","|","|turn|12","|","|switch|p2a: Flicker-Sparkz|Luxray, M, shiny|238/363","|-ability|p2a: Flicker-Sparkz|Intimidate","|-unboost|p1a: Banette|atk|1","|move|p1a: Banette|Knock Off|p2a: Flicker-Sparkz","|-damage|p2a: Flicker-Sparkz|171/363","|","|turn|13","|","|switch|p2a: Zapz|Zapdos, shiny|325/325","|-ability|p2a: Zapz|Pressure","|move|p1a: Banette|Destiny Bond|p1a: Banette","|-singlemove|p1a: Banette|Destiny Bond","|","|turn|14","|","|switch|p2a: Flicker-Sparkz|Luxray, M, shiny|171/363","|-ability|p2a: Flicker-Sparkz|Intimidate","|-unboost|p1a: Banette|atk|1","|switch|p1a: Chandelure|Chandelure, F|261/261","|","|turn|15","|","|move|p1a: Chandelure|Fire Blast|p2a: Flicker-Sparkz","|-damage|p2a: Flicker-Sparkz|0 fnt","|faint|p2a: Flicker-Sparkz","|","|","|switch|p2a: Plugg-in Failure|Electivire, M, shiny|291/291","|turn|16","|","|switch|p1a: Trevenant|Trevenant, M|374/374","|move|p2a: Plugg-in Failure|Earthquake|p1a: Trevenant","|-resisted|p1a: Trevenant","|-damage|p1a: Trevenant|304/374","|","|turn|17","|","|switch|p2a: Breezer|Rotom-Frost, shiny|298/298","|move|p1a: Trevenant|Leech Seed|p2a: Breezer","|-start|p2a: Breezer|move: Leech Seed","|","|-damage|p2a: Breezer|261/298|[from] Leech Seed|[of] p1a: Trevenant","|-heal|p1a: Trevenant|341/374|[silent]","|turn|18","|","|switch|p1a: Chandelure|Chandelure, F|261/261","|move|p2a: Breezer|Trick|p1a: Chandelure","|-activate|p2a: Breezer|move: Trick|[of] p1a: Chandelure","|-item|p1a: Chandelure|Rocky Helmet|[from] move: Trick","|-item|p2a: Breezer|Choice Scarf|[from] move: Trick","|","|-damage|p2a: Breezer|224/298|[from] Leech Seed|[of] p1a: Chandelure","|turn|19","|","|move|p2a: Breezer|Protect|p2a: Breezer","|-singleturn|p2a: Breezer|Protect","|move|p1a: Chandelure|Trick|p2a: Breezer","|-activate|p2a: Breezer|Protect","|","|-damage|p2a: Breezer|187/298|[from] Leech Seed|[of] p1a: Chandelure","|turn|20","|","|move|p2a: Breezer|Protect|p2a: Breezer","|-fail|p2a: Breezer","|move|p1a: Chandelure|Fire Blast|p2a: Breezer","|-supereffective|p2a: Breezer","|-damage|p2a: Breezer|0 fnt","|faint|p2a: Breezer","|","|","|switch|p2a: Plugg-in Failure|Electivire, M, shiny|291/291","|turn|21","|","|switch|p1a: Gengar|Gengar, F|261/261","|move|p2a: Plugg-in Failure|Ice Punch|p1a: Gengar","|-crit|p1a: Gengar","|-damage|p1a: Gengar|53/261","|","|turn|22","|","|switch|p2a: MY ZONE!!!|Magnezone, shiny|338/338","|move|p1a: Gengar|Sludge Wave|p2a: MY ZONE!!!","|-immune|p2a: MY ZONE!!!|[msg]","|","|turn|23","|","|switch|p1a: Trevenant|Trevenant, M|341/374","|move|p2a: MY ZONE!!!|Signal Beam|p1a: Trevenant","|-damage|p1a: Trevenant|240/374","|","|turn|24","|","|move|p2a: MY ZONE!!!|Signal Beam|p1a: Trevenant","|-damage|p1a: Trevenant|121/374","|-enditem|p1a: Trevenant|Sitrus Berry|[eat]","|-heal|p1a: Trevenant|214/374|[from] item: Sitrus Berry","|move|p1a: Trevenant|Substitute|p1a: Trevenant","|-start|p1a: Trevenant|Substitute","|-damage|p1a: Trevenant|121/374","|","|-item|p1a: Trevenant|Sitrus Berry|[from] ability: Harvest","|-enditem|p1a: Trevenant|Sitrus Berry|[eat]","|-heal|p1a: Trevenant|214/374|[from] item: Sitrus Berry","|turn|25","|","|switch|p2a: Zapz|Zapdos, shiny|325/325","|-ability|p2a: Zapz|Pressure","|move|p1a: Trevenant|Leech Seed|p2a: Zapz","|-start|p2a: Zapz|move: Leech Seed","|","|-damage|p2a: Zapz|285/325|[from] Leech Seed|[of] p1a: Trevenant","|-heal|p1a: Trevenant|254/374|[silent]","|turn|26","|","|move|p2a: Zapz|Heat Wave|p1a: Trevenant","|-supereffective|p1a: Trevenant","|-end|p1a: Trevenant|Substitute","|move|p1a: Trevenant|Shadow Claw|p2a: Zapz","|-damage|p2a: Zapz|185/325","|","|-damage|p2a: Zapz|145/325|[from] Leech Seed|[of] p1a: Trevenant","|-heal|p1a: Trevenant|294/374|[silent]","|-item|p1a: Trevenant|Sitrus Berry|[from] ability: Harvest","|turn|27","|","|switch|p1a: Chandelure|Chandelure, F|261/261","|move|p2a: Zapz|Roost|p2a: Zapz","|-heal|p2a: Zapz|308/325","|","|-damage|p2a: Zapz|268/325|[from] Leech Seed|[of] p1a: Chandelure","|turn|28","|","|move|p1a: Chandelure|Fire Blast|p2a: Zapz","|-damage|p2a: Zapz|78/325","|move|p2a: Zapz|Extrasensory|p1a: Chandelure","|-damage|p1a: Chandelure|185/261","|","|-damage|p2a: Zapz|38/325|[from] Leech Seed|[of] p1a: Chandelure","|-heal|p1a: Chandelure|225/261|[silent]","|turn|29","|","|switch|p2a: Plugg-in Failure|Electivire, M, shiny|291/291","|move|p1a: Chandelure|Shadow Ball|p2a: Plugg-in Failure","|-damage|p2a: Plugg-in Failure|126/291","|-unboost|p2a: Plugg-in Failure|spd|1","|","|turn|30","|","|move|p2a: Plugg-in Failure|Earthquake|p1a: Chandelure","|-supereffective|p1a: Chandelure","|-damage|p1a: Chandelure|0 fnt","|faint|p1a: Chandelure","|","|","|switch|p1a: Gengar|Gengar, F|53/261","|turn|31","|","|switch|p2a: Zapz|Zapdos, shiny|38/325","|-ability|p2a: Zapz|Pressure","|move|p1a: Gengar|Shadow Ball|p2a: Zapz","|-damage|p2a: Zapz|0 fnt","|faint|p2a: Zapz","|","|","|switch|p2a: Plugg-in Failure|Electivire, M, shiny|126/291","|turn|32","|","|win|GTX♅Bzumzum"],"p1rating":{"entryid":"7659095","serverid":"eos","formatid":"monotype","userid":"xexian","username":"Xexian","w":"1","l":1,"t":"0","gxe":46,"r":"1500","rd":"130","sigma":"0","rptime":"1439629200","rpr":1468.4526749568,"rprd":117.90657882557,"rpsigma":"0","acre":1031.8266681312,"lacre":1031.8266681312,"oldacre":"1049.4877143194"},"p2rating":{"entryid":"6857825","serverid":"eos","formatid":"monotype","userid":"gtxbzumzum","username":"GTX♅Bzumzum","w":38,"l":"125","t":"0","gxe":23.6,"r":1274.4875731694,"rd":32.174632655966,"sigma":"0","rptime":1439629200,"rpr":1278.6992056369,"rprd":32.091069566949,"rpsigma":"0","acre":1078.4866258887,"lacre":1078.4866258887,"oldacre":"1044.743668574"},"endType":"forfeit"}