{"seed":[28470,15915,39501,58242],"turns":27,"p1":"Carnie Moe Sedah","p2":"Raiteri","p1team":[{"name":"Umbreon","species":"Umbreon","item":"leftovers","ability":"Synchronize","moves":["wish","foulplay","healbell","protect"],"nature":"Calm","evs":{"hp":252,"atk":0,"def":4,"spa":0,"spd":252,"spe":0},"ivs":{"hp":31,"atk":31,"def":31,"spa":31,"spd":31,"spe":31}},{"name":"Bisharp","species":"Bisharp","item":"lumberry","ability":"Defiant","moves":["swordsdance","knockoff","ironhead","suckerpunch"],"nature":"Adamant","evs":{"hp":248,"atk":252,"def":0,"spa":0,"spd":8,"spe":0},"ivs":{"hp":31,"atk":31,"def":31,"spa":31,"spd":31,"spe":31}},{"name":"Tyranitar","species":"Tyranitar","item":"smoothrock","ability":"Sand Stream","moves":["stealthrock","stoneedge","pursuit","icebeam"],"nature":"Naughty","evs":{"hp":248,"atk":252,"def":0,"spa":8,"spd":0,"spe":0},"ivs":{"hp":31,"atk":31,"def":31,"spa":31,"spd":31,"spe":31}},{"name":"Mandibuzz","species":"Mandibuzz","item":"rockyhelmet","ability":"Overcoat","moves":["foulplay","toxic","defog","roost"],"nature":"Bold","evs":{"hp":248,"atk":0,"def":252,"spa":0,"spd":8,"spe":0},"ivs":{"hp":31,"atk":31,"def":31,"spa":31,"spd":31,"spe":31}},{"name":"Sableye","species":"Sableye","item":"sablenite","ability":"Prankster","moves":["willowisp","calmmind","shadowball","recover"],"nature":"Calm","evs":{"hp":248,"atk":0,"def":0,"spa":8,"spd":252,"spe":0},"ivs":{"hp":31,"atk":31,"def":31,"spa":31,"spd":31,"spe":31}},{"name":"Hoopa-Unbound","species":"Hoopa-Unbound","item":"choicescarf","ability":"Magician","moves":["drainpunch","gunkshot","psyshock","hyperspacefury"],"nature":"Hasty","evs":{"hp":0,"atk":252,"def":0,"spa":4,"spd":0,"spe":252},"ivs":{"hp":31,"atk":31,"def":31,"spa":31,"spd":31,"spe":31}}],"p2team":[{"name":"Reuniclus","species":"Reuniclus","item":"leftovers","ability":"Regenerator","moves":["calmmind","recover","signalbeam","shadowball"],"nature":"Calm","evs":{"hp":252,"atk":0,"def":0,"spa":4,"spd":252,"spe":0},"ivs":{"hp":31,"atk":31,"def":31,"spa":31,"spd":31,"spe":31}},{"name":"Starmie","species":"Starmie","item":"focussash","ability":"Natural Cure","moves":["dazzlinggleam","scald","thunderbolt","hiddenpowerpoison"],"nature":"Timid","evs":{"hp":0,"atk":0,"def":0,"spa":252,"spd":4,"spe":252},"ivs":{"hp":31,"atk":31,"def":30,"spa":30,"spd":30,"spe":31}},{"name":"Slowbro","species":"Slowbro","item":"sitrusberry","ability":"Regenerator","moves":["flamethrower","calmmind","slackoff","psychic"],"nature":"Bold","evs":{"hp":248,"atk":0,"def":252,"spa":8,"spd":0,"spe":0},"ivs":{"hp":31,"atk":31,"def":31,"spa":31,"spd":31,"spe":31}},{"name":"Malamar","species":"Malamar","item":"leftovers","ability":"Contrary","moves":["superpower","rest","sleeptalk","knockoff"],"nature":"Careful","evs":{"hp":252,"atk":0,"def":252,"spa":0,"spd":4,"spe":0},"ivs":{"hp":31,"atk":31,"def":31,"spa":31,"spd":31,"spe":31}},{"name":"Victini","species":"Victini","item":"choicescarf","ability":"Victory Star","moves":["vcreate","energyball","signalbeam","psychic"],"nature":"Timid","evs":{"hp":0,"atk":0,"def":0,"spa":252,"spd":4,"spe":252},"ivs":{"hp":31,"atk":31,"def":31,"spa":31,"spd":31,"spe":31}},{"name":"Hoopa-Unbound","species":"Hoopa-Unbound","item":"choicescarf","ability":"Magician","moves":["psychic","darkpulse","energyball","signalbeam"],"nature":"Timid","evs":{"hp":0,"atk":0,"def":0,"spa":252,"spd":4,"spe":252},"ivs":{"hp":31,"atk":31,"def":31,"spa":31,"spd":31,"spe":31}}],"log":["|player|p1|Carnie Moe Sedah|248","|player|p2|Raiteri|151","|gametype|singles","|gen|6","|tier|Monotype","|rated","|rule|Baton Pass Clause: Limit one Baton Passer, can't pass Spe and other stats simultaneously","|rule|Swagger Clause: Swagger is banned","|rule|Same Type Clause: Pokémon in a team must share a type","|clearpoke","|poke|p1|Umbreon, M","|poke|p1|Bisharp, M","|poke|p1|Tyranitar, M","|poke|p1|Mandibuzz, F","|poke|p1|Sableye, F","|poke|p1|Hoopa-Unbound","|poke|p2|Reuniclus, F","|poke|p2|Starmie","|poke|p2|Slowbro, F","|poke|p2|Malamar, M","|poke|p2|Victini","|poke|p2|Hoopa-Unbound","|rule|Sleep Clause Mod: Limit one foe put to sleep","|rule|Species Clause: Limit one of each Pokémon","|rule|OHKO Clause: OHKO moves are banned","|rule|Moody Clause: Moody is banned","|rule|Evasion Moves Clause: Evasion moves are banned","|rule|Endless Battle Clause: Forcing endless battles is banned","|rule|HP Percentage Mod: HP is shown in percentages","|teampreview","|","|start","|switch|p1a: Sableye|Sableye, F|303/303","|switch|p2a: Malamar|Malamar, M|376/376","|turn|1","|","|switch|p2a: Victini|Victini|341/341","|detailschange|p1a: Sableye|Sableye-Mega, F","|-mega|p1a: Sableye|Sableye|Sablenite","|move|p1a: Sableye|Will-O-Wisp|p2a: Victini","|-immune|p2a: Victini|[msg]","|","|turn|2","|","|move|p2a: Victini|Signal Beam|p1a: Sableye","|-damage|p1a: Sableye|250/303","|move|p1a: Sableye|Calm Mind|p1a: Sableye","|-boost|p1a: Sableye|spa|1","|-boost|p1a: Sableye|spd|1","|","|turn|3","|","|move|p2a: Victini|Signal Beam|p1a: Sableye","|-damage|p1a: Sableye|220/303","|move|p1a: Sableye|Calm Mind|p1a: Sableye","|-boost|p1a: Sableye|spa|1","|-boost|p1a: Sableye|spd|1","|","|turn|4","|","|switch|p2a: Hoopa-Unbound|Hoopa-Unbound|301/301","|move|p1a: Sableye|Shadow Ball|p2a: Hoopa-Unbound","|-damage|p2a: Hoopa-Unbound|171/301","|","|turn|5","|","|move|p2a: Hoopa-Unbound|Dark Pulse|p1a: Sableye","|-damage|p1a: Sableye|163/303","|move|p1a: Sableye|Will-O-Wisp|p2a: Hoopa-Unbound","|-status|p2a: Hoopa-Unbound|brn","|","|-damage|p2a: Hoopa-Unbound|134/301 brn|[from] brn","|turn|6","|","|move|p2a: Hoopa-Unbound|Dark Pulse|p1a: Sableye","|-damage|p1a: Sableye|109/303","|move|p1a: Sableye|Recover|p1a: Sableye","|-heal|p1a: Sableye|261/303","|","|-damage|p2a: Hoopa-Unbound|97/301 brn|[from] brn","|turn|7","|","|move|p2a: Hoopa-Unbound|Dark Pulse|p1a: Sableye","|-damage|p1a: Sableye|203/303","|move|p1a: Sableye|Calm Mind|p1a: Sableye","|-boost|p1a: Sableye|spa|1","|-boost|p1a: Sableye|spd|1","|","|-damage|p2a: Hoopa-Unbound|60/301 brn|[from] brn","|turn|8","|","|move|p2a: Hoopa-Unbound|Dark Pulse|p1a: Sableye","|-damage|p1a: Sableye|157/303","|move|p1a: Sableye|Calm Mind|p1a: Sableye","|-boost|p1a: Sableye|spa|1","|-boost|p1a: Sableye|spd|1","|","|-damage|p2a: Hoopa-Unbound|23/301 brn|[from] brn","|turn|9","|","|move|p2a: Hoopa-Unbound|Dark Pulse|p1a: Sableye","|-damage|p1a: Sableye|118/303","|move|p1a: Sableye|Recover|p1a: Sableye","|-heal|p1a: Sableye|270/303","|","|-damage|p2a: Hoopa-Unbound|0 fnt|[from] brn","|faint|p2a: Hoopa-Unbound","|","|switch|p2a: Starmie|Starmie|261/261","|turn|10","|","|move|p2a: Starmie|Scald|p1a: Sableye","|-damage|p1a: Sableye|242/303","|move|p1a: Sableye|Shadow Ball|p2a: Starmie","|-supereffective|p2a: Starmie","|-enditem|p2a: Starmie|Focus Sash","|-damage|p2a: Starmie|1/261","|","|turn|11","|","|move|p2a: Starmie|Scald|p1a: Sableye","|-damage|p1a: Sableye|217/303","|move|p1a: Sableye|Will-O-Wisp|p2a: Starmie","|-status|p2a: Starmie|brn","|","|-damage|p2a: Starmie|0 fnt|[from] brn","|faint|p2a: Starmie","|","|switch|p2a: Reuniclus|Reuniclus, F|424/424","|turn|12","|","|move|p2a: Reuniclus|Calm Mind|p2a: Reuniclus","|-boost|p2a: Reuniclus|spa|1","|-boost|p2a: Reuniclus|spd|1","|move|p1a: Sableye|Calm Mind|p1a: Sableye","|-boost|p1a: Sableye|spa|1","|-boost|p1a: Sableye|spd|1","|","|turn|13","|","|move|p2a: Reuniclus|Calm Mind|p2a: Reuniclus","|-boost|p2a: Reuniclus|spa|1","|-boost|p2a: Reuniclus|spd|1","|move|p1a: Sableye|Shadow Ball|p2a: Reuniclus","|-supereffective|p2a: Reuniclus","|-damage|p2a: Reuniclus|172/424","|","|-heal|p2a: Reuniclus|198/424|[from] item: Leftovers","|turn|14","|","|move|p2a: Reuniclus|Recover|p2a: Reuniclus","|-heal|p2a: Reuniclus|410/424","|move|p1a: Sableye|Shadow Ball|p2a: Reuniclus","|-supereffective|p2a: Reuniclus","|-damage|p2a: Reuniclus|176/424","|","|-heal|p2a: Reuniclus|202/424|[from] item: Leftovers","|turn|15","|","|move|p2a: Reuniclus|Recover|p2a: Reuniclus","|-heal|p2a: Reuniclus|414/424","|move|p1a: Sableye|Shadow Ball|p2a: Reuniclus","|-supereffective|p2a: Reuniclus","|-damage|p2a: Reuniclus|192/424","|","|-heal|p2a: Reuniclus|218/424|[from] item: Leftovers","|turn|16","|","|move|p2a: Reuniclus|Recover|p2a: Reuniclus","|-heal|p2a: Reuniclus|424/424","|move|p1a: Sableye|Shadow Ball|p2a: Reuniclus","|-supereffective|p2a: Reuniclus","|-damage|p2a: Reuniclus|184/424","|","|-heal|p2a: Reuniclus|210/424|[from] item: Leftovers","|turn|17","|","|move|p2a: Reuniclus|Recover|p2a: Reuniclus","|-heal|p2a: Reuniclus|422/424","|move|p1a: Sableye|Will-O-Wisp|p2a: Reuniclus|[miss]","|-miss|p1a: Sableye|p2a: Reuniclus","|","|-heal|p2a: Reuniclus|424/424|[from] item: Leftovers","|turn|18","|","|move|p2a: Reuniclus|Calm Mind|p2a: Reuniclus","|-boost|p2a: Reuniclus|spa|1","|-boost|p2a: Reuniclus|spd|1","|move|p1a: Sableye|Calm Mind|p1a: Sableye","|-boost|p1a: Sableye|spa|1","|-boost|p1a: Sableye|spd|1","|","|turn|19","|","|move|p2a: Reuniclus|Calm Mind|p2a: Reuniclus","|-boost|p2a: Reuniclus|spa|1","|-boost|p2a: Reuniclus|spd|1","|move|p1a: Sableye|Will-O-Wisp|p2a: Reuniclus","|-status|p2a: Reuniclus|brn","|","|-damage|p2a: Reuniclus|371/424 brn|[from] brn","|turn|20","|","|move|p2a: Reuniclus|Calm Mind|p2a: Reuniclus","|-boost|p2a: Reuniclus|spa|1","|-boost|p2a: Reuniclus|spd|1","|move|p1a: Sableye|Shadow Ball|p2a: Reuniclus","|-supereffective|p2a: Reuniclus","|-damage|p2a: Reuniclus|227/424 brn","|","|-heal|p2a: Reuniclus|253/424 brn|[from] item: Leftovers","|-damage|p2a: Reuniclus|200/424 brn|[from] brn","|turn|21","|","|move|p2a: Reuniclus|Recover|p2a: Reuniclus","|-heal|p2a: Reuniclus|412/424 brn","|move|p1a: Sableye|Shadow Ball|p2a: Reuniclus","|-supereffective|p2a: Reuniclus","|-damage|p2a: Reuniclus|262/424 brn","|-unboost|p2a: Reuniclus|spd|1","|","|-heal|p2a: Reuniclus|288/424 brn|[from] item: Leftovers","|-damage|p2a: Reuniclus|235/424 brn|[from] brn","|turn|22","|","|move|p2a: Reuniclus|Recover|p2a: Reuniclus","|-heal|p2a: Reuniclus|424/424 brn","|move|p1a: Sableye|Shadow Ball|p2a: Reuniclus","|-supereffective|p2a: Reuniclus","|-damage|p2a: Reuniclus|260/424 brn","|","|-heal|p2a: Reuniclus|286/424 brn|[from] item: Leftovers","|-damage|p2a: Reuniclus|233/424 brn|[from] brn","|turn|23","|","|move|p2a: Reuniclus|Recover|p2a: Reuniclus","|-heal|p2a: Reuniclus|424/424 brn","|move|p1a: Sableye|Shadow Ball|p2a: Reuniclus","|-supereffective|p2a: Reuniclus","|-damage|p2a: Reuniclus|250/424 brn","|","|-heal|p2a: Reuniclus|276/424 brn|[from] item: Leftovers","|-damage|p2a: Reuniclus|223/424 brn|[from] brn","|turn|24","|","|move|p2a: Reuniclus|Signal Beam|p1a: Sableye","|-damage|p1a: Sableye|179/303","|move|p1a: Sableye|Shadow Ball|p2a: Reuniclus","|-supereffective|p2a: Reuniclus","|-damage|p2a: Reuniclus|37/424 brn","|","|-heal|p2a: Reuniclus|63/424 brn|[from] item: Leftovers","|-damage|p2a: Reuniclus|10/424 brn|[from] brn","|turn|25","|","|move|p2a: Reuniclus|Recover|p2a: Reuniclus","|-heal|p2a: Reuniclus|222/424 brn","|move|p1a: Sableye|Shadow Ball|p2a: Reuniclus","|-supereffective|p2a: Reuniclus","|-damage|p2a: Reuniclus|30/424 brn","|","|-heal|p2a: Reuniclus|56/424 brn|[from] item: Leftovers","|-damage|p2a: Reuniclus|3/424 brn|[from] brn","|turn|26","|","|move|p2a: Reuniclus|Recover|p2a: Reuniclus","|-heal|p2a: Reuniclus|215/424 brn","|move|p1a: Sableye|Shadow Ball|p2a: Reuniclus","|-supereffective|p2a: Reuniclus","|-damage|p2a: Reuniclus|21/424 brn","|","|-heal|p2a: Reuniclus|47/424 brn|[from] item: Leftovers","|-damage|p2a: Reuniclus|0 fnt|[from] brn","|faint|p2a: Reuniclus","|","|switch|p2a: Victini|Victini|341/341","|turn|27","|","|win|Carnie Moe Sedah"],"p1rating":{"entryid":"7144790","serverid":"eos","formatid":"monotype","userid":"carniemoesedah","username":"Carnie Moe Sedah","w":12,"l":"22","t":"0","gxe":38.8,"r":"1400.8379730378","rd":"66.847613481677","sigma":"0","rptime":"1439629200","rpr":1412.5454943357,"rprd":65.74353186073,"rpsigma":"0","acre":1161.6632705611,"lacre":1161.6632705611,"oldacre":"1144.2564656514"},"p2rating":{"entryid":"7623429","serverid":"eos","formatid":"monotype","userid":"raiteri","username":"Raiteri","w":"4","l":11,"t":"0","gxe":33.5,"r":"1394.9339877412","rd":"95.931417296512","sigma":"0","rptime":"1439629200","rpr":1367.8384368362,"rprd":78.060795381983,"rpsigma":"0","acre":1024.6445307909,"lacre":1024.6445307909,"oldacre":"1035.2933159466"},"endType":"forfeit"}