{"seed":[4127,58905,8951,191],"turns":22,"p1":"SL~Kingdra","p2":"Inferno Sasuke","p1team":[{"name":"Chesnaught","species":"Chesnaught","item":"leftovers","ability":"Bulletproof","moves":["spikes","leechseed","spikyshield","drainpunch"],"nature":"Impish","evs":{"hp":252,"atk":0,"def":252,"spa":0,"spd":4,"spe":0},"ivs":{"hp":31,"atk":31,"def":31,"spa":31,"spd":31,"spe":31}},{"name":"Infernape","species":"Infernape","item":"focussash","ability":"Iron Fist","moves":["stealthrock","closecombat","firepunch","machpunch"],"nature":"Jolly","evs":{"hp":4,"atk":252,"def":0,"spa":0,"spd":0,"spe":252},"ivs":{"hp":31,"atk":31,"def":31,"spa":31,"spd":31,"spe":31}},{"name":"Medicham","species":"Medicham","item":"medichamite","ability":"Pure Power","moves":["fakeout","bulletpunch","zenheadbutt","highjumpkick"],"nature":"Jolly","evs":{"hp":4,"atk":252,"def":0,"spa":0,"spd":0,"spe":252},"ivs":{"hp":31,"atk":31,"def":31,"spa":31,"spd":31,"spe":31}},{"name":"Terrakion","species":"Terrakion","item":"choicescarf","ability":"Justified","moves":["ironhead","stoneedge","closecombat","earthquake"],"nature":"Adamant","evs":{"hp":4,"atk":252,"def":0,"spa":0,"spd":0,"spe":252},"ivs":{"hp":31,"atk":31,"def":31,"spa":31,"spd":31,"spe":31}},{"name":"Keldeo-Resolute","species":"Keldeo-Resolute","item":"choicespecs","ability":"Justified","moves":["secretsword","scald","icywind","hydropump"],"nature":"Timid","evs":{"hp":4,"atk":0,"def":0,"spa":252,"spd":0,"spe":252},"ivs":{"hp":31,"atk":31,"def":31,"spa":31,"spd":31,"spe":31}},{"name":"Hawlucha","species":"Hawlucha","item":"powerherb","ability":"Unburden","moves":["acrobatics","skyattack","drainpunch","swordsdance"],"nature":"Adamant","evs":{"hp":0,"atk":252,"def":0,"spa":0,"spd":0,"spe":252},"ivs":{"hp":31,"atk":31,"def":31,"spa":31,"spd":31,"spe":31}}],"p2team":[{"name":"Skarmory","species":"Skarmory","item":"leftovers","ability":"Sturdy","moves":["bravebird","stealthrock","spikes","tailwind"],"nature":"Jolly","evs":{"hp":4,"atk":252,"def":0,"spa":0,"spd":0,"spe":252},"ivs":{"hp":31,"atk":31,"def":31,"spa":31,"spd":31,"spe":31}},{"name":"Bisharp","species":"Bisharp","item":"focussash","ability":"Defiant","moves":["suckerpunch","knockoff","psychocut","swordsdance"],"nature":"Adamant","evs":{"hp":0,"atk":252,"def":4,"spa":0,"spd":0,"spe":252},"ivs":{"hp":31,"atk":31,"def":31,"spa":31,"spd":31,"spe":31}},{"name":"Doublade","species":"Doublade","item":"eviolite","ability":"No Guard","moves":["shadowsneak","swordsdance","gyroball","sacredsword"],"nature":"Brave","evs":{"hp":252,"atk":252,"def":4,"spa":0,"spd":0,"spe":0},"ivs":{"hp":31,"atk":31,"def":31,"spa":31,"spd":31,"spe":0}},{"name":"Heatran","species":"Heatran","item":"airballoon","ability":"Flash Fire","moves":["stoneedge","hiddenpowerice","fireblast","earthpower"],"nature":"Modest","evs":{"hp":0,"atk":0,"def":0,"spa":252,"spd":52,"spe":204},"ivs":{"hp":31,"atk":30,"def":30,"spa":31,"spd":31,"spe":31}},{"name":"Scizor","species":"Scizor","item":"scizorite","ability":"Technician","moves":["swordsdance","bulletpunch","bugbite","roost"],"nature":"Adamant","evs":{"hp":248,"atk":252,"def":0,"spa":0,"spd":8,"spe":0},"ivs":{"hp":31,"atk":31,"def":31,"spa":31,"spd":31,"spe":31}},{"name":"Lucario","species":"Lucario","item":"lifeorb","ability":"Inner Focus","moves":["bulletpunch","extremespeed","closecombat","swordsdance"],"nature":"Jolly","evs":{"hp":0,"atk":252,"def":4,"spa":0,"spd":0,"spe":252},"ivs":{"hp":31,"atk":31,"def":31,"spa":31,"spd":31,"spe":31}}],"log":["|player|p1|SL~Kingdra|99","|player|p2|Inferno Sasuke|281","|gametype|singles","|gen|6","|tier|Monotype","|rated","|rule|Baton Pass Clause: Limit one Baton Passer, can't pass Spe and other stats simultaneously","|rule|Swagger Clause: Swagger is banned","|rule|Same Type Clause: Pokémon in a team must share a type","|clearpoke","|poke|p1|Chesnaught, M","|poke|p1|Infernape, M","|poke|p1|Medicham, F","|poke|p1|Terrakion","|poke|p1|Keldeo-Resolute","|poke|p1|Hawlucha, F","|poke|p2|Skarmory, M","|poke|p2|Bisharp, M","|poke|p2|Doublade, M","|poke|p2|Heatran, F","|poke|p2|Scizor, M","|poke|p2|Lucario, M","|rule|Sleep Clause Mod: Limit one foe put to sleep","|rule|Species Clause: Limit one of each Pokémon","|rule|OHKO Clause: OHKO moves are banned","|rule|Moody Clause: Moody is banned","|rule|Evasion Moves Clause: Evasion moves are banned","|rule|Endless Battle Clause: Forcing endless battles is banned","|rule|HP Percentage Mod: HP is shown in percentages","|teampreview","|","|start","|switch|p1a: Infernape|Infernape, M|294/294","|switch|p2a: Bisharp|Bisharp, M|271/271","|turn|1","|","|move|p1a: Infernape|Stealth Rock|p2a: Bisharp","|-sidestart|p2: Inferno Sasuke|move: Stealth Rock","|move|p2a: Bisharp|Psycho Cut|p1a: Infernape","|-supereffective|p1a: Infernape","|-damage|p1a: Infernape|38/294","|","|turn|2","|","|move|p1a: Infernape|Mach Punch|p2a: Bisharp","|-supereffective|p2a: Bisharp","|-enditem|p2a: Bisharp|Focus Sash","|-damage|p2a: Bisharp|1/271","|move|p2a: Bisharp|Knock Off|p1a: Infernape","|-resisted|p1a: Infernape","|-damage|p1a: Infernape|0 fnt","|-enditem|p1a: Infernape|Focus Sash|[from] move: Knock Off|[of] p2a: Bisharp","|faint|p1a: Infernape","|","|","|switch|p1a: Chesnaught|Chesnaught, M|380/380","|turn|3","|","|move|p2a: Bisharp|Psycho Cut|p1a: Chesnaught","|-supereffective|p1a: Chesnaught","|-damage|p1a: Chesnaught|268/380","|move|p1a: Chesnaught|Leech Seed|p2a: Bisharp","|-start|p2a: Bisharp|move: Leech Seed","|","|-heal|p1a: Chesnaught|291/380|[from] item: Leftovers","|-damage|p2a: Bisharp|0 fnt|[from] Leech Seed|[of] p1a: Chesnaught","|-heal|p1a: Chesnaught|292/380|[silent]","|faint|p2a: Bisharp","|","|switch|p2a: Scizor|Scizor, M|343/343","|-damage|p2a: Scizor|301/343|[from] Stealth Rock","|turn|4","|","|detailschange|p2a: Scizor|Scizor-Mega, M","|-mega|p2a: Scizor|Scizor|Scizorite","|move|p2a: Scizor|Bug Bite|p1a: Chesnaught","|-damage|p1a: Chesnaught|171/380","|move|p1a: Chesnaught|Leech Seed|p2a: Scizor","|-start|p2a: Scizor|move: Leech Seed","|","|-heal|p1a: Chesnaught|194/380|[from] item: Leftovers","|-damage|p2a: Scizor|259/343|[from] Leech Seed|[of] p1a: Chesnaught","|-heal|p1a: Chesnaught|236/380|[silent]","|turn|5","|","|move|p2a: Scizor|Bullet Punch|p1a: Chesnaught","|-damage|p1a: Chesnaught|149/380","|move|p1a: Chesnaught|Spikes|p2a: Scizor","|-sidestart|p2: Inferno Sasuke|Spikes","|","|-heal|p1a: Chesnaught|172/380|[from] item: Leftovers","|-damage|p2a: Scizor|217/343|[from] Leech Seed|[of] p1a: Chesnaught","|-heal|p1a: Chesnaught|214/380|[silent]","|turn|6","|","|move|p1a: Chesnaught|Spiky Shield|p1a: Chesnaught","|-singleturn|p1a: Chesnaught|move: Protect","|move|p2a: Scizor|Swords Dance|p2a: Scizor","|-boost|p2a: Scizor|atk|2","|","|-heal|p1a: Chesnaught|237/380|[from] item: Leftovers","|-damage|p2a: Scizor|175/343|[from] Leech Seed|[of] p1a: Chesnaught","|-heal|p1a: Chesnaught|279/380|[silent]","|turn|7","|","|move|p2a: Scizor|Bug Bite|p1a: Chesnaught","|-damage|p1a: Chesnaught|23/380","|move|p1a: Chesnaught|Drain Punch|p2a: Scizor","|-damage|p2a: Scizor|100/343","|-heal|p1a: Chesnaught|61/380|[from] drain|[of] p2a: Scizor","|","|-heal|p1a: Chesnaught|84/380|[from] item: Leftovers","|-damage|p2a: Scizor|58/343|[from] Leech Seed|[of] p1a: Chesnaught","|-heal|p1a: Chesnaught|126/380|[silent]","|turn|8","|","|move|p2a: Scizor|Roost|p2a: Scizor","|-heal|p2a: Scizor|230/343","|move|p1a: Chesnaught|Drain Punch|p2a: Scizor","|-damage|p2a: Scizor|166/343","|-heal|p1a: Chesnaught|158/380|[from] drain|[of] p2a: Scizor","|","|-heal|p1a: Chesnaught|181/380|[from] item: Leftovers","|-damage|p2a: Scizor|124/343|[from] Leech Seed|[of] p1a: Chesnaught","|-heal|p1a: Chesnaught|223/380|[silent]","|turn|9","|","|move|p1a: Chesnaught|Spiky Shield|p1a: Chesnaught","|-singleturn|p1a: Chesnaught|move: Protect","|move|p2a: Scizor|Bullet Punch|p1a: Chesnaught","|-activate|p1a: Chesnaught|Protect","|-damage|p2a: Scizor|82/343|[from] Spiky Shield|[of] p1a: Chesnaught","|","|-heal|p1a: Chesnaught|246/380|[from] item: Leftovers","|-damage|p2a: Scizor|40/343|[from] Leech Seed|[of] p1a: Chesnaught","|-heal|p1a: Chesnaught|288/380|[silent]","|turn|10","|","|move|p2a: Scizor|Roost|p2a: Scizor","|-heal|p2a: Scizor|212/343","|move|p1a: Chesnaught|Drain Punch|p2a: Scizor","|-damage|p2a: Scizor|142/343","|-heal|p1a: Chesnaught|323/380|[from] drain|[of] p2a: Scizor","|","|-heal|p1a: Chesnaught|346/380|[from] item: Leftovers","|-damage|p2a: Scizor|100/343|[from] Leech Seed|[of] p1a: Chesnaught","|-heal|p1a: Chesnaught|380/380|[silent]","|turn|11","|","|switch|p2a: Doublade|Doublade, M|322/322","|-damage|p2a: Doublade|302/322|[from] Stealth Rock","|-damage|p2a: Doublade|262/322|[from] Spikes","|move|p1a: Chesnaught|Drain Punch|p2a: Doublade","|-immune|p2a: Doublade|[msg]","|","|turn|12","|","|move|p1a: Chesnaught|Leech Seed|p2a: Doublade","|-start|p2a: Doublade|move: Leech Seed","|move|p2a: Doublade|Swords Dance|p2a: Doublade","|-boost|p2a: Doublade|atk|2","|","|-damage|p2a: Doublade|222/322|[from] Leech Seed|[of] p1a: Chesnaught","|turn|13","|","|move|p1a: Chesnaught|Spiky Shield|p1a: Chesnaught","|-singleturn|p1a: Chesnaught|move: Protect","|move|p2a: Doublade|Swords Dance|p2a: Doublade","|-boost|p2a: Doublade|atk|2","|","|-damage|p2a: Doublade|182/322|[from] Leech Seed|[of] p1a: Chesnaught","|turn|14","|","|move|p1a: Chesnaught|Spiky Shield|p1a: Chesnaught","|-singleturn|p1a: Chesnaught|move: Protect","|move|p2a: Doublade|Sacred Sword|p1a: Chesnaught","|-activate|p1a: Chesnaught|Protect","|-damage|p2a: Doublade|142/322|[from] Spiky Shield|[of] p1a: Chesnaught","|","|-damage|p2a: Doublade|102/322|[from] Leech Seed|[of] p1a: Chesnaught","|turn|15","|","|move|p1a: Chesnaught|Drain Punch|p2a: Doublade","|-immune|p2a: Doublade|[msg]","|move|p2a: Doublade|Sacred Sword|p1a: Chesnaught","|-damage|p1a: Chesnaught|179/380","|","|-heal|p1a: Chesnaught|202/380|[from] item: Leftovers","|-damage|p2a: Doublade|62/322|[from] Leech Seed|[of] p1a: Chesnaught","|-heal|p1a: Chesnaught|242/380|[silent]","|turn|16","|","|move|p1a: Chesnaught|Spiky Shield|p1a: Chesnaught","|-singleturn|p1a: Chesnaught|move: Protect","|move|p2a: Doublade|Shadow Sneak|p1a: Chesnaught","|-activate|p1a: Chesnaught|Protect","|-damage|p2a: Doublade|22/322|[from] Spiky Shield|[of] p1a: Chesnaught","|","|-heal|p1a: Chesnaught|265/380|[from] item: Leftovers","|-damage|p2a: Doublade|0 fnt|[from] Leech Seed|[of] p1a: Chesnaught","|-heal|p1a: Chesnaught|287/380|[silent]","|faint|p2a: Doublade","|","|switch|p2a: Heatran|Heatran, F|323/323","|-damage|p2a: Heatran|283/323|[from] Stealth Rock","|-item|p2a: Heatran|Air Balloon","|turn|17","|","|move|p2a: Heatran|Fire Blast|p1a: Chesnaught","|-supereffective|p1a: Chesnaught","|-damage|p1a: Chesnaught|0 fnt","|faint|p1a: Chesnaught","|","|","|switch|p1a: Keldeo-Resolute|Keldeo-Resolute|324/324","|turn|18","|","|move|p1a: Keldeo-Resolute|Secret Sword|p2a: Heatran","|-supereffective|p2a: Heatran","|-damage|p2a: Heatran|0 fnt","|-enditem|p2a: Heatran|Air Balloon","|faint|p2a: Heatran","|","|","|switch|p2a: Skarmory|Skarmory, M|272/272","|-damage|p2a: Skarmory|238/272|[from] Stealth Rock","|turn|19","|","|move|p1a: Keldeo-Resolute|Secret Sword|p2a: Skarmory","|-damage|p2a: Skarmory|60/272","|move|p2a: Skarmory|Brave Bird|p1a: Keldeo-Resolute","|-crit|p1a: Keldeo-Resolute","|-supereffective|p1a: Keldeo-Resolute","|-damage|p1a: Keldeo-Resolute|0 fnt","|-damage|p2a: Skarmory|0 fnt|[from] recoil|[of] p1a: Keldeo-Resolute","|faint|p1a: Keldeo-Resolute","|faint|p2a: Skarmory","|","|","|switch|p1a: Hawlucha|Hawlucha, F|297/297","|switch|p2a: Lucario|Lucario, M|281/281","|-damage|p2a: Lucario|246/281|[from] Spikes","|-damage|p2a: Lucario|238/281|[from] Stealth Rock","|turn|20","|","|move|p2a: Lucario|Extreme Speed|p1a: Hawlucha","|-damage|p1a: Hawlucha|151/297","|-damage|p2a: Lucario|210/281|[from] item: Life Orb","|move|p1a: Hawlucha|Sky Attack|p2a: Lucario|[still]","|-prepare|p1a: Hawlucha|Sky Attack|p2a: Lucario","|-enditem|p1a: Hawlucha|Power Herb","|-anim|p1a: Hawlucha|Sky Attack|p2a: Lucario","|-damage|p2a: Lucario|0 fnt","|faint|p2a: Lucario","|","|","|switch|p2a: Scizor|Scizor-Mega, M|100/343","|-damage|p2a: Scizor|58/343|[from] Stealth Rock","|-damage|p2a: Scizor|16/343|[from] Spikes","|turn|21","|","|move|p2a: Scizor|Bullet Punch|p1a: Hawlucha","|-damage|p1a: Hawlucha|0 fnt","|faint|p1a: Hawlucha","|","|","|switch|p1a: Medicham|Medicham, F|262/262","|turn|22","|","|detailschange|p1a: Medicham|Medicham-Mega, F","|-mega|p1a: Medicham|Medicham|Medichamite","|move|p1a: Medicham|Fake Out|p2a: Scizor","|-resisted|p2a: Scizor","|-damage|p2a: Scizor|0 fnt","|faint|p2a: Scizor","|","|win|SL~Kingdra"],"p1rating":{"entryid":"7548471","serverid":"eos","formatid":"monotype","userid":"slkingdra","username":"SL~Kingdra","w":10,"l":"8","t":"0","gxe":53.5,"r":1519.9438968855,"rd":74.701130968254,"sigma":"0","rptime":1439629200,"rpr":1526.9729392087,"rprd":73.533153216427,"rpsigma":"0","acre":1114.5418850851,"lacre":1114.5418850851,"oldacre":"1078.9228622238"},"p2rating":{"entryid":"7291991","serverid":"eos","formatid":"monotype","userid":"infernosasuke","username":"Inferno Sasuke","w":"32","l":84,"t":"0","gxe":29.1,"r":"1306.0032181338","rd":"38.501466546741","sigma":"0","rptime":"1439629200","rpr":1331.4016920158,"rprd":36.868126887761,"rpsigma":"0","acre":1141.5527269332,"lacre":1141.5527269332,"oldacre":"1173.1729650968"},"endType":"normal"}