{"seed":[59487,39961,21827,3817],"turns":23,"p1":"SWL HB","p2":"PrimalDelta","p1team":[{"name":"Mismagius","species":"Mismagius","item":"assaultvest","ability":"Levitate","moves":["shadowball","dazzlinggleam","thunderbolt","hiddenpowerfire"],"nature":"Timid","evs":{"hp":0,"atk":0,"def":0,"spa":252,"spd":4,"spe":252},"ivs":{"hp":31,"atk":30,"def":31,"spa":30,"spd":31,"spe":30}},{"name":"Sableye","species":"Sableye","item":"sablenite","ability":"Prankster","moves":["willowisp","brickbreak","recover","knockoff"],"nature":"Careful","evs":{"hp":248,"atk":8,"def":100,"spa":0,"spd":152,"spe":0},"ivs":{"hp":31,"atk":31,"def":31,"spa":31,"spd":31,"spe":31}},{"name":"Hoopa","species":"Hoopa","item":"leftovers","ability":"Magician","moves":["substitute","shadowball","hyperspacehole","focusblast"],"nature":"Bold","evs":{"hp":248,"atk":0,"def":240,"spa":4,"spd":16,"spe":0},"ivs":{"hp":31,"atk":31,"def":31,"spa":31,"spd":31,"spe":31}},{"name":"Aegislash","species":"Aegislash","item":"leftovers","ability":"Stance Change","moves":["kingsshield","sacredsword","toxic","shadowball"],"nature":"","evs":{"hp":0,"atk":0,"def":0,"spa":0,"spd":0,"spe":0},"ivs":{"hp":31,"atk":31,"def":31,"spa":31,"spd":31,"spe":31}},{"name":"Gourgeist-Super","species":"Gourgeist-Super","item":"leftovers","ability":"Frisk","moves":["willowisp","shadowsneak","seedbomb","leechseed"],"nature":"Impish","evs":{"hp":252,"atk":4,"def":252,"spa":0,"spd":0,"spe":0},"ivs":{"hp":31,"atk":31,"def":31,"spa":31,"spd":31,"spe":31}},{"name":"Jellicent","species":"Jellicent","item":"lifeorb","ability":"Water Absorb","moves":["hex","willowisp","recover","scald"],"nature":"Calm","evs":{"hp":248,"atk":0,"def":0,"spa":8,"spd":252,"spe":0},"ivs":{"hp":31,"atk":31,"def":31,"spa":31,"spd":31,"spe":31}}],"p2team":[{"name":"Deoxys-Speed","species":"Deoxys-Speed","item":"lightclay","ability":"Pressure","moves":["reflect","lightscreen","firepunch","drainpunch"],"nature":"Jolly","evs":{"hp":0,"atk":252,"def":0,"spa":0,"spd":0,"spe":252},"ivs":{"hp":31,"atk":31,"def":31,"spa":31,"spd":31,"spe":31}},{"name":"Victini","species":"Victini","item":"choicescarf","ability":"Victory Star","moves":["vcreate","boltstrike","uturn","zenheadbutt"],"nature":"Jolly","evs":{"hp":0,"atk":252,"def":0,"spa":0,"spd":4,"spe":252},"ivs":{"hp":31,"atk":31,"def":31,"spa":31,"spd":31,"spe":31}},{"name":"Sympathy","species":"celebi","item":"salacberry","ability":"Natural Cure","moves":["nastyplot","ancientpower","energyball","gigadrain"],"nature":"Timid","evs":{"hp":96,"atk":0,"def":0,"spa":252,"spd":0,"spe":160},"ivs":{"hp":31,"atk":31,"def":31,"spa":31,"spd":31,"spe":31}},{"name":"Jirachi","species":"Jirachi","item":"choicescarf","ability":"Serene Grace","moves":["ironhead","drainpunch","firepunch","bodyslam"],"nature":"Jolly","evs":{"hp":0,"atk":252,"def":0,"spa":0,"spd":0,"spe":252},"shiny":true,"ivs":{"hp":31,"atk":31,"def":31,"spa":31,"spd":31,"spe":31}},{"name":"Melody","species":"meloetta","item":"assaultvest","ability":"Serene Grace","moves":["hypervoice","dazzlinggleam","psyshock","shadowball"],"nature":"Modest","evs":{"hp":252,"atk":0,"def":0,"spa":252,"spd":4,"spe":0},"ivs":{"hp":31,"atk":31,"def":31,"spa":31,"spd":31,"spe":31}},{"name":"Medicham","species":"Medicham","item":"medichamite","ability":"Pure Power","moves":["fakeout","bulletpunch","highjumpkick","psychocut"],"nature":"Jolly","evs":{"hp":0,"atk":252,"def":0,"spa":0,"spd":4,"spe":252},"gender":"M","ivs":{"hp":31,"atk":31,"def":31,"spa":31,"spd":31,"spe":31}}],"log":["|player|p1|SWL HB|swlhb.gif","|player|p2|PrimalDelta|99","|gametype|singles","|gen|6","|tier|Monotype","|rated","|rule|Baton Pass Clause: Limit one Baton Passer, can't pass Spe and other stats simultaneously","|rule|Swagger Clause: Swagger is banned","|rule|Same Type Clause: Pokémon in a team must share a type","|clearpoke","|poke|p1|Mismagius, M","|poke|p1|Sableye, M","|poke|p1|Hoopa","|poke|p1|Aegislash, M","|poke|p1|Gourgeist-*, F","|poke|p1|Jellicent, F","|poke|p2|Deoxys-Speed","|poke|p2|Victini","|poke|p2|Celebi","|poke|p2|Jirachi, shiny","|poke|p2|Meloetta","|poke|p2|Medicham, M","|rule|Sleep Clause Mod: Limit one foe put to sleep","|rule|Species Clause: Limit one of each Pokémon","|rule|OHKO Clause: OHKO moves are banned","|rule|Moody Clause: Moody is banned","|rule|Evasion Moves Clause: Evasion moves are banned","|rule|Endless Battle Clause: Forcing endless battles is banned","|rule|HP Percentage Mod: HP is shown in percentages","|teampreview","|","|start","|switch|p1a: Mismagius|Mismagius, M|261/261","|switch|p2a: Deoxys-Speed|Deoxys-Speed|241/241","|-ability|p2a: Deoxys-Speed|Pressure","|turn|1","|","|move|p2a: Deoxys-Speed|Light Screen|p2a: Deoxys-Speed","|-sidestart|p2: PrimalDelta|move: Light Screen","|move|p1a: Mismagius|Shadow Ball|p2a: Deoxys-Speed","|-supereffective|p2a: Deoxys-Speed","|-damage|p2a: Deoxys-Speed|108/241","|-unboost|p2a: Deoxys-Speed|spd|1","|","|turn|2","|","|move|p2a: Deoxys-Speed|Reflect|p2a: Deoxys-Speed","|-sidestart|p2: PrimalDelta|Reflect","|move|p1a: Mismagius|Shadow Ball|p2a: Deoxys-Speed","|-crit|p2a: Deoxys-Speed","|-supereffective|p2a: Deoxys-Speed","|-damage|p2a: Deoxys-Speed|0 fnt","|faint|p2a: Deoxys-Speed","|","|","|switch|p2a: Sympathy|Celebi|365/365","|turn|3","|","|move|p1a: Mismagius|Shadow Ball|p2a: Sympathy","|-supereffective|p2a: Sympathy","|-damage|p2a: Sympathy|250/365","|move|p2a: Sympathy|Nasty Plot|p2a: Sympathy","|-boost|p2a: Sympathy|spa|2","|","|turn|4","|","|switch|p1a: Sableye|Sableye, M|303/303","|move|p2a: Sympathy|Nasty Plot|p2a: Sympathy","|-boost|p2a: Sympathy|spa|2","|","|turn|5","|","|detailschange|p1a: Sableye|Sableye-Mega, M","|-mega|p1a: Sableye|Sableye|Sablenite","|move|p2a: Sympathy|Energy Ball|p1a: Sableye","|-damage|p1a: Sableye|0 fnt","|faint|p1a: Sableye","|","|","|switch|p1a: Aegislash|Aegislash, M|261/261","|turn|6","|","|move|p2a: Sympathy|Energy Ball|p1a: Aegislash","|-resisted|p1a: Aegislash","|-damage|p1a: Aegislash|116/261","|move|p1a: Aegislash|Toxic|p2a: Sympathy","|-status|p2a: Sympathy|tox","|","|-heal|p1a: Aegislash|132/261|[from] item: Leftovers","|-damage|p2a: Sympathy|228/365 tox|[from] psn","|turn|7","|","|move|p1a: Aegislash|King's Shield|p1a: Aegislash","|-singleturn|p1a: Aegislash|Protect","|move|p2a: Sympathy|Energy Ball|p1a: Aegislash","|-activate|p1a: Aegislash|Protect","|","|-heal|p1a: Aegislash|148/261|[from] item: Leftovers","|-damage|p2a: Sympathy|184/365 tox|[from] psn","|turn|8","|","|move|p2a: Sympathy|Energy Ball|p1a: Aegislash","|-resisted|p1a: Aegislash","|-damage|p1a: Aegislash|16/261","|-formechange|p1a: Aegislash|Aegislash-Blade","|move|p1a: Aegislash|Shadow Ball|p2a: Sympathy","|-supereffective|p2a: Sympathy","|-damage|p2a: Sympathy|54/365 tox","|-enditem|p2a: Sympathy|Salac Berry|[eat]","|-boost|p2a: Sympathy|spe|1|[from] item: Salac Berry","|","|-heal|p1a: Aegislash|32/261|[from] item: Leftovers","|-damage|p2a: Sympathy|0 fnt|[from] psn","|-sideend|p2: PrimalDelta|move: Light Screen","|faint|p2a: Sympathy","|","|switch|p2a: Melody|Meloetta|404/404","|turn|9","|","|-formechange|p1a: Aegislash|Aegislash","|move|p1a: Aegislash|King's Shield|p1a: Aegislash","|-singleturn|p1a: Aegislash|Protect","|move|p2a: Melody|Shadow Ball|p1a: Aegislash","|-activate|p1a: Aegislash|Protect","|","|-heal|p1a: Aegislash|48/261|[from] item: Leftovers","|-sideend|p2: PrimalDelta|Reflect","|turn|10","|","|move|p2a: Melody|Shadow Ball|p1a: Aegislash","|-supereffective|p1a: Aegislash","|-damage|p1a: Aegislash|0 fnt","|faint|p1a: Aegislash","|","|","|switch|p1a: Jellicent|Jellicent, F|403/403","|turn|11","|","|move|p2a: Melody|Shadow Ball|p1a: Jellicent","|-supereffective|p1a: Jellicent","|-damage|p1a: Jellicent|253/403","|move|p1a: Jellicent|Will-O-Wisp|p2a: Melody","|-status|p2a: Melody|brn","|","|-damage|p2a: Melody|354/404 brn|[from] brn","|turn|12","|","|move|p2a: Melody|Psyshock|p1a: Jellicent","|-damage|p1a: Jellicent|54/403","|move|p1a: Jellicent|Recover|p1a: Jellicent","|-heal|p1a: Jellicent|256/403","|","|-damage|p2a: Melody|304/404 brn|[from] brn","|turn|13","|","|move|p2a: Melody|Psyshock|p1a: Jellicent","|-damage|p1a: Jellicent|36/403","|move|p1a: Jellicent|Scald|p2a: Melody","|-damage|p2a: Melody|244/404 brn","|-damage|p1a: Jellicent|0 fnt|[from] item: Life Orb","|faint|p1a: Jellicent","|","|-damage|p2a: Melody|194/404 brn|[from] brn","|","|switch|p1a: Gourgeist-Super|Gourgeist-Super, F|374/374","|-item|p2a: Melody|Assault Vest|[from] ability: Frisk|[of] p1a: Gourgeist-Super|[identify]","|turn|14","|","|move|p2a: Melody|Shadow Ball|p1a: Gourgeist-Super","|-supereffective|p1a: Gourgeist-Super","|-damage|p1a: Gourgeist-Super|134/374","|-unboost|p1a: Gourgeist-Super|spd|1","|move|p1a: Gourgeist-Super|Seed Bomb|p2a: Melody","|-damage|p2a: Melody|76/404 brn","|","|-heal|p1a: Gourgeist-Super|157/374|[from] item: Leftovers","|-damage|p2a: Melody|26/404 brn|[from] brn","|turn|15","|","|switch|p1a: Hoopa|Hoopa|363/363","|move|p2a: Melody|Shadow Ball|p1a: Hoopa","|-crit|p1a: Hoopa","|-supereffective|p1a: Hoopa","|-damage|p1a: Hoopa|0 fnt","|faint|p1a: Hoopa","|","|-damage|p2a: Melody|0 fnt|[from] brn","|faint|p2a: Melody","|","|switch|p2a: Victini|Victini|341/341","|switch|p1a: Gourgeist-Super|Gourgeist-Super, F|157/374","|-item|p2a: Victini|Choice Scarf|[from] ability: Frisk|[of] p1a: Gourgeist-Super|[identify]","|turn|16","|","|move|p1a: Gourgeist-Super|Shadow Sneak|p2a: Victini","|-supereffective|p2a: Victini","|-damage|p2a: Victini|239/341","|move|p2a: Victini|U-turn|p1a: Gourgeist-Super","|-damage|p1a: Gourgeist-Super|114/374","|","|switch|p2a: Jirachi|Jirachi, shiny|341/341","|","|-heal|p1a: Gourgeist-Super|137/374|[from] item: Leftovers","|turn|17","|","|move|p2a: Jirachi|Fire Punch|p1a: Gourgeist-Super","|-supereffective|p1a: Gourgeist-Super","|-damage|p1a: Gourgeist-Super|37/374","|move|p1a: Gourgeist-Super|Leech Seed|p2a: Jirachi","|-start|p2a: Jirachi|move: Leech Seed","|","|-heal|p1a: Gourgeist-Super|60/374|[from] item: Leftovers","|-damage|p2a: Jirachi|299/341|[from] Leech Seed|[of] p1a: Gourgeist-Super","|-heal|p1a: Gourgeist-Super|102/374|[silent]","|turn|18","|","|move|p2a: Jirachi|Fire Punch|p1a: Gourgeist-Super","|-supereffective|p1a: Gourgeist-Super","|-damage|p1a: Gourgeist-Super|16/374","|move|p1a: Gourgeist-Super|Will-O-Wisp|p2a: Jirachi","|-status|p2a: Jirachi|brn","|","|-heal|p1a: Gourgeist-Super|39/374|[from] item: Leftovers","|-damage|p2a: Jirachi|257/341 brn|[from] Leech Seed|[of] p1a: Gourgeist-Super","|-heal|p1a: Gourgeist-Super|81/374|[silent]","|-damage|p2a: Jirachi|215/341 brn|[from] brn","|turn|19","|","|move|p1a: Gourgeist-Super|Shadow Sneak|p2a: Jirachi","|-supereffective|p2a: Jirachi","|-damage|p2a: Jirachi|123/341 brn","|move|p2a: Jirachi|Fire Punch|p1a: Gourgeist-Super","|-supereffective|p1a: Gourgeist-Super","|-damage|p1a: Gourgeist-Super|30/374","|","|-heal|p1a: Gourgeist-Super|53/374|[from] item: Leftovers","|-damage|p2a: Jirachi|81/341 brn|[from] Leech Seed|[of] p1a: Gourgeist-Super","|-heal|p1a: Gourgeist-Super|95/374|[silent]","|-damage|p2a: Jirachi|39/341 brn|[from] brn","|turn|20","|","|move|p1a: Gourgeist-Super|Shadow Sneak|p2a: Jirachi","|-supereffective|p2a: Jirachi","|-damage|p2a: Jirachi|0 fnt","|faint|p2a: Jirachi","|","|-heal|p1a: Gourgeist-Super|118/374|[from] item: Leftovers","|","|switch|p2a: Medicham|Medicham, M|261/261","|turn|21","|","|detailschange|p2a: Medicham|Medicham-Mega, M","|-mega|p2a: Medicham|Medicham|Medichamite","|move|p2a: Medicham|Psycho Cut|p1a: Gourgeist-Super","|-damage|p1a: Gourgeist-Super|0 fnt","|faint|p1a: Gourgeist-Super","|","|","|switch|p1a: Mismagius|Mismagius, M|261/261","|turn|22","|","|move|p2a: Medicham|Bullet Punch|p1a: Mismagius","|-damage|p1a: Mismagius|134/261","|move|p1a: Mismagius|Shadow Ball|p2a: Medicham","|-supereffective|p2a: Medicham","|-damage|p2a: Medicham|0 fnt","|faint|p2a: Medicham","|","|","|switch|p2a: Victini|Victini|239/341","|turn|23","|","|move|p2a: Victini|V-create|p1a: Mismagius","|-damage|p1a: Mismagius|0 fnt","|-unboost|p2a: Victini|spe|1","|-unboost|p2a: Victini|def|1","|-unboost|p2a: Victini|spd|1","|faint|p1a: Mismagius","|","|win|PrimalDelta"],"p1rating":{"entryid":"6872578","serverid":"eos","formatid":"monotype","userid":"swlhb","username":"SWL HB","w":"13","l":20,"t":"0","gxe":40.7,"r":"1419.9780041055","rd":"62.432332915466","sigma":"0","rptime":"1439542800","rpr":1427.8779340225,"rprd":60.927221398236,"rpsigma":"0","acre":1132.0413966663,"lacre":1132.0413966663,"oldacre":"1162.4376312313"},"p2rating":{"entryid":"7635188","serverid":"eos","formatid":"monotype","userid":"primaldelta","username":"PrimalDelta","w":3,"l":"0","t":"0","gxe":62.5,"r":"1500","rd":"130","sigma":"0","rptime":"1439542800","rpr":1600.9874258984,"rprd":111.11793504191,"rpsigma":"0","acre":1119.1502571151,"lacre":1119.1502571151,"oldacre":"1086.2455152884"},"endType":"normal"}