{"seed":[61964,9279,30812,10487],"turns":20,"p1":"SWL HB","p2":"Rain ☆ sidious","p1team":[{"name":"Meowstic","species":"Meowstic","item":"lightclay","ability":"Prankster","moves":["lightscreen","reflect","magiccoat","psyshock"],"nature":"Timid","evs":{"hp":248,"atk":0,"def":0,"spa":8,"spd":0,"spe":252},"ivs":{"hp":31,"atk":31,"def":31,"spa":31,"spd":31,"spe":31}},{"name":"Hoopa-Unbound","species":"Hoopa-Unbound","item":"lifeorb","ability":"Magician","moves":["darkpulse","hiddenpowerfire","focusblast","gunkshot"],"nature":"Hasty","evs":{"hp":0,"atk":4,"def":0,"spa":252,"spd":0,"spe":252},"ivs":{"hp":31,"atk":30,"def":31,"spa":30,"spd":31,"spe":30}},{"name":"Gallade","species":"Gallade","item":"assaultvest","ability":"Justified","moves":["knockoff","drainpunch","psychocut","icepunch"],"nature":"Adamant","evs":{"hp":248,"atk":252,"def":0,"spa":0,"spd":8,"spe":0},"ivs":{"hp":31,"atk":31,"def":31,"spa":31,"spd":31,"spe":31}},{"name":"Meloetta","species":"Meloetta","item":"assaultvest","ability":"Serene Grace","moves":["hypervoice","shadowball","thunderbolt","energyball"],"nature":"Modest","evs":{"hp":248,"atk":0,"def":40,"spa":212,"spd":8,"spe":0},"ivs":{"hp":31,"atk":31,"def":31,"spa":31,"spd":31,"spe":31}},{"name":"Medicham","species":"Medicham","item":"medichamite","ability":"Pure Power","moves":["substitute","drainpunch","bulletpunch","icepunch"],"nature":"Jolly","evs":{"hp":148,"atk":252,"def":0,"spa":0,"spd":8,"spe":100},"ivs":{"hp":31,"atk":31,"def":31,"spa":31,"spd":31,"spe":31}},{"name":"Slowbro","species":"Slowbro","item":"leftovers","ability":"Regenerator","moves":["slackoff","scald","foulplay","thunderwave"],"nature":"Bold","evs":{"hp":252,"atk":0,"def":252,"spa":0,"spd":4,"spe":0},"ivs":{"hp":31,"atk":31,"def":31,"spa":31,"spd":31,"spe":31}}],"p2team":[{"name":"Gardevoir","species":"Gardevoir","item":"gardevoirite","ability":"Synchronize","moves":["hypervoice","wish","willowisp","protect"],"nature":"Bold","evs":{"hp":108,"atk":0,"def":244,"spa":144,"spd":0,"spe":12},"ivs":{"hp":31,"atk":31,"def":31,"spa":31,"spd":31,"spe":31}},{"name":"Latias","species":"Latias","item":"leftovers","ability":"Levitate","moves":["tailwind","dragonpulse","psyshock","defog"],"nature":"Calm","evs":{"hp":252,"atk":0,"def":0,"spa":0,"spd":252,"spe":4},"ivs":{"hp":31,"atk":31,"def":31,"spa":31,"spd":31,"spe":31}},{"name":"Victini","species":"Victini","item":"choicescarf","ability":"Victory Star","moves":["boltstrike","flareblitz","uturn","zenheadbutt"],"nature":"Jolly","evs":{"hp":0,"atk":252,"def":0,"spa":0,"spd":4,"spe":252},"ivs":{"hp":31,"atk":31,"def":31,"spa":31,"spd":31,"spe":31}},{"name":"Jirachi","species":"Jirachi","item":"leftovers","ability":"Serene Grace","moves":["ironhead","thunderwave","stealthrock","firepunch"],"nature":"Impish","evs":{"hp":252,"atk":4,"def":252,"spa":0,"spd":0,"spe":0},"ivs":{"hp":31,"atk":31,"def":31,"spa":31,"spd":31,"spe":31}},{"name":"Reuniclus","species":"Reuniclus","item":"leftovers","ability":"Magic Guard","moves":["calmmind","psyshock","recover","shadowball"],"nature":"Bold","evs":{"hp":96,"atk":0,"def":160,"spa":252,"spd":0,"spe":0},"ivs":{"hp":31,"atk":31,"def":31,"spa":31,"spd":31,"spe":31}},{"name":"Starmie","species":"Starmie","item":"lifeorb","ability":"Natural Cure","moves":["icebeam","surf","psyshock","thunderbolt"],"nature":"Timid","evs":{"hp":0,"atk":0,"def":0,"spa":252,"spd":4,"spe":252},"ivs":{"hp":31,"atk":31,"def":31,"spa":31,"spd":31,"spe":31}}],"log":["|player|p1|SWL HB|swlhb.gif","|player|p2|Rain ☆ sidious|291","|gametype|singles","|gen|6","|tier|Monotype","|rated","|rule|Baton Pass Clause: Limit one Baton Passer, can't pass Spe and other stats simultaneously","|rule|Swagger Clause: Swagger is banned","|rule|Same Type Clause: Pokémon in a team must share a type","|clearpoke","|poke|p1|Meowstic, M","|poke|p1|Hoopa-Unbound","|poke|p1|Gallade, M","|poke|p1|Meloetta","|poke|p1|Medicham, M","|poke|p1|Slowbro, F","|poke|p2|Gardevoir, F","|poke|p2|Latias, F","|poke|p2|Victini","|poke|p2|Jirachi","|poke|p2|Reuniclus, M","|poke|p2|Starmie","|rule|Sleep Clause Mod: Limit one foe put to sleep","|rule|Species Clause: Limit one of each Pokémon","|rule|OHKO Clause: OHKO moves are banned","|rule|Moody Clause: Moody is banned","|rule|Evasion Moves Clause: Evasion moves are banned","|rule|Endless Battle Clause: Forcing endless battles is banned","|rule|HP Percentage Mod: HP is shown in percentages","|teampreview","|","|start","|switch|p1a: Meowstic|Meowstic, M|351/351","|switch|p2a: Gardevoir|Gardevoir, F|304/304","|turn|1","|","|detailschange|p2a: Gardevoir|Gardevoir-Mega, F","|-mega|p2a: Gardevoir|Gardevoir|Gardevoirite","|move|p1a: Meowstic|Light Screen|p1a: Meowstic","|-sidestart|p1: SWL HB|move: Light Screen","|move|p2a: Gardevoir|Will-O-Wisp|p1a: Meowstic","|-status|p1a: Meowstic|brn","|","|-damage|p1a: Meowstic|308/351 brn|[from] brn","|turn|2","|","|switch|p1a: Meloetta|Meloetta|403/403","|move|p2a: Gardevoir|Hyper Voice|p1a: Meloetta","|-damage|p1a: Meloetta|346/403","|","|turn|3","|","|move|p2a: Gardevoir|Will-O-Wisp|p1a: Meloetta","|-status|p1a: Meloetta|brn","|move|p1a: Meloetta|Shadow Ball|p2a: Gardevoir","|-supereffective|p2a: Gardevoir","|-damage|p2a: Gardevoir|160/304","|-unboost|p2a: Gardevoir|spd|1","|","|-damage|p1a: Meloetta|296/403 brn|[from] brn","|turn|4","|","|move|p2a: Gardevoir|Wish|p2a: Gardevoir","|move|p1a: Meloetta|Shadow Ball|p2a: Gardevoir","|-supereffective|p2a: Gardevoir","|-damage|p2a: Gardevoir|0 fnt","|faint|p2a: Gardevoir","|","|-damage|p1a: Meloetta|246/403 brn|[from] brn","|","|switch|p2a: Reuniclus|Reuniclus, M|385/385","|turn|5","|","|move|p1a: Meloetta|Shadow Ball|p2a: Reuniclus","|-supereffective|p2a: Reuniclus","|-damage|p2a: Reuniclus|159/385","|move|p2a: Reuniclus|Calm Mind|p2a: Reuniclus","|-boost|p2a: Reuniclus|spa|1","|-boost|p2a: Reuniclus|spd|1","|","|-heal|p2a: Reuniclus|311/385|[from] move: Wish|[wisher] Gardevoir","|-heal|p2a: Reuniclus|335/385|[from] item: Leftovers","|-damage|p1a: Meloetta|196/403 brn|[from] brn","|turn|6","|","|move|p1a: Meloetta|Shadow Ball|p2a: Reuniclus","|-supereffective|p2a: Reuniclus","|-damage|p2a: Reuniclus|189/385","|move|p2a: Reuniclus|Calm Mind|p2a: Reuniclus","|-boost|p2a: Reuniclus|spa|1","|-boost|p2a: Reuniclus|spd|1","|","|-heal|p2a: Reuniclus|213/385|[from] item: Leftovers","|-damage|p1a: Meloetta|146/403 brn|[from] brn","|turn|7","|","|move|p1a: Meloetta|Shadow Ball|p2a: Reuniclus","|-supereffective|p2a: Reuniclus","|-damage|p2a: Reuniclus|99/385","|-unboost|p2a: Reuniclus|spd|1","|move|p2a: Reuniclus|Psyshock|p1a: Meloetta","|-resisted|p1a: Meloetta","|-damage|p1a: Meloetta|58/403 brn","|","|-heal|p2a: Reuniclus|123/385|[from] item: Leftovers","|-damage|p1a: Meloetta|8/403 brn|[from] brn","|turn|8","|","|move|p1a: Meloetta|Shadow Ball|p2a: Reuniclus","|-supereffective|p2a: Reuniclus","|-damage|p2a: Reuniclus|0 fnt","|faint|p2a: Reuniclus","|","|-damage|p1a: Meloetta|0 fnt|[from] brn","|-sideend|p1: SWL HB|move: Light Screen","|faint|p1a: Meloetta","|","|switch|p2a: Starmie|Starmie|261/261","|switch|p1a: Meowstic|Meowstic, M|308/351 brn","|turn|9","|","|move|p1a: Meowstic|Light Screen|p1a: Meowstic","|-sidestart|p1: SWL HB|move: Light Screen","|move|p2a: Starmie|Surf|p1a: Meowstic","|-damage|p1a: Meowstic|202/351 brn","|-damage|p2a: Starmie|235/261|[from] item: Life Orb","|","|-damage|p1a: Meowstic|159/351 brn|[from] brn","|turn|10","|","|switch|p2a: Jirachi|Jirachi|404/404","|move|p1a: Meowstic|Psyshock|p2a: Jirachi","|-resisted|p2a: Jirachi","|-damage|p2a: Jirachi|391/404","|","|-heal|p2a: Jirachi|404/404|[from] item: Leftovers","|-damage|p1a: Meowstic|116/351 brn|[from] brn","|turn|11","|","|move|p1a: Meowstic|Reflect|p1a: Meowstic","|-sidestart|p1: SWL HB|Reflect","|move|p2a: Jirachi|Iron Head|p1a: Meowstic","|-damage|p1a: Meowstic|56/351 brn","|","|-damage|p1a: Meowstic|13/351 brn|[from] brn","|turn|12","|","|move|p1a: Meowstic|Psyshock|p2a: Jirachi","|-resisted|p2a: Jirachi","|-damage|p2a: Jirachi|390/404","|move|p2a: Jirachi|Stealth Rock|p1a: Meowstic","|-sidestart|p1: SWL HB|move: Stealth Rock","|","|-heal|p2a: Jirachi|404/404|[from] item: Leftovers","|-damage|p1a: Meowstic|0 fnt|[from] brn","|faint|p1a: Meowstic","|","|switch|p1a: Hoopa-Unbound|Hoopa-Unbound|301/301","|-damage|p1a: Hoopa-Unbound|264/301|[from] Stealth Rock","|turn|13","|","|move|p1a: Hoopa-Unbound|Dark Pulse|p2a: Jirachi","|-supereffective|p2a: Jirachi","|-damage|p2a: Jirachi|0 fnt","|-damage|p1a: Hoopa-Unbound|234/301|[from] item: Life Orb","|faint|p2a: Jirachi","|","|","|switch|p2a: Victini|Victini|341/341","|turn|14","|","|move|p2a: Victini|U-turn|p1a: Hoopa-Unbound","|-supereffective|p1a: Hoopa-Unbound","|-damage|p1a: Hoopa-Unbound|0 fnt","|faint|p1a: Hoopa-Unbound","|","|switch|p2a: Starmie|Starmie|235/261","|","|","|switch|p1a: Gallade|Gallade, M|339/339","|-damage|p1a: Gallade|318/339|[from] Stealth Rock","|turn|15","|","|move|p2a: Starmie|Psyshock|p1a: Gallade","|-damage|p1a: Gallade|198/339","|-damage|p2a: Starmie|209/261|[from] item: Life Orb","|move|p1a: Gallade|Knock Off|p2a: Starmie","|-supereffective|p2a: Starmie","|-damage|p2a: Starmie|0 fnt","|-enditem|p2a: Starmie|Life Orb|[from] move: Knock Off|[of] p1a: Gallade","|faint|p2a: Starmie","|","|","|switch|p2a: Victini|Victini|341/341","|turn|16","|","|move|p2a: Victini|U-turn|p1a: Gallade","|-damage|p1a: Gallade|146/339","|","|switch|p2a: Latias|Latias, F|364/364","|move|p1a: Gallade|Knock Off|p2a: Latias","|-supereffective|p2a: Latias","|-damage|p2a: Latias|72/364","|-enditem|p2a: Latias|Leftovers|[from] move: Knock Off|[of] p1a: Gallade","|","|-sideend|p1: SWL HB|move: Light Screen","|turn|17","|","|move|p2a: Latias|Tailwind|p2a: Latias","|-sidestart|p2: Rain ☆ sidious|move: Tailwind","|move|p1a: Gallade|Ice Punch|p2a: Latias","|-supereffective|p2a: Latias","|-damage|p2a: Latias|0 fnt","|faint|p2a: Latias","|","|","|switch|p2a: Victini|Victini|341/341","|turn|18","|","|move|p2a: Victini|Bolt Strike|p1a: Gallade","|-damage|p1a: Gallade|50/339","|move|p1a: Gallade|Knock Off|p2a: Victini","|-supereffective|p2a: Victini","|-damage|p2a: Victini|103/341","|-enditem|p2a: Victini|Choice Scarf|[from] move: Knock Off|[of] p1a: Gallade","|","|-sideend|p1: SWL HB|Reflect","|turn|19","|","|move|p2a: Victini|Bolt Strike|p1a: Gallade","|-damage|p1a: Gallade|0 fnt","|faint|p1a: Gallade","|","|","|switch|p1a: Medicham|Medicham, M|298/298","|-damage|p1a: Medicham|280/298|[from] Stealth Rock","|turn|20","|","|detailschange|p1a: Medicham|Medicham-Mega, M","|-mega|p1a: Medicham|Medicham|Medichamite","|move|p2a: Victini|Flare Blitz|p1a: Medicham","|-damage|p1a: Medicham|90/298","|-damage|p2a: Victini|40/341|[from] recoil|[of] p1a: Medicham","|move|p1a: Medicham|Ice Punch|p2a: Victini","|-resisted|p2a: Victini","|-damage|p2a: Victini|0 fnt","|faint|p2a: Victini","|","|win|SWL HB"],"p1rating":{"entryid":"6872578","serverid":"eos","formatid":"monotype","userid":"swlhb","username":"SWL HB","w":14,"l":"20","t":"0","gxe":42.1,"r":"1419.9780041055","rd":"62.432332915466","sigma":"0","rptime":"1439542800","rpr":1439.2935675136,"rprd":60.040673228782,"rpsigma":"0","acre":1163.8381213843,"lacre":1163.8381213843,"oldacre":"1132.0413966663"},"p2rating":{"entryid":"6395890","serverid":"eos","formatid":"monotype","userid":"rainsidious","username":"Rain ☆ sidious","w":"61","l":72,"t":"0","gxe":48,"r":"1466.1627236215","rd":"39.759650480436","sigma":"0","rptime":"1439542800","rpr":1485.076551991,"rprd":38.091016764084,"rpsigma":"0","acre":1197.1378120018,"lacre":1197.1378120018,"oldacre":"1228.9345367198"},"endType":"normal"}