{"seed":[22228,56656,9093,38426],"turns":19,"p1":"SL~Kingdra","p2":"Emg Svu","p1team":[{"name":"Chesnaught","species":"Chesnaught","item":"leftovers","ability":"Bulletproof","moves":["spikes","leechseed","spikyshield","drainpunch"],"nature":"Impish","evs":{"hp":252,"atk":0,"def":252,"spa":0,"spd":4,"spe":0},"ivs":{"hp":31,"atk":31,"def":31,"spa":31,"spd":31,"spe":31}},{"name":"Infernape","species":"Infernape","item":"focussash","ability":"Iron Fist","moves":["stealthrock","closecombat","firepunch","machpunch"],"nature":"Jolly","evs":{"hp":4,"atk":252,"def":0,"spa":0,"spd":0,"spe":252},"ivs":{"hp":31,"atk":31,"def":31,"spa":31,"spd":31,"spe":31}},{"name":"Medicham","species":"Medicham","item":"medichamite","ability":"Pure Power","moves":["fakeout","bulletpunch","zenheadbutt","highjumpkick"],"nature":"Jolly","evs":{"hp":4,"atk":252,"def":0,"spa":0,"spd":0,"spe":252},"ivs":{"hp":31,"atk":31,"def":31,"spa":31,"spd":31,"spe":31}},{"name":"Terrakion","species":"Terrakion","item":"choicescarf","ability":"Justified","moves":["ironhead","stoneedge","closecombat","earthquake"],"nature":"Adamant","evs":{"hp":4,"atk":252,"def":0,"spa":0,"spd":0,"spe":252},"ivs":{"hp":31,"atk":31,"def":31,"spa":31,"spd":31,"spe":31}},{"name":"Keldeo-Resolute","species":"Keldeo-Resolute","item":"choicespecs","ability":"Justified","moves":["secretsword","scald","icywind","hydropump"],"nature":"Timid","evs":{"hp":4,"atk":0,"def":0,"spa":252,"spd":0,"spe":252},"ivs":{"hp":31,"atk":31,"def":31,"spa":31,"spd":31,"spe":31}},{"name":"Hawlucha","species":"Hawlucha","item":"powerherb","ability":"Unburden","moves":["acrobatics","skyattack","drainpunch","swordsdance"],"nature":"Adamant","evs":{"hp":0,"atk":252,"def":0,"spa":0,"spd":0,"spe":252},"ivs":{"hp":31,"atk":31,"def":31,"spa":31,"spd":31,"spe":31}}],"p2team":[{"name":"Garchomp","species":"Garchomp","item":"garchompite","ability":"Sand Veil","moves":["swordsdance","earthquake","dragonclaw","fireblast"],"nature":"Naive","evs":{"hp":0,"atk":252,"def":0,"spa":0,"spd":8,"spe":248},"ivs":{"hp":31,"atk":31,"def":31,"spa":31,"spd":31,"spe":31}},{"name":"Excadrill","species":"Excadrill","item":"lifeorb","ability":"Sand Rush","moves":["swordsdance","earthquake","ironhead","rockslide"],"nature":"Adamant","evs":{"hp":0,"atk":252,"def":0,"spa":0,"spd":4,"spe":252},"ivs":{"hp":31,"atk":31,"def":31,"spa":31,"spd":31,"spe":31}},{"name":"Gastrodon","species":"Gastrodon","item":"leftovers","ability":"Storm Drain","moves":["earthpower","scald","toxic","recover"],"nature":"Bold","evs":{"hp":252,"atk":0,"def":252,"spa":4,"spd":0,"spe":0},"ivs":{"hp":31,"atk":31,"def":31,"spa":31,"spd":31,"spe":31}},{"name":"Mamoswine","species":"Mamoswine","item":"lifeorb","ability":"Thick Fat","moves":["freezedry","iciclespear","earthquake","rockslide"],"nature":"Mild","evs":{"hp":252,"atk":252,"def":0,"spa":4,"spd":0,"spe":0},"ivs":{"hp":31,"atk":31,"def":31,"spa":31,"spd":31,"spe":31}},{"name":"Hippowdon","species":"Hippowdon","item":"leftovers","ability":"Sand Stream","moves":["stealthrock","earthquake","slackoff","whirlwind"],"nature":"Sassy","evs":{"hp":252,"atk":4,"def":116,"spa":0,"spd":136,"spe":0},"ivs":{"hp":31,"atk":31,"def":31,"spa":31,"spd":31,"spe":31}},{"name":"Nidoking","species":"Nidoking","item":"choicescarf","ability":"Sheer Force","moves":["sludgewave","earthpower","flamethrower","thunderbolt"],"nature":"Timid","evs":{"hp":0,"atk":0,"def":0,"spa":252,"spd":4,"spe":252},"ivs":{"hp":31,"atk":31,"def":31,"spa":31,"spd":31,"spe":31}}],"log":["|player|p1|SL~Kingdra|99","|player|p2|Emg Svu|291","|gametype|singles","|gen|6","|tier|Monotype","|rated","|rule|Baton Pass Clause: Limit one Baton Passer, can't pass Spe and other stats simultaneously","|rule|Swagger Clause: Swagger is banned","|rule|Same Type Clause: Pokémon in a team must share a type","|clearpoke","|poke|p1|Chesnaught, M","|poke|p1|Infernape, F","|poke|p1|Medicham, F","|poke|p1|Terrakion","|poke|p1|Keldeo-Resolute","|poke|p1|Hawlucha, F","|poke|p2|Garchomp, F","|poke|p2|Excadrill, M","|poke|p2|Gastrodon, M","|poke|p2|Mamoswine, M","|poke|p2|Hippowdon, F","|poke|p2|Nidoking, M","|rule|Sleep Clause Mod: Limit one foe put to sleep","|rule|Species Clause: Limit one of each Pokémon","|rule|OHKO Clause: OHKO moves are banned","|rule|Moody Clause: Moody is banned","|rule|Evasion Moves Clause: Evasion moves are banned","|rule|Endless Battle Clause: Forcing endless battles is banned","|rule|HP Percentage Mod: HP is shown in percentages","|teampreview","|","|start","|switch|p1a: Infernape|Infernape, F|294/294","|switch|p2a: Hippowdon|Hippowdon, F|420/420","|-weather|Sandstorm","|turn|1","|","|move|p1a: Infernape|Stealth Rock|p2a: Hippowdon","|-sidestart|p2: Emg Svu|move: Stealth Rock","|move|p2a: Hippowdon|Earthquake|p1a: Infernape","|-supereffective|p1a: Infernape","|-enditem|p1a: Infernape|Focus Sash","|-damage|p1a: Infernape|1/294","|","|-weather|Sandstorm|[upkeep]","|-damage|p1a: Infernape|0 fnt|[from] sandstorm","|faint|p1a: Infernape","|","|switch|p1a: Chesnaught|Chesnaught, M|380/380","|turn|2","|","|move|p1a: Chesnaught|Leech Seed|p2a: Hippowdon","|-start|p2a: Hippowdon|move: Leech Seed","|move|p2a: Hippowdon|Stealth Rock|p1a: Chesnaught","|-sidestart|p1: SL~Kingdra|move: Stealth Rock","|","|-weather|Sandstorm|[upkeep]","|-damage|p1a: Chesnaught|357/380|[from] sandstorm","|-heal|p1a: Chesnaught|380/380|[from] item: Leftovers","|-damage|p2a: Hippowdon|368/420|[from] Leech Seed|[of] p1a: Chesnaught","|turn|3","|","|switch|p2a: Mamoswine|Mamoswine, M|424/424","|-damage|p2a: Mamoswine|371/424|[from] Stealth Rock","|move|p1a: Chesnaught|Spikes|p2a: Mamoswine","|-sidestart|p2: Emg Svu|Spikes","|","|-weather|Sandstorm|[upkeep]","|-damage|p1a: Chesnaught|357/380|[from] sandstorm","|-heal|p1a: Chesnaught|380/380|[from] item: Leftovers","|turn|4","|","|move|p1a: Chesnaught|Spiky Shield|p1a: Chesnaught","|-singleturn|p1a: Chesnaught|move: Protect","|move|p2a: Mamoswine|Icicle Spear|p1a: Chesnaught","|-activate|p1a: Chesnaught|Protect","|","|-weather|Sandstorm|[upkeep]","|-damage|p1a: Chesnaught|357/380|[from] sandstorm","|-heal|p1a: Chesnaught|380/380|[from] item: Leftovers","|turn|5","|","|move|p2a: Mamoswine|Freeze-Dry|p1a: Chesnaught","|-supereffective|p1a: Chesnaught","|-damage|p1a: Chesnaught|151/380","|-damage|p2a: Mamoswine|329/424|[from] item: Life Orb","|move|p1a: Chesnaught|Leech Seed|p2a: Mamoswine","|-start|p2a: Mamoswine|move: Leech Seed","|","|-weather|none","|-heal|p1a: Chesnaught|174/380|[from] item: Leftovers","|-damage|p2a: Mamoswine|276/424|[from] Leech Seed|[of] p1a: Chesnaught","|-heal|p1a: Chesnaught|227/380|[silent]","|turn|6","|","|move|p2a: Mamoswine|Icicle Spear|p1a: Chesnaught","|-crit|p1a: Chesnaught","|-supereffective|p1a: Chesnaught","|-damage|p1a: Chesnaught|107/380","|-supereffective|p1a: Chesnaught","|-damage|p1a: Chesnaught|37/380","|-supereffective|p1a: Chesnaught","|-damage|p1a: Chesnaught|0 fnt","|-hitcount|p1a: Chesnaught|3","|-damage|p2a: Mamoswine|234/424|[from] item: Life Orb","|faint|p1a: Chesnaught","|","|","|switch|p1a: Medicham|Medicham, F|262/262","|-damage|p1a: Medicham|246/262|[from] Stealth Rock","|turn|7","|","|detailschange|p1a: Medicham|Medicham-Mega, F","|-mega|p1a: Medicham|Medicham|Medichamite","|move|p1a: Medicham|Fake Out|p2a: Mamoswine","|-damage|p2a: Mamoswine|132/424","|cant|p2a: Mamoswine|flinch","|","|-damage|p2a: Mamoswine|79/424|[from] Leech Seed|[of] p1a: Medicham","|-heal|p1a: Medicham|262/262|[silent]","|turn|8","|","|move|p1a: Medicham|Bullet Punch|p2a: Mamoswine","|-supereffective|p2a: Mamoswine","|-damage|p2a: Mamoswine|0 fnt","|faint|p2a: Mamoswine","|","|","|switch|p2a: Hippowdon|Hippowdon, F|368/420","|-damage|p2a: Hippowdon|316/420|[from] Spikes","|-damage|p2a: Hippowdon|290/420|[from] Stealth Rock","|-weather|Sandstorm","|turn|9","|","|move|p1a: Medicham|Zen Headbutt|p2a: Hippowdon","|-damage|p2a: Hippowdon|110/420","|move|p2a: Hippowdon|Earthquake|p1a: Medicham","|-damage|p1a: Medicham|108/262","|","|-weather|Sandstorm|[upkeep]","|-damage|p1a: Medicham|92/262|[from] sandstorm","|-heal|p2a: Hippowdon|136/420|[from] item: Leftovers","|turn|10","|","|move|p1a: Medicham|High Jump Kick|p2a: Hippowdon","|-damage|p2a: Hippowdon|0 fnt","|faint|p2a: Hippowdon","|","|-weather|Sandstorm|[upkeep]","|-damage|p1a: Medicham|76/262|[from] sandstorm","|","|switch|p2a: Nidoking|Nidoking, M|303/303","|-damage|p2a: Nidoking|285/303|[from] Stealth Rock","|-damage|p2a: Nidoking|248/303|[from] Spikes","|turn|11","|","|move|p2a: Nidoking|Sludge Wave|p1a: Medicham","|-damage|p1a: Medicham|0 fnt","|faint|p1a: Medicham","|","|-weather|Sandstorm|[upkeep]","|","|switch|p1a: Hawlucha|Hawlucha, F|297/297","|-damage|p1a: Hawlucha|260/297|[from] Stealth Rock","|turn|12","|","|move|p2a: Nidoking|Sludge Wave|p1a: Hawlucha","|-damage|p1a: Hawlucha|34/297","|move|p1a: Hawlucha|Acrobatics|p2a: Nidoking","|-damage|p2a: Nidoking|142/303","|","|-weather|Sandstorm|[upkeep]","|-damage|p1a: Hawlucha|16/297|[from] sandstorm","|turn|13","|","|move|p2a: Nidoking|Sludge Wave|p1a: Hawlucha","|-damage|p1a: Hawlucha|0 fnt","|faint|p1a: Hawlucha","|","|-weather|none","|","|switch|p1a: Keldeo-Resolute|Keldeo-Resolute|324/324","|-damage|p1a: Keldeo-Resolute|304/324|[from] Stealth Rock","|turn|14","|","|move|p2a: Nidoking|Sludge Wave|p1a: Keldeo-Resolute","|-damage|p1a: Keldeo-Resolute|114/324","|move|p1a: Keldeo-Resolute|Secret Sword|p2a: Nidoking","|-resisted|p2a: Nidoking","|-damage|p2a: Nidoking|0 fnt","|faint|p2a: Nidoking","|","|","|switch|p2a: Garchomp|Garchomp, F|357/357","|-damage|p2a: Garchomp|335/357|[from] Stealth Rock","|-damage|p2a: Garchomp|291/357|[from] Spikes","|turn|15","|","|detailschange|p2a: Garchomp|Garchomp-Mega, F","|-mega|p2a: Garchomp|Garchomp|Garchompite","|move|p1a: Keldeo-Resolute|Secret Sword|p2a: Garchomp","|-damage|p2a: Garchomp|101/357","|move|p2a: Garchomp|Earthquake|p1a: Keldeo-Resolute","|-damage|p1a: Keldeo-Resolute|0 fnt","|faint|p1a: Keldeo-Resolute","|","|","|switch|p1a: Terrakion|Terrakion|324/324","|-damage|p1a: Terrakion|304/324|[from] Stealth Rock","|turn|16","|","|move|p1a: Terrakion|Earthquake|p2a: Garchomp","|-damage|p2a: Garchomp|0 fnt","|faint|p2a: Garchomp","|","|","|switch|p2a: Excadrill|Excadrill, M|361/361","|-damage|p2a: Excadrill|316/361|[from] Spikes","|-damage|p2a: Excadrill|305/361|[from] Stealth Rock","|turn|17","|","|move|p1a: Terrakion|Earthquake|p2a: Excadrill","|-supereffective|p2a: Excadrill","|-damage|p2a: Excadrill|0 fnt","|faint|p2a: Excadrill","|","|","|switch|p2a: Gastrodon|Gastrodon, M|426/426","|-damage|p2a: Gastrodon|400/426|[from] Stealth Rock","|-damage|p2a: Gastrodon|347/426|[from] Spikes","|turn|18","|","|move|p1a: Terrakion|Earthquake|p2a: Gastrodon","|-damage|p2a: Gastrodon|228/426","|move|p2a: Gastrodon|Earth Power|p1a: Terrakion","|-supereffective|p1a: Terrakion","|-damage|p1a: Terrakion|104/324","|","|-heal|p2a: Gastrodon|254/426|[from] item: Leftovers","|turn|19","|","|move|p1a: Terrakion|Earthquake|p2a: Gastrodon","|-damage|p2a: Gastrodon|137/426","|move|p2a: Gastrodon|Scald|p1a: Terrakion","|-supereffective|p1a: Terrakion","|-damage|p1a: Terrakion|0 fnt","|faint|p1a: Terrakion","|","|win|Emg Svu"],"p1rating":{"entryid":"7548471","serverid":"eos","formatid":"monotype","userid":"slkingdra","username":"SL~Kingdra","w":"10","l":9,"t":"0","gxe":51.6,"r":"1519.9438968855","rd":"74.701130968254","sigma":"0","rptime":"1439629200","rpr":1512.1222162298,"rprd":72.168697929476,"rpsigma":"0","acre":1081.586098645,"lacre":1081.586098645,"oldacre":"1114.5418850851"},"p2rating":{"entryid":"7656291","serverid":"eos","formatid":"monotype","userid":"emgsvu","username":"Emg Svu","w":1,"l":"1","t":"0","gxe":50.5,"r":"1500","rd":"130","sigma":"0","rptime":"1439629200","rpr":1503.9988582702,"rprd":116.19291566451,"rpsigma":"0","acre":1052.7292583041,"lacre":1052.7292583041,"oldacre":"1000"},"endType":"normal"}