{"seed":[28938,41586,19126,63041],"turns":21,"p1":"Fairy Ouroboros","p2":"I'm Not Slash","p1team":[{"name":"Deoxys-Speed","species":"Deoxys-Speed","item":"lightclay","ability":"Pressure","moves":["taunt","stealthrock","lightscreen","reflect"],"nature":"Timid","evs":{"hp":248,"atk":0,"def":0,"spa":0,"spd":8,"spe":252},"ivs":{"hp":31,"atk":0,"def":31,"spa":31,"spd":31,"spe":31}},{"name":"Gardevoir","species":"Gardevoir","item":"gardevoirite","ability":"Trace","moves":["substitute","hypervoice","psyshock","painsplit"],"nature":"Modest","evs":{"hp":0,"atk":0,"def":0,"spa":252,"spd":4,"spe":252},"ivs":{"hp":31,"atk":0,"def":31,"spa":31,"spd":31,"spe":31}},{"name":"Victini","species":"Victini","item":"choicescarf","ability":"Victory Star","moves":["vcreate","uturn","boltstrike","blueflare"],"nature":"Naive","evs":{"hp":0,"atk":252,"def":0,"spa":4,"spd":0,"spe":252},"ivs":{"hp":31,"atk":31,"def":31,"spa":31,"spd":31,"spe":31}},{"name":"Mew","species":"Mew","item":"leftovers","ability":"Synchronize","moves":["nastyplot","vacuumwave","flamethrower","psyshock"],"nature":"Modest","evs":{"hp":148,"atk":0,"def":0,"spa":252,"spd":0,"spe":108},"ivs":{"hp":31,"atk":0,"def":31,"spa":31,"spd":31,"spe":31}},{"name":"Hoopa-Unbound","species":"Hoopa-Unbound","item":"dreadplate","ability":"Magician","moves":["knockoff","drainpunch","gunkshot","darkpulse"],"nature":"Lonely","evs":{"hp":236,"atk":252,"def":0,"spa":8,"spd":0,"spe":12},"ivs":{"hp":31,"atk":31,"def":31,"spa":31,"spd":31,"spe":31}},{"name":"Meloetta","species":"Meloetta","item":"assaultvest","ability":"Serene Grace","moves":["thunderbolt","energyball","shadowball","hypervoice"],"nature":"Modest","evs":{"hp":248,"atk":0,"def":0,"spa":252,"spd":8,"spe":0},"ivs":{"hp":31,"atk":0,"def":31,"spa":31,"spd":31,"spe":31}}],"p2team":[{"name":"Keldeo","species":"Keldeo","item":"leftovers","ability":"Justified","moves":["calmmind","scald","secretsword","substitute"],"nature":"Timid","evs":{"hp":0,"atk":0,"def":0,"spa":252,"spd":4,"spe":252},"ivs":{"hp":31,"atk":31,"def":31,"spa":31,"spd":31,"spe":31}},{"name":"Breloom","species":"Breloom","item":"focussash","ability":"Technician","moves":["bulletseed","machpunch","spore","rocktomb"],"nature":"Adamant","evs":{"hp":0,"atk":252,"def":0,"spa":0,"spd":4,"spe":252},"ivs":{"hp":31,"atk":31,"def":31,"spa":31,"spd":31,"spe":31}},{"name":"Terrakion","species":"Terrakion","item":"lumberry","ability":"Justified","moves":["earthquake","closecombat","stealthrock","stoneedge"],"nature":"Jolly","evs":{"hp":0,"atk":252,"def":0,"spa":0,"spd":4,"spe":252},"ivs":{"hp":31,"atk":31,"def":31,"spa":31,"spd":31,"spe":31}},{"name":"Riolu","species":"Riolu","item":"focussash","ability":"Prankster","moves":["circlethrow","roar","copycat","counter"],"nature":"Adamant","evs":{"hp":252,"atk":252,"def":0,"spa":0,"spd":0,"spe":4},"ivs":{"hp":31,"atk":31,"def":31,"spa":31,"spd":31,"spe":31}},{"name":"Hitmonlee","species":"Hitmonlee","item":"assaultvest","ability":"Limber","moves":["highjumpkick","rapidspin","knockoff","pursuit"],"nature":"Adamant","evs":{"hp":248,"atk":252,"def":0,"spa":0,"spd":8,"spe":0},"ivs":{"hp":31,"atk":31,"def":31,"spa":31,"spd":31,"spe":31}},{"name":"Chesnaught","species":"Chesnaught","item":"leftovers","ability":"Bulletproof","moves":["spikes","spikyshield","leechseed","roar"],"nature":"Bold","evs":{"hp":248,"atk":0,"def":252,"spa":0,"spd":8,"spe":0},"ivs":{"hp":31,"atk":31,"def":31,"spa":31,"spd":31,"spe":31}}],"log":["|player|p1|Fairy Ouroboros|swlneki.png","|player|p2|I'm Not Slash|180","|gametype|singles","|gen|6","|tier|Monotype","|rated","|rule|Baton Pass Clause: Limit one Baton Passer, can't pass Spe and other stats simultaneously","|rule|Swagger Clause: Swagger is banned","|rule|Same Type Clause: Pokémon in a team must share a type","|clearpoke","|poke|p1|Deoxys-Speed","|poke|p1|Gardevoir, M","|poke|p1|Victini","|poke|p1|Mew","|poke|p1|Hoopa-Unbound","|poke|p1|Meloetta","|poke|p2|Keldeo","|poke|p2|Breloom, M","|poke|p2|Terrakion","|poke|p2|Riolu, F","|poke|p2|Hitmonlee, M","|poke|p2|Chesnaught, M","|rule|Sleep Clause Mod: Limit one foe put to sleep","|rule|Species Clause: Limit one of each Pokémon","|rule|OHKO Clause: OHKO moves are banned","|rule|Moody Clause: Moody is banned","|rule|Evasion Moves Clause: Evasion moves are banned","|rule|Endless Battle Clause: Forcing endless battles is banned","|rule|HP Percentage Mod: HP is shown in percentages","|teampreview","|","|start","|switch|p1a: Mew|Mew|378/378","|switch|p2a: Breloom|Breloom, M|261/261","|turn|1","|","|switch|p1a: Hoopa-Unbound|Hoopa-Unbound|360/360","|move|p2a: Breloom|Spore|p1a: Hoopa-Unbound","|-status|p1a: Hoopa-Unbound|slp","|","|turn|2","|","|switch|p1a: Victini|Victini|341/341","|move|p2a: Breloom|Bullet Seed|p1a: Victini","|-resisted|p1a: Victini","|-damage|p1a: Victini|306/341","|-resisted|p1a: Victini","|-damage|p1a: Victini|268/341","|-hitcount|p1a: Victini|2","|","|turn|3","|","|move|p1a: Victini|U-turn|p2a: Breloom","|-damage|p2a: Breloom|177/261","|","|switch|p1a: Mew|Mew|378/378","|move|p2a: Breloom|Rock Tomb|p1a: Mew","|-damage|p1a: Mew|263/378","|-unboost|p1a: Mew|spe|1","|","|-heal|p1a: Mew|286/378|[from] item: Leftovers","|turn|4","|","|switch|p1a: Victini|Victini|268/341","|move|p2a: Breloom|Bullet Seed|p1a: Victini","|-resisted|p1a: Victini","|-damage|p1a: Victini|229/341","|-resisted|p1a: Victini","|-damage|p1a: Victini|194/341","|-crit|p1a: Victini","|-resisted|p1a: Victini","|-damage|p1a: Victini|142/341","|-hitcount|p1a: Victini|3","|","|turn|5","|","|move|p2a: Breloom|Mach Punch|p1a: Victini","|-resisted|p1a: Victini","|-damage|p1a: Victini|79/341","|move|p1a: Victini|Blue Flare|p2a: Breloom","|-supereffective|p2a: Breloom","|-damage|p2a: Breloom|0 fnt","|faint|p2a: Breloom","|","|","|switch|p2a: Terrakion|Terrakion|323/323","|turn|6","|","|switch|p1a: Hoopa-Unbound|Hoopa-Unbound|360/360 slp","|move|p2a: Terrakion|Stealth Rock|p1a: Hoopa-Unbound","|-sidestart|p1: Fairy Ouroboros|move: Stealth Rock","|","|turn|7","|","|switch|p2a: Riolu|Riolu, F|284/284","|cant|p1a: Hoopa-Unbound|slp","|","|turn|8","|","|-curestatus|p1a: Hoopa-Unbound|slp","|move|p1a: Hoopa-Unbound|Drain Punch|p2a: Riolu","|-damage|p2a: Riolu|39/284","|move|p2a: Riolu|Roar|p1a: Hoopa-Unbound","|drag|p1a: Victini|Victini|79/341","|-damage|p1a: Victini|0 fnt|[from] Stealth Rock","|faint|p1a: Victini","|","|","|switch|p1a: Deoxys-Speed|Deoxys-Speed|303/303","|-damage|p1a: Deoxys-Speed|266/303|[from] Stealth Rock","|-ability|p1a: Deoxys-Speed|Pressure","|turn|9","|","|move|p2a: Riolu|Copycat|p2a: Riolu","|-fail|p2a: Riolu","|move|p1a: Deoxys-Speed|Taunt|p2a: Riolu","|-start|p2a: Riolu|move: Taunt","|","|turn|10","|","|move|p1a: Deoxys-Speed|Reflect|p1a: Deoxys-Speed","|-sidestart|p1: Fairy Ouroboros|Reflect","|move|p2a: Riolu|Circle Throw|p1a: Deoxys-Speed","|-resisted|p1a: Deoxys-Speed","|-damage|p1a: Deoxys-Speed|244/303","|drag|p1a: Mew|Mew|286/378","|-damage|p1a: Mew|239/378|[from] Stealth Rock","|","|-heal|p1a: Mew|262/378|[from] item: Leftovers","|turn|11","|","|move|p1a: Mew|Flamethrower|p2a: Riolu","|-damage|p2a: Riolu|0 fnt","|faint|p2a: Riolu","|","|-heal|p1a: Mew|285/378|[from] item: Leftovers","|","|switch|p2a: Hitmonlee|Hitmonlee, M|303/303","|turn|12","|","|move|p1a: Mew|Psyshock|p2a: Hitmonlee","|-supereffective|p2a: Hitmonlee","|-damage|p2a: Hitmonlee|0 fnt","|faint|p2a: Hitmonlee","|","|-heal|p1a: Mew|308/378|[from] item: Leftovers","|","|switch|p2a: Terrakion|Terrakion|323/323","|turn|13","|","|move|p2a: Terrakion|Stone Edge|p1a: Mew|[miss]","|-miss|p2a: Terrakion|p1a: Mew","|move|p1a: Mew|Psyshock|p2a: Terrakion","|-supereffective|p2a: Terrakion","|-damage|p2a: Terrakion|41/323","|","|-heal|p1a: Mew|331/378|[from] item: Leftovers","|turn|14","|","|move|p1a: Mew|Vacuum Wave|p2a: Terrakion","|-supereffective|p2a: Terrakion","|-damage|p2a: Terrakion|0 fnt","|faint|p2a: Terrakion","|","|-heal|p1a: Mew|354/378|[from] item: Leftovers","|","|switch|p2a: Chesnaught|Chesnaught, M|379/379","|turn|15","|","|move|p1a: Mew|Flamethrower|p2a: Chesnaught","|-supereffective|p2a: Chesnaught","|-damage|p2a: Chesnaught|151/379","|move|p2a: Chesnaught|Leech Seed|p1a: Mew","|-start|p1a: Mew|move: Leech Seed","|","|-heal|p1a: Mew|377/378|[from] item: Leftovers","|-heal|p2a: Chesnaught|174/379|[from] item: Leftovers","|-damage|p1a: Mew|330/378|[from] Leech Seed|[of] p2a: Chesnaught","|-heal|p2a: Chesnaught|221/379|[silent]","|turn|16","|","|move|p2a: Chesnaught|Spiky Shield|p2a: Chesnaught","|-singleturn|p2a: Chesnaught|move: Protect","|move|p1a: Mew|Nasty Plot|p1a: Mew","|-boost|p1a: Mew|spa|2","|","|-heal|p1a: Mew|353/378|[from] item: Leftovers","|-heal|p2a: Chesnaught|244/379|[from] item: Leftovers","|-damage|p1a: Mew|306/378|[from] Leech Seed|[of] p2a: Chesnaught","|-heal|p2a: Chesnaught|291/379|[silent]","|turn|17","|","|move|p2a: Chesnaught|Spiky Shield|p2a: Chesnaught","|-singleturn|p2a: Chesnaught|move: Protect","|move|p1a: Mew|Psyshock|p2a: Chesnaught","|-activate|p2a: Chesnaught|Protect","|","|-heal|p1a: Mew|329/378|[from] item: Leftovers","|-heal|p2a: Chesnaught|314/379|[from] item: Leftovers","|-damage|p1a: Mew|282/378|[from] Leech Seed|[of] p2a: Chesnaught","|-heal|p2a: Chesnaught|361/379|[silent]","|-sideend|p1: Fairy Ouroboros|Reflect","|turn|18","|","|move|p1a: Mew|Psyshock|p2a: Chesnaught","|-supereffective|p2a: Chesnaught","|-damage|p2a: Chesnaught|13/379","|move|p2a: Chesnaught|Roar|p1a: Mew","|drag|p1a: Gardevoir|Gardevoir, M|277/277","|-damage|p1a: Gardevoir|243/277|[from] Stealth Rock","|-ability|p1a: Gardevoir|Bulletproof|[from] ability: Trace|[of] p2a: Chesnaught","|","|-heal|p2a: Chesnaught|36/379|[from] item: Leftovers","|turn|19","|","|move|p1a: Gardevoir|Substitute|p1a: Gardevoir","|-start|p1a: Gardevoir|Substitute","|-damage|p1a: Gardevoir|174/277","|move|p2a: Chesnaught|Spikes|p1a: Gardevoir","|-sidestart|p1: Fairy Ouroboros|Spikes","|","|-heal|p2a: Chesnaught|59/379|[from] item: Leftovers","|turn|20","|","|detailschange|p1a: Gardevoir|Gardevoir-Mega, M","|-mega|p1a: Gardevoir|Gardevoir|Gardevoirite","|move|p1a: Gardevoir|Psyshock|p2a: Chesnaught","|-supereffective|p2a: Chesnaught","|-damage|p2a: Chesnaught|0 fnt","|faint|p2a: Chesnaught","|","|","|switch|p2a: Keldeo|Keldeo|323/323","|turn|21","|","|move|p2a: Keldeo|Scald|p1a: Gardevoir","|-end|p1a: Gardevoir|Substitute","|move|p1a: Gardevoir|Hyper Voice|p2a: Keldeo","|-supereffective|p2a: Keldeo","|-damage|p2a: Keldeo|0 fnt","|faint|p2a: Keldeo","|","|win|Fairy Ouroboros"],"p1rating":{"entryid":"7662052","serverid":"eos","formatid":"monotype","userid":"fairyouroboros","username":"Fairy Ouroboros","w":4,"l":"0","t":"0","gxe":65.8,"r":"1500","rd":"130","sigma":"0","rptime":"1439629200","rpr":1628.6690082437,"rprd":105.88780239651,"rpsigma":"0","acre":1128.410280143,"lacre":1128.410280143,"oldacre":"1107.8202759918"},"p2rating":{"entryid":"7657367","serverid":"eos","formatid":"monotype","userid":"imnotslash","username":"I'm Not Slash","w":"1","l":1,"t":"0","gxe":50,"r":"1500","rd":"130","sigma":"0","rptime":"1439629200","rpr":1500,"rprd":116.77753930647,"rpsigma":"0","acre":1031.9802454317,"lacre":1031.9802454317,"oldacre":"1045.8848643807"},"endType":"normal"}