{"seed":[11035,4210,58679,8044],"turns":23,"p1":"Guard Shadow","p2":"Adviser♕Boo","p1team":[{"name":"Shadow","species":"sableye","item":"sablenite","ability":"Prankster","moves":["willowisp","calmmind","recover","powergem"],"nature":"Bold","evs":{"hp":252,"atk":0,"def":252,"spa":0,"spd":4,"spe":0},"gender":"M","ivs":{"hp":31,"atk":0,"def":31,"spa":31,"spd":31,"spe":31}},{"name":"Phantom","species":"gengar","item":"focussash","ability":"Levitate","moves":["shadowball","sludgebomb","energyball","destinybond"],"nature":"Timid","evs":{"hp":0,"atk":0,"def":0,"spa":252,"spd":4,"spe":252},"gender":"M","shiny":true,"ivs":{"hp":31,"atk":31,"def":31,"spa":31,"spd":31,"spe":31}},{"name":"Wraith","species":"golurk","item":"focussash","ability":"No Guard","moves":["dynamicpunch","earthquake","rockpolish","stealthrock"],"nature":"Adamant","evs":{"hp":0,"atk":252,"def":0,"spa":0,"spd":4,"spe":252},"shiny":true,"ivs":{"hp":31,"atk":31,"def":31,"spa":31,"spd":31,"spe":31}},{"name":"Masamune","species":"aegislash","item":"leftovers","ability":"Stance Change","moves":["ironhead","shadowsneak","swordsdance","kingsshield"],"nature":"Adamant","evs":{"hp":252,"atk":252,"def":0,"spa":0,"spd":0,"spe":4},"gender":"M","shiny":true,"ivs":{"hp":31,"atk":31,"def":31,"spa":31,"spd":31,"spe":31}},{"name":"Inferno","species":"chandelure","item":"choicescarf","ability":"Flash Fire","moves":["fireblast","shadowball","hiddenpowerice","trick"],"nature":"Modest","evs":{"hp":0,"atk":0,"def":0,"spa":252,"spd":4,"spe":252},"gender":"M","ivs":{"hp":31,"atk":30,"def":30,"spa":31,"spd":31,"spe":31}},{"name":"Mismagius","species":"Mismagius","item":"focussash","ability":"Levitate","moves":["shadowball","dazzlinggleam","nastyplot","destinybond"],"nature":"Timid","evs":{"hp":0,"atk":0,"def":0,"spa":252,"spd":4,"spe":252},"gender":"F","ivs":{"hp":31,"atk":31,"def":31,"spa":31,"spd":31,"spe":31}}],"p2team":[{"name":"Breloom","species":"Breloom","item":"lifeorb","ability":"Technician","moves":["spore","swordsdance","machpunch","bulletseed"],"nature":"Jolly","evs":{"hp":0,"atk":252,"def":0,"spa":0,"spd":4,"spe":252},"ivs":{"hp":31,"atk":31,"def":31,"spa":31,"spd":31,"spe":31}},{"name":"Ferrothorn","species":"Ferrothorn","item":"rockyhelmet","ability":"Iron Barbs","moves":["leechseed","gyroball","stealthrock","powerwhip"],"nature":"Relaxed","evs":{"hp":248,"atk":8,"def":252,"spa":0,"spd":0,"spe":0},"ivs":{"hp":31,"atk":31,"def":31,"spa":31,"spd":31,"spe":0}},{"name":"Cradily","species":"Cradily","item":"leftovers","ability":"Storm Drain","moves":["stealthrock","recover","gigadrain","earthpower"],"nature":"Calm","evs":{"hp":252,"atk":0,"def":0,"spa":4,"spd":252,"spe":0},"ivs":{"hp":31,"atk":31,"def":31,"spa":31,"spd":31,"spe":31}},{"name":"Serperior","species":"Serperior","item":"lifeorb","ability":"Contrary","moves":["leafstorm","dragonpulse","glare","hiddenpowerrock"],"nature":"Timid","evs":{"hp":0,"atk":0,"def":0,"spa":252,"spd":4,"spe":252},"ivs":{"hp":31,"atk":31,"def":30,"spa":31,"spd":30,"spe":30}},{"name":"Venusaur","species":"Venusaur","item":"venusaurite","ability":"Overgrow","moves":["gigadrain","sludgebomb","leechseed","hiddenpowerfire"],"nature":"Modest","evs":{"hp":248,"atk":0,"def":0,"spa":252,"spd":8,"spe":0},"ivs":{"hp":31,"atk":30,"def":31,"spa":30,"spd":31,"spe":30}},{"name":"Celebi","species":"Celebi","item":"leftovers","ability":"Natural Cure","moves":["calmmind","energyball","gigadrain","recover"],"nature":"Modest","evs":{"hp":220,"atk":0,"def":0,"spa":252,"spd":0,"spe":36},"ivs":{"hp":31,"atk":30,"def":30,"spa":31,"spd":31,"spe":31}}],"log":["|player|p1|Guard Shadow|274","|player|p2|Adviser♕Boo|adviserboo.gif","|gametype|singles","|gen|6","|tier|Monotype","|rated","|rule|Baton Pass Clause: Limit one Baton Passer, can't pass Spe and other stats simultaneously","|rule|Swagger Clause: Swagger is banned","|rule|Same Type Clause: Pokémon in a team must share a type","|clearpoke","|poke|p1|Sableye, M","|poke|p1|Gengar, M, shiny","|poke|p1|Golurk, shiny","|poke|p1|Aegislash, M, shiny","|poke|p1|Chandelure, M","|poke|p1|Mismagius, F","|poke|p2|Breloom, M","|poke|p2|Ferrothorn, F","|poke|p2|Cradily, F","|poke|p2|Serperior, F","|poke|p2|Venusaur, F","|poke|p2|Celebi","|rule|Sleep Clause Mod: Limit one foe put to sleep","|rule|Species Clause: Limit one of each Pokémon","|rule|OHKO Clause: OHKO moves are banned","|rule|Moody Clause: Moody is banned","|rule|Evasion Moves Clause: Evasion moves are banned","|rule|Endless Battle Clause: Forcing endless battles is banned","|rule|HP Percentage Mod: HP is shown in percentages","|teampreview","|","|start","|switch|p1a: Inferno|Chandelure, M|261/261","|switch|p2a: Serperior|Serperior, F|291/291","|turn|1","|","|switch|p2a: Cradily|Cradily, F|376/376","|move|p1a: Inferno|Fire Blast|p2a: Cradily","|-crit|p2a: Cradily","|-damage|p2a: Cradily|153/376","|","|-heal|p2a: Cradily|176/376|[from] item: Leftovers","|turn|2","|","|move|p1a: Inferno|Fire Blast|p2a: Cradily","|-damage|p2a: Cradily|17/376","|-status|p2a: Cradily|brn","|move|p2a: Cradily|Stealth Rock|p1a: Inferno","|-sidestart|p1: Guard Shadow|move: Stealth Rock","|","|-heal|p2a: Cradily|40/376 brn|[from] item: Leftovers","|-damage|p2a: Cradily|0 fnt|[from] brn","|faint|p2a: Cradily","|","|switch|p2a: Venusaur|Venusaur, F|363/363","|turn|3","|","|detailschange|p2a: Venusaur|Venusaur-Mega, F","|-mega|p2a: Venusaur|Venusaur|Venusaurite","|move|p1a: Inferno|Fire Blast|p2a: Venusaur","|-supereffective|p2a: Venusaur","|-damage|p2a: Venusaur|157/363","|move|p2a: Venusaur|Leech Seed|p1a: Inferno","|-start|p1a: Inferno|move: Leech Seed","|","|-damage|p1a: Inferno|229/261|[from] Leech Seed|[of] p2a: Venusaur","|-heal|p2a: Venusaur|189/363|[silent]","|turn|4","|","|move|p1a: Inferno|Fire Blast|p2a: Venusaur|[miss]","|-miss|p1a: Inferno|p2a: Venusaur","|move|p2a: Venusaur|Giga Drain|p1a: Inferno","|-resisted|p1a: Inferno","|-damage|p1a: Inferno|154/261","|-heal|p2a: Venusaur|227/363|[from] drain|[of] p1a: Inferno","|","|-damage|p1a: Inferno|122/261|[from] Leech Seed|[of] p2a: Venusaur","|-heal|p2a: Venusaur|259/363|[silent]","|turn|5","|","|move|p1a: Inferno|Fire Blast|p2a: Venusaur","|-supereffective|p2a: Venusaur","|-damage|p2a: Venusaur|55/363","|move|p2a: Venusaur|Sludge Bomb|p1a: Inferno","|-resisted|p1a: Inferno","|-damage|p1a: Inferno|26/261","|-status|p1a: Inferno|psn","|","|-damage|p1a: Inferno|0 fnt|[from] Leech Seed|[of] p2a: Venusaur","|-heal|p2a: Venusaur|81/363|[silent]","|faint|p1a: Inferno","|","|switch|p1a: Phantom|Gengar, M, shiny|261/261","|-damage|p1a: Phantom|229/261|[from] Stealth Rock","|turn|6","|","|move|p1a: Phantom|Shadow Ball|p2a: Venusaur","|-damage|p2a: Venusaur|0 fnt","|faint|p2a: Venusaur","|","|","|switch|p2a: Ferrothorn|Ferrothorn, F|351/351","|turn|7","|","|move|p1a: Phantom|Shadow Ball|p2a: Ferrothorn","|-damage|p2a: Ferrothorn|228/351","|move|p2a: Ferrothorn|Gyro Ball|p1a: Phantom","|-damage|p1a: Phantom|0 fnt","|faint|p1a: Phantom","|","|","|switch|p1a: Shadow|Sableye, M|304/304","|-damage|p1a: Shadow|266/304|[from] Stealth Rock","|turn|8","|","|detailschange|p1a: Shadow|Sableye-Mega, M","|-mega|p1a: Shadow|Sableye|Sablenite","|move|p1a: Shadow|Will-O-Wisp|p2a: Ferrothorn","|-status|p2a: Ferrothorn|brn","|move|p2a: Ferrothorn|Power Whip|p1a: Shadow","|-damage|p1a: Shadow|224/304","|","|-damage|p2a: Ferrothorn|185/351 brn|[from] brn","|turn|9","|","|switch|p2a: Serperior|Serperior, F|291/291","|move|p1a: Shadow|Calm Mind|p1a: Shadow","|-boost|p1a: Shadow|spa|1","|-boost|p1a: Shadow|spd|1","|","|turn|10","|","|move|p2a: Serperior|Leaf Storm|p1a: Shadow|[miss]","|-miss|p2a: Serperior|p1a: Shadow","|move|p1a: Shadow|Will-O-Wisp|p2a: Serperior","|-status|p2a: Serperior|brn","|","|-damage|p2a: Serperior|255/291 brn|[from] brn","|turn|11","|","|move|p2a: Serperior|Leaf Storm|p1a: Shadow","|-damage|p1a: Shadow|95/304","|-boost|p2a: Serperior|spa|2","|-damage|p2a: Serperior|226/291 brn|[from] item: Life Orb","|move|p1a: Shadow|Calm Mind|p1a: Shadow","|-boost|p1a: Shadow|spa|1","|-boost|p1a: Shadow|spd|1","|","|-damage|p2a: Serperior|190/291 brn|[from] brn","|turn|12","|","|move|p2a: Serperior|Leaf Storm|p1a: Shadow","|-damage|p1a: Shadow|0 fnt","|-boost|p2a: Serperior|spa|2","|-damage|p2a: Serperior|161/291 brn|[from] item: Life Orb","|faint|p1a: Shadow","|","|-damage|p2a: Serperior|125/291 brn|[from] brn","|","|switch|p1a: Mismagius|Mismagius, F|261/261","|-damage|p1a: Mismagius|229/261|[from] Stealth Rock","|turn|13","|","|move|p2a: Serperior|Leaf Storm|p1a: Mismagius","|-damage|p1a: Mismagius|0 fnt","|-boost|p2a: Serperior|spa|2","|-damage|p2a: Serperior|96/291 brn|[from] item: Life Orb","|faint|p1a: Mismagius","|","|-damage|p2a: Serperior|60/291 brn|[from] brn","|","|switch|p1a: Masamune|Aegislash, M, shiny|324/324","|-damage|p1a: Masamune|304/324|[from] Stealth Rock","|turn|14","|","|-formechange|p1a: Masamune|Aegislash-Blade","|move|p1a: Masamune|Shadow Sneak|p2a: Serperior","|-damage|p2a: Serperior|0 fnt","|faint|p2a: Serperior","|","|-heal|p1a: Masamune|324/324|[from] item: Leftovers","|","|switch|p2a: Ferrothorn|Ferrothorn, F|185/351 brn","|turn|15","|","|move|p1a: Masamune|Swords Dance|p1a: Masamune","|-boost|p1a: Masamune|atk|2","|move|p2a: Ferrothorn|Leech Seed|p1a: Masamune","|-start|p1a: Masamune|move: Leech Seed","|","|-damage|p1a: Masamune|284/324|[from] Leech Seed|[of] p2a: Ferrothorn","|-heal|p2a: Ferrothorn|225/351 brn|[silent]","|-damage|p2a: Ferrothorn|182/351 brn|[from] brn","|turn|16","|","|move|p1a: Masamune|Iron Head|p2a: Ferrothorn","|-crit|p2a: Ferrothorn","|-resisted|p2a: Ferrothorn","|-damage|p2a: Ferrothorn|26/351 brn","|-damage|p1a: Masamune|244/324|[from] ability: Iron Barbs|[of] p2a: Ferrothorn","|-damage|p1a: Masamune|190/324|[from] item: Rocky Helmet|[of] p2a: Ferrothorn","|move|p2a: Ferrothorn|Power Whip|p1a: Masamune","|-resisted|p1a: Masamune","|-damage|p1a: Masamune|131/324","|","|-heal|p1a: Masamune|151/324|[from] item: Leftovers","|-damage|p1a: Masamune|111/324|[from] Leech Seed|[of] p2a: Ferrothorn","|-heal|p2a: Ferrothorn|66/351 brn|[silent]","|-damage|p2a: Ferrothorn|23/351 brn|[from] brn","|turn|17","|","|-formechange|p1a: Masamune|Aegislash","|move|p1a: Masamune|King's Shield|p1a: Masamune","|-singleturn|p1a: Masamune|Protect","|move|p2a: Ferrothorn|Power Whip|p1a: Masamune","|-activate|p1a: Masamune|Protect","|-unboost|p2a: Ferrothorn|atk|2","|","|-heal|p1a: Masamune|131/324|[from] item: Leftovers","|-damage|p1a: Masamune|91/324|[from] Leech Seed|[of] p2a: Ferrothorn","|-heal|p2a: Ferrothorn|63/351 brn|[silent]","|-damage|p2a: Ferrothorn|20/351 brn|[from] brn","|turn|18","|","|move|p1a: Masamune|Swords Dance|p1a: Masamune","|-boost|p1a: Masamune|atk|2","|move|p2a: Ferrothorn|Power Whip|p1a: Masamune","|-resisted|p1a: Masamune","|-damage|p1a: Masamune|79/324","|","|-heal|p1a: Masamune|99/324|[from] item: Leftovers","|-damage|p1a: Masamune|59/324|[from] Leech Seed|[of] p2a: Ferrothorn","|-heal|p2a: Ferrothorn|60/351 brn|[silent]","|-damage|p2a: Ferrothorn|17/351 brn|[from] brn","|turn|19","|","|move|p1a: Masamune|King's Shield|p1a: Masamune","|-singleturn|p1a: Masamune|Protect","|move|p2a: Ferrothorn|Power Whip|p1a: Masamune","|-activate|p1a: Masamune|Protect","|-unboost|p2a: Ferrothorn|atk|2","|","|-heal|p1a: Masamune|79/324|[from] item: Leftovers","|-damage|p1a: Masamune|39/324|[from] Leech Seed|[of] p2a: Ferrothorn","|-heal|p2a: Ferrothorn|57/351 brn|[silent]","|-damage|p2a: Ferrothorn|14/351 brn|[from] brn","|turn|20","|","|move|p1a: Masamune|Swords Dance|p1a: Masamune","|-boost|p1a: Masamune|atk|2","|move|p2a: Ferrothorn|Power Whip|p1a: Masamune","|-resisted|p1a: Masamune","|-damage|p1a: Masamune|31/324","|","|-heal|p1a: Masamune|51/324|[from] item: Leftovers","|-damage|p1a: Masamune|11/324|[from] Leech Seed|[of] p2a: Ferrothorn","|-heal|p2a: Ferrothorn|54/351 brn|[silent]","|-damage|p2a: Ferrothorn|11/351 brn|[from] brn","|turn|21","|","|-formechange|p1a: Masamune|Aegislash-Blade","|move|p1a: Masamune|Iron Head|p2a: Ferrothorn","|-resisted|p2a: Ferrothorn","|-damage|p2a: Ferrothorn|0 fnt","|-damage|p1a: Masamune|0 fnt|[from] ability: Iron Barbs|[of] p2a: Ferrothorn","|faint|p1a: Masamune","|faint|p2a: Ferrothorn","|","|","|switch|p2a: Breloom|Breloom, M|261/261","|switch|p1a: Wraith|Golurk, shiny|319/319","|-damage|p1a: Wraith|300/319|[from] Stealth Rock","|turn|22","|","|move|p2a: Breloom|Spore|p1a: Wraith","|-status|p1a: Wraith|slp","|cant|p1a: Wraith|slp","|","|turn|23","|","|move|p2a: Breloom|Bullet Seed|p1a: Wraith","|-supereffective|p1a: Wraith","|-damage|p1a: Wraith|82/319 slp","|-supereffective|p1a: Wraith","|-damage|p1a: Wraith|0 fnt","|-hitcount|p1a: Wraith|2","|-damage|p2a: Breloom|235/261|[from] item: Life Orb","|faint|p1a: Wraith","|","|win|Adviser♕Boo"],"p1rating":{"entryid":"6072101","serverid":"eos","formatid":"monotype","userid":"guardshadow","username":"Guard Shadow","w":"22","l":27,"t":"0","gxe":44.3,"r":"1443.0620650413","rd":"60.13341972871","sigma":"0","rptime":"1439629200","rpr":1456.0234326655,"rprd":56.092640870524,"rpsigma":"0","acre":1097.3881436015,"lacre":1097.3881436015,"oldacre":"1127.4361211462"},"p2rating":{"entryid":"7083956","serverid":"eos","formatid":"monotype","userid":"adviserboo","username":"Adviser♕Boo","w":84,"l":"59","t":"0","gxe":58,"r":"1562.4554200328","rd":"34.731921998545","sigma":"0","rptime":"1439629200","rpr":1560.7197642158,"rprd":34.431843722223,"rpsigma":"0","acre":1094.2304858923,"lacre":1094.2304858923,"oldacre":"1056.3047927013"},"endType":"normal"}