{"seed":[58570,58594,42860,41917],"turns":22,"p1":"SRITL- Skarlet","p2":"Knight♕Altair","p1team":[{"name":"Swampert","species":"Swampert","item":"swampertite","ability":"Damp","moves":["waterfall","earthquake","icepunch","poweruppunch"],"nature":"Adamant","evs":{"hp":248,"atk":252,"def":0,"spa":0,"spd":8,"spe":0},"ivs":{"hp":31,"atk":31,"def":31,"spa":31,"spd":31,"spe":31}},{"name":"Manaphy","species":"Manaphy","item":"sitrusberry","ability":"Hydration","moves":["tailglow","scald","icebeam","energyball"],"nature":"Timid","evs":{"hp":0,"atk":0,"def":0,"spa":252,"spd":4,"spe":252},"shiny":true,"ivs":{"hp":31,"atk":31,"def":31,"spa":31,"spd":31,"spe":31}},{"name":"Azumarill","species":"Azumarill","item":"sitrusberry","ability":"Huge Power","moves":["aquajet","aquatail","playrough","bellydrum"],"nature":"Adamant","evs":{"hp":252,"atk":252,"def":0,"spa":0,"spd":4,"spe":0},"shiny":true,"ivs":{"hp":31,"atk":31,"def":31,"spa":31,"spd":31,"spe":31}},{"name":"Cloyster","species":"Cloyster","item":"focussash","ability":"Skill Link","moves":["iciclespear","rockblast","shellsmash","iceshard"],"nature":"Adamant","evs":{"hp":0,"atk":252,"def":0,"spa":0,"spd":4,"spe":252},"shiny":true,"ivs":{"hp":31,"atk":31,"def":31,"spa":31,"spd":31,"spe":31}},{"name":"Starmie","species":"Starmie","item":"sitrusberry","ability":"Natural Cure","moves":["dazzlinggleam","rapidspin","scald","reflecttype"],"nature":"Timid","evs":{"hp":0,"atk":0,"def":0,"spa":252,"spd":4,"spe":252},"shiny":true,"ivs":{"hp":31,"atk":31,"def":31,"spa":31,"spd":31,"spe":31}},{"name":"Kingdra","species":"Kingdra","item":"scopelens","ability":"Sniper","moves":["clearsmog","scald","focusenergy","dragonpulse"],"nature":"Modest","evs":{"hp":252,"atk":0,"def":0,"spa":252,"spd":4,"spe":0},"shiny":true,"ivs":{"hp":31,"atk":31,"def":31,"spa":31,"spd":31,"spe":31}}],"p2team":[{"name":"Take a Chance xd","species":"chansey","item":"eviolite","ability":"Natural Cure","moves":["toxic","softboiled","seismictoss","stealthrock"],"nature":"Bold","evs":{"hp":4,"atk":0,"def":252,"spa":0,"spd":252,"spe":0},"ivs":{"hp":31,"atk":31,"def":31,"spa":31,"spd":31,"spe":31}},{"name":"Im very Punny xd","species":"lopunny","item":"lopunnite","ability":"Limber","moves":["highjumpkick","return","fakeout","icepunch"],"nature":"Jolly","evs":{"hp":0,"atk":252,"def":4,"spa":0,"spd":0,"spe":252},"ivs":{"hp":31,"atk":31,"def":31,"spa":31,"spd":31,"spe":31}},{"name":"Pory is gone 2 far","species":"porygon2","item":"eviolite","ability":"Trace","moves":["toxic","icebeam","discharge","recover"],"nature":"Bold","evs":{"hp":252,"atk":0,"def":252,"spa":4,"spd":0,"spe":0},"ivs":{"hp":31,"atk":31,"def":31,"spa":31,"spd":31,"spe":31}},{"name":"Mellow Out D00d","species":"meloetta","item":"lifeorb","ability":"Serene Grace","moves":["relicsong","psychic","closecombat","knockoff"],"nature":"Naive","evs":{"hp":0,"atk":128,"def":0,"spa":128,"spd":0,"spe":252},"ivs":{"hp":31,"atk":31,"def":31,"spa":31,"spd":31,"spe":31}},{"name":"The Raptorz Star","species":"staraptor","item":"choiceband","ability":"Reckless","moves":["bravebird","doubleedge","finalgambit","uturn"],"nature":"Adamant","evs":{"hp":0,"atk":252,"def":4,"spa":0,"spd":0,"spe":252},"ivs":{"hp":31,"atk":31,"def":31,"spa":31,"spd":31,"spe":31}},{"name":"Give em Hell..iois","species":"heliolisk","item":"lifeorb","ability":"Dry Skin","moves":["voltswitch","hypervoice","grassknot","thunderbolt"],"nature":"Timid","evs":{"hp":0,"atk":0,"def":0,"spa":252,"spd":4,"spe":252},"ivs":{"hp":31,"atk":31,"def":31,"spa":31,"spd":31,"spe":31}}],"log":["|player|p1|SRITL- Skarlet|138","|player|p2|Knight♕Altair|274","|gametype|singles","|gen|6","|tier|Monotype","|rated","|rule|Baton Pass Clause: Limit one Baton Passer, can't pass Spe and other stats simultaneously","|rule|Swagger Clause: Swagger is banned","|rule|Same Type Clause: Pokémon in a team must share a type","|clearpoke","|poke|p1|Swampert, F","|poke|p1|Manaphy, shiny","|poke|p1|Azumarill, M, shiny","|poke|p1|Cloyster, F, shiny","|poke|p1|Starmie, shiny","|poke|p1|Kingdra, M, shiny","|poke|p2|Chansey, F","|poke|p2|Lopunny, F","|poke|p2|Porygon2","|poke|p2|Meloetta","|poke|p2|Staraptor, F","|poke|p2|Heliolisk, F","|rule|Sleep Clause Mod: Limit one foe put to sleep","|rule|Species Clause: Limit one of each Pokémon","|rule|OHKO Clause: OHKO moves are banned","|rule|Moody Clause: Moody is banned","|rule|Evasion Moves Clause: Evasion moves are banned","|rule|Endless Battle Clause: Forcing endless battles is banned","|rule|HP Percentage Mod: HP is shown in percentages","|teampreview","|","|start","|switch|p1a: Azumarill|Azumarill, M, shiny|404/404","|switch|p2a: Mellow Out D00d|Meloetta|341/341","|turn|1","|","|move|p2a: Mellow Out D00d|Relic Song|p1a: Azumarill","|-damage|p1a: Azumarill|223/404","|-status|p1a: Azumarill|slp","|-damage|p2a: Mellow Out D00d|307/341|[from] item: Life Orb","|-formechange|p2a: Mellow Out D00d|Meloetta-Pirouette|[msg]","|cant|p1a: Azumarill|slp","|","|turn|2","|","|cant|p1a: Azumarill|slp","|move|p2a: Mellow Out D00d|Knock Off|p1a: Azumarill","|-resisted|p1a: Azumarill","|-damage|p1a: Azumarill|142/404 slp","|-enditem|p1a: Azumarill|Sitrus Berry|[from] move: Knock Off|[of] p2a: Mellow Out D00d","|-damage|p2a: Mellow Out D00d|273/341|[from] item: Life Orb","|","|turn|3","|","|cant|p1a: Azumarill|slp","|move|p2a: Mellow Out D00d|Close Combat|p1a: Azumarill","|-resisted|p1a: Azumarill","|-damage|p1a: Azumarill|0 fnt","|-unboost|p2a: Mellow Out D00d|def|1","|-unboost|p2a: Mellow Out D00d|spd|1","|-damage|p2a: Mellow Out D00d|239/341|[from] item: Life Orb","|faint|p1a: Azumarill","|","|","|switch|p1a: Starmie|Starmie, shiny|261/261","|turn|4","|","|move|p2a: Mellow Out D00d|Knock Off|p1a: Starmie","|-supereffective|p1a: Starmie","|-damage|p1a: Starmie|0 fnt","|-enditem|p1a: Starmie|Sitrus Berry|[from] move: Knock Off|[of] p2a: Mellow Out D00d","|-damage|p2a: Mellow Out D00d|205/341|[from] item: Life Orb","|faint|p1a: Starmie","|","|","|switch|p1a: Cloyster|Cloyster, F, shiny|241/241","|turn|5","|","|move|p2a: Mellow Out D00d|Close Combat|p1a: Cloyster","|-supereffective|p1a: Cloyster","|-enditem|p1a: Cloyster|Focus Sash","|-damage|p1a: Cloyster|1/241","|-unboost|p2a: Mellow Out D00d|def|1","|-unboost|p2a: Mellow Out D00d|spd|1","|-damage|p2a: Mellow Out D00d|171/341|[from] item: Life Orb","|move|p1a: Cloyster|Icicle Spear|p2a: Mellow Out D00d","|-damage|p2a: Mellow Out D00d|83/341","|-damage|p2a: Mellow Out D00d|0 fnt","|-hitcount|p2a: Mellow Out D00d|2","|faint|p2a: Mellow Out D00d","|","|","|switch|p2a: Im very Punny xd|Lopunny, F|271/271","|turn|6","|","|detailschange|p2a: Im very Punny xd|Lopunny-Mega, F","|-mega|p2a: Im very Punny xd|Lopunny|Lopunnite","|move|p2a: Im very Punny xd|Fake Out|p1a: Cloyster","|-damage|p1a: Cloyster|0 fnt","|faint|p1a: Cloyster","|","|","|switch|p1a: Swampert|Swampert, F|403/403","|turn|7","|","|detailschange|p1a: Swampert|Swampert-Mega, F","|-mega|p1a: Swampert|Swampert|Swampertite","|move|p2a: Im very Punny xd|High Jump Kick|p1a: Swampert|[miss]","|-miss|p2a: Im very Punny xd|p1a: Swampert","|-damage|p2a: Im very Punny xd|136/271|[from] highjumpkick","|move|p1a: Swampert|Earthquake|p2a: Im very Punny xd","|-damage|p2a: Im very Punny xd|0 fnt","|faint|p2a: Im very Punny xd","|","|","|switch|p2a: Pory is gone 2 far|Porygon2|374/374","|-ability|p2a: Pory is gone 2 far|Swift Swim|[from] ability: Trace|[of] p1a: Swampert","|turn|8","|","|move|p1a: Swampert|Power-Up Punch|p2a: Pory is gone 2 far","|-supereffective|p2a: Pory is gone 2 far","|-damage|p2a: Pory is gone 2 far|306/374","|-boost|p1a: Swampert|atk|1","|move|p2a: Pory is gone 2 far|Toxic|p1a: Swampert","|-status|p1a: Swampert|tox","|","|-damage|p1a: Swampert|378/403 tox|[from] psn","|turn|9","|","|move|p1a: Swampert|Power-Up Punch|p2a: Pory is gone 2 far","|-supereffective|p2a: Pory is gone 2 far","|-damage|p2a: Pory is gone 2 far|216/374","|-boost|p1a: Swampert|atk|1","|move|p2a: Pory is gone 2 far|Recover|p2a: Pory is gone 2 far","|-heal|p2a: Pory is gone 2 far|374/374","|","|-damage|p1a: Swampert|328/403 tox|[from] psn","|turn|10","|","|move|p1a: Swampert|Earthquake|p2a: Pory is gone 2 far","|-damage|p2a: Pory is gone 2 far|142/374","|move|p2a: Pory is gone 2 far|Recover|p2a: Pory is gone 2 far","|-heal|p2a: Pory is gone 2 far|329/374","|","|-damage|p1a: Swampert|253/403 tox|[from] psn","|turn|11","|","|move|p1a: Swampert|Ice Punch|p2a: Pory is gone 2 far","|-damage|p2a: Pory is gone 2 far|207/374","|move|p2a: Pory is gone 2 far|Recover|p2a: Pory is gone 2 far","|-heal|p2a: Pory is gone 2 far|374/374","|","|-damage|p1a: Swampert|153/403 tox|[from] psn","|turn|12","|","|move|p1a: Swampert|Earthquake|p2a: Pory is gone 2 far","|-damage|p2a: Pory is gone 2 far|145/374","|move|p2a: Pory is gone 2 far|Recover|p2a: Pory is gone 2 far","|-heal|p2a: Pory is gone 2 far|332/374","|","|-damage|p1a: Swampert|28/403 tox|[from] psn","|turn|13","|","|move|p1a: Swampert|Earthquake|p2a: Pory is gone 2 far","|-damage|p2a: Pory is gone 2 far|95/374","|move|p2a: Pory is gone 2 far|Recover|p2a: Pory is gone 2 far","|-heal|p2a: Pory is gone 2 far|282/374","|","|-damage|p1a: Swampert|0 fnt|[from] psn","|faint|p1a: Swampert","|","|switch|p1a: Manaphy|Manaphy, shiny|341/341","|turn|14","|","|move|p1a: Manaphy|Tail Glow|p1a: Manaphy","|-boost|p1a: Manaphy|spa|3","|move|p2a: Pory is gone 2 far|Toxic|p1a: Manaphy","|-status|p1a: Manaphy|tox","|","|-damage|p1a: Manaphy|320/341 tox|[from] psn","|turn|15","|","|move|p1a: Manaphy|Scald|p2a: Pory is gone 2 far","|-damage|p2a: Pory is gone 2 far|75/374","|-status|p2a: Pory is gone 2 far|brn","|move|p2a: Pory is gone 2 far|Discharge|p1a: Manaphy","|-crit|p1a: Manaphy","|-supereffective|p1a: Manaphy","|-damage|p1a: Manaphy|118/341 tox","|-enditem|p1a: Manaphy|Sitrus Berry|[eat]","|-heal|p1a: Manaphy|203/341 tox|[from] item: Sitrus Berry","|","|-damage|p1a: Manaphy|161/341 tox|[from] psn","|-damage|p2a: Pory is gone 2 far|29/374 brn|[from] brn","|turn|16","|","|switch|p2a: Take a Chance xd|Chansey, F|642/642","|move|p1a: Manaphy|Scald|p2a: Take a Chance xd","|-damage|p2a: Take a Chance xd|497/642","|","|-damage|p1a: Manaphy|98/341 tox|[from] psn","|turn|17","|","|move|p1a: Manaphy|Scald|p2a: Take a Chance xd","|-damage|p2a: Take a Chance xd|343/642","|-status|p2a: Take a Chance xd|brn","|move|p2a: Take a Chance xd|Stealth Rock|p1a: Manaphy","|-sidestart|p1: SRITL- Skarlet|move: Stealth Rock","|","|-damage|p1a: Manaphy|14/341 tox|[from] psn","|-damage|p2a: Take a Chance xd|263/642 brn|[from] brn","|turn|18","|","|move|p1a: Manaphy|Scald|p2a: Take a Chance xd","|-damage|p2a: Take a Chance xd|109/642 brn","|move|p2a: Take a Chance xd|Soft-Boiled|p2a: Take a Chance xd","|-heal|p2a: Take a Chance xd|430/642 brn","|","|-damage|p1a: Manaphy|0 fnt|[from] psn","|-damage|p2a: Take a Chance xd|350/642 brn|[from] brn","|faint|p1a: Manaphy","|","|switch|p1a: Kingdra|Kingdra, M, shiny|354/354","|-damage|p1a: Kingdra|310/354|[from] Stealth Rock","|turn|19","|","|move|p1a: Kingdra|Focus Energy|p1a: Kingdra","|-start|p1a: Kingdra|move: Focus Energy","|move|p2a: Take a Chance xd|Toxic|p1a: Kingdra","|-status|p1a: Kingdra|tox","|","|-damage|p1a: Kingdra|288/354 tox|[from] psn","|-damage|p2a: Take a Chance xd|270/642 brn|[from] brn","|turn|20","|","|move|p1a: Kingdra|Scald|p2a: Take a Chance xd","|-crit|p2a: Take a Chance xd","|-damage|p2a: Take a Chance xd|126/642 brn","|move|p2a: Take a Chance xd|Seismic Toss|p1a: Kingdra","|-damage|p1a: Kingdra|188/354 tox","|","|-damage|p1a: Kingdra|144/354 tox|[from] psn","|-damage|p2a: Take a Chance xd|46/642 brn|[from] brn","|turn|21","|","|move|p1a: Kingdra|Dragon Pulse|p2a: Take a Chance xd","|-crit|p2a: Take a Chance xd","|-damage|p2a: Take a Chance xd|0 fnt","|faint|p2a: Take a Chance xd","|","|-damage|p1a: Kingdra|78/354 tox|[from] psn","|","|switch|p2a: Give em Hell..iois|Heliolisk, F|265/265","|turn|22","|","|move|p2a: Give em Hell..iois|Grass Knot|p1a: Kingdra","|-damage|p1a: Kingdra|0 fnt","|-damage|p2a: Give em Hell..iois|239/265|[from] item: Life Orb","|faint|p1a: Kingdra","|","|win|Knight♕Altair"],"p1rating":{"entryid":"7647488","serverid":"eos","formatid":"monotype","userid":"sritlskarlet","username":"SRITL- Skarlet","w":"3","l":3,"t":"0","gxe":49.3,"r":"1500","rd":"130","sigma":"0","rptime":"1439629200","rpr":1494.5108368375,"rprd":97.740927055206,"rpsigma":"0","acre":1084.3968787466,"lacre":1084.3968787466,"oldacre":"1114.2801215465"},"p2rating":{"entryid":"7650439","serverid":"eos","formatid":"monotype","userid":"knightaltair","username":"Knight♕Altair","w":2,"l":"2","t":"0","gxe":47.5,"r":"1500","rd":"130","sigma":"0","rptime":"1439629200","rpr":1480.231273429,"rprd":107.12483887078,"rpsigma":"0","acre":1085.1815076863,"lacre":1085.1815076863,"oldacre":"1045.5322218512"},"endType":"normal"}