{"seed":[6942,42449,53952,18683],"turns":23,"p1":"Crystal glaceon13","p2":"SL~Kingdra","p1team":[{"name":"Diancie","species":"Diancie","item":"diancite","ability":"Clear Body","moves":["earthpower","moonblast","diamondstorm","protect"],"nature":"Naive","evs":{"hp":0,"atk":4,"def":0,"spa":252,"spd":0,"spe":252},"ivs":{"hp":31,"atk":31,"def":31,"spa":31,"spd":31,"spe":31}},{"name":"Togekiss","species":"Togekiss","item":"leftovers","ability":"Serene Grace","moves":["nastyplot","batonpass","airslash","flamethrower"],"nature":"Calm","evs":{"hp":248,"atk":0,"def":0,"spa":0,"spd":240,"spe":20},"ivs":{"hp":31,"atk":31,"def":31,"spa":31,"spd":31,"spe":31}},{"name":"Klefki","species":"Klefki","item":"lightclay","ability":"Prankster","moves":["reflect","lightscreen","thunderwave","foulplay"],"nature":"Bold","evs":{"hp":252,"atk":0,"def":64,"spa":0,"spd":192,"spe":0},"ivs":{"hp":31,"atk":31,"def":31,"spa":31,"spd":31,"spe":31}},{"name":"Azumarill","species":"Azumarill","item":"lumberry","ability":"Huge Power","moves":["playrough","aquajet","waterfall","knockoff"],"nature":"Adamant","evs":{"hp":248,"atk":252,"def":0,"spa":0,"spd":0,"spe":8},"gender":"M","ivs":{"hp":31,"atk":31,"def":31,"spa":31,"spd":31,"spe":31}},{"name":"Gardevoir","species":"Gardevoir","item":"choicescarf","ability":"Trace","moves":["thunderbolt","energyball","moonblast","psyshock"],"nature":"Timid","evs":{"hp":0,"atk":0,"def":4,"spa":252,"spd":0,"spe":252},"ivs":{"hp":31,"atk":30,"def":31,"spa":30,"spd":31,"spe":30}},{"name":"Granbull","species":"Granbull","item":"leftovers","ability":"Intimidate","moves":["earthquake","firepunch","bulkup","playrough"],"nature":"Adamant","evs":{"hp":188,"atk":200,"def":120,"spa":0,"spd":0,"spe":0},"ivs":{"hp":31,"atk":31,"def":31,"spa":31,"spd":31,"spe":31}}],"p2team":[{"name":"Chesnaught","species":"Chesnaught","item":"leftovers","ability":"Bulletproof","moves":["spikes","leechseed","spikyshield","drainpunch"],"nature":"Impish","evs":{"hp":252,"atk":0,"def":252,"spa":0,"spd":4,"spe":0},"ivs":{"hp":31,"atk":31,"def":31,"spa":31,"spd":31,"spe":31}},{"name":"Infernape","species":"Infernape","item":"focussash","ability":"Iron Fist","moves":["stealthrock","closecombat","firepunch","machpunch"],"nature":"Jolly","evs":{"hp":4,"atk":252,"def":0,"spa":0,"spd":0,"spe":252},"ivs":{"hp":31,"atk":31,"def":31,"spa":31,"spd":31,"spe":31}},{"name":"Medicham","species":"Medicham","item":"medichamite","ability":"Pure Power","moves":["fakeout","bulletpunch","zenheadbutt","highjumpkick"],"nature":"Jolly","evs":{"hp":4,"atk":252,"def":0,"spa":0,"spd":0,"spe":252},"ivs":{"hp":31,"atk":31,"def":31,"spa":31,"spd":31,"spe":31}},{"name":"Terrakion","species":"Terrakion","item":"choicescarf","ability":"Justified","moves":["ironhead","stoneedge","closecombat","earthquake"],"nature":"Adamant","evs":{"hp":4,"atk":252,"def":0,"spa":0,"spd":0,"spe":252},"ivs":{"hp":31,"atk":31,"def":31,"spa":31,"spd":31,"spe":31}},{"name":"Keldeo-Resolute","species":"Keldeo-Resolute","item":"choicespecs","ability":"Justified","moves":["secretsword","scald","icywind","hydropump"],"nature":"Timid","evs":{"hp":4,"atk":0,"def":0,"spa":252,"spd":0,"spe":252},"ivs":{"hp":31,"atk":31,"def":31,"spa":31,"spd":31,"spe":31}},{"name":"Hawlucha","species":"Hawlucha","item":"powerherb","ability":"Unburden","moves":["acrobatics","skyattack","drainpunch","swordsdance"],"nature":"Adamant","evs":{"hp":0,"atk":252,"def":0,"spa":0,"spd":0,"spe":252},"ivs":{"hp":31,"atk":31,"def":31,"spa":31,"spd":31,"spe":31}}],"log":["|player|p1|Crystal glaceon13|32","|player|p2|SL~Kingdra|99","|gametype|singles","|gen|6","|tier|Monotype","|rated","|rule|Baton Pass Clause: Limit one Baton Passer, can't pass Spe and other stats simultaneously","|rule|Swagger Clause: Swagger is banned","|rule|Same Type Clause: Pokémon in a team must share a type","|clearpoke","|poke|p1|Diancie","|poke|p1|Togekiss, M","|poke|p1|Klefki, F","|poke|p1|Azumarill, M","|poke|p1|Gardevoir, M","|poke|p1|Granbull, F","|poke|p2|Chesnaught, F","|poke|p2|Infernape, M","|poke|p2|Medicham, F","|poke|p2|Terrakion","|poke|p2|Keldeo-Resolute","|poke|p2|Hawlucha, F","|rule|Sleep Clause Mod: Limit one foe put to sleep","|rule|Species Clause: Limit one of each Pokémon","|rule|OHKO Clause: OHKO moves are banned","|rule|Moody Clause: Moody is banned","|rule|Evasion Moves Clause: Evasion moves are banned","|rule|Endless Battle Clause: Forcing endless battles is banned","|rule|HP Percentage Mod: HP is shown in percentages","|teampreview","|","|start","|switch|p1a: Diancie|Diancie|241/241","|switch|p2a: Infernape|Infernape, M|294/294","|turn|1","|","|detailschange|p1a: Diancie|Diancie-Mega","|-mega|p1a: Diancie|Diancie|Diancite","|move|p1a: Diancie|Protect|p1a: Diancie","|-singleturn|p1a: Diancie|Protect","|move|p2a: Infernape|Close Combat|p1a: Diancie","|-activate|p1a: Diancie|Protect","|","|turn|2","|","|switch|p1a: Granbull|Granbull, F|368/368","|-ability|p1a: Granbull|Intimidate","|-unboost|p2a: Infernape|atk|1","|move|p2a: Infernape|Close Combat|p1a: Granbull","|-resisted|p1a: Granbull","|-damage|p1a: Granbull|307/368","|-unboost|p2a: Infernape|def|1","|-unboost|p2a: Infernape|spd|1","|","|-heal|p1a: Granbull|330/368|[from] item: Leftovers","|turn|3","|","|move|p2a: Infernape|Stealth Rock|p1a: Granbull","|-sidestart|p1: Crystal glaceon13|move: Stealth Rock","|move|p1a: Granbull|Bulk Up|p1a: Granbull","|-boost|p1a: Granbull|atk|1","|-boost|p1a: Granbull|def|1","|","|-heal|p1a: Granbull|353/368|[from] item: Leftovers","|turn|4","|","|move|p2a: Infernape|Fire Punch|p1a: Granbull","|-damage|p1a: Granbull|289/368","|move|p1a: Granbull|Earthquake|p2a: Infernape","|-supereffective|p2a: Infernape","|-enditem|p2a: Infernape|Focus Sash","|-damage|p2a: Infernape|1/294","|","|-heal|p1a: Granbull|312/368|[from] item: Leftovers","|turn|5","|","|move|p2a: Infernape|Fire Punch|p1a: Granbull","|-damage|p1a: Granbull|242/368","|move|p1a: Granbull|Fire Punch|p2a: Infernape","|-resisted|p2a: Infernape","|-damage|p2a: Infernape|0 fnt","|faint|p2a: Infernape","|","|-heal|p1a: Granbull|265/368|[from] item: Leftovers","|","|switch|p2a: Keldeo-Resolute|Keldeo-Resolute|324/324","|turn|6","|","|switch|p1a: Klefki|Klefki, F|318/318","|-damage|p1a: Klefki|299/318|[from] Stealth Rock","|move|p2a: Keldeo-Resolute|Scald|p1a: Klefki","|-damage|p1a: Klefki|88/318","|-status|p1a: Klefki|brn","|","|-damage|p1a: Klefki|49/318 brn|[from] brn","|turn|7","|","|move|p1a: Klefki|Thunder Wave|p2a: Keldeo-Resolute","|-status|p2a: Keldeo-Resolute|par","|cant|p2a: Keldeo-Resolute|par","|","|-damage|p1a: Klefki|10/318 brn|[from] brn","|turn|8","|","|move|p1a: Klefki|Reflect|p1a: Klefki","|-sidestart|p1: Crystal glaceon13|Reflect","|move|p2a: Keldeo-Resolute|Scald|p1a: Klefki","|-damage|p1a: Klefki|0 fnt","|faint|p1a: Klefki","|","|","|switch|p1a: Togekiss|Togekiss, M|373/373","|-damage|p1a: Togekiss|280/373|[from] Stealth Rock","|turn|9","|","|move|p1a: Togekiss|Nasty Plot|p1a: Togekiss","|-boost|p1a: Togekiss|spa|2","|move|p2a: Keldeo-Resolute|Scald|p1a: Togekiss","|-damage|p1a: Togekiss|139/373","|","|-heal|p1a: Togekiss|162/373|[from] item: Leftovers","|turn|10","|","|move|p1a: Togekiss|Baton Pass|p1a: Togekiss","|","|switch|p1a: Gardevoir|Gardevoir, M|277/277","|-damage|p1a: Gardevoir|243/277|[from] Stealth Rock","|-ability|p1a: Gardevoir|Justified|[from] ability: Trace|[of] p2a: Keldeo-Resolute","|move|p2a: Keldeo-Resolute|Scald|p1a: Gardevoir","|-damage|p1a: Gardevoir|68/277","|-status|p1a: Gardevoir|brn","|","|-damage|p1a: Gardevoir|34/277 brn|[from] brn","|turn|11","|","|move|p1a: Gardevoir|Moonblast|p2a: Keldeo-Resolute","|-supereffective|p2a: Keldeo-Resolute","|-damage|p2a: Keldeo-Resolute|0 fnt","|faint|p2a: Keldeo-Resolute","|","|-damage|p1a: Gardevoir|0 fnt|[from] brn","|faint|p1a: Gardevoir","|","|switch|p2a: Hawlucha|Hawlucha, F|297/297","|switch|p1a: Granbull|Granbull, F|265/368","|-damage|p1a: Granbull|219/368|[from] Stealth Rock","|-ability|p1a: Granbull|Intimidate","|-unboost|p2a: Hawlucha|atk|1","|turn|12","|","|move|p2a: Hawlucha|Swords Dance|p2a: Hawlucha","|-boost|p2a: Hawlucha|atk|2","|move|p1a: Granbull|Bulk Up|p1a: Granbull","|-boost|p1a: Granbull|atk|1","|-boost|p1a: Granbull|def|1","|","|-heal|p1a: Granbull|242/368|[from] item: Leftovers","|turn|13","|","|move|p2a: Hawlucha|Sky Attack|p1a: Granbull|[still]","|-prepare|p2a: Hawlucha|Sky Attack|p1a: Granbull","|-enditem|p2a: Hawlucha|Power Herb","|-anim|p2a: Hawlucha|Sky Attack|p1a: Granbull","|-damage|p1a: Granbull|131/368","|move|p1a: Granbull|Play Rough|p2a: Hawlucha","|-supereffective|p2a: Hawlucha","|-damage|p2a: Hawlucha|0 fnt","|faint|p2a: Hawlucha","|","|-heal|p1a: Granbull|154/368|[from] item: Leftovers","|","|switch|p2a: Chesnaught|Chesnaught, F|380/380","|turn|14","|","|move|p2a: Chesnaught|Leech Seed|p1a: Granbull","|-start|p1a: Granbull|move: Leech Seed","|move|p1a: Granbull|Bulk Up|p1a: Granbull","|-boost|p1a: Granbull|atk|1","|-boost|p1a: Granbull|def|1","|","|-heal|p1a: Granbull|177/368|[from] item: Leftovers","|-damage|p1a: Granbull|131/368|[from] Leech Seed|[of] p2a: Chesnaught","|turn|15","|","|move|p2a: Chesnaught|Spikes|p1a: Granbull","|-sidestart|p1: Crystal glaceon13|Spikes","|move|p1a: Granbull|Fire Punch|p2a: Chesnaught","|-crit|p2a: Chesnaught","|-supereffective|p2a: Chesnaught","|-damage|p2a: Chesnaught|48/380","|","|-heal|p2a: Chesnaught|71/380|[from] item: Leftovers","|-heal|p1a: Granbull|154/368|[from] item: Leftovers","|-damage|p1a: Granbull|108/368|[from] Leech Seed|[of] p2a: Chesnaught","|-heal|p2a: Chesnaught|117/380|[silent]","|-sideend|p1: Crystal glaceon13|Reflect","|turn|16","|","|switch|p1a: Diancie|Diancie-Mega|241/241","|-damage|p1a: Diancie|211/241|[from] Spikes","|-damage|p1a: Diancie|181/241|[from] Stealth Rock","|move|p2a: Chesnaught|Spiky Shield|p2a: Chesnaught","|-fail|p2a: Chesnaught","|","|-heal|p2a: Chesnaught|140/380|[from] item: Leftovers","|turn|17","|","|move|p2a: Chesnaught|Spiky Shield|p2a: Chesnaught","|-singleturn|p2a: Chesnaught|move: Protect","|move|p1a: Diancie|Moonblast|p2a: Chesnaught","|-activate|p2a: Chesnaught|Protect","|","|-heal|p2a: Chesnaught|163/380|[from] item: Leftovers","|turn|18","|","|move|p1a: Diancie|Moonblast|p2a: Chesnaught","|-supereffective|p2a: Chesnaught","|-damage|p2a: Chesnaught|0 fnt","|faint|p2a: Chesnaught","|","|","|switch|p2a: Medicham|Medicham, F|262/262","|turn|19","|","|detailschange|p2a: Medicham|Medicham-Mega, F","|-mega|p2a: Medicham|Medicham|Medichamite","|move|p1a: Diancie|Protect|p1a: Diancie","|-singleturn|p1a: Diancie|Protect","|move|p2a: Medicham|Fake Out|p1a: Diancie","|-activate|p1a: Diancie|Protect","|","|turn|20","|","|move|p2a: Medicham|Bullet Punch|p1a: Diancie","|-supereffective|p1a: Diancie","|-damage|p1a: Diancie|0 fnt","|faint|p1a: Diancie","|","|","|switch|p1a: Granbull|Granbull, F|108/368","|-damage|p1a: Granbull|62/368|[from] Spikes","|-damage|p1a: Granbull|16/368|[from] Stealth Rock","|-ability|p1a: Granbull|Intimidate","|-unboost|p2a: Medicham|atk|1","|turn|21","|","|switch|p2a: Terrakion|Terrakion|324/324","|move|p1a: Granbull|Play Rough|p2a: Terrakion","|-supereffective|p2a: Terrakion","|-damage|p2a: Terrakion|0 fnt","|faint|p2a: Terrakion","|","|-heal|p1a: Granbull|39/368|[from] item: Leftovers","|","|switch|p2a: Medicham|Medicham-Mega, F|262/262","|turn|22","|","|move|p2a: Medicham|Fake Out|p1a: Granbull","|-damage|p1a: Granbull|0 fnt","|faint|p1a: Granbull","|","|","|switch|p1a: Azumarill|Azumarill, M|403/403","|-damage|p1a: Azumarill|353/403|[from] Spikes","|-damage|p1a: Azumarill|303/403|[from] Stealth Rock","|turn|23","|","|move|p2a: Medicham|Bullet Punch|p1a: Azumarill","|-damage|p1a: Azumarill|215/403","|move|p1a: Azumarill|Play Rough|p2a: Medicham","|-supereffective|p2a: Medicham","|-damage|p2a: Medicham|0 fnt","|faint|p2a: Medicham","|","|win|Crystal glaceon13"],"p1rating":{"entryid":"5815193","serverid":"eos","formatid":"monotype","userid":"crystalglaceon13","username":"Crystal glaceon13","w":35,"l":"19","t":"0","gxe":60.5,"r":"1584.6258986549","rd":"56.60706206723","sigma":"0","rptime":"1439629200","rpr":1580.8971347105,"rprd":55.351119897593,"rpsigma":"0","acre":1198.7859078679,"lacre":1198.7859078679,"oldacre":"1178.9618621892"},"p2rating":{"entryid":"7548471","serverid":"eos","formatid":"monotype","userid":"slkingdra","username":"SL~Kingdra","w":"11","l":10,"t":"0","gxe":52.1,"r":"1519.9438968855","rd":"74.701130968254","sigma":"0","rptime":"1439629200","rpr":1515.8116042234,"rprd":69.511189408316,"rpsigma":"0","acre":1086.1503269469,"lacre":1086.1503269469,"oldacre":"1105.9743726256"},"endType":"normal"}