{"seed":[39056,51214,55767,25406],"turns":18,"p1":"Jake1079","p2":"Knight♕Altair","p1team":[{"name":"Staraptor","species":"Staraptor","item":"choicescarf","ability":"Reckless","moves":["bravebird","closecombat","doubleedge","uturn"],"nature":"Adamant","evs":{"hp":0,"atk":252,"def":0,"spa":0,"spd":4,"spe":252},"ivs":{"hp":31,"atk":31,"def":31,"spa":31,"spd":31,"spe":31}},{"name":"Porygon2","species":"Porygon2","item":"eviolite","ability":"Download","moves":["icebeam","thunderbolt","recover","toxic"],"nature":"Calm","evs":{"hp":248,"atk":0,"def":0,"spa":8,"spd":252,"spe":0},"ivs":{"hp":31,"atk":31,"def":31,"spa":31,"spd":31,"spe":31}},{"name":"Cinccino","species":"Cinccino","item":"lifeorb","ability":"Skill Link","moves":["bulletseed","rockblast","tailslap","uturn"],"nature":"Adamant","evs":{"hp":0,"atk":252,"def":0,"spa":0,"spd":4,"spe":252},"ivs":{"hp":31,"atk":31,"def":31,"spa":31,"spd":31,"spe":31}},{"name":"Braviary","species":"Braviary","item":"leftovers","ability":"Sheer Force","moves":["rockslide","defog","bravebird","roost"],"nature":"Careful","evs":{"hp":252,"atk":252,"def":0,"spa":0,"spd":4,"spe":0},"ivs":{"hp":31,"atk":31,"def":31,"spa":31,"spd":31,"spe":31}},{"name":"Chansey","species":"Chansey","item":"eviolite","ability":"Natural Cure","moves":["seismictoss","stealthrock","thunderwave","softboiled"],"nature":"Bold","evs":{"hp":248,"atk":0,"def":252,"spa":0,"spd":8,"spe":0},"ivs":{"hp":31,"atk":31,"def":31,"spa":31,"spd":31,"spe":31}},{"name":"Pidgeot","species":"Pidgeot","item":"pidgeotite","ability":"Big Pecks","moves":["heatwave","hurricane","whirlwind","hiddenpowerice"],"nature":"Timid","evs":{"hp":0,"atk":0,"def":0,"spa":252,"spd":4,"spe":252},"ivs":{"hp":31,"atk":30,"def":30,"spa":31,"spd":31,"spe":31}}],"p2team":[{"name":"Take a Chance xd","species":"chansey","item":"eviolite","ability":"Natural Cure","moves":["toxic","softboiled","seismictoss","stealthrock"],"nature":"Bold","evs":{"hp":4,"atk":0,"def":252,"spa":0,"spd":252,"spe":0},"ivs":{"hp":31,"atk":31,"def":31,"spa":31,"spd":31,"spe":31}},{"name":"Im very Punny xd","species":"lopunny","item":"lopunnite","ability":"Limber","moves":["highjumpkick","return","fakeout","icepunch"],"nature":"Jolly","evs":{"hp":0,"atk":252,"def":4,"spa":0,"spd":0,"spe":252},"ivs":{"hp":31,"atk":31,"def":31,"spa":31,"spd":31,"spe":31}},{"name":"Pory is gone 2 far","species":"porygon2","item":"eviolite","ability":"Trace","moves":["toxic","icebeam","discharge","recover"],"nature":"Bold","evs":{"hp":252,"atk":0,"def":252,"spa":4,"spd":0,"spe":0},"ivs":{"hp":31,"atk":31,"def":31,"spa":31,"spd":31,"spe":31}},{"name":"Mellow Out D00d","species":"meloetta","item":"lifeorb","ability":"Serene Grace","moves":["relicsong","psychic","closecombat","knockoff"],"nature":"Naive","evs":{"hp":0,"atk":128,"def":0,"spa":128,"spd":0,"spe":252},"ivs":{"hp":31,"atk":31,"def":31,"spa":31,"spd":31,"spe":31}},{"name":"The Raptorz Star","species":"staraptor","item":"choiceband","ability":"Reckless","moves":["bravebird","doubleedge","finalgambit","uturn"],"nature":"Adamant","evs":{"hp":0,"atk":252,"def":4,"spa":0,"spd":0,"spe":252},"ivs":{"hp":31,"atk":31,"def":31,"spa":31,"spd":31,"spe":31}},{"name":"Give em Hell..iois","species":"heliolisk","item":"lifeorb","ability":"Dry Skin","moves":["voltswitch","hypervoice","grassknot","thunderbolt"],"nature":"Timid","evs":{"hp":0,"atk":0,"def":0,"spa":252,"spd":4,"spe":252},"ivs":{"hp":31,"atk":31,"def":31,"spa":31,"spd":31,"spe":31}}],"log":["|player|p1|Jake1079|281","|player|p2|Knight♕Altair|274","|gametype|singles","|gen|6","|tier|Monotype","|rated","|rule|Baton Pass Clause: Limit one Baton Passer, can't pass Spe and other stats simultaneously","|rule|Swagger Clause: Swagger is banned","|rule|Same Type Clause: Pokémon in a team must share a type","|clearpoke","|poke|p1|Staraptor, M","|poke|p1|Porygon2","|poke|p1|Cinccino, F","|poke|p1|Braviary, M","|poke|p1|Chansey, F","|poke|p1|Pidgeot, F","|poke|p2|Chansey, F","|poke|p2|Lopunny, M","|poke|p2|Porygon2","|poke|p2|Meloetta","|poke|p2|Staraptor, F","|poke|p2|Heliolisk, F","|rule|Sleep Clause Mod: Limit one foe put to sleep","|rule|Species Clause: Limit one of each Pokémon","|rule|OHKO Clause: OHKO moves are banned","|rule|Moody Clause: Moody is banned","|rule|Evasion Moves Clause: Evasion moves are banned","|rule|Endless Battle Clause: Forcing endless battles is banned","|rule|HP Percentage Mod: HP is shown in percentages","|teampreview","|","|start","|switch|p1a: Staraptor|Staraptor, M|311/311","|switch|p2a: Mellow Out D00d|Meloetta|341/341","|turn|1","|","|move|p1a: Staraptor|Brave Bird|p2a: Mellow Out D00d","|-damage|p2a: Mellow Out D00d|0 fnt","|-damage|p1a: Staraptor|198/311|[from] recoil|[of] p2a: Mellow Out D00d","|faint|p2a: Mellow Out D00d","|","|","|switch|p2a: Give em Hell..iois|Heliolisk, F|265/265","|turn|2","|","|switch|p1a: Porygon2|Porygon2|373/373","|-boost|p1a: Porygon2|atk|1|[from] ability: Download","|move|p2a: Give em Hell..iois|Volt Switch|p1a: Porygon2","|-damage|p1a: Porygon2|294/373","|-damage|p2a: Give em Hell..iois|239/265|[from] item: Life Orb","|","|switch|p2a: Im very Punny xd|Lopunny, M|271/271","|","|turn|3","|","|detailschange|p2a: Im very Punny xd|Lopunny-Mega, M","|-mega|p2a: Im very Punny xd|Lopunny|Lopunnite","|move|p2a: Im very Punny xd|Fake Out|p1a: Porygon2","|-damage|p1a: Porygon2|237/373","|cant|p1a: Porygon2|flinch","|","|turn|4","|","|move|p2a: Im very Punny xd|High Jump Kick|p1a: Porygon2","|-supereffective|p1a: Porygon2","|-damage|p1a: Porygon2|0 fnt","|faint|p1a: Porygon2","|","|","|switch|p1a: Staraptor|Staraptor, M|198/311","|turn|5","|","|move|p1a: Staraptor|Brave Bird|p2a: Im very Punny xd","|-supereffective|p2a: Im very Punny xd","|-damage|p2a: Im very Punny xd|0 fnt","|-damage|p1a: Staraptor|109/311|[from] recoil|[of] p2a: Im very Punny xd","|faint|p2a: Im very Punny xd","|","|","|switch|p2a: Pory is gone 2 far|Porygon2|374/374","|-ability|p2a: Pory is gone 2 far|Reckless|[from] ability: Trace|[of] p1a: Staraptor","|turn|6","|","|switch|p1a: Cinccino|Cinccino, F|291/291","|move|p2a: Pory is gone 2 far|Ice Beam|p1a: Cinccino","|-damage|p1a: Cinccino|189/291","|","|turn|7","|","|move|p1a: Cinccino|Tail Slap|p2a: Pory is gone 2 far","|-damage|p2a: Pory is gone 2 far|347/374","|-damage|p2a: Pory is gone 2 far|320/374","|-damage|p2a: Pory is gone 2 far|293/374","|-damage|p2a: Pory is gone 2 far|264/374","|-damage|p2a: Pory is gone 2 far|237/374","|-hitcount|p2a: Pory is gone 2 far|5","|-damage|p1a: Cinccino|160/291|[from] item: Life Orb","|move|p2a: Pory is gone 2 far|Toxic|p1a: Cinccino","|-status|p1a: Cinccino|tox","|","|-damage|p1a: Cinccino|142/291 tox|[from] psn","|turn|8","|","|move|p1a: Cinccino|Tail Slap|p2a: Pory is gone 2 far","|-damage|p2a: Pory is gone 2 far|210/374","|-damage|p2a: Pory is gone 2 far|183/374","|-damage|p2a: Pory is gone 2 far|152/374","|-damage|p2a: Pory is gone 2 far|125/374","|-damage|p2a: Pory is gone 2 far|96/374","|-hitcount|p2a: Pory is gone 2 far|5","|-damage|p1a: Cinccino|113/291 tox|[from] item: Life Orb","|move|p2a: Pory is gone 2 far|Recover|p2a: Pory is gone 2 far","|-heal|p2a: Pory is gone 2 far|283/374","|","|-damage|p1a: Cinccino|77/291 tox|[from] psn","|turn|9","|","|move|p1a: Cinccino|U-turn|p2a: Pory is gone 2 far","|-damage|p2a: Pory is gone 2 far|231/374","|-damage|p1a: Cinccino|48/291 tox|[from] item: Life Orb","|","|switch|p1a: Staraptor|Staraptor, M|109/311","|move|p2a: Pory is gone 2 far|Recover|p2a: Pory is gone 2 far","|-heal|p2a: Pory is gone 2 far|374/374","|","|turn|10","|","|move|p1a: Staraptor|Close Combat|p2a: Pory is gone 2 far","|-supereffective|p2a: Pory is gone 2 far","|-damage|p2a: Pory is gone 2 far|226/374","|-unboost|p1a: Staraptor|def|1","|-unboost|p1a: Staraptor|spd|1","|move|p2a: Pory is gone 2 far|Discharge|p1a: Staraptor","|-supereffective|p1a: Staraptor","|-damage|p1a: Staraptor|0 fnt","|faint|p1a: Staraptor","|","|","|switch|p1a: Chansey|Chansey, F|703/703","|turn|11","|","|move|p2a: Pory is gone 2 far|Toxic|p1a: Chansey","|-status|p1a: Chansey|tox","|move|p1a: Chansey|Thunder Wave|p2a: Pory is gone 2 far","|-status|p2a: Pory is gone 2 far|par","|","|-damage|p1a: Chansey|660/703 tox|[from] psn","|turn|12","|","|move|p1a: Chansey|Stealth Rock|p2a: Pory is gone 2 far","|-sidestart|p2: Knight♕Altair|move: Stealth Rock","|move|p2a: Pory is gone 2 far|Recover|p2a: Pory is gone 2 far","|-heal|p2a: Pory is gone 2 far|374/374 par","|","|-damage|p1a: Chansey|574/703 tox|[from] psn","|turn|13","|","|move|p1a: Chansey|Seismic Toss|p2a: Pory is gone 2 far","|-damage|p2a: Pory is gone 2 far|274/374 par","|cant|p2a: Pory is gone 2 far|par","|","|-damage|p1a: Chansey|445/703 tox|[from] psn","|turn|14","|","|move|p1a: Chansey|Seismic Toss|p2a: Pory is gone 2 far","|-damage|p2a: Pory is gone 2 far|174/374 par","|move|p2a: Pory is gone 2 far|Discharge|p1a: Chansey","|-damage|p1a: Chansey|405/703 tox","|","|-damage|p1a: Chansey|233/703 tox|[from] psn","|turn|15","|","|move|p1a: Chansey|Seismic Toss|p2a: Pory is gone 2 far","|-damage|p2a: Pory is gone 2 far|74/374 par","|move|p2a: Pory is gone 2 far|Recover|p2a: Pory is gone 2 far","|-heal|p2a: Pory is gone 2 far|261/374 par","|","|-damage|p1a: Chansey|18/703 tox|[from] psn","|turn|16","|","|move|p1a: Chansey|Soft-Boiled|p1a: Chansey","|-heal|p1a: Chansey|370/703 tox","|cant|p2a: Pory is gone 2 far|par","|","|-damage|p1a: Chansey|112/703 tox|[from] psn","|turn|17","|","|move|p1a: Chansey|Seismic Toss|p2a: Pory is gone 2 far","|-damage|p2a: Pory is gone 2 far|161/374 par","|cant|p2a: Pory is gone 2 far|par","|","|-damage|p1a: Chansey|0 fnt|[from] psn","|faint|p1a: Chansey","|","|switch|p1a: Cinccino|Cinccino, F|48/291 tox","|turn|18","|","|move|p1a: Cinccino|Tail Slap|p2a: Pory is gone 2 far","|-crit|p2a: Pory is gone 2 far","|-damage|p2a: Pory is gone 2 far|117/374 par","|-damage|p2a: Pory is gone 2 far|92/374 par","|-crit|p2a: Pory is gone 2 far","|-damage|p2a: Pory is gone 2 far|53/374 par","|-damage|p2a: Pory is gone 2 far|22/374 par","|-damage|p2a: Pory is gone 2 far|0 fnt","|-hitcount|p2a: Pory is gone 2 far|5","|-damage|p1a: Cinccino|19/291 tox|[from] item: Life Orb","|faint|p2a: Pory is gone 2 far","|","|-damage|p1a: Cinccino|1/291 tox|[from] psn","|","|win|Jake1079"],"p1rating":{"entryid":"7429437","serverid":"eos","formatid":"monotype","userid":"jake1079","username":"Jake1079","w":47,"l":"58","t":"0","gxe":46.5,"r":"1468.7630650162","rd":"38.042333974705","sigma":"0","rptime":"1439629200","rpr":1473.6859565782,"rprd":37.036738737194,"rpsigma":"0","acre":1143.5548663805,"lacre":1143.5548663805,"oldacre":"1121.1325591078"},"p2rating":{"entryid":"7650439","serverid":"eos","formatid":"monotype","userid":"knightaltair","username":"Knight♕Altair","w":"2","l":3,"t":"0","gxe":43.6,"r":"1500","rd":"130","sigma":"0","rptime":"1439629200","rpr":1449.2390825565,"rprd":102.46799871066,"rpsigma":"0","acre":1064.7527891415,"lacre":1064.7527891415,"oldacre":"1085.1815076863"},"endType":"forfeit"}