{"seed":[17373,10087,37363,48399],"turns":27,"p1":"Apex Bank","p2":"ThunderDriver","p1team":[{"name":"Tentacruel","species":"Tentacruel","item":"blacksludge","ability":"Liquid Ooze","moves":["acidspray","rapidspin","sludgewave","scald"],"nature":"Calm","evs":{"hp":252,"atk":0,"def":0,"spa":4,"spd":252,"spe":0},"ivs":{"hp":31,"atk":31,"def":31,"spa":31,"spd":31,"spe":31}},{"name":"Swampert","species":"Swampert","item":"swampertite","ability":"Torrent","moves":["waterfall","icepunch","earthquake","superpower"],"nature":"Adamant","evs":{"hp":4,"atk":252,"def":0,"spa":0,"spd":0,"spe":252},"ivs":{"hp":31,"atk":31,"def":31,"spa":31,"spd":31,"spe":31}},{"name":"Azumarill","species":"Azumarill","item":"sitrusberry","ability":"Sap Sipper","moves":["bellydrum","aquajet","icepunch","playrough"],"nature":"Adamant","evs":{"hp":252,"atk":252,"def":0,"spa":0,"spd":4,"spe":0},"ivs":{"hp":31,"atk":31,"def":31,"spa":31,"spd":31,"spe":31}},{"name":"Starmie","species":"Starmie","item":"lifeorb","ability":"Natural Cure","moves":["icebeam","psychic","scald","thunderbolt"],"nature":"Timid","evs":{"hp":0,"atk":0,"def":0,"spa":252,"spd":4,"spe":252},"ivs":{"hp":31,"atk":31,"def":31,"spa":31,"spd":31,"spe":31}},{"name":"Politoed","species":"Politoed","item":"choicescarf","ability":"Drizzle","moves":["hydropump","icebeam","encore","perishsong"],"nature":"Timid","evs":{"hp":0,"atk":0,"def":0,"spa":252,"spd":4,"spe":252},"ivs":{"hp":31,"atk":31,"def":31,"spa":31,"spd":31,"spe":31}},{"name":"Ludicolo","species":"Ludicolo","item":"lifeorb","ability":"Swift Swim","moves":["gigadrain","icebeam","focusblast","surf"],"nature":"Modest","evs":{"hp":0,"atk":0,"def":0,"spa":252,"spd":4,"spe":252},"ivs":{"hp":31,"atk":31,"def":31,"spa":31,"spd":31,"spe":31}}],"p2team":[{"name":"Lopunny","species":"Lopunny","item":"lopunnite","ability":"Cute Charm","moves":["highjumpkick","fakeout","drainpunch","icepunch"],"nature":"Jolly","evs":{"hp":0,"atk":252,"def":0,"spa":0,"spd":4,"spe":252},"ivs":{"hp":31,"atk":31,"def":31,"spa":31,"spd":31,"spe":31}},{"name":"Swellow","species":"Swellow","item":"flameorb","ability":"Guts","moves":["facade","roost","uturn","bravebird"],"nature":"Jolly","evs":{"hp":0,"atk":252,"def":0,"spa":0,"spd":4,"spe":252},"ivs":{"hp":31,"atk":31,"def":31,"spa":31,"spd":31,"spe":31}},{"name":"Cinccino","species":"Cinccino","item":"razorfang","ability":"Skill Link","moves":["bulletseed","tailslap","rockblast","uturn"],"nature":"Jolly","evs":{"hp":0,"atk":252,"def":0,"spa":0,"spd":4,"spe":252},"ivs":{"hp":31,"atk":31,"def":31,"spa":31,"spd":31,"spe":31}},{"name":"Porygon2","species":"Porygon2","item":"eviolite","ability":"Download","moves":["triattack","recover","chargebeam","thunderbolt"],"nature":"Modest","evs":{"hp":8,"atk":0,"def":248,"spa":0,"spd":252,"spe":0},"ivs":{"hp":31,"atk":31,"def":31,"spa":31,"spd":31,"spe":31}},{"name":"Zangoose","species":"Zangoose","item":"toxicorb","ability":"Toxic Boost","moves":["facade","brickbreak","shadowclaw","firepunch"],"nature":"Jolly","evs":{"hp":0,"atk":252,"def":0,"spa":0,"spd":4,"spe":252},"ivs":{"hp":31,"atk":31,"def":31,"spa":31,"spd":31,"spe":31}},{"name":"Sawsbuck","species":"Sawsbuck","item":"leftovers","ability":"Sap Sipper","moves":["hornleech","megahorn","jumpkick","return"],"nature":"Adamant","evs":{"hp":252,"atk":252,"def":0,"spa":0,"spd":4,"spe":0},"ivs":{"hp":31,"atk":31,"def":31,"spa":31,"spd":31,"spe":31}}],"log":["|player|p1|Apex Bank|257","|player|p2|ThunderDriver|thunderdriver.gif","|gametype|singles","|gen|6","|tier|Monotype","|rated","|rule|Baton Pass Clause: Limit one Baton Passer, can't pass Spe and other stats simultaneously","|rule|Swagger Clause: Swagger is banned","|rule|Same Type Clause: Pokémon in a team must share a type","|clearpoke","|poke|p1|Tentacruel, F","|poke|p1|Swampert, M","|poke|p1|Azumarill, F","|poke|p1|Starmie","|poke|p1|Politoed, F","|poke|p1|Ludicolo, F","|poke|p2|Lopunny, F","|poke|p2|Swellow, F","|poke|p2|Cinccino, F","|poke|p2|Porygon2","|poke|p2|Zangoose, F","|poke|p2|Sawsbuck, F","|rule|Sleep Clause Mod: Limit one foe put to sleep","|rule|Species Clause: Limit one of each Pokémon","|rule|OHKO Clause: OHKO moves are banned","|rule|Moody Clause: Moody is banned","|rule|Evasion Moves Clause: Evasion moves are banned","|rule|Endless Battle Clause: Forcing endless battles is banned","|rule|HP Percentage Mod: HP is shown in percentages","|teampreview","|","|start","|switch|p1a: Politoed|Politoed, F|321/321","|switch|p2a: Porygon2|Porygon2|313/313","|-weather|RainDance","|-boost|p2a: Porygon2|atk|1|[from] ability: Download","|turn|1","|","|switch|p1a: Swampert|Swampert, M|342/342","|move|p2a: Porygon2|Charge Beam|p1a: Swampert","|-immune|p1a: Swampert|[msg]","|","|-weather|RainDance|[upkeep]","|turn|2","|","|detailschange|p1a: Swampert|Swampert-Mega, M","|-mega|p1a: Swampert|Swampert|Swampertite","|move|p1a: Swampert|Waterfall|p2a: Porygon2","|-damage|p2a: Porygon2|172/313","|cant|p2a: Porygon2|flinch","|","|-weather|RainDance|[upkeep]","|turn|3","|","|move|p1a: Swampert|Waterfall|p2a: Porygon2","|-damage|p2a: Porygon2|27/313","|move|p2a: Porygon2|Recover|p2a: Porygon2","|-heal|p2a: Porygon2|184/313","|","|-weather|RainDance|[upkeep]","|turn|4","|","|switch|p1a: Politoed|Politoed, F|321/321","|move|p2a: Porygon2|Recover|p2a: Porygon2","|-heal|p2a: Porygon2|313/313","|","|-weather|RainDance|[upkeep]","|turn|5","|","|move|p1a: Politoed|Encore|p2a: Porygon2","|-start|p2a: Porygon2|Encore","|move|p2a: Porygon2|Recover|p2a: Porygon2","|-fail|p2a: Porygon2","|","|-weather|none","|turn|6","|","|switch|p1a: Swampert|Swampert-Mega, M|342/342","|switch|p2a: Cinccino|Cinccino, F|291/291","|","|turn|7","|","|switch|p1a: Azumarill|Azumarill, F|404/404","|move|p2a: Cinccino|Bullet Seed|p1a: Azumarill","|-boost|p1a: Azumarill|atk|1|[from] ability: Sap Sipper","|","|turn|8","|","|move|p2a: Cinccino|Tail Slap|p1a: Azumarill","|-damage|p1a: Azumarill|361/404","|-damage|p1a: Azumarill|319/404","|-damage|p1a: Azumarill|277/404","|-damage|p1a: Azumarill|229/404","|-damage|p1a: Azumarill|183/404","|-enditem|p1a: Azumarill|Sitrus Berry|[eat]","|-heal|p1a: Azumarill|284/404|[from] item: Sitrus Berry","|-hitcount|p1a: Azumarill|5","|move|p1a: Azumarill|Play Rough|p2a: Cinccino","|-damage|p2a: Cinccino|62/291","|-unboost|p2a: Cinccino|atk|1","|","|turn|9","|","|move|p1a: Azumarill|Aqua Jet|p2a: Cinccino","|-damage|p2a: Cinccino|0 fnt","|faint|p2a: Cinccino","|","|","|switch|p2a: Porygon2|Porygon2|313/313","|-boost|p2a: Porygon2|atk|1|[from] ability: Download","|turn|10","|","|move|p2a: Porygon2|Tri Attack|p1a: Azumarill","|-damage|p1a: Azumarill|166/404","|-status|p1a: Azumarill|par","|move|p1a: Azumarill|Play Rough|p2a: Porygon2","|-damage|p2a: Porygon2|234/313","|-unboost|p2a: Porygon2|atk|1","|","|turn|11","|","|switch|p1a: Politoed|Politoed, F|321/321","|-weather|RainDance","|move|p2a: Porygon2|Charge Beam|p1a: Politoed","|-supereffective|p1a: Politoed","|-damage|p1a: Politoed|237/321","|","|-weather|RainDance|[upkeep]","|turn|12","|","|move|p1a: Politoed|Encore|p2a: Porygon2","|-start|p2a: Porygon2|Encore","|move|p2a: Porygon2|Charge Beam|p1a: Politoed","|-supereffective|p1a: Politoed","|-damage|p1a: Politoed|155/321","|-boost|p2a: Porygon2|spa|1","|","|-weather|RainDance|[upkeep]","|turn|13","|","|switch|p1a: Swampert|Swampert-Mega, M|342/342","|switch|p2a: Sawsbuck|Sawsbuck, F|364/364","|","|-weather|RainDance|[upkeep]","|turn|14","|","|move|p1a: Swampert|Ice Punch|p2a: Sawsbuck","|-supereffective|p2a: Sawsbuck","|-damage|p2a: Sawsbuck|56/364","|move|p2a: Sawsbuck|Horn Leech|p1a: Swampert","|-supereffective|p1a: Swampert","|-damage|p1a: Swampert|0 fnt","|-heal|p2a: Sawsbuck|227/364|[from] drain|[of] p1a: Swampert","|faint|p1a: Swampert","|","|-weather|RainDance|[upkeep]","|-heal|p2a: Sawsbuck|249/364|[from] item: Leftovers","|","|switch|p1a: Ludicolo|Ludicolo, F|301/301","|turn|15","|","|move|p1a: Ludicolo|Ice Beam|p2a: Sawsbuck","|-supereffective|p2a: Sawsbuck","|-damage|p2a: Sawsbuck|0 fnt","|-damage|p1a: Ludicolo|271/301|[from] item: Life Orb","|faint|p2a: Sawsbuck","|","|-weather|none","|","|switch|p2a: Porygon2|Porygon2|234/313","|-boost|p2a: Porygon2|atk|1|[from] ability: Download","|turn|16","|","|switch|p1a: Tentacruel|Tentacruel, F|364/364","|move|p2a: Porygon2|Charge Beam|p1a: Tentacruel","|-supereffective|p1a: Tentacruel","|-damage|p1a: Tentacruel|308/364","|-boost|p2a: Porygon2|spa|1","|","|-heal|p1a: Tentacruel|330/364|[from] item: Black Sludge","|turn|17","|","|move|p1a: Tentacruel|Acid Spray|p2a: Porygon2","|-damage|p2a: Porygon2|212/313","|-unboost|p2a: Porygon2|spd|2","|move|p2a: Porygon2|Charge Beam|p1a: Tentacruel","|-supereffective|p1a: Tentacruel","|-damage|p1a: Tentacruel|238/364","|-boost|p2a: Porygon2|spa|1","|","|-heal|p1a: Tentacruel|260/364|[from] item: Black Sludge","|turn|18","|","|move|p1a: Tentacruel|Acid Spray|p2a: Porygon2","|-damage|p2a: Porygon2|172/313","|-unboost|p2a: Porygon2|spd|2","|move|p2a: Porygon2|Thunderbolt|p1a: Tentacruel","|-supereffective|p1a: Tentacruel","|-damage|p1a: Tentacruel|70/364","|","|-heal|p1a: Tentacruel|92/364|[from] item: Black Sludge","|turn|19","|","|move|p1a: Tentacruel|Sludge Wave|p2a: Porygon2","|-damage|p2a: Porygon2|25/313","|move|p2a: Porygon2|Recover|p2a: Porygon2","|-heal|p2a: Porygon2|182/313","|","|-heal|p1a: Tentacruel|114/364|[from] item: Black Sludge","|turn|20","|","|move|p1a: Tentacruel|Sludge Wave|p2a: Porygon2","|-crit|p2a: Porygon2","|-damage|p2a: Porygon2|0 fnt","|faint|p2a: Porygon2","|","|-heal|p1a: Tentacruel|136/364|[from] item: Black Sludge","|","|switch|p2a: Zangoose|Zangoose, F|287/287","|turn|21","|","|switch|p1a: Azumarill|Azumarill, F|166/404 par","|move|p2a: Zangoose|Shadow Claw|p1a: Azumarill","|-damage|p1a: Azumarill|77/404 par","|","|-status|p2a: Zangoose|tox|[from] item: Toxic Orb","|turn|22","|","|cant|p1a: Azumarill|par","|move|p2a: Zangoose|Facade|p1a: Azumarill","|-damage|p1a: Azumarill|0 fnt","|faint|p1a: Azumarill","|","|-damage|p2a: Zangoose|270/287 tox|[from] psn","|","|switch|p1a: Politoed|Politoed, F|155/321","|-weather|RainDance","|turn|23","|","|move|p1a: Politoed|Hydro Pump|p2a: Zangoose","|-damage|p2a: Zangoose|0 fnt","|faint|p2a: Zangoose","|","|-weather|RainDance|[upkeep]","|","|switch|p2a: Lopunny|Lopunny, F|271/271","|turn|24","|","|switch|p1a: Tentacruel|Tentacruel, F|136/364","|detailschange|p2a: Lopunny|Lopunny-Mega, F","|-mega|p2a: Lopunny|Lopunny|Lopunnite","|move|p2a: Lopunny|Fake Out|p1a: Tentacruel","|-damage|p1a: Tentacruel|22/364","|","|-weather|RainDance|[upkeep]","|-heal|p1a: Tentacruel|44/364|[from] item: Black Sludge","|turn|25","|","|move|p2a: Lopunny|Ice Punch|p1a: Tentacruel","|-resisted|p1a: Tentacruel","|-damage|p1a: Tentacruel|0 fnt","|faint|p1a: Tentacruel","|","|-weather|RainDance|[upkeep]","|","|switch|p1a: Ludicolo|Ludicolo, F|271/301","|turn|26","|","|move|p1a: Ludicolo|Surf|p2a: Lopunny","|-damage|p2a: Lopunny|0 fnt","|-damage|p1a: Ludicolo|241/301|[from] item: Life Orb","|faint|p2a: Lopunny","|","|-weather|RainDance|[upkeep]","|","|switch|p2a: Swellow|Swellow, F|261/261","|turn|27","|","|move|p1a: Ludicolo|Ice Beam|p2a: Swellow","|-supereffective|p2a: Swellow","|-damage|p2a: Swellow|0 fnt","|-damage|p1a: Ludicolo|211/301|[from] item: Life Orb","|faint|p2a: Swellow","|","|win|Apex Bank"],"p1rating":{"entryid":"7576782","serverid":"eos","formatid":"monotype","userid":"apexbank","username":"Apex Bank","w":6,"l":"2","t":"0","gxe":61.2,"r":"1525.0747741259","rd":"102.29697235553","sigma":"0","rptime":"1439629200","rpr":1589.0956864783,"rprd":91.99862197687,"rpsigma":"0","acre":1154.0510592243,"lacre":1154.0510592243,"oldacre":"1129.1662784395"},"p2rating":{"entryid":"5967765","serverid":"eos","formatid":"monotype","userid":"thunderdriver","username":"ThunderDriver","w":"25","l":21,"t":"0","gxe":53.9,"r":"1534.3952799431","rd":"62.479186424186","sigma":"0","rptime":"1439629200","rpr":1529.9354137052,"rprd":60.873000048697,"rpsigma":"0","acre":1102.680236097,"lacre":1102.680236097,"oldacre":"1127.5650168818"},"endType":"normal"}