{"seed":[13930,5707,20119,44654],"turns":24,"p1":"Void Chrono","p2":"V Photon","p1team":[{"name":"Victini","species":"Victini","item":"weaknesspolicy","ability":"Victory Star","moves":["flamecharge","blueflare","psyshock","glaciate"],"nature":"Timid","evs":{"hp":0,"atk":0,"def":0,"spa":252,"spd":4,"spe":252},"ivs":{"hp":31,"atk":31,"def":31,"spa":31,"spd":31,"spe":31}},{"name":"Rotom-Heat","species":"Rotom-Heat","item":"lightclay","ability":"Levitate","moves":["reflect","lightscreen","voltswitch","willowisp"],"nature":"Calm","evs":{"hp":248,"atk":0,"def":8,"spa":0,"spd":252,"spe":0},"ivs":{"hp":31,"atk":0,"def":31,"spa":31,"spd":31,"spe":31}},{"name":"Charizard","species":"Charizard","item":"charizarditey","ability":"Blaze","moves":["defog","fireblast","solarbeam","focusblast"],"nature":"Timid","evs":{"hp":0,"atk":0,"def":0,"spa":252,"spd":4,"spe":252},"ivs":{"hp":31,"atk":0,"def":31,"spa":31,"spd":31,"spe":31}},{"name":"Torkoal","species":"Torkoal","item":"leftovers","ability":"Shell Armor","moves":["rapidspin","lavaplume","yawn","stealthrock"],"nature":"Relaxed","evs":{"hp":248,"atk":0,"def":252,"spa":8,"spd":0,"spe":0},"ivs":{"hp":31,"atk":0,"def":31,"spa":31,"spd":31,"spe":0}},{"name":"Emboar","species":"Emboar","item":"sitrusberry","ability":"Blaze","moves":["focuspunch","substitute","thunderpunch","suckerpunch"],"nature":"Brave","evs":{"hp":252,"atk":128,"def":64,"spa":0,"spd":64,"spe":0},"ivs":{"hp":31,"atk":31,"def":31,"spa":31,"spd":31,"spe":0}},{"name":"Heatran","species":"Heatran","item":"airballoon","ability":"Flash Fire","moves":["solarbeam","flashcannon","lavaplume","earthpower"],"nature":"Modest","evs":{"hp":236,"atk":0,"def":0,"spa":168,"spd":80,"spe":24},"ivs":{"hp":31,"atk":0,"def":31,"spa":31,"spd":31,"spe":31}}],"p2team":[{"name":"Ferrothorn","species":"Ferrothorn","item":"rockyhelmet","ability":"Iron Barbs","moves":["stealthrock","thunderwave","gyroball","leechseed"],"nature":"Relaxed","evs":{"hp":252,"atk":4,"def":252,"spa":0,"spd":0,"spe":0},"ivs":{"hp":31,"atk":31,"def":31,"spa":31,"spd":31,"spe":0}},{"name":"Cradily","species":"Cradily","item":"leftovers","ability":"Storm Drain","moves":["ancientpower","stealthrock","hiddenpowerfire","recover"],"nature":"Calm","evs":{"hp":252,"atk":0,"def":0,"spa":4,"spd":252,"spe":0},"ivs":{"hp":31,"atk":30,"def":31,"spa":30,"spd":31,"spe":30}},{"name":"Ludicolo","species":"Ludicolo","item":"assaultvest","ability":"Rain Dish","moves":["scald","gigadrain","icebeam","hiddenpowerfire"],"nature":"Modest","evs":{"hp":0,"atk":0,"def":0,"spa":252,"spd":4,"spe":252},"ivs":{"hp":31,"atk":30,"def":31,"spa":30,"spd":31,"spe":30}},{"name":"Serperior","species":"Serperior","item":"lifeorb","ability":"Contrary","moves":["leafstorm","dragonpulse","hiddenpowerice","gigadrain"],"nature":"Timid","evs":{"hp":0,"atk":0,"def":0,"spa":252,"spd":4,"spe":252},"ivs":{"hp":31,"atk":30,"def":30,"spa":31,"spd":31,"spe":31}},{"name":"Sceptile","species":"Sceptile","item":"focussash","ability":"Unburden","moves":["acrobatics","drainpunch","swordsdance","rockslide"],"nature":"Adamant","evs":{"hp":0,"atk":252,"def":0,"spa":0,"spd":4,"spe":252},"ivs":{"hp":31,"atk":31,"def":31,"spa":31,"spd":31,"spe":31}},{"name":"Venusaur","species":"Venusaur","item":"venusaurite","ability":"Overgrow","moves":["curse","petalblizzard","earthquake","synthesis"],"nature":"Adamant","evs":{"hp":248,"atk":252,"def":0,"spa":0,"spd":8,"spe":0},"ivs":{"hp":31,"atk":31,"def":31,"spa":31,"spd":31,"spe":31}}],"log":["|player|p1|Void Chrono|voidchrono.png","|player|p2|V Photon|66","|gametype|singles","|gen|6","|tier|Monotype","|rated","|rule|Baton Pass Clause: Limit one Baton Passer, can't pass Spe and other stats simultaneously","|rule|Swagger Clause: Swagger is banned","|rule|Same Type Clause: Pokémon in a team must share a type","|clearpoke","|poke|p1|Victini","|poke|p1|Rotom-Heat","|poke|p1|Charizard, F","|poke|p1|Torkoal, F","|poke|p1|Emboar, F","|poke|p1|Heatran, F","|poke|p2|Ferrothorn, M","|poke|p2|Cradily, M","|poke|p2|Ludicolo, F","|poke|p2|Serperior, F","|poke|p2|Sceptile, M","|poke|p2|Venusaur, M","|rule|Sleep Clause Mod: Limit one foe put to sleep","|rule|Species Clause: Limit one of each Pokémon","|rule|OHKO Clause: OHKO moves are banned","|rule|Moody Clause: Moody is banned","|rule|Evasion Moves Clause: Evasion moves are banned","|rule|Endless Battle Clause: Forcing endless battles is banned","|rule|HP Percentage Mod: HP is shown in percentages","|teampreview","|","|start","|switch|p1a: Charizard|Charizard, F|297/297","|switch|p2a: Ludicolo|Ludicolo, F|301/301","|turn|1","|","|detailschange|p1a: Charizard|Charizard-Mega-Y, F","|-mega|p1a: Charizard|Charizard|Charizardite Y","|-weather|SunnyDay","|move|p1a: Charizard|Fire Blast|p2a: Ludicolo|[miss]","|-miss|p1a: Charizard|p2a: Ludicolo","|move|p2a: Ludicolo|Scald|p1a: Charizard","|-supereffective|p1a: Charizard","|-damage|p1a: Charizard|195/297","|","|-weather|SunnyDay|[upkeep]","|turn|2","|","|switch|p1a: Victini|Victini|341/341","|move|p2a: Ludicolo|Scald|p1a: Victini","|-supereffective|p1a: Victini","|-damage|p1a: Victini|225/341","|-enditem|p1a: Victini|Weakness Policy","|-boost|p1a: Victini|atk|2|[from] item: Weakness Policy","|-boost|p1a: Victini|spa|2|[from] item: Weakness Policy","|","|-weather|SunnyDay|[upkeep]","|turn|3","|","|move|p1a: Victini|Flame Charge|p2a: Ludicolo","|-damage|p2a: Ludicolo|88/301","|-boost|p1a: Victini|spe|1","|move|p2a: Ludicolo|Scald|p1a: Victini","|-supereffective|p1a: Victini","|-damage|p1a: Victini|99/341","|","|-weather|SunnyDay|[upkeep]","|turn|4","|","|switch|p2a: Ferrothorn|Ferrothorn, M|352/352","|move|p1a: Victini|Blue Flare|p2a: Ferrothorn|[miss]","|-miss|p1a: Victini|p2a: Ferrothorn","|","|-weather|SunnyDay|[upkeep]","|turn|5","|","|switch|p2a: Ludicolo|Ludicolo, F|88/301","|move|p1a: Victini|Blue Flare|p2a: Ludicolo","|-damage|p2a: Ludicolo|0 fnt","|faint|p2a: Ludicolo","|","|-weather|none","|","|switch|p2a: Sceptile|Sceptile, M|281/281","|turn|6","|","|move|p1a: Victini|Blue Flare|p2a: Sceptile","|-supereffective|p2a: Sceptile","|-enditem|p2a: Sceptile|Focus Sash","|-damage|p2a: Sceptile|1/281","|move|p2a: Sceptile|Swords Dance|p2a: Sceptile","|-boost|p2a: Sceptile|atk|2","|","|turn|7","|","|move|p2a: Sceptile|Acrobatics|p1a: Victini","|-damage|p1a: Victini|0 fnt","|faint|p1a: Victini","|","|","|switch|p1a: Heatran|Heatran, F|382/382","|-item|p1a: Heatran|Air Balloon","|turn|8","|","|move|p2a: Sceptile|Drain Punch|p1a: Heatran","|-supereffective|p1a: Heatran","|-damage|p1a: Heatran|90/382","|-heal|p2a: Sceptile|147/281|[from] drain|[of] p1a: Heatran","|-enditem|p1a: Heatran|Air Balloon","|move|p1a: Heatran|Lava Plume|p2a: Sceptile","|-supereffective|p2a: Sceptile","|-damage|p2a: Sceptile|0 fnt","|faint|p2a: Sceptile","|","|","|switch|p2a: Serperior|Serperior, F|291/291","|turn|9","|","|move|p2a: Serperior|Leaf Storm|p1a: Heatran","|-resisted|p1a: Heatran","|-damage|p1a: Heatran|47/382","|-boost|p2a: Serperior|spa|2","|-damage|p2a: Serperior|262/291|[from] item: Life Orb","|move|p1a: Heatran|Lava Plume|p2a: Serperior","|-supereffective|p2a: Serperior","|-damage|p2a: Serperior|0 fnt","|faint|p2a: Serperior","|","|","|switch|p2a: Cradily|Cradily, M|376/376","|turn|10","|","|move|p1a: Heatran|Flash Cannon|p2a: Cradily","|-supereffective|p2a: Cradily","|-damage|p2a: Cradily|158/376","|-unboost|p2a: Cradily|spd|1","|move|p2a: Cradily|Stealth Rock|p1a: Heatran","|-sidestart|p1: Void Chrono|move: Stealth Rock","|","|-heal|p2a: Cradily|181/376|[from] item: Leftovers","|turn|11","|","|switch|p2a: Ferrothorn|Ferrothorn, M|352/352","|move|p1a: Heatran|Flash Cannon|p2a: Ferrothorn","|-resisted|p2a: Ferrothorn","|-damage|p2a: Ferrothorn|281/352","|","|turn|12","|","|move|p1a: Heatran|Lava Plume|p2a: Ferrothorn","|-supereffective|p2a: Ferrothorn","|-damage|p2a: Ferrothorn|0 fnt","|faint|p2a: Ferrothorn","|","|","|switch|p2a: Venusaur|Venusaur, M|363/363","|turn|13","|","|detailschange|p2a: Venusaur|Venusaur-Mega, M","|-mega|p2a: Venusaur|Venusaur|Venusaurite","|move|p2a: Venusaur|Earthquake|p1a: Heatran","|-supereffective|p1a: Heatran","|-damage|p1a: Heatran|0 fnt","|faint|p1a: Heatran","|","|","|switch|p1a: Torkoal|Torkoal, F|343/343","|-damage|p1a: Torkoal|258/343|[from] Stealth Rock","|turn|14","|","|move|p2a: Venusaur|Curse|p2a: Venusaur","|-unboost|p2a: Venusaur|spe|1","|-boost|p2a: Venusaur|atk|1","|-boost|p2a: Venusaur|def|1","|move|p1a: Torkoal|Rapid Spin|p2a: Venusaur","|-damage|p2a: Venusaur|357/363","|-sideend|p1: Void Chrono|Stealth Rock|[from] move: Rapid Spin|[of] p1a: Torkoal","|","|-heal|p1a: Torkoal|279/343|[from] item: Leftovers","|turn|15","|","|move|p2a: Venusaur|Earthquake|p1a: Torkoal","|-supereffective|p1a: Torkoal","|-damage|p1a: Torkoal|95/343","|move|p1a: Torkoal|Yawn|p2a: Venusaur","|-start|p2a: Venusaur|move: Yawn|[of] p1a: Torkoal","|","|-heal|p1a: Torkoal|116/343|[from] item: Leftovers","|turn|16","|","|switch|p2a: Cradily|Cradily, M|181/376","|switch|p1a: Charizard|Charizard-Mega-Y, F|195/297","|-weather|SunnyDay","|","|-weather|SunnyDay|[upkeep]","|-heal|p2a: Cradily|204/376|[from] item: Leftovers","|turn|17","|","|switch|p1a: Emboar|Emboar, F|424/424","|move|p2a: Cradily|Ancient Power|p1a: Emboar","|-damage|p1a: Emboar|354/424","|","|-weather|SunnyDay|[upkeep]","|-heal|p2a: Cradily|227/376|[from] item: Leftovers","|turn|18","|","|move|p1a: Emboar|Substitute|p1a: Emboar","|-start|p1a: Emboar|Substitute","|-damage|p1a: Emboar|248/424","|move|p2a: Cradily|Stealth Rock|p1a: Emboar","|-sidestart|p1: Void Chrono|move: Stealth Rock","|","|-weather|SunnyDay|[upkeep]","|-heal|p2a: Cradily|250/376|[from] item: Leftovers","|turn|19","|","|-singleturn|p1a: Emboar|move: Focus Punch","|move|p2a: Cradily|Ancient Power|p1a: Emboar","|-activate|p1a: Emboar|Substitute|[damage]","|move|p1a: Emboar|Focus Punch|p2a: Cradily","|-supereffective|p2a: Cradily","|-damage|p2a: Cradily|0 fnt","|faint|p2a: Cradily","|","|-weather|SunnyDay|[upkeep]","|","|switch|p2a: Venusaur|Venusaur-Mega, M|357/363","|turn|20","|","|switch|p1a: Rotom-Heat|Rotom-Heat|303/303","|-damage|p1a: Rotom-Heat|228/303|[from] Stealth Rock","|move|p2a: Venusaur|Earthquake|p1a: Rotom-Heat","|-immune|p1a: Rotom-Heat|[msg]","|","|-weather|none","|turn|21","|","|move|p1a: Rotom-Heat|Will-O-Wisp|p2a: Venusaur","|-status|p2a: Venusaur|brn","|move|p2a: Venusaur|Curse|p2a: Venusaur","|-unboost|p2a: Venusaur|spe|1","|-boost|p2a: Venusaur|atk|1","|-boost|p2a: Venusaur|def|1","|","|-damage|p2a: Venusaur|312/363 brn|[from] brn","|turn|22","|","|move|p1a: Rotom-Heat|Reflect|p1a: Rotom-Heat","|-sidestart|p1: Void Chrono|Reflect","|move|p2a: Venusaur|Petal Blizzard|p1a: Rotom-Heat","|-resisted|p1a: Rotom-Heat","|-damage|p1a: Rotom-Heat|204/303","|","|-damage|p2a: Venusaur|267/363 brn|[from] brn","|turn|23","|","|move|p1a: Rotom-Heat|Volt Switch|p2a: Venusaur","|-resisted|p2a: Venusaur","|-damage|p2a: Venusaur|230/363 brn","|","|switch|p1a: Torkoal|Torkoal, F|116/343","|-damage|p1a: Torkoal|31/343|[from] Stealth Rock","|move|p2a: Venusaur|Earthquake|p1a: Torkoal","|-supereffective|p1a: Torkoal","|-damage|p1a: Torkoal|0 fnt","|faint|p1a: Torkoal","|","|-damage|p2a: Venusaur|185/363 brn|[from] brn","|","|switch|p1a: Charizard|Charizard-Mega-Y, F|195/297","|-damage|p1a: Charizard|47/297|[from] Stealth Rock","|-weather|SunnyDay","|turn|24","|","|move|p1a: Charizard|Fire Blast|p2a: Venusaur","|-supereffective|p2a: Venusaur","|-damage|p2a: Venusaur|0 fnt","|faint|p2a: Venusaur","|","|win|Void Chrono"],"p1rating":{"entryid":"5810362","serverid":"eos","formatid":"monotype","userid":"voidchrono","username":"Void Chrono ת_תת_ת","w":140,"l":"77","t":"0","gxe":64.3,"r":"1609.5074050888","rd":"32.266630534179","sigma":"0","rptime":"1439629200","rpr":1611.4112850607,"rprd":31.840547961789,"rpsigma":"0","acre":1282.7633434172,"lacre":1282.7633434172,"oldacre":"1266.8618198113"},"p2rating":{"entryid":"7561969","serverid":"eos","formatid":"monotype","userid":"vphoton","username":"V Photon","w":"11","l":13,"t":"0","gxe":46.1,"r":"1480.1813764591","rd":"80.230376137595","sigma":"0","rptime":"1439629200","rpr":1470.3734728219,"rprd":65.241111093086,"rpsigma":"0","acre":1118.4418018957,"lacre":1118.4418018957,"oldacre":"1134.3433255016"},"endType":"normal"}