{"seed":[61440,6815,29226,61270],"turns":35,"p1":"Emg GL Test Tech","p2":"Guard Wanderer","p1team":[{"name":"Alakazam","species":"Alakazam","item":"focussash","ability":"Synchronize","moves":["hiddenpowerfire","psyshock","taunt","focusblast"],"nature":"Timid","evs":{"hp":0,"atk":0,"def":0,"spa":252,"spd":4,"spe":252},"ivs":{"hp":31,"atk":30,"def":31,"spa":30,"spd":31,"spe":30}},{"name":"Jirachi","species":"Jirachi","item":"leftovers","ability":"Serene Grace","moves":["thunderwave","substitute","ironhead","zenheadbutt"],"nature":"Careful","evs":{"hp":252,"atk":0,"def":0,"spa":0,"spd":224,"spe":32},"ivs":{"hp":31,"atk":31,"def":31,"spa":31,"spd":31,"spe":31}},{"name":"Hoopa-Unbound","species":"Hoopa-Unbound","item":"choicescarf","ability":"Magician","moves":["destinybond","darkpulse","gunkshot","psychic"],"nature":"Hasty","evs":{"hp":0,"atk":4,"def":0,"spa":252,"spd":0,"spe":252},"ivs":{"hp":31,"atk":31,"def":31,"spa":31,"spd":31,"spe":31}},{"name":"Gardevoir","species":"Gardevoir","item":"gardevoirite","ability":"Synchronize","moves":["calmmind","hypervoice","substitute","psychic"],"nature":"Timid","evs":{"hp":0,"atk":0,"def":0,"spa":252,"spd":4,"spe":252},"ivs":{"hp":31,"atk":31,"def":31,"spa":31,"spd":31,"spe":31}},{"name":"Bronzong","species":"Bronzong","item":"lightclay","ability":"Levitate","moves":["reflect","lightscreen","stealthrock","toxic"],"nature":"Calm","evs":{"hp":248,"atk":0,"def":132,"spa":0,"spd":128,"spe":0},"ivs":{"hp":31,"atk":31,"def":31,"spa":31,"spd":31,"spe":31}},{"name":"Meloetta","species":"Meloetta","item":"leftovers","ability":"Serene Grace","moves":["substitute","hypervoice","calmmind","shadowball"],"nature":"Modest","evs":{"hp":248,"atk":0,"def":0,"spa":252,"spd":8,"spe":0},"ivs":{"hp":31,"atk":31,"def":31,"spa":31,"spd":31,"spe":31}}],"p2team":[{"name":"Weezing","species":"Weezing","item":"sitrusberry","ability":"Levitate","moves":["toxicspikes","willowisp","memento","thief"],"nature":"Careful","evs":{"hp":248,"atk":8,"def":0,"spa":0,"spd":252,"spe":0},"ivs":{"hp":31,"atk":31,"def":31,"spa":31,"spd":31,"spe":31}},{"name":"Tentacruel","species":"Tentacruel","item":"assaultvest","ability":"Liquid Ooze","moves":["scald","acidspray","gigadrain","hex"],"nature":"Timid","evs":{"hp":0,"atk":0,"def":4,"spa":252,"spd":0,"spe":252},"ivs":{"hp":31,"atk":31,"def":31,"spa":31,"spd":31,"spe":31}},{"name":"Skuntank","species":"Skuntank","item":"","ability":"Stench","moves":["snatch","thief","suckerpunch","poisonjab"],"nature":"Adamant","evs":{"hp":248,"atk":252,"def":0,"spa":0,"spd":8,"spe":0},"ivs":{"hp":31,"atk":31,"def":31,"spa":31,"spd":31,"spe":31}},{"name":"Crobat","species":"Crobat","item":"whiteherb","ability":"Infiltrator","moves":["curse","acrobatics","roost","hypnosis"],"nature":"Jolly","evs":{"hp":248,"atk":8,"def":0,"spa":0,"spd":0,"spe":252},"ivs":{"hp":31,"atk":31,"def":31,"spa":31,"spd":31,"spe":31}},{"name":"Gengar","species":"Gengar","item":"choicescarf","ability":"Levitate","moves":["trick","destinybond","venoshock","hex"],"nature":"Timid","evs":{"hp":0,"atk":0,"def":0,"spa":252,"spd":4,"spe":252},"ivs":{"hp":31,"atk":31,"def":31,"spa":31,"spd":31,"spe":31}},{"name":"Amoonguss","species":"Amoonguss","item":"blacksludge","ability":"Regenerator","moves":["spore","gigadrain","gastroacid","stunspore"],"nature":"Calm","evs":{"hp":248,"atk":0,"def":0,"spa":8,"spd":252,"spe":0},"shiny":true,"ivs":{"hp":31,"atk":31,"def":31,"spa":31,"spd":31,"spe":31}}],"log":["|player|p1|Emg GL Test Tech|170","|player|p2|Guard Wanderer|235","|gametype|singles","|gen|6","|tier|Monotype","|rated","|rule|Baton Pass Clause: Limit one Baton Passer, can't pass Spe and other stats simultaneously","|rule|Swagger Clause: Swagger is banned","|rule|Same Type Clause: Pokémon in a team must share a type","|clearpoke","|poke|p1|Alakazam, F","|poke|p1|Jirachi","|poke|p1|Hoopa-Unbound","|poke|p1|Gardevoir, F","|poke|p1|Bronzong","|poke|p1|Meloetta","|poke|p2|Weezing, M","|poke|p2|Tentacruel, F","|poke|p2|Skuntank, M","|poke|p2|Crobat, F","|poke|p2|Gengar, M","|poke|p2|Amoonguss, M, shiny","|rule|Sleep Clause Mod: Limit one foe put to sleep","|rule|Species Clause: Limit one of each Pokémon","|rule|OHKO Clause: OHKO moves are banned","|rule|Moody Clause: Moody is banned","|rule|Evasion Moves Clause: Evasion moves are banned","|rule|Endless Battle Clause: Forcing endless battles is banned","|rule|HP Percentage Mod: HP is shown in percentages","|teampreview","|","|start","|switch|p1a: Gardevoir|Gardevoir, F|277/277","|switch|p2a: Weezing|Weezing, M|333/333","|turn|1","|","|switch|p2a: Skuntank|Skuntank, M|409/409","|detailschange|p1a: Gardevoir|Gardevoir-Mega, F","|-mega|p1a: Gardevoir|Gardevoir|Gardevoirite","|move|p1a: Gardevoir|Substitute|p1a: Gardevoir","|-start|p1a: Gardevoir|Substitute","|-damage|p1a: Gardevoir|208/277","|","|turn|2","|","|move|p2a: Skuntank|Sucker Punch|p1a: Gardevoir","|-crit|p1a: Gardevoir","|-end|p1a: Gardevoir|Substitute","|move|p1a: Gardevoir|Hyper Voice|p2a: Skuntank","|-damage|p2a: Skuntank|69/409","|","|turn|3","|","|switch|p1a: Hoopa-Unbound|Hoopa-Unbound|301/301","|move|p2a: Skuntank|Thief|p1a: Hoopa-Unbound","|-damage|p1a: Hoopa-Unbound|148/301","|-item|p2a: Skuntank|Choice Scarf|[from] move: Thief|[of] p1a: Hoopa-Unbound","|","|turn|4","|","|move|p2a: Skuntank|Thief|p1a: Hoopa-Unbound","|-damage|p1a: Hoopa-Unbound|0 fnt","|faint|p1a: Hoopa-Unbound","|","|","|switch|p1a: Alakazam|Alakazam, F|251/251","|turn|5","|","|switch|p2a: Tentacruel|Tentacruel, F|301/301","|move|p1a: Alakazam|Hidden Power|p2a: Tentacruel","|-resisted|p2a: Tentacruel","|-damage|p2a: Tentacruel|278/301","|","|turn|6","|","|switch|p2a: Skuntank|Skuntank, M|69/409","|move|p1a: Alakazam|Psyshock|p2a: Skuntank","|-immune|p2a: Skuntank|[msg]","|","|turn|7","|","|move|p2a: Skuntank|Sucker Punch|p1a: Alakazam","|-supereffective|p1a: Alakazam","|-enditem|p1a: Alakazam|Focus Sash","|-damage|p1a: Alakazam|1/251","|move|p1a: Alakazam|Hidden Power|p2a: Skuntank","|-damage|p2a: Skuntank|0 fnt","|faint|p2a: Skuntank","|","|","|switch|p2a: Crobat|Crobat, F|373/373","|turn|8","|","|switch|p1a: Bronzong|Bronzong|337/337","|move|p2a: Crobat|Acrobatics|p1a: Bronzong","|-resisted|p1a: Bronzong","|-damage|p1a: Bronzong|316/337","|","|turn|9","|","|switch|p2a: Weezing|Weezing, M|333/333","|move|p1a: Bronzong|Light Screen|p1a: Bronzong","|-sidestart|p1: Emg GL Test Tech|move: Light Screen","|","|turn|10","|","|move|p2a: Weezing|Toxic Spikes|p1a: Bronzong","|-sidestart|p1: Emg GL Test Tech|move: Toxic Spikes","|move|p1a: Bronzong|Reflect|p1a: Bronzong","|-sidestart|p1: Emg GL Test Tech|Reflect","|","|turn|11","|","|switch|p1a: Alakazam|Alakazam, F|1/251","|-status|p1a: Alakazam|psn","|move|p2a: Weezing|Toxic Spikes|p1a: Alakazam","|-sidestart|p1: Emg GL Test Tech|move: Toxic Spikes","|","|-damage|p1a: Alakazam|0 fnt|[from] psn","|faint|p1a: Alakazam","|","|switch|p1a: Jirachi|Jirachi|404/404","|turn|12","|","|move|p1a: Jirachi|Substitute|p1a: Jirachi","|-start|p1a: Jirachi|Substitute","|-damage|p1a: Jirachi|303/404","|move|p2a: Weezing|Will-O-Wisp|p1a: Jirachi","|-fail|p1a: Jirachi","|","|-heal|p1a: Jirachi|328/404|[from] item: Leftovers","|turn|13","|","|move|p1a: Jirachi|Thunder Wave|p2a: Weezing","|-status|p2a: Weezing|par","|cant|p2a: Weezing|par","|","|-heal|p1a: Jirachi|353/404|[from] item: Leftovers","|turn|14","|","|move|p1a: Jirachi|Zen Headbutt|p2a: Weezing","|-supereffective|p2a: Weezing","|-damage|p2a: Weezing|169/333 par","|move|p2a: Weezing|Thief|p1a: Jirachi","|-supereffective|p1a: Jirachi","|-activate|p1a: Jirachi|Substitute|[damage]","|","|-heal|p1a: Jirachi|378/404|[from] item: Leftovers","|turn|15","|","|move|p1a: Jirachi|Iron Head|p2a: Weezing","|-damage|p2a: Weezing|94/333 par","|-enditem|p2a: Weezing|Sitrus Berry|[eat]","|-heal|p2a: Weezing|177/333 par|[from] item: Sitrus Berry","|cant|p2a: Weezing|flinch","|","|-heal|p1a: Jirachi|403/404|[from] item: Leftovers","|turn|16","|","|switch|p2a: Crobat|Crobat, F|373/373","|move|p1a: Jirachi|Iron Head|p2a: Crobat","|-damage|p2a: Crobat|265/373","|","|-heal|p1a: Jirachi|404/404|[from] item: Leftovers","|-sideend|p1: Emg GL Test Tech|move: Light Screen","|turn|17","|","|move|p2a: Crobat|Hypnosis|p1a: Jirachi","|-status|p1a: Jirachi|slp","|cant|p1a: Jirachi|slp","|","|-sideend|p1: Emg GL Test Tech|Reflect","|turn|18","|","|switch|p2a: Tentacruel|Tentacruel, F|278/301","|-curestatus|p1a: Jirachi|slp","|move|p1a: Jirachi|Substitute|p1a: Jirachi","|-fail|p1a: Jirachi|move: Substitute","|","|turn|19","|","|move|p2a: Tentacruel|Scald|p1a: Jirachi","|-end|p1a: Jirachi|Substitute","|move|p1a: Jirachi|Zen Headbutt|p2a: Tentacruel","|-supereffective|p2a: Tentacruel","|-damage|p2a: Tentacruel|6/301","|","|turn|20","|","|move|p2a: Tentacruel|Scald|p1a: Jirachi","|-damage|p1a: Jirachi|326/404","|-status|p1a: Jirachi|brn","|move|p1a: Jirachi|Substitute|p1a: Jirachi","|-start|p1a: Jirachi|Substitute","|-damage|p1a: Jirachi|225/404 brn","|","|-heal|p1a: Jirachi|250/404 brn|[from] item: Leftovers","|-damage|p1a: Jirachi|200/404 brn|[from] brn","|turn|21","|","|switch|p2a: Weezing|Weezing, M|177/333 par","|move|p1a: Jirachi|Iron Head|p2a: Weezing","|-damage|p2a: Weezing|134/333 par","|","|-heal|p1a: Jirachi|225/404 brn|[from] item: Leftovers","|-damage|p1a: Jirachi|175/404 brn|[from] brn","|turn|22","|","|move|p1a: Jirachi|Iron Head|p2a: Weezing","|-damage|p2a: Weezing|96/333 par","|cant|p2a: Weezing|flinch","|","|-heal|p1a: Jirachi|200/404 brn|[from] item: Leftovers","|-damage|p1a: Jirachi|150/404 brn|[from] brn","|turn|23","|","|move|p1a: Jirachi|Zen Headbutt|p2a: Weezing","|-supereffective|p2a: Weezing","|-damage|p2a: Weezing|11/333 par","|cant|p2a: Weezing|par","|","|-heal|p1a: Jirachi|175/404 brn|[from] item: Leftovers","|-damage|p1a: Jirachi|125/404 brn|[from] brn","|turn|24","|","|move|p1a: Jirachi|Iron Head|p2a: Weezing","|-damage|p2a: Weezing|0 fnt","|faint|p2a: Weezing","|","|-heal|p1a: Jirachi|150/404 brn|[from] item: Leftovers","|-damage|p1a: Jirachi|100/404 brn|[from] brn","|","|switch|p2a: Tentacruel|Tentacruel, F|6/301","|turn|25","|","|move|p2a: Tentacruel|Hex|p1a: Jirachi","|-supereffective|p1a: Jirachi","|-end|p1a: Jirachi|Substitute","|move|p1a: Jirachi|Iron Head|p2a: Tentacruel","|-resisted|p2a: Tentacruel","|-damage|p2a: Tentacruel|0 fnt","|faint|p2a: Tentacruel","|","|-heal|p1a: Jirachi|125/404 brn|[from] item: Leftovers","|-damage|p1a: Jirachi|75/404 brn|[from] brn","|","|switch|p2a: Gengar|Gengar, M|261/261","|turn|26","|","|move|p2a: Gengar|Hex|p1a: Jirachi","|-supereffective|p1a: Jirachi","|-damage|p1a: Jirachi|0 fnt","|faint|p1a: Jirachi","|","|","|switch|p1a: Meloetta|Meloetta|403/403","|-status|p1a: Meloetta|tox","|turn|27","|","|switch|p2a: Amoonguss|Amoonguss, M, shiny|431/431","|move|p1a: Meloetta|Shadow Ball|p2a: Amoonguss","|-damage|p2a: Amoonguss|342/431","|","|-heal|p2a: Amoonguss|368/431|[from] item: Black Sludge","|-damage|p1a: Meloetta|378/403 tox|[from] psn","|turn|28","|","|switch|p1a: Bronzong|Bronzong|316/337","|move|p2a: Amoonguss|Gastro Acid|p1a: Bronzong","|-endability|p1a: Bronzong","|","|-heal|p2a: Amoonguss|394/431|[from] item: Black Sludge","|turn|29","|","|move|p1a: Bronzong|Reflect|p1a: Bronzong","|-sidestart|p1: Emg GL Test Tech|Reflect","|move|p2a: Amoonguss|Stun Spore|p1a: Bronzong","|-status|p1a: Bronzong|par","|","|-heal|p2a: Amoonguss|420/431|[from] item: Black Sludge","|turn|30","|","|switch|p2a: Crobat|Crobat, F|265/373","|move|p1a: Bronzong|Stealth Rock|p2a: Crobat","|-sidestart|p2: Guard Wanderer|move: Stealth Rock","|","|turn|31","|","|move|p2a: Crobat|Curse|p2a: Crobat","|-unboost|p2a: Crobat|spe|1","|-boost|p2a: Crobat|atk|1","|-boost|p2a: Crobat|def|1","|-enditem|p2a: Crobat|White Herb","|-restoreboost|p2a: Crobat|[silent]","|move|p1a: Bronzong|Light Screen|p1a: Bronzong","|-sidestart|p1: Emg GL Test Tech|move: Light Screen","|","|turn|32","|","|switch|p1a: Gardevoir|Gardevoir-Mega, F|208/277","|-status|p1a: Gardevoir|tox","|move|p2a: Crobat|Roost|p2a: Crobat","|-heal|p2a: Crobat|373/373","|","|-damage|p1a: Gardevoir|191/277 tox|[from] psn","|turn|33","|","|move|p2a: Crobat|Acrobatics|p1a: Gardevoir","|-damage|p1a: Gardevoir|0 fnt","|faint|p1a: Gardevoir","|","|","|switch|p1a: Meloetta|Meloetta|378/403 tox","|turn|34","|","|move|p2a: Crobat|Acrobatics|p1a: Meloetta","|-damage|p1a: Meloetta|147/403 tox","|move|p1a: Meloetta|Hyper Voice|p2a: Crobat","|-damage|p2a: Crobat|174/373","|","|-heal|p1a: Meloetta|172/403 tox|[from] item: Leftovers","|-damage|p1a: Meloetta|147/403 tox|[from] psn","|turn|35","|","|win|Guard Wanderer"],"p1rating":{"entryid":"7162853","serverid":"eos","formatid":"monotype","userid":"emggltesttech","username":"Emg GL Test Tech","w":"13","l":7,"t":"0","gxe":61.8,"r":"1636.8962741436","rd":"75.458729011486","sigma":"0","rptime":"1439629200","rpr":1592.5934610457,"rprd":72.824777373463,"rpsigma":"0","acre":1160.1825263079,"lacre":1160.1825263079,"oldacre":"1190.2115209775"},"p2rating":{"entryid":"6731189","serverid":"eos","formatid":"monotype","userid":"guardwanderer","username":"Guard Wanderer","w":116,"l":"143","t":"0","gxe":44.9,"r":"1458.4015254395","rd":"26.724110503285","sigma":"0","rptime":"1439629200","rpr":1461.3109593189,"rprd":26.665482902811,"rpsigma":"0","acre":1149.3841695434,"lacre":1149.3841695434,"oldacre":"1119.3551748738"},"endType":"forfeit"}