{"seed":[34797,20558,13684,33624],"turns":28,"p1":"Jake1079","p2":"Kah521","p1team":[{"name":"Staraptor","species":"Staraptor","item":"choicescarf","ability":"Reckless","moves":["bravebird","closecombat","doubleedge","uturn"],"nature":"Adamant","evs":{"hp":0,"atk":252,"def":0,"spa":0,"spd":4,"spe":252},"ivs":{"hp":31,"atk":31,"def":31,"spa":31,"spd":31,"spe":31}},{"name":"Porygon2","species":"Porygon2","item":"eviolite","ability":"Download","moves":["icebeam","thunderbolt","recover","toxic"],"nature":"Calm","evs":{"hp":248,"atk":0,"def":0,"spa":8,"spd":252,"spe":0},"ivs":{"hp":31,"atk":31,"def":31,"spa":31,"spd":31,"spe":31}},{"name":"Cinccino","species":"Cinccino","item":"lifeorb","ability":"Skill Link","moves":["bulletseed","rockblast","tailslap","uturn"],"nature":"Adamant","evs":{"hp":0,"atk":252,"def":0,"spa":0,"spd":4,"spe":252},"ivs":{"hp":31,"atk":31,"def":31,"spa":31,"spd":31,"spe":31}},{"name":"Braviary","species":"Braviary","item":"leftovers","ability":"Sheer Force","moves":["superpower","defog","bravebird","roost"],"nature":"Careful","evs":{"hp":252,"atk":252,"def":0,"spa":0,"spd":4,"spe":0},"ivs":{"hp":31,"atk":31,"def":31,"spa":31,"spd":31,"spe":31}},{"name":"Chansey","species":"Chansey","item":"eviolite","ability":"Natural Cure","moves":["seismictoss","stealthrock","thunderwave","softboiled"],"nature":"Bold","evs":{"hp":248,"atk":0,"def":252,"spa":0,"spd":8,"spe":0},"ivs":{"hp":31,"atk":31,"def":31,"spa":31,"spd":31,"spe":31}},{"name":"Pidgeot","species":"Pidgeot","item":"pidgeotite","ability":"Big Pecks","moves":["heatwave","hurricane","whirlwind","hiddenpowerice"],"nature":"Modest","evs":{"hp":0,"atk":0,"def":0,"spa":252,"spd":4,"spe":252},"ivs":{"hp":31,"atk":30,"def":30,"spa":31,"spd":31,"spe":31}}],"p2team":[{"name":"Ft. Us","species":"mew","item":"leftovers","ability":"Synchronize","moves":["bulkup","drainpunch","zenheadbutt","roost"],"nature":"Careful","evs":{"hp":252,"atk":4,"def":0,"spa":0,"spd":252,"spe":0},"ivs":{"hp":31,"atk":31,"def":31,"spa":31,"spd":31,"spe":31}},{"name":"I will fuck you.","species":"jirachi","item":"leftovers","ability":"Serene Grace","moves":["ironhead","stealthrock","uturn","firepunch"],"nature":"Careful","evs":{"hp":252,"atk":0,"def":0,"spa":0,"spd":176,"spe":80},"ivs":{"hp":31,"atk":31,"def":31,"spa":31,"spd":31,"spe":31}},{"name":"A good prankster","species":"meowstic","item":"lightclay","ability":"Prankster","moves":["lightscreen","reflect","thunderwave","darkpulse"],"nature":"Timid","evs":{"hp":252,"atk":0,"def":0,"spa":4,"spd":0,"spe":252},"shiny":true,"ivs":{"hp":31,"atk":31,"def":31,"spa":31,"spd":31,"spe":31}},{"name":"Aero","species":"latios","item":"choicespecs","ability":"Levitate","moves":["dracometeor","psychic","psyshock","thunderbolt"],"nature":"Timid","evs":{"hp":4,"atk":0,"def":0,"spa":252,"spd":0,"spe":252},"shiny":true,"ivs":{"hp":31,"atk":31,"def":31,"spa":31,"spd":31,"spe":31}},{"name":"Latias","species":"Latias","item":"latiasite","ability":"Levitate","moves":["roost","reflect","calmmind","storedpower"],"nature":"Bold","evs":{"hp":248,"atk":0,"def":84,"spa":0,"spd":0,"spe":176},"ivs":{"hp":31,"atk":31,"def":31,"spa":31,"spd":31,"spe":31}},{"name":"Hoopa-Unbound","species":"Hoopa-Unbound","item":"leftovers","ability":"Magician","moves":["substitute","hyperspacefury","gunkshot","drainpunch"],"nature":"Jolly","evs":{"hp":4,"atk":252,"def":0,"spa":0,"spd":0,"spe":252},"ivs":{"hp":31,"atk":31,"def":31,"spa":31,"spd":31,"spe":31}}],"log":["|player|p1|Jake1079|281","|player|p2|Kah521|kah521.png","|gametype|singles","|gen|6","|tier|Monotype","|rated","|rule|Baton Pass Clause: Limit one Baton Passer, can't pass Spe and other stats simultaneously","|rule|Swagger Clause: Swagger is banned","|rule|Same Type Clause: Pokémon in a team must share a type","|clearpoke","|poke|p1|Staraptor, M","|poke|p1|Porygon2","|poke|p1|Cinccino, M","|poke|p1|Braviary, M","|poke|p1|Chansey, F","|poke|p1|Pidgeot, M","|poke|p2|Mew","|poke|p2|Jirachi","|poke|p2|Meowstic, M, shiny","|poke|p2|Latios, M, shiny","|poke|p2|Latias, F","|poke|p2|Hoopa-Unbound","|rule|Sleep Clause Mod: Limit one foe put to sleep","|rule|Species Clause: Limit one of each Pokémon","|rule|OHKO Clause: OHKO moves are banned","|rule|Moody Clause: Moody is banned","|rule|Evasion Moves Clause: Evasion moves are banned","|rule|Endless Battle Clause: Forcing endless battles is banned","|rule|HP Percentage Mod: HP is shown in percentages","|teampreview","|","|start","|switch|p1a: Staraptor|Staraptor, M|311/311","|switch|p2a: Latias|Latias, F|363/363","|turn|1","|","|switch|p2a: I will fuck you.|Jirachi|404/404","|move|p1a: Staraptor|Brave Bird|p2a: I will fuck you.","|-resisted|p2a: I will fuck you.","|-damage|p2a: I will fuck you.|271/404","|-damage|p1a: Staraptor|267/311|[from] recoil|[of] p2a: I will fuck you.","|","|-heal|p2a: I will fuck you.|296/404|[from] item: Leftovers","|turn|2","|","|move|p1a: Staraptor|Brave Bird|p2a: I will fuck you.","|-resisted|p2a: I will fuck you.","|-damage|p2a: I will fuck you.|170/404","|-damage|p1a: Staraptor|225/311|[from] recoil|[of] p2a: I will fuck you.","|move|p2a: I will fuck you.|Fire Punch|p1a: Staraptor","|-damage|p1a: Staraptor|147/311","|","|-heal|p2a: I will fuck you.|195/404|[from] item: Leftovers","|turn|3","|","|switch|p1a: Pidgeot|Pidgeot, M|307/307","|move|p2a: I will fuck you.|Fire Punch|p1a: Pidgeot","|-damage|p1a: Pidgeot|236/307","|","|-heal|p2a: I will fuck you.|220/404|[from] item: Leftovers","|turn|4","|","|detailschange|p1a: Pidgeot|Pidgeot-Mega, M","|-mega|p1a: Pidgeot|Pidgeot|Pidgeotite","|move|p1a: Pidgeot|Heat Wave|p2a: I will fuck you.","|-supereffective|p2a: I will fuck you.","|-damage|p2a: I will fuck you.|8/404","|move|p2a: I will fuck you.|U-turn|p1a: Pidgeot","|-resisted|p1a: Pidgeot","|-damage|p1a: Pidgeot|205/307","|","|switch|p2a: A good prankster|Meowstic, M, shiny|352/352","|","|turn|5","|","|move|p2a: A good prankster|Light Screen|p2a: A good prankster","|-sidestart|p2: Kah521|move: Light Screen","|move|p1a: Pidgeot|Hurricane|p2a: A good prankster","|-crit|p2a: A good prankster","|-damage|p2a: A good prankster|0 fnt","|faint|p2a: A good prankster","|","|","|switch|p2a: Latias|Latias, F|363/363","|turn|6","|","|detailschange|p2a: Latias|Latias-Mega, F","|-mega|p2a: Latias|Latias|Latiasite","|move|p2a: Latias|Calm Mind|p2a: Latias","|-boost|p2a: Latias|spa|1","|-boost|p2a: Latias|spd|1","|move|p1a: Pidgeot|Whirlwind|p2a: Latias","|drag|p2a: I will fuck you.|Jirachi|8/404","|","|-heal|p2a: I will fuck you.|33/404|[from] item: Leftovers","|turn|7","|","|move|p1a: Pidgeot|Heat Wave|p2a: I will fuck you.","|-supereffective|p2a: I will fuck you.","|-damage|p2a: I will fuck you.|0 fnt","|faint|p2a: I will fuck you.","|","|","|switch|p2a: Aero|Latios, M, shiny|302/302","|turn|8","|","|move|p2a: Aero|Psyshock|p1a: Pidgeot","|-damage|p1a: Pidgeot|0 fnt","|faint|p1a: Pidgeot","|","|","|switch|p1a: Chansey|Chansey, F|703/703","|turn|9","|","|move|p2a: Aero|Psyshock|p1a: Chansey","|-damage|p1a: Chansey|442/703","|move|p1a: Chansey|Thunder Wave|p2a: Aero","|-status|p2a: Aero|par","|","|turn|10","|","|switch|p2a: Ft. Us|Mew|404/404","|move|p1a: Chansey|Stealth Rock|p2a: Ft. Us","|-sidestart|p2: Kah521|move: Stealth Rock","|","|turn|11","|","|switch|p1a: Porygon2|Porygon2|373/373","|-boost|p1a: Porygon2|atk|1|[from] ability: Download","|move|p2a: Ft. Us|Bulk Up|p2a: Ft. Us","|-boost|p2a: Ft. Us|atk|1","|-boost|p2a: Ft. Us|def|1","|","|turn|12","|","|move|p2a: Ft. Us|Bulk Up|p2a: Ft. Us","|-boost|p2a: Ft. Us|atk|1","|-boost|p2a: Ft. Us|def|1","|move|p1a: Porygon2|Toxic|p2a: Ft. Us","|-status|p2a: Ft. Us|tox","|-status|p1a: Porygon2|tox","|","|-damage|p2a: Ft. Us|379/404 tox|[from] psn","|-damage|p1a: Porygon2|350/373 tox|[from] psn","|-sideend|p2: Kah521|move: Light Screen","|turn|13","|","|move|p2a: Ft. Us|Bulk Up|p2a: Ft. Us","|-boost|p2a: Ft. Us|atk|1","|-boost|p2a: Ft. Us|def|1","|move|p1a: Porygon2|Ice Beam|p2a: Ft. Us","|-damage|p2a: Ft. Us|326/404 tox","|","|-heal|p2a: Ft. Us|351/404 tox|[from] item: Leftovers","|-damage|p2a: Ft. Us|301/404 tox|[from] psn","|-damage|p1a: Porygon2|304/373 tox|[from] psn","|turn|14","|","|move|p2a: Ft. Us|Bulk Up|p2a: Ft. Us","|-boost|p2a: Ft. Us|atk|1","|-boost|p2a: Ft. Us|def|1","|move|p1a: Porygon2|Ice Beam|p2a: Ft. Us","|-damage|p2a: Ft. Us|250/404 tox","|","|-heal|p2a: Ft. Us|275/404 tox|[from] item: Leftovers","|-damage|p2a: Ft. Us|200/404 tox|[from] psn","|-damage|p1a: Porygon2|235/373 tox|[from] psn","|turn|15","|","|move|p2a: Ft. Us|Drain Punch|p1a: Porygon2","|-supereffective|p1a: Porygon2","|-damage|p1a: Porygon2|0 fnt","|-heal|p2a: Ft. Us|318/404 tox|[from] drain|[of] p1a: Porygon2","|faint|p1a: Porygon2","|","|-heal|p2a: Ft. Us|343/404 tox|[from] item: Leftovers","|-damage|p2a: Ft. Us|243/404 tox|[from] psn","|","|switch|p1a: Cinccino|Cinccino, M|291/291","|turn|16","|","|move|p1a: Cinccino|U-turn|p2a: Ft. Us","|-supereffective|p2a: Ft. Us","|-damage|p2a: Ft. Us|178/404 tox","|-damage|p1a: Cinccino|262/291|[from] item: Life Orb","|","|switch|p1a: Chansey|Chansey, F|442/703","|move|p2a: Ft. Us|Drain Punch|p1a: Chansey","|-supereffective|p1a: Chansey","|-damage|p1a: Chansey|0 fnt","|-heal|p2a: Ft. Us|399/404 tox|[from] drain|[of] p1a: Chansey","|faint|p1a: Chansey","|","|-heal|p2a: Ft. Us|404/404 tox|[from] item: Leftovers","|-damage|p2a: Ft. Us|279/404 tox|[from] psn","|","|switch|p1a: Braviary|Braviary, M|404/404","|turn|17","|","|move|p2a: Ft. Us|Drain Punch|p1a: Braviary","|-damage|p1a: Braviary|172/404","|-heal|p2a: Ft. Us|395/404 tox|[from] drain|[of] p1a: Braviary","|move|p1a: Braviary|Roost|p1a: Braviary","|-heal|p1a: Braviary|374/404","|","|-heal|p2a: Ft. Us|404/404 tox|[from] item: Leftovers","|-heal|p1a: Braviary|399/404|[from] item: Leftovers","|-damage|p2a: Ft. Us|254/404 tox|[from] psn","|turn|18","|","|move|p2a: Ft. Us|Drain Punch|p1a: Braviary","|-damage|p1a: Braviary|162/404","|-heal|p2a: Ft. Us|373/404 tox|[from] drain|[of] p1a: Braviary","|move|p1a: Braviary|Roost|p1a: Braviary","|-heal|p1a: Braviary|364/404","|","|-heal|p2a: Ft. Us|398/404 tox|[from] item: Leftovers","|-heal|p1a: Braviary|389/404|[from] item: Leftovers","|-damage|p2a: Ft. Us|223/404 tox|[from] psn","|turn|19","|","|move|p2a: Ft. Us|Zen Headbutt|p1a: Braviary","|-damage|p1a: Braviary|7/404","|cant|p1a: Braviary|flinch","|","|-heal|p2a: Ft. Us|248/404 tox|[from] item: Leftovers","|-heal|p1a: Braviary|32/404|[from] item: Leftovers","|-damage|p2a: Ft. Us|48/404 tox|[from] psn","|turn|20","|","|move|p2a: Ft. Us|Drain Punch|p1a: Braviary","|-damage|p1a: Braviary|0 fnt","|-heal|p2a: Ft. Us|64/404 tox|[from] drain|[of] p1a: Braviary","|faint|p1a: Braviary","|","|-heal|p2a: Ft. Us|89/404 tox|[from] item: Leftovers","|-damage|p2a: Ft. Us|0 fnt|[from] psn","|faint|p2a: Ft. Us","|","|switch|p1a: Cinccino|Cinccino, M|262/291","|switch|p2a: Latias|Latias-Mega, F|363/363","|-damage|p2a: Latias|318/363|[from] Stealth Rock","|turn|21","|","|move|p1a: Cinccino|Tail Slap|p2a: Latias|[miss]","|-miss|p1a: Cinccino|p2a: Latias","|move|p2a: Latias|Reflect|p2a: Latias","|-sidestart|p2: Kah521|Reflect","|","|turn|22","|","|move|p1a: Cinccino|Tail Slap|p2a: Latias","|-crit|p2a: Latias","|-damage|p2a: Latias|263/363","|-damage|p2a: Latias|244/363","|-damage|p2a: Latias|224/363","|-damage|p2a: Latias|204/363","|-damage|p2a: Latias|184/363","|-hitcount|p2a: Latias|5","|-damage|p1a: Cinccino|233/291|[from] item: Life Orb","|move|p2a: Latias|Calm Mind|p2a: Latias","|-boost|p2a: Latias|spa|1","|-boost|p2a: Latias|spd|1","|","|turn|23","|","|move|p1a: Cinccino|Tail Slap|p2a: Latias","|-damage|p2a: Latias|165/363","|-damage|p2a: Latias|147/363","|-damage|p2a: Latias|127/363","|-damage|p2a: Latias|108/363","|-damage|p2a: Latias|88/363","|-hitcount|p2a: Latias|5","|-damage|p1a: Cinccino|204/291|[from] item: Life Orb","|move|p2a: Latias|Roost|p2a: Latias","|-heal|p2a: Latias|270/363","|","|turn|24","|","|move|p1a: Cinccino|Tail Slap|p2a: Latias|[miss]","|-miss|p1a: Cinccino|p2a: Latias","|move|p2a: Latias|Calm Mind|p2a: Latias","|-boost|p2a: Latias|spa|1","|-boost|p2a: Latias|spd|1","|","|turn|25","|","|move|p1a: Cinccino|Tail Slap|p2a: Latias","|-damage|p2a: Latias|252/363","|-damage|p2a: Latias|232/363","|-damage|p2a: Latias|212/363","|-damage|p2a: Latias|192/363","|-damage|p2a: Latias|172/363","|-hitcount|p2a: Latias|5","|-damage|p1a: Cinccino|175/291|[from] item: Life Orb","|move|p2a: Latias|Stored Power|p1a: Cinccino","|-damage|p1a: Cinccino|0 fnt","|faint|p1a: Cinccino","|","|-sideend|p2: Kah521|Reflect","|","|switch|p1a: Staraptor|Staraptor, M|147/311","|turn|26","|","|move|p1a: Staraptor|Brave Bird|p2a: Latias","|-damage|p2a: Latias|0 fnt","|-damage|p1a: Staraptor|90/311|[from] recoil|[of] p2a: Latias","|faint|p2a: Latias","|","|","|switch|p2a: Hoopa-Unbound|Hoopa-Unbound|302/302","|-damage|p2a: Hoopa-Unbound|265/302|[from] Stealth Rock","|turn|27","|","|move|p1a: Staraptor|Brave Bird|p2a: Hoopa-Unbound","|-damage|p2a: Hoopa-Unbound|0 fnt","|-damage|p1a: Staraptor|3/311|[from] recoil|[of] p2a: Hoopa-Unbound","|faint|p2a: Hoopa-Unbound","|","|","|switch|p2a: Aero|Latios, M, shiny|302/302 par","|-damage|p2a: Aero|265/302 par|[from] Stealth Rock","|turn|28","|","|move|p1a: Staraptor|Brave Bird|p2a: Aero","|-damage|p2a: Aero|0 fnt","|-damage|p1a: Staraptor|0 fnt|[from] recoil|[of] p2a: Aero","|faint|p2a: Aero","|faint|p1a: Staraptor","|","|win|Jake1079"],"p1rating":{"entryid":"7429437","serverid":"eos","formatid":"monotype","userid":"jake1079","username":"Jake1079","w":51,"l":"58","t":"0","gxe":48.7,"r":"1468.7630650162","rd":"38.042333974705","sigma":"0","rptime":"1439629200","rpr":1490.258466412,"rprd":36.359303992151,"rpsigma":"0","acre":1219.2023155238,"lacre":1219.2023155238,"oldacre":"1207.5835483397"},"p2rating":{"entryid":7652839,"formatid":"monotype","userid":"kah521","username":"Kah521","r":1500,"rd":130,"sigma":0,"rpr":1453.7421710251,"rprd":121.92213836259,"rpsigma":0,"rptime":1439629200,"w":0,"l":1,"t":0,"gxe":44.2,"acre":1000,"lacre":1000,"oldacre":1000},"endType":"normal"}