{"seed":[18143,56494,62384,25399],"turns":21,"p1":"GTX♅Bzumzum","p2":"Knight♕Altair","p1team":[{"name":"Striker","species":"raikou","item":"airballoon","ability":"Pressure","moves":["aurasphere","calmmind","hiddenpowergrass","substitute"],"nature":"Rash","evs":{"hp":4,"atk":0,"def":72,"spa":196,"spd":0,"spe":236},"ivs":{"hp":31,"atk":30,"def":31,"spa":30,"spd":31,"spe":31},"shiny":true},{"name":"Plugg-in Failure","species":"electivire","item":"choicescarf","ability":"Vital Spirit","moves":["crosschop","earthquake","firepunch","icepunch"],"nature":"Jolly","evs":{"hp":0,"atk":252,"def":0,"spa":0,"spd":4,"spe":252},"gender":"M","shiny":true,"ivs":{"hp":31,"atk":31,"def":31,"spa":31,"spd":31,"spe":31}},{"name":"Breezer","species":"rotomfrost","item":"rockyhelmet","ability":"Levitate","moves":["blizzard","protect","signalbeam","trick"],"nature":"Calm","evs":{"hp":228,"atk":0,"def":120,"spa":8,"spd":152,"spe":0},"shiny":true,"ivs":{"hp":31,"atk":31,"def":31,"spa":31,"spd":31,"spe":31}},{"name":"MY ZONE!!!","species":"magnezone","item":"choicespecs","ability":"Sturdy","moves":["flashcannon","triattack","hiddenpowerice","signalbeam"],"nature":"Timid","evs":{"hp":228,"atk":0,"def":0,"spa":252,"spd":28,"spe":0},"ivs":{"hp":31,"atk":30,"def":30,"spa":31,"spd":31,"spe":31},"shiny":true},{"name":"Zapz","species":"zapdos","item":"leftovers","ability":"Pressure","moves":["defog","heatwave","roost","extrasensory"],"nature":"Calm","evs":{"hp":16,"atk":0,"def":44,"spa":4,"spd":28,"spe":0},"shiny":true,"ivs":{"hp":31,"atk":31,"def":31,"spa":31,"spd":31,"spe":31}},{"name":"Flicker-Sparkz","species":"luxray","item":"assaultvest","ability":"Intimidate","moves":["wildcharge","firefang","superpower","quickattack"],"nature":"Adamant","evs":{"hp":248,"atk":252,"def":0,"spa":0,"spd":8,"spe":0},"gender":"M","shiny":true,"ivs":{"hp":31,"atk":31,"def":31,"spa":31,"spd":31,"spe":31}}],"p2team":[{"name":"Take a Chance xd","species":"chansey","item":"eviolite","ability":"Natural Cure","moves":["toxic","softboiled","seismictoss","stealthrock"],"nature":"Bold","evs":{"hp":4,"atk":0,"def":252,"spa":0,"spd":252,"spe":0},"ivs":{"hp":31,"atk":31,"def":31,"spa":31,"spd":31,"spe":31}},{"name":"Im very Punny xd","species":"lopunny","item":"lopunnite","ability":"Limber","moves":["highjumpkick","return","fakeout","icepunch"],"nature":"Jolly","evs":{"hp":0,"atk":252,"def":4,"spa":0,"spd":0,"spe":252},"ivs":{"hp":31,"atk":31,"def":31,"spa":31,"spd":31,"spe":31}},{"name":"Pory is gone 2 far","species":"porygon2","item":"eviolite","ability":"Trace","moves":["toxic","icebeam","discharge","recover"],"nature":"Bold","evs":{"hp":252,"atk":0,"def":252,"spa":4,"spd":0,"spe":0},"ivs":{"hp":31,"atk":31,"def":31,"spa":31,"spd":31,"spe":31}},{"name":"Mellow Out D00d","species":"meloetta","item":"lifeorb","ability":"Serene Grace","moves":["relicsong","psychic","closecombat","knockoff"],"nature":"Naive","evs":{"hp":0,"atk":128,"def":0,"spa":128,"spd":0,"spe":252},"ivs":{"hp":31,"atk":31,"def":31,"spa":31,"spd":31,"spe":31}},{"name":"The Raptorz Star","species":"staraptor","item":"choiceband","ability":"Reckless","moves":["bravebird","doubleedge","finalgambit","uturn"],"nature":"Adamant","evs":{"hp":0,"atk":252,"def":4,"spa":0,"spd":0,"spe":252},"ivs":{"hp":31,"atk":31,"def":31,"spa":31,"spd":31,"spe":31}},{"name":"Give em Hell..iois","species":"heliolisk","item":"lifeorb","ability":"Dry Skin","moves":["voltswitch","hypervoice","grassknot","thunderbolt"],"nature":"Timid","evs":{"hp":0,"atk":0,"def":0,"spa":252,"spd":4,"spe":252},"ivs":{"hp":31,"atk":31,"def":31,"spa":31,"spd":31,"spe":31}}],"log":["|player|p1|GTX♅Bzumzum|225","|player|p2|Knight♕Altair|274","|gametype|singles","|gen|6","|tier|Monotype","|rated","|rule|Baton Pass Clause: Limit one Baton Passer, can't pass Spe and other stats simultaneously","|rule|Swagger Clause: Swagger is banned","|rule|Same Type Clause: Pokémon in a team must share a type","|clearpoke","|poke|p1|Raikou, shiny","|poke|p1|Electivire, M, shiny","|poke|p1|Rotom-Frost, shiny","|poke|p1|Magnezone, shiny","|poke|p1|Zapdos, shiny","|poke|p1|Luxray, M, shiny","|poke|p2|Chansey, F","|poke|p2|Lopunny, M","|poke|p2|Porygon2","|poke|p2|Meloetta","|poke|p2|Staraptor, F","|poke|p2|Heliolisk, M","|rule|Sleep Clause Mod: Limit one foe put to sleep","|rule|Species Clause: Limit one of each Pokémon","|rule|OHKO Clause: OHKO moves are banned","|rule|Moody Clause: Moody is banned","|rule|Evasion Moves Clause: Evasion moves are banned","|rule|Endless Battle Clause: Forcing endless battles is banned","|rule|HP Percentage Mod: HP is shown in percentages","|teampreview","|","|start","|switch|p1a: Flicker-Sparkz|Luxray, M, shiny|363/363","|switch|p2a: Im very Punny xd|Lopunny, M|271/271","|-ability|p1a: Flicker-Sparkz|Intimidate","|-unboost|p2a: Im very Punny xd|atk|1","|turn|1","|","|switch|p1a: Zapz|Zapdos, shiny|325/325","|-ability|p1a: Zapz|Pressure","|detailschange|p2a: Im very Punny xd|Lopunny-Mega, M","|-mega|p2a: Im very Punny xd|Lopunny|Lopunnite","|move|p2a: Im very Punny xd|Fake Out|p1a: Zapz","|-damage|p1a: Zapz|270/325","|","|-heal|p1a: Zapz|290/325|[from] item: Leftovers","|turn|2","|","|switch|p2a: Take a Chance xd|Chansey, F|642/642","|move|p1a: Zapz|Extrasensory|p2a: Take a Chance xd","|-damage|p2a: Take a Chance xd|604/642","|","|-heal|p1a: Zapz|310/325|[from] item: Leftovers","|turn|3","|","|switch|p1a: Plugg-in Failure|Electivire, M, shiny|291/291","|move|p2a: Take a Chance xd|Stealth Rock|p1a: Plugg-in Failure","|-sidestart|p1: GTX♅Bzumzum|move: Stealth Rock","|","|turn|4","|","|move|p1a: Plugg-in Failure|Ice Punch|p2a: Take a Chance xd","|-damage|p2a: Take a Chance xd|485/642","|move|p2a: Take a Chance xd|Toxic|p1a: Plugg-in Failure","|-status|p1a: Plugg-in Failure|tox","|","|-damage|p1a: Plugg-in Failure|273/291 tox|[from] psn","|turn|5","|","|switch|p2a: Pory is gone 2 far|Porygon2|374/374","|-ability|p2a: Pory is gone 2 far|Vital Spirit|[from] ability: Trace|[of] p1a: Plugg-in Failure","|move|p1a: Plugg-in Failure|Ice Punch|p2a: Pory is gone 2 far","|-damage|p2a: Pory is gone 2 far|326/374","|","|-damage|p1a: Plugg-in Failure|237/291 tox|[from] psn","|turn|6","|","|switch|p1a: Breezer|Rotom-Frost, shiny|298/298","|-damage|p1a: Breezer|224/298|[from] Stealth Rock","|move|p2a: Pory is gone 2 far|Recover|p2a: Pory is gone 2 far","|-heal|p2a: Pory is gone 2 far|374/374","|","|turn|7","|","|move|p1a: Breezer|Trick|p2a: Pory is gone 2 far","|-activate|p1a: Breezer|move: Trick|[of] p2a: Pory is gone 2 far","|-item|p2a: Pory is gone 2 far|Rocky Helmet|[from] move: Trick","|-item|p1a: Breezer|Eviolite|[from] move: Trick","|move|p2a: Pory is gone 2 far|Toxic|p1a: Breezer","|-status|p1a: Breezer|tox","|","|-damage|p1a: Breezer|206/298 tox|[from] psn","|turn|8","|","|switch|p2a: Take a Chance xd|Chansey, F|485/642","|move|p1a: Breezer|Signal Beam|p2a: Take a Chance xd","|-damage|p2a: Take a Chance xd|454/642","|-start|p2a: Take a Chance xd|confusion","|","|-damage|p1a: Breezer|170/298 tox|[from] psn","|turn|9","|","|switch|p1a: Plugg-in Failure|Electivire, M, shiny|237/291 tox","|-damage|p1a: Plugg-in Failure|201/291 tox|[from] Stealth Rock","|-activate|p2a: Take a Chance xd|confusion","|move|p2a: Take a Chance xd|Soft-Boiled|p2a: Take a Chance xd","|-heal|p2a: Take a Chance xd|642/642","|","|-damage|p1a: Plugg-in Failure|183/291 tox|[from] psn","|turn|10","|","|move|p1a: Plugg-in Failure|Fire Punch|p2a: Take a Chance xd","|-damage|p2a: Take a Chance xd|537/642","|-activate|p2a: Take a Chance xd|confusion","|-damage|p2a: Take a Chance xd|530/642|[from] confusion","|","|-damage|p1a: Plugg-in Failure|147/291 tox|[from] psn","|turn|11","|","|switch|p1a: Zapz|Zapdos, shiny|310/325","|-damage|p1a: Zapz|229/325|[from] Stealth Rock","|-ability|p1a: Zapz|Pressure","|-activate|p2a: Take a Chance xd|confusion","|-damage|p2a: Take a Chance xd|522/642|[from] confusion","|","|-heal|p1a: Zapz|249/325|[from] item: Leftovers","|turn|12","|","|move|p1a: Zapz|Defog|p2a: Take a Chance xd","|-unboost|p2a: Take a Chance xd|evasion|1","|-sideend|p1: GTX♅Bzumzum|Stealth Rock|[from] move: Defog|[of] p1a: Zapz","|-activate|p2a: Take a Chance xd|confusion","|-damage|p2a: Take a Chance xd|514/642|[from] confusion","|","|-heal|p1a: Zapz|269/325|[from] item: Leftovers","|turn|13","|","|switch|p1a: MY ZONE!!!|Magnezone, shiny|338/338","|-end|p2a: Take a Chance xd|confusion","|move|p2a: Take a Chance xd|Toxic|p1a: MY ZONE!!!","|-immune|p1a: MY ZONE!!!|[msg]","|","|turn|14","|","|move|p1a: MY ZONE!!!|Tri Attack|p2a: Take a Chance xd","|-damage|p2a: Take a Chance xd|437/642","|move|p2a: Take a Chance xd|Seismic Toss|p1a: MY ZONE!!!","|-damage|p1a: MY ZONE!!!|238/338","|","|turn|15","|","|switch|p1a: Zapz|Zapdos, shiny|269/325","|-ability|p1a: Zapz|Pressure","|move|p2a: Take a Chance xd|Stealth Rock|p1a: Zapz","|-sidestart|p1: GTX♅Bzumzum|move: Stealth Rock","|","|-heal|p1a: Zapz|289/325|[from] item: Leftovers","|turn|16","|","|move|p1a: Zapz|Heat Wave|p2a: Take a Chance xd","|-crit|p2a: Take a Chance xd","|-damage|p2a: Take a Chance xd|370/642","|move|p2a: Take a Chance xd|Toxic|p1a: Zapz","|-status|p1a: Zapz|tox","|","|-heal|p1a: Zapz|309/325 tox|[from] item: Leftovers","|-damage|p1a: Zapz|289/325 tox|[from] psn","|turn|17","|","|move|p1a: Zapz|Extrasensory|p2a: Take a Chance xd","|-damage|p2a: Take a Chance xd|332/642","|move|p2a: Take a Chance xd|Seismic Toss|p1a: Zapz","|-damage|p1a: Zapz|189/325 tox","|","|-heal|p1a: Zapz|209/325 tox|[from] item: Leftovers","|-damage|p1a: Zapz|169/325 tox|[from] psn","|turn|18","|","|move|p1a: Zapz|Defog|p2a: Take a Chance xd","|-unboost|p2a: Take a Chance xd|evasion|1","|-sideend|p1: GTX♅Bzumzum|Stealth Rock|[from] move: Defog|[of] p1a: Zapz","|move|p2a: Take a Chance xd|Soft-Boiled|p2a: Take a Chance xd","|-heal|p2a: Take a Chance xd|642/642","|","|-heal|p1a: Zapz|189/325 tox|[from] item: Leftovers","|-damage|p1a: Zapz|129/325 tox|[from] psn","|turn|19","|","|move|p1a: Zapz|Roost|p1a: Zapz","|-heal|p1a: Zapz|292/325 tox","|move|p2a: Take a Chance xd|Stealth Rock|p1a: Zapz","|-sidestart|p1: GTX♅Bzumzum|move: Stealth Rock","|","|-heal|p1a: Zapz|312/325 tox|[from] item: Leftovers","|-damage|p1a: Zapz|232/325 tox|[from] psn","|turn|20","|","|move|p1a: Zapz|Extrasensory|p2a: Take a Chance xd","|-damage|p2a: Take a Chance xd|601/642","|move|p2a: Take a Chance xd|Seismic Toss|p1a: Zapz","|-damage|p1a: Zapz|132/325 tox","|","|-heal|p1a: Zapz|152/325 tox|[from] item: Leftovers","|-damage|p1a: Zapz|52/325 tox|[from] psn","|turn|21","|","|win|GTX♅Bzumzum"],"p1rating":{"entryid":"6857825","serverid":"eos","formatid":"monotype","userid":"gtxbzumzum","username":"GTX♅Bzumzum","w":40,"l":"128","t":"0","gxe":24.1,"r":"1274.4875731694","rd":"32.174632655966","sigma":"0","rptime":"1439629200","rpr":1283.1998097823,"rprd":31.6758802984,"rpsigma":"0","acre":1093.8949467362,"lacre":1093.8949467362,"oldacre":"1054.3844839981"},"p2rating":{"entryid":"7650439","serverid":"eos","formatid":"monotype","userid":"knightaltair","username":"Knight♕Altair","w":"7","l":8,"t":"0","gxe":43.5,"r":"1500","rd":"130","sigma":"0","rptime":"1439629200","rpr":1449.4521056691,"rprd":77.342457706898,"rpsigma":"0","acre":1108.7081483009,"lacre":1108.7081483009,"oldacre":"1139.7285431369"},"endType":"forfeit"}