{"seed":[37723,17658,41424,4875],"turns":34,"p1":"Rain ☆ Trivial","p2":"Imp❇ Jk","p1team":[{"name":"Zapdos","species":"Zapdos","item":"leftovers","ability":"Pressure","moves":["discharge","heatwave","roost","defog"],"nature":"Bold","evs":{"hp":248,"atk":0,"def":252,"spa":0,"spd":0,"spe":8},"ivs":{"hp":31,"atk":31,"def":31,"spa":31,"spd":31,"spe":31}},{"name":"Thundurus","species":"Thundurus","item":"lifeorb","ability":"Prankster","moves":["thunderbolt","grassknot","hiddenpowerice","thunderwave"],"nature":"Timid","evs":{"hp":0,"atk":0,"def":0,"spa":252,"spd":4,"spe":252},"ivs":{"hp":31,"atk":30,"def":30,"spa":31,"spd":31,"spe":31}},{"name":"Manectric","species":"Manectric","item":"manectite","ability":"Lightning Rod","moves":["protect","voltswitch","flamethrower","hiddenpowerice"],"nature":"Timid","evs":{"hp":0,"atk":0,"def":4,"spa":252,"spd":0,"spe":252},"ivs":{"hp":31,"atk":30,"def":30,"spa":31,"spd":31,"spe":31}},{"name":"Rotom-Wash","species":"Rotom-Wash","item":"chestoberry","ability":"Levitate","moves":["rest","voltswitch","hydropump","willowisp"],"nature":"Calm","evs":{"hp":248,"atk":0,"def":0,"spa":8,"spd":252,"spe":0},"shiny":true,"ivs":{"hp":31,"atk":31,"def":31,"spa":31,"spd":31,"spe":31}},{"name":"Electivire","species":"Electivire","item":"choicescarf","ability":"Motor Drive","moves":["icepunch","earthquake","rockslide","voltswitch"],"nature":"","evs":{"hp":0,"atk":0,"def":0,"spa":0,"spd":0,"spe":0},"ivs":{"hp":31,"atk":31,"def":31,"spa":31,"spd":31,"spe":31}},{"name":"Magnezone","species":"Magnezone","item":"choicespecs","ability":"Sturdy","moves":["thunderbolt","voltswitch","flashcannon","hiddenpowergrass"],"nature":"Modest","evs":{"hp":100,"atk":0,"def":0,"spa":236,"spd":0,"spe":172},"ivs":{"hp":31,"atk":30,"def":31,"spa":30,"spd":31,"spe":31}}],"p2team":[{"name":"batty.signal","species":"golbat","item":"eviolite","ability":"Infiltrator","moves":["roost","superfang","bravebird","defog"],"nature":"Careful","evs":{"hp":252,"atk":0,"def":4,"spa":0,"spd":252,"spe":0},"ivs":{"hp":31,"atk":31,"def":31,"spa":31,"spd":31,"spe":31}},{"name":"only.misses","species":"weezing","item":"blacksludge","ability":"Levitate","moves":["willowisp","flamethrower","clearsmog","painsplit"],"nature":"Bold","evs":{"hp":252,"atk":0,"def":252,"spa":4,"spd":0,"spe":0},"ivs":{"hp":31,"atk":31,"def":31,"spa":31,"spd":31,"spe":31}},{"name":"kings.rage","species":"nidoking","item":"lifeorb","ability":"Sheer Force","moves":["earthpower","sludgewave","icebeam","stealthrock"],"nature":"Timid","evs":{"hp":0,"atk":0,"def":0,"spa":252,"spd":0,"spe":252},"ivs":{"hp":31,"atk":31,"def":31,"spa":31,"spd":31,"spe":31}},{"name":"stalkng.shadow","species":"gengar","item":"focussash","ability":"Levitate","moves":["shadowball","sludgewave","dazzlinggleam","energyball"],"nature":"Modest","evs":{"hp":0,"atk":0,"def":0,"spa":252,"spd":0,"spe":252},"ivs":{"hp":31,"atk":31,"def":31,"spa":31,"spd":31,"spe":31}},{"name":"emo.skun","species":"skuntank","item":"choicescarf","ability":"Aftermath","moves":["playrough","poisonjab","pursuit","crunch"],"nature":"Lonely","evs":{"hp":0,"atk":252,"def":0,"spa":4,"spd":0,"spe":252},"ivs":{"hp":31,"atk":31,"def":31,"spa":31,"spd":31,"spe":31}},{"name":"beeting","species":"beedrill","item":"beedrillite","ability":"Swarm","moves":["drillrun","uturn","poisonjab","protect"],"nature":"Jolly","evs":{"hp":0,"atk":252,"def":0,"spa":0,"spd":0,"spe":252},"ivs":{"hp":31,"atk":31,"def":31,"spa":31,"spd":31,"spe":31}}],"log":["|player|p1|Rain ☆ Trivial|52","|player|p2|Imp❇ Jk|196","|gametype|singles","|gen|6","|tier|Monotype","|rated","|rule|Baton Pass Clause: Limit one Baton Passer, can't pass Spe and other stats simultaneously","|rule|Swagger Clause: Swagger is banned","|rule|Same Type Clause: Pokémon in a team must share a type","|clearpoke","|poke|p1|Zapdos","|poke|p1|Thundurus, M","|poke|p1|Manectric, M","|poke|p1|Rotom-Wash, shiny","|poke|p1|Electivire, M","|poke|p1|Magnezone","|poke|p2|Golbat, M","|poke|p2|Weezing, F","|poke|p2|Nidoking, M","|poke|p2|Gengar, M","|poke|p2|Skuntank, M","|poke|p2|Beedrill, M","|rule|Sleep Clause Mod: Limit one foe put to sleep","|rule|Species Clause: Limit one of each Pokémon","|rule|OHKO Clause: OHKO moves are banned","|rule|Moody Clause: Moody is banned","|rule|Evasion Moves Clause: Evasion moves are banned","|rule|Endless Battle Clause: Forcing endless battles is banned","|rule|HP Percentage Mod: HP is shown in percentages","|teampreview","|","|start","|switch|p1a: Rotom-Wash|Rotom-Wash, shiny|303/303","|switch|p2a: batty.signal|Golbat, M|354/354","|turn|1","|","|move|p2a: batty.signal|Super Fang|p1a: Rotom-Wash|[miss]","|-miss|p2a: batty.signal|p1a: Rotom-Wash","|move|p1a: Rotom-Wash|Will-O-Wisp|p2a: batty.signal","|-status|p2a: batty.signal|brn","|","|-damage|p2a: batty.signal|310/354 brn|[from] brn","|turn|2","|","|move|p2a: batty.signal|Super Fang|p1a: Rotom-Wash","|-damage|p1a: Rotom-Wash|152/303","|move|p1a: Rotom-Wash|Volt Switch|p2a: batty.signal","|-supereffective|p2a: batty.signal","|-damage|p2a: batty.signal|206/354 brn","|","|switch|p1a: Magnezone|Magnezone|306/306","|","|-damage|p2a: batty.signal|162/354 brn|[from] brn","|turn|3","|","|move|p2a: batty.signal|Roost|p2a: batty.signal","|-heal|p2a: batty.signal|339/354 brn","|move|p1a: Magnezone|Thunderbolt|p2a: batty.signal","|-damage|p2a: batty.signal|186/354 brn","|","|-damage|p2a: batty.signal|142/354 brn|[from] brn","|turn|4","|","|move|p2a: batty.signal|Roost|p2a: batty.signal","|-heal|p2a: batty.signal|319/354 brn","|move|p1a: Magnezone|Thunderbolt|p2a: batty.signal","|-damage|p2a: batty.signal|180/354 brn","|","|-damage|p2a: batty.signal|136/354 brn|[from] brn","|turn|5","|","|switch|p2a: kings.rage|Nidoking, M|303/303","|move|p1a: Magnezone|Thunderbolt|p2a: kings.rage","|-immune|p2a: kings.rage|[msg]","|","|turn|6","|","|switch|p1a: Rotom-Wash|Rotom-Wash, shiny|152/303","|move|p2a: kings.rage|Stealth Rock|p1a: Rotom-Wash","|-sidestart|p1: Rain ☆ Trivial|move: Stealth Rock","|","|turn|7","|","|switch|p2a: batty.signal|Golbat, M|136/354 brn","|move|p1a: Rotom-Wash|Hydro Pump|p2a: batty.signal|[miss]","|-miss|p1a: Rotom-Wash|p2a: batty.signal","|","|-damage|p2a: batty.signal|92/354 brn|[from] brn","|turn|8","|","|move|p2a: batty.signal|Roost|p2a: batty.signal","|-heal|p2a: batty.signal|269/354 brn","|move|p1a: Rotom-Wash|Rest|p1a: Rotom-Wash","|-status|p1a: Rotom-Wash|slp","|-heal|p1a: Rotom-Wash|303/303 slp|[silent]","|-status|p1a: Rotom-Wash|slp|[from] move: Rest","|-enditem|p1a: Rotom-Wash|Chesto Berry|[eat]","|-curestatus|p1a: Rotom-Wash|slp","|","|-damage|p2a: batty.signal|225/354 brn|[from] brn","|turn|9","|","|move|p2a: batty.signal|Super Fang|p1a: Rotom-Wash","|-damage|p1a: Rotom-Wash|152/303","|move|p1a: Rotom-Wash|Hydro Pump|p2a: batty.signal","|-damage|p2a: batty.signal|141/354 brn","|","|-damage|p2a: batty.signal|97/354 brn|[from] brn","|turn|10","|","|switch|p1a: Thundurus|Thundurus, M|299/299","|-damage|p1a: Thundurus|225/299|[from] Stealth Rock","|move|p2a: batty.signal|Super Fang|p1a: Thundurus","|-damage|p1a: Thundurus|113/299","|","|-damage|p2a: batty.signal|53/354 brn|[from] brn","|turn|11","|","|move|p1a: Thundurus|Thunderbolt|p2a: batty.signal","|-supereffective|p2a: batty.signal","|-damage|p2a: batty.signal|0 fnt","|-damage|p1a: Thundurus|84/299|[from] item: Life Orb","|faint|p2a: batty.signal","|","|","|switch|p2a: emo.skun|Skuntank, M|347/347","|turn|12","|","|move|p1a: Thundurus|Thunder Wave|p2a: emo.skun","|-status|p2a: emo.skun|par","|move|p2a: emo.skun|Pursuit|p1a: Thundurus","|-damage|p1a: Thundurus|6/299","|","|turn|13","|","|move|p1a: Thundurus|Thunderbolt|p2a: emo.skun","|-damage|p2a: emo.skun|51/347 par","|-damage|p1a: Thundurus|0 fnt|[from] item: Life Orb","|faint|p1a: Thundurus","|cant|p2a: emo.skun|par","|","|","|switch|p1a: Zapdos|Zapdos|383/383","|-damage|p1a: Zapdos|288/383|[from] Stealth Rock","|-ability|p1a: Zapdos|Pressure","|turn|14","|","|switch|p2a: kings.rage|Nidoking, M|303/303","|move|p1a: Zapdos|Defog|p2a: kings.rage","|-unboost|p2a: kings.rage|evasion|1","|-sideend|p1: Rain ☆ Trivial|Stealth Rock|[from] move: Defog|[of] p1a: Zapdos","|","|-heal|p1a: Zapdos|311/383|[from] item: Leftovers","|turn|15","|","|switch|p1a: Magnezone|Magnezone|306/306","|move|p2a: kings.rage|Ice Beam|p1a: Magnezone","|-resisted|p1a: Magnezone","|-damage|p1a: Magnezone|232/306","|","|turn|16","|","|switch|p2a: emo.skun|Skuntank, M|51/347 par","|move|p1a: Magnezone|Hidden Power|p2a: emo.skun","|-resisted|p2a: emo.skun","|-damage|p2a: emo.skun|0 fnt","|faint|p2a: emo.skun","|","|","|switch|p2a: only.misses|Weezing, F|334/334","|turn|17","|","|switch|p1a: Zapdos|Zapdos|311/383","|-ability|p1a: Zapdos|Pressure","|move|p2a: only.misses|Flamethrower|p1a: Zapdos","|-damage|p1a: Zapdos|240/383","|","|-heal|p1a: Zapdos|263/383|[from] item: Leftovers","|turn|18","|","|move|p1a: Zapdos|Roost|p1a: Zapdos","|-heal|p1a: Zapdos|383/383","|move|p2a: only.misses|Will-O-Wisp|p1a: Zapdos","|-status|p1a: Zapdos|brn","|","|-damage|p1a: Zapdos|336/383 brn|[from] brn","|turn|19","|","|switch|p1a: Rotom-Wash|Rotom-Wash, shiny|152/303","|switch|p2a: kings.rage|Nidoking, M|303/303","|","|turn|20","|","|switch|p2a: only.misses|Weezing, F|334/334","|move|p1a: Rotom-Wash|Hydro Pump|p2a: only.misses|[miss]","|-miss|p1a: Rotom-Wash|p2a: only.misses","|","|turn|21","|","|move|p1a: Rotom-Wash|Volt Switch|p2a: only.misses","|-damage|p2a: only.misses|210/334","|","|switch|p1a: Magnezone|Magnezone|232/306","|move|p2a: only.misses|Will-O-Wisp|p1a: Magnezone","|-status|p1a: Magnezone|brn","|","|-heal|p2a: only.misses|230/334|[from] item: Black Sludge","|-damage|p1a: Magnezone|194/306 brn|[from] brn","|turn|22","|","|move|p1a: Magnezone|Thunderbolt|p2a: only.misses","|-damage|p2a: only.misses|0 fnt","|faint|p2a: only.misses","|","|-damage|p1a: Magnezone|156/306 brn|[from] brn","|","|switch|p2a: kings.rage|Nidoking, M|303/303","|turn|23","|","|switch|p1a: Zapdos|Zapdos|336/383 brn","|-ability|p1a: Zapdos|Pressure","|move|p2a: kings.rage|Ice Beam|p1a: Zapdos","|-supereffective|p1a: Zapdos","|-damage|p1a: Zapdos|40/383 brn","|","|-heal|p1a: Zapdos|63/383 brn|[from] item: Leftovers","|-damage|p1a: Zapdos|16/383 brn|[from] brn","|turn|24","|","|move|p2a: kings.rage|Stealth Rock|p1a: Zapdos","|-sidestart|p1: Rain ☆ Trivial|move: Stealth Rock","|move|p1a: Zapdos|Roost|p1a: Zapdos","|-heal|p1a: Zapdos|208/383 brn","|","|-heal|p1a: Zapdos|231/383 brn|[from] item: Leftovers","|-damage|p1a: Zapdos|184/383 brn|[from] brn","|turn|25","|","|switch|p1a: Magnezone|Magnezone|156/306 brn","|-damage|p1a: Magnezone|137/306 brn|[from] Stealth Rock","|move|p2a: kings.rage|Ice Beam|p1a: Magnezone","|-resisted|p1a: Magnezone","|-damage|p1a: Magnezone|63/306 brn","|","|-damage|p1a: Magnezone|25/306 brn|[from] brn","|turn|26","|","|switch|p2a: beeting|Beedrill, M|271/271","|move|p1a: Magnezone|Hidden Power|p2a: beeting","|-resisted|p2a: beeting","|-damage|p2a: beeting|238/271","|","|-damage|p1a: Magnezone|0 fnt|[from] brn","|faint|p1a: Magnezone","|","|switch|p1a: Manectric|Manectric, M|281/281","|-damage|p1a: Manectric|246/281|[from] Stealth Rock","|turn|27","|","|detailschange|p1a: Manectric|Manectric-Mega, M","|-mega|p1a: Manectric|Manectric|Manectite","|-ability|p1a: Manectric|Intimidate","|-unboost|p2a: beeting|atk|1","|detailschange|p2a: beeting|Beedrill-Mega, M","|-mega|p2a: beeting|Beedrill|Beedrillite","|move|p2a: beeting|Protect|p2a: beeting","|-singleturn|p2a: beeting|Protect","|move|p1a: Manectric|Flamethrower|p2a: beeting","|-activate|p2a: beeting|Protect","|","|turn|28","|","|move|p2a: beeting|Poison Jab|p1a: Manectric","|-damage|p1a: Manectric|72/281","|-status|p1a: Manectric|psn","|move|p1a: Manectric|Flamethrower|p2a: beeting","|-supereffective|p2a: beeting","|-damage|p2a: beeting|0 fnt","|faint|p2a: beeting","|","|-damage|p1a: Manectric|37/281 psn|[from] psn","|","|switch|p2a: stalkng.shadow|Gengar, M|261/261","|turn|29","|","|move|p1a: Manectric|Flamethrower|p2a: stalkng.shadow","|-damage|p2a: stalkng.shadow|127/261","|move|p2a: stalkng.shadow|Sludge Wave|p1a: Manectric","|-damage|p1a: Manectric|0 fnt","|faint|p1a: Manectric","|","|","|switch|p1a: Rotom-Wash|Rotom-Wash, shiny|152/303","|-damage|p1a: Rotom-Wash|115/303|[from] Stealth Rock","|turn|30","|","|move|p2a: stalkng.shadow|Energy Ball|p1a: Rotom-Wash","|-supereffective|p1a: Rotom-Wash","|-damage|p1a: Rotom-Wash|0 fnt","|faint|p1a: Rotom-Wash","|","|","|switch|p1a: Zapdos|Zapdos|184/383 brn","|-damage|p1a: Zapdos|89/383 brn|[from] Stealth Rock","|-ability|p1a: Zapdos|Pressure","|turn|31","|","|move|p2a: stalkng.shadow|Shadow Ball|p1a: Zapdos","|-damage|p1a: Zapdos|0 fnt","|faint|p1a: Zapdos","|","|","|switch|p1a: Electivire|Electivire, M|291/291","|-damage|p1a: Electivire|255/291|[from] Stealth Rock","|turn|32","|","|move|p1a: Electivire|Ice Punch|p2a: stalkng.shadow","|-damage|p2a: stalkng.shadow|18/261","|move|p2a: stalkng.shadow|Shadow Ball|p1a: Electivire","|-damage|p1a: Electivire|72/291","|","|turn|33","|","|move|p1a: Electivire|Ice Punch|p2a: stalkng.shadow","|-damage|p2a: stalkng.shadow|0 fnt","|faint|p2a: stalkng.shadow","|","|","|switch|p2a: kings.rage|Nidoking, M|303/303","|turn|34","|","|move|p1a: Electivire|Ice Punch|p2a: kings.rage","|-supereffective|p2a: kings.rage","|-damage|p2a: kings.rage|125/303","|move|p2a: kings.rage|Earth Power|p1a: Electivire","|-supereffective|p1a: Electivire","|-damage|p1a: Electivire|0 fnt","|faint|p1a: Electivire","|","|win|Imp❇ Jk"],"p1rating":{"entryid":"7639700","serverid":"eos","formatid":"monotype","userid":"raintrivial","username":"Rain ☆ Trivial","w":"5","l":10,"t":"0","gxe":35,"r":"1557.1019015165","rd":"117.52977944538","sigma":"0","rptime":"1439629200","rpr":1380.6917185442,"rprd":78.193409915634,"rpsigma":"0","acre":1043.8400981757,"lacre":1043.8400981757,"oldacre":"1058.5563540893"},"p2rating":{"entryid":"7537159","serverid":"eos","formatid":"monotype","userid":"impjk","username":"Imp❇ Jk","w":11,"l":"13","t":"0","gxe":43.5,"r":"1393.8466938411","rd":"70.149726663646","sigma":"0","rptime":"1439629200","rpr":1449.6755715147,"rprd":65.906795658487,"rpsigma":"0","acre":1154.583575764,"lacre":1154.583575764,"oldacre":"1134.9968471886"},"endType":"normal"}