{"seed":[7701,22651,44030,46569],"turns":26,"p1":"Adviser♕Boo","p2":"tahit","p1team":[{"name":"Scary d00d","species":"aegislash","item":"weaknesspolicy","ability":"Stance Change","moves":["kingsshield","shadowsneak","sacredsword","swordsdance"],"nature":"Adamant","evs":{"hp":248,"atk":252,"def":0,"spa":0,"spd":8,"spe":0},"ivs":{"hp":31,"atk":31,"def":31,"spa":31,"spd":31,"spe":31}},{"name":"Scarier d00d","species":"dusclops","item":"eviolite","ability":"Pressure","moves":["painsplit","willowisp","nightshade","trickroom"],"nature":"Bold","evs":{"hp":248,"atk":0,"def":252,"spa":0,"spd":8,"spe":0},"ivs":{"hp":31,"atk":31,"def":31,"spa":31,"spd":31,"spe":0}},{"name":"Scariest d00d","species":"sableye","item":"sablenite","ability":"Keen Eye","moves":["willowisp","calmmind","recover","darkpulse"],"nature":"Serious","evs":{"hp":252,"atk":0,"def":4,"spa":0,"spd":252,"spe":0},"ivs":{"hp":31,"atk":31,"def":31,"spa":31,"spd":31,"spe":31}},{"name":"Jellicent","species":"Jellicent","item":"leftovers","ability":"Water Absorb","moves":["scald","recover","confuseray","hex"],"nature":"Calm","evs":{"hp":252,"atk":0,"def":0,"spa":4,"spd":252,"spe":0},"ivs":{"hp":31,"atk":31,"def":31,"spa":31,"spd":31,"spe":31}},{"name":"Trevenant","species":"Trevenant","item":"sitrusberry","ability":"Harvest","moves":["leechseed","willowisp","trickroom","hornleech"],"nature":"Careful","evs":{"hp":248,"atk":8,"def":0,"spa":0,"spd":252,"spe":0},"ivs":{"hp":31,"atk":31,"def":31,"spa":31,"spd":31,"spe":0}},{"name":"Chandelure","species":"Chandelure","item":"choicescarf","ability":"Flash Fire","moves":["flamethrower","energyball","shadowball","trick"],"nature":"Timid","evs":{"hp":0,"atk":0,"def":0,"spa":252,"spd":4,"spe":252},"ivs":{"hp":31,"atk":31,"def":31,"spa":31,"spd":31,"spe":31}}],"p2team":[{"name":"Azumarill","species":"Azumarill","item":"sitrusberry","ability":"Huge Power","moves":["bellydrum","aquajet","playrough","knockoff"],"nature":"Adamant","evs":{"hp":92,"atk":252,"def":0,"spa":0,"spd":0,"spe":164},"ivs":{"hp":31,"atk":31,"def":31,"spa":31,"spd":31,"spe":31}},{"name":"Diancie","species":"Diancie","item":"diancite","ability":"Clear Body","moves":["moonblast","diamondstorm","earthpower","protect"],"nature":"Naive","evs":{"hp":0,"atk":32,"def":0,"spa":224,"spd":0,"spe":252},"ivs":{"hp":31,"atk":31,"def":31,"spa":31,"spd":31,"spe":31}},{"name":"Klefki","species":"Klefki","item":"leftovers","ability":"Prankster","moves":["spikes","thunderwave","toxic","playrough"],"nature":"Careful","evs":{"hp":252,"atk":0,"def":4,"spa":0,"spd":252,"spe":0},"ivs":{"hp":31,"atk":31,"def":31,"spa":31,"spd":31,"spe":31}},{"name":"Slurpuff","species":"Slurpuff","item":"sitrusberry","ability":"Unburden","moves":["bellydrum","playrough","return","drainpunch"],"nature":"Jolly","evs":{"hp":28,"atk":252,"def":0,"spa":0,"spd":0,"spe":228},"ivs":{"hp":31,"atk":31,"def":31,"spa":31,"spd":31,"spe":31}},{"name":"Wigglytuff","species":"Wigglytuff","item":"leftovers","ability":"Competitive","moves":["stealthrock","hypervoice","dazzlinggleam","focusblast"],"nature":"Modest","evs":{"hp":4,"atk":0,"def":0,"spa":252,"spd":0,"spe":252},"ivs":{"hp":31,"atk":31,"def":31,"spa":31,"spd":31,"spe":31}},{"name":"Togekiss","species":"Togekiss","item":"leftovers","ability":"Serene Grace","moves":["nastyplot","airslash","thunderwave","roost"],"nature":"Timid","evs":{"hp":248,"atk":0,"def":76,"spa":0,"spd":8,"spe":176},"ivs":{"hp":31,"atk":31,"def":31,"spa":31,"spd":31,"spe":31}}],"log":["|player|p1|Adviser♕Boo|adviserboo.gif","|player|p2|tahit|169","|gametype|singles","|gen|6","|tier|Monotype","|rated","|rule|Baton Pass Clause: Limit one Baton Passer, can't pass Spe and other stats simultaneously","|rule|Swagger Clause: Swagger is banned","|rule|Same Type Clause: Pokémon in a team must share a type","|clearpoke","|poke|p1|Aegislash, F","|poke|p1|Dusclops, M","|poke|p1|Sableye, M","|poke|p1|Jellicent, F","|poke|p1|Trevenant, M","|poke|p1|Chandelure, M","|poke|p2|Azumarill, M","|poke|p2|Diancie","|poke|p2|Klefki, M","|poke|p2|Slurpuff, M","|poke|p2|Wigglytuff, F","|poke|p2|Togekiss, M","|rule|Sleep Clause Mod: Limit one foe put to sleep","|rule|Species Clause: Limit one of each Pokémon","|rule|OHKO Clause: OHKO moves are banned","|rule|Moody Clause: Moody is banned","|rule|Evasion Moves Clause: Evasion moves are banned","|rule|Endless Battle Clause: Forcing endless battles is banned","|rule|HP Percentage Mod: HP is shown in percentages","|teampreview","|","|start","|switch|p1a: Chandelure|Chandelure, M|261/261","|switch|p2a: Klefki|Klefki, M|318/318","|turn|1","|","|move|p2a: Klefki|Thunder Wave|p1a: Chandelure","|-status|p1a: Chandelure|par","|move|p1a: Chandelure|Trick|p2a: Klefki","|-activate|p1a: Chandelure|move: Trick|[of] p2a: Klefki","|-item|p2a: Klefki|Choice Scarf|[from] move: Trick","|-item|p1a: Chandelure|Leftovers|[from] move: Trick","|","|turn|2","|","|move|p2a: Klefki|Spikes|p1a: Chandelure","|-sidestart|p1: Adviser♕Boo|Spikes","|move|p1a: Chandelure|Flamethrower|p2a: Klefki","|-crit|p2a: Klefki","|-supereffective|p2a: Klefki","|-damage|p2a: Klefki|0 fnt","|faint|p2a: Klefki","|","|","|switch|p2a: Azumarill|Azumarill, M|364/364","|turn|3","|","|move|p2a: Azumarill|Belly Drum|p2a: Azumarill","|-damage|p2a: Azumarill|182/364","|-setboost|p2a: Azumarill|atk|6|[from] move: Belly Drum","|-enditem|p2a: Azumarill|Sitrus Berry|[eat]","|-heal|p2a: Azumarill|273/364|[from] item: Sitrus Berry","|move|p1a: Chandelure|Energy Ball|p2a: Azumarill","|-supereffective|p2a: Azumarill","|-damage|p2a: Azumarill|0 fnt","|faint|p2a: Azumarill","|","|","|switch|p2a: Diancie|Diancie|241/241","|turn|4","|","|switch|p1a: Jellicent|Jellicent, F|404/404","|-damage|p1a: Jellicent|354/404|[from] Spikes","|move|p2a: Diancie|Moonblast|p1a: Jellicent","|-damage|p1a: Jellicent|264/404","|","|-heal|p1a: Jellicent|289/404|[from] item: Leftovers","|turn|5","|","|detailschange|p2a: Diancie|Diancie-Mega","|-mega|p2a: Diancie|Diancie|Diancite","|move|p2a: Diancie|Moonblast|p1a: Jellicent","|-damage|p1a: Jellicent|154/404","|move|p1a: Jellicent|Scald|p2a: Diancie","|-supereffective|p2a: Diancie","|-damage|p2a: Diancie|77/241","|","|-heal|p1a: Jellicent|179/404|[from] item: Leftovers","|turn|6","|","|move|p2a: Diancie|Diamond Storm|p1a: Jellicent","|-damage|p1a: Jellicent|0 fnt","|-boost|p2a: Diancie|def|1","|faint|p1a: Jellicent","|","|","|switch|p1a: Trevenant|Trevenant, M|373/373","|-damage|p1a: Trevenant|327/373|[from] Spikes","|turn|7","|","|move|p2a: Diancie|Diamond Storm|p1a: Trevenant","|-damage|p1a: Trevenant|102/373","|-boost|p2a: Diancie|def|1","|-enditem|p1a: Trevenant|Sitrus Berry|[eat]","|-heal|p1a: Trevenant|195/373|[from] item: Sitrus Berry","|move|p1a: Trevenant|Horn Leech|p2a: Diancie","|-supereffective|p2a: Diancie","|-damage|p2a: Diancie|0 fnt","|-heal|p1a: Trevenant|234/373|[from] drain|[of] p2a: Diancie","|faint|p2a: Diancie","|","|-item|p1a: Trevenant|Sitrus Berry|[from] ability: Harvest","|","|switch|p2a: Slurpuff|Slurpuff, M|312/312","|turn|8","|","|move|p2a: Slurpuff|Belly Drum|p2a: Slurpuff","|-damage|p2a: Slurpuff|156/312","|-setboost|p2a: Slurpuff|atk|6|[from] move: Belly Drum","|-enditem|p2a: Slurpuff|Sitrus Berry|[eat]","|-heal|p2a: Slurpuff|234/312|[from] item: Sitrus Berry","|move|p1a: Trevenant|Will-O-Wisp|p2a: Slurpuff","|-status|p2a: Slurpuff|brn","|","|-damage|p2a: Slurpuff|195/312 brn|[from] brn","|turn|9","|","|move|p2a: Slurpuff|Play Rough|p1a: Trevenant","|-damage|p1a: Trevenant|0 fnt","|faint|p1a: Trevenant","|","|-damage|p2a: Slurpuff|156/312 brn|[from] brn","|","|switch|p1a: Scarier d00d|Dusclops, M|283/283","|-damage|p1a: Scarier d00d|248/283|[from] Spikes","|-ability|p1a: Scarier d00d|Pressure","|turn|10","|","|move|p2a: Slurpuff|Play Rough|p1a: Scarier d00d","|-damage|p1a: Scarier d00d|156/283","|move|p1a: Scarier d00d|Trick Room|p1a: Scarier d00d","|-fieldstart|move: Trick Room|[of] p1a: Scarier d00d","|","|-damage|p2a: Slurpuff|117/312 brn|[from] brn","|turn|11","|","|move|p1a: Scarier d00d|Night Shade|p2a: Slurpuff","|-damage|p2a: Slurpuff|17/312 brn","|move|p2a: Slurpuff|Play Rough|p1a: Scarier d00d","|-damage|p1a: Scarier d00d|61/283","|","|-damage|p2a: Slurpuff|0 fnt|[from] brn","|faint|p2a: Slurpuff","|","|switch|p2a: Wigglytuff|Wigglytuff, F|422/422","|turn|12","|","|move|p1a: Scarier d00d|Pain Split|p2a: Wigglytuff","|-sethp|p2a: Wigglytuff|241/422|p1a: Scarier d00d|241/283|[from] move: Pain Split","|move|p2a: Wigglytuff|Stealth Rock|p1a: Scarier d00d","|-sidestart|p1: Adviser♕Boo|move: Stealth Rock","|","|-heal|p2a: Wigglytuff|267/422|[from] item: Leftovers","|turn|13","|","|move|p1a: Scarier d00d|Will-O-Wisp|p2a: Wigglytuff","|-status|p2a: Wigglytuff|brn","|move|p2a: Wigglytuff|Dazzling Gleam|p1a: Scarier d00d","|-damage|p1a: Scarier d00d|177/283","|","|-heal|p2a: Wigglytuff|293/422 brn|[from] item: Leftovers","|-damage|p2a: Wigglytuff|241/422 brn|[from] brn","|turn|14","|","|move|p1a: Scarier d00d|Night Shade|p2a: Wigglytuff","|-immune|p2a: Wigglytuff|[msg]","|move|p2a: Wigglytuff|Dazzling Gleam|p1a: Scarier d00d","|-damage|p1a: Scarier d00d|117/283","|","|-heal|p2a: Wigglytuff|267/422 brn|[from] item: Leftovers","|-damage|p2a: Wigglytuff|215/422 brn|[from] brn","|-fieldend|move: Trick Room","|turn|15","|","|move|p2a: Wigglytuff|Dazzling Gleam|p1a: Scarier d00d","|-damage|p1a: Scarier d00d|57/283","|move|p1a: Scarier d00d|Trick Room|p1a: Scarier d00d","|-fieldstart|move: Trick Room|[of] p1a: Scarier d00d","|","|-heal|p2a: Wigglytuff|241/422 brn|[from] item: Leftovers","|-damage|p2a: Wigglytuff|189/422 brn|[from] brn","|turn|16","|","|move|p1a: Scarier d00d|Pain Split|p2a: Wigglytuff","|-sethp|p2a: Wigglytuff|123/422 brn|p1a: Scarier d00d|123/283|[from] move: Pain Split","|move|p2a: Wigglytuff|Dazzling Gleam|p1a: Scarier d00d","|-crit|p1a: Scarier d00d","|-damage|p1a: Scarier d00d|26/283","|","|-heal|p2a: Wigglytuff|149/422 brn|[from] item: Leftovers","|-damage|p2a: Wigglytuff|97/422 brn|[from] brn","|turn|17","|","|switch|p1a: Scary d00d|Aegislash, F|323/323","|-damage|p1a: Scary d00d|303/323|[from] Stealth Rock","|-damage|p1a: Scary d00d|263/323|[from] Spikes","|move|p2a: Wigglytuff|Dazzling Gleam|p1a: Scary d00d","|-resisted|p1a: Scary d00d","|-damage|p1a: Scary d00d|224/323","|","|-heal|p2a: Wigglytuff|123/422 brn|[from] item: Leftovers","|-damage|p2a: Wigglytuff|71/422 brn|[from] brn","|turn|18","|","|move|p1a: Scary d00d|Swords Dance|p1a: Scary d00d","|-boost|p1a: Scary d00d|atk|2","|move|p2a: Wigglytuff|Dazzling Gleam|p1a: Scary d00d","|-crit|p1a: Scary d00d","|-resisted|p1a: Scary d00d","|-damage|p1a: Scary d00d|164/323","|","|-heal|p2a: Wigglytuff|97/422 brn|[from] item: Leftovers","|-damage|p2a: Wigglytuff|45/422 brn|[from] brn","|turn|19","|","|-formechange|p1a: Scary d00d|Aegislash-Blade","|move|p1a: Scary d00d|Shadow Sneak|p2a: Wigglytuff","|-immune|p2a: Wigglytuff|[msg]","|move|p2a: Wigglytuff|Dazzling Gleam|p1a: Scary d00d","|-resisted|p1a: Scary d00d","|-damage|p1a: Scary d00d|62/323","|","|-heal|p2a: Wigglytuff|71/422 brn|[from] item: Leftovers","|-damage|p2a: Wigglytuff|19/422 brn|[from] brn","|-fieldend|move: Trick Room","|turn|20","|","|-formechange|p1a: Scary d00d|Aegislash","|move|p1a: Scary d00d|King's Shield|p1a: Scary d00d","|-singleturn|p1a: Scary d00d|Protect","|move|p2a: Wigglytuff|Dazzling Gleam|p1a: Scary d00d","|-activate|p1a: Scary d00d|Protect","|","|-heal|p2a: Wigglytuff|45/422 brn|[from] item: Leftovers","|-damage|p2a: Wigglytuff|0 fnt|[from] brn","|faint|p2a: Wigglytuff","|","|switch|p2a: Togekiss|Togekiss, M|373/373","|turn|21","|","|-formechange|p1a: Scary d00d|Aegislash-Blade","|move|p1a: Scary d00d|Shadow Sneak|p2a: Togekiss","|-damage|p2a: Togekiss|210/373","|move|p2a: Togekiss|Air Slash|p1a: Scary d00d","|-resisted|p1a: Scary d00d","|-damage|p1a: Scary d00d|0 fnt","|faint|p1a: Scary d00d","|","|-heal|p2a: Togekiss|233/373|[from] item: Leftovers","|","|switch|p1a: Scariest d00d|Sableye, M|304/304","|-damage|p1a: Scariest d00d|266/304|[from] Spikes","|-damage|p1a: Scariest d00d|228/304|[from] Stealth Rock","|turn|22","|","|move|p2a: Togekiss|Nasty Plot|p2a: Togekiss","|-boost|p2a: Togekiss|spa|2","|move|p1a: Scariest d00d|Will-O-Wisp|p2a: Togekiss","|-status|p2a: Togekiss|brn","|","|-heal|p2a: Togekiss|256/373 brn|[from] item: Leftovers","|-damage|p2a: Togekiss|210/373 brn|[from] brn","|turn|23","|","|move|p2a: Togekiss|Roost|p2a: Togekiss","|-heal|p2a: Togekiss|373/373 brn","|move|p1a: Scariest d00d|Dark Pulse|p2a: Togekiss","|-resisted|p2a: Togekiss","|-damage|p2a: Togekiss|342/373 brn","|","|-heal|p2a: Togekiss|365/373 brn|[from] item: Leftovers","|-damage|p2a: Togekiss|319/373 brn|[from] brn","|turn|24","|","|move|p2a: Togekiss|Air Slash|p1a: Scariest d00d","|-damage|p1a: Scariest d00d|32/304","|cant|p1a: Scariest d00d|flinch","|","|-heal|p2a: Togekiss|342/373 brn|[from] item: Leftovers","|-damage|p2a: Togekiss|296/373 brn|[from] brn","|turn|25","|","|move|p2a: Togekiss|Air Slash|p1a: Scariest d00d","|-crit|p1a: Scariest d00d","|-damage|p1a: Scariest d00d|0 fnt","|faint|p1a: Scariest d00d","|","|-heal|p2a: Togekiss|319/373 brn|[from] item: Leftovers","|-damage|p2a: Togekiss|273/373 brn|[from] brn","|","|switch|p1a: Chandelure|Chandelure, M|261/261 par","|-damage|p1a: Chandelure|229/261 par|[from] Spikes","|-damage|p1a: Chandelure|164/261 par|[from] Stealth Rock","|turn|26","|","|move|p2a: Togekiss|Air Slash|p1a: Chandelure","|-damage|p1a: Chandelure|0 fnt","|faint|p1a: Chandelure","|","|-heal|p2a: Togekiss|296/373 brn|[from] item: Leftovers","|-damage|p2a: Togekiss|250/373 brn|[from] brn","|","|win|tahit"],"p1rating":{"entryid":"7083956","serverid":"eos","formatid":"monotype","userid":"adviserboo","username":"Adviser♕Boo","w":"83","l":59,"t":"0","gxe":57.7,"r":1562.4554200328,"rd":34.731921998545,"sigma":"0","rptime":1439629200,"rpr":1558.4241058973,"rprd":34.578656911843,"rpsigma":"0","acre":1056.3047927013,"lacre":1056.3047927013,"oldacre":"1074.9826439468"},"p2rating":{"entryid":"7556594","serverid":"eos","formatid":"monotype","userid":"tahit","username":"Tahit","w":8,"l":"7","t":"0","gxe":53.9,"r":"1484.3381392207","rd":"85.404443841914","sigma":"0","rptime":"1439629200","rpr":1530.0078713189,"rprd":77.642524966678,"rpsigma":"0","acre":1139.1829132865,"lacre":1139.1829132865,"oldacre":"1117.2062782143"},"endType":"forfeit"}