{"seed":[47752,31278,16752,64897],"turns":23,"p1":"law and order svu","p2":"Twizz - ⓢⓔⓝⓟⓐⓘ","p1team":[{"name":"Hippowdon","species":"Hippowdon","item":"leftovers","ability":"Sand Stream","moves":["earthquake","crunch","slackoff","stealthrock"],"nature":"Impish","evs":{"hp":252,"atk":4,"def":252,"spa":0,"spd":0,"spe":0},"gender":"F","ivs":{"hp":31,"atk":31,"def":31,"spa":31,"spd":31,"spe":31}},{"name":"Gastrodon","species":"Gastrodon","item":"leftovers","ability":"Storm Drain","moves":["scald","toxic","recover","earthpower"],"nature":"Bold","evs":{"hp":252,"atk":0,"def":252,"spa":4,"spd":0,"spe":0},"gender":"M","ivs":{"hp":31,"atk":31,"def":31,"spa":31,"spd":31,"spe":31}},{"name":"Landorus","species":"Landorus","item":"lifeorb","ability":"Sheer Force","moves":["sludgewave","earthpower","psychic","focusblast"],"nature":"Timid","evs":{"hp":0,"atk":0,"def":0,"spa":252,"spd":4,"spe":252},"ivs":{"hp":31,"atk":31,"def":31,"spa":31,"spd":31,"spe":31}},{"name":"Garchomp","species":"Garchomp","item":"garchompite","ability":"Rough Skin","moves":["earthpower","fireblast","dragonclaw","poisonjab"],"nature":"Naive","evs":{"hp":0,"atk":252,"def":0,"spa":4,"spd":0,"spe":252},"ivs":{"hp":31,"atk":31,"def":31,"spa":31,"spd":31,"spe":31}},{"name":"Mamoswine","species":"Mamoswine","item":"assaultvest","ability":"Thick Fat","moves":["earthquake","iciclespear","iceshard","rockslide"],"nature":"Adamant","evs":{"hp":28,"atk":252,"def":0,"spa":0,"spd":8,"spe":220},"ivs":{"hp":31,"atk":31,"def":31,"spa":31,"spd":31,"spe":31}},{"name":"Excadrill","species":"Excadrill","item":"lifeorb","ability":"Sand Rush","moves":["earthquake","ironhead","rockslide","swordsdance"],"nature":"Adamant","evs":{"hp":4,"atk":252,"def":0,"spa":0,"spd":0,"spe":252},"ivs":{"hp":31,"atk":31,"def":31,"spa":31,"spd":31,"spe":31}}],"p2team":[{"name":"Magnezone","species":"Magnezone","item":"leftovers","ability":"Sturdy","moves":["flashcannon","thunderbolt","protect","hiddenpowerice"],"nature":"Modest","evs":{"hp":76,"atk":0,"def":180,"spa":252,"spd":0,"spe":0},"ivs":{"hp":31,"atk":30,"def":30,"spa":31,"spd":31,"spe":31}},{"name":"Zapdos","species":"Zapdos","item":"leftovers","ability":"Pressure","moves":["discharge","heatwave","toxic","roost"],"nature":"Bold","evs":{"hp":4,"atk":0,"def":252,"spa":56,"spd":196,"spe":0},"ivs":{"hp":31,"atk":31,"def":31,"spa":31,"spd":31,"spe":31}},{"name":"Ampharos","species":"Ampharos","item":"ampharosite","ability":"Static","moves":["cottonguard","rest","sleeptalk","dragonpulse"],"nature":"Bold","evs":{"hp":0,"atk":0,"def":252,"spa":136,"spd":120,"spe":0},"ivs":{"hp":31,"atk":31,"def":31,"spa":31,"spd":31,"spe":31}},{"name":"Raikou","species":"Raikou","item":"leftovers","ability":"Pressure","moves":["calmmind","substitute","thunderbolt","extrasensory"],"nature":"Timid","evs":{"hp":0,"atk":0,"def":0,"spa":252,"spd":4,"spe":252},"ivs":{"hp":31,"atk":31,"def":31,"spa":31,"spd":31,"spe":31}},{"name":"Rotom-Wash","species":"Rotom-Wash","item":"choicescarf","ability":"Levitate","moves":["voltswitch","hydropump","willowisp","trick"],"nature":"Timid","evs":{"hp":0,"atk":0,"def":0,"spa":252,"spd":4,"spe":252},"ivs":{"hp":31,"atk":31,"def":31,"spa":31,"spd":31,"spe":31}},{"name":"Condom","species":"eelektross","item":"assaultvest","ability":"Levitate","moves":["gigadrain","thunderbolt","drainpunch","knockoff"],"nature":"Quiet","evs":{"hp":3,"atk":136,"def":0,"spa":108,"spd":252,"spe":0},"ivs":{"hp":31,"atk":31,"def":31,"spa":31,"spd":31,"spe":31}}],"log":["|player|p1|law and order svu|67","|player|p2|Twizz - ⓢⓔⓝⓟⓐⓘ|264","|gametype|singles","|gen|6","|tier|Monotype","|rated","|rule|Baton Pass Clause: Limit one Baton Passer, can't pass Spe and other stats simultaneously","|rule|Swagger Clause: Swagger is banned","|rule|Same Type Clause: Pokémon in a team must share a type","|clearpoke","|poke|p1|Hippowdon, F","|poke|p1|Gastrodon, M","|poke|p1|Landorus, M","|poke|p1|Garchomp, F","|poke|p1|Mamoswine, M","|poke|p1|Excadrill, F","|poke|p2|Magnezone","|poke|p2|Zapdos","|poke|p2|Ampharos, M","|poke|p2|Raikou","|poke|p2|Rotom-Wash","|poke|p2|Eelektross, F","|rule|Sleep Clause Mod: Limit one foe put to sleep","|rule|Species Clause: Limit one of each Pokémon","|rule|OHKO Clause: OHKO moves are banned","|rule|Moody Clause: Moody is banned","|rule|Evasion Moves Clause: Evasion moves are banned","|rule|Endless Battle Clause: Forcing endless battles is banned","|rule|HP Percentage Mod: HP is shown in percentages","|teampreview","|","|start","|switch|p1a: Mamoswine|Mamoswine, M|368/368","|switch|p2a: Rotom-Wash|Rotom-Wash|241/241","|turn|1","|","|move|p2a: Rotom-Wash|Will-O-Wisp|p1a: Mamoswine","|-status|p1a: Mamoswine|brn","|move|p1a: Mamoswine|Icicle Spear|p2a: Rotom-Wash","|-crit|p2a: Rotom-Wash","|-resisted|p2a: Rotom-Wash","|-damage|p2a: Rotom-Wash|225/241","|-resisted|p2a: Rotom-Wash","|-damage|p2a: Rotom-Wash|214/241","|-hitcount|p2a: Rotom-Wash|2","|","|-damage|p1a: Mamoswine|322/368 brn|[from] brn","|turn|2","|","|switch|p2a: Magnezone|Magnezone|300/300","|move|p1a: Mamoswine|Rock Slide|p2a: Magnezone","|-resisted|p2a: Magnezone","|-damage|p2a: Magnezone|281/300","|","|-heal|p2a: Magnezone|299/300|[from] item: Leftovers","|-damage|p1a: Mamoswine|276/368 brn|[from] brn","|turn|3","|","|move|p2a: Magnezone|Protect|p2a: Magnezone","|-singleturn|p2a: Magnezone|Protect","|move|p1a: Mamoswine|Earthquake|p2a: Magnezone","|-activate|p2a: Magnezone|Protect","|","|-heal|p2a: Magnezone|300/300|[from] item: Leftovers","|-damage|p1a: Mamoswine|230/368 brn|[from] brn","|turn|4","|","|switch|p2a: Rotom-Wash|Rotom-Wash|214/241","|move|p1a: Mamoswine|Rock Slide|p2a: Rotom-Wash","|-damage|p2a: Rotom-Wash|165/241","|","|-damage|p1a: Mamoswine|184/368 brn|[from] brn","|turn|5","|","|move|p2a: Rotom-Wash|Hydro Pump|p1a: Mamoswine","|-supereffective|p1a: Mamoswine","|-damage|p1a: Mamoswine|0 fnt","|faint|p1a: Mamoswine","|","|","|switch|p1a: Landorus|Landorus, M|319/319","|turn|6","|","|move|p2a: Rotom-Wash|Hydro Pump|p1a: Landorus","|-supereffective|p1a: Landorus","|-damage|p1a: Landorus|0 fnt","|faint|p1a: Landorus","|","|","|switch|p1a: Gastrodon|Gastrodon, M|426/426","|turn|7","|","|switch|p2a: Magnezone|Magnezone|300/300","|move|p1a: Gastrodon|Toxic|p2a: Magnezone","|-immune|p2a: Magnezone|[msg]","|","|turn|8","|","|move|p2a: Magnezone|Protect|p2a: Magnezone","|-singleturn|p2a: Magnezone|Protect","|move|p1a: Gastrodon|Earth Power|p2a: Magnezone","|-activate|p2a: Magnezone|Protect","|","|turn|9","|","|switch|p2a: Condom|Eelektross, F|311/311","|move|p1a: Gastrodon|Toxic|p2a: Condom","|-status|p2a: Condom|tox","|","|-damage|p2a: Condom|292/311 tox|[from] psn","|turn|10","|","|move|p2a: Condom|Knock Off|p1a: Gastrodon","|-damage|p1a: Gastrodon|338/426","|-enditem|p1a: Gastrodon|Leftovers|[from] move: Knock Off|[of] p2a: Condom","|move|p1a: Gastrodon|Scald|p2a: Condom","|-damage|p2a: Condom|237/311 tox","|","|-damage|p2a: Condom|199/311 tox|[from] psn","|turn|11","|","|move|p2a: Condom|Giga Drain|p1a: Gastrodon","|-crit|p1a: Gastrodon","|-supereffective|p1a: Gastrodon","|-damage|p1a: Gastrodon|0 fnt","|-heal|p2a: Condom|311/311 tox|[from] drain|[of] p1a: Gastrodon","|faint|p1a: Gastrodon","|","|-damage|p2a: Condom|254/311 tox|[from] psn","|","|switch|p1a: Hippowdon|Hippowdon, F|420/420","|-weather|Sandstorm","|turn|12","|","|move|p1a: Hippowdon|Stealth Rock|p2a: Condom","|-sidestart|p2: Twizz - ⓢⓔⓝⓟⓐⓘ|move: Stealth Rock","|move|p2a: Condom|Knock Off|p1a: Hippowdon","|-damage|p1a: Hippowdon|352/420","|-enditem|p1a: Hippowdon|Leftovers|[from] move: Knock Off|[of] p2a: Condom","|","|-weather|Sandstorm|[upkeep]","|-damage|p2a: Condom|235/311 tox|[from] sandstorm","|-damage|p2a: Condom|159/311 tox|[from] psn","|turn|13","|","|move|p1a: Hippowdon|Crunch|p2a: Condom","|-damage|p2a: Condom|71/311 tox","|move|p2a: Condom|Giga Drain|p1a: Hippowdon","|-supereffective|p1a: Hippowdon","|-damage|p1a: Hippowdon|164/420","|-heal|p2a: Condom|165/311 tox|[from] drain|[of] p1a: Hippowdon","|","|-weather|Sandstorm|[upkeep]","|-damage|p2a: Condom|146/311 tox|[from] sandstorm","|-damage|p2a: Condom|51/311 tox|[from] psn","|turn|14","|","|move|p1a: Hippowdon|Crunch|p2a: Condom","|-damage|p2a: Condom|0 fnt","|faint|p2a: Condom","|","|-weather|Sandstorm|[upkeep]","|","|switch|p2a: Rotom-Wash|Rotom-Wash|165/241","|-damage|p2a: Rotom-Wash|135/241|[from] Stealth Rock","|turn|15","|","|move|p2a: Rotom-Wash|Hydro Pump|p1a: Hippowdon","|-supereffective|p1a: Hippowdon","|-damage|p1a: Hippowdon|0 fnt","|faint|p1a: Hippowdon","|","|-weather|Sandstorm|[upkeep]","|-damage|p2a: Rotom-Wash|120/241|[from] sandstorm","|","|switch|p1a: Garchomp|Garchomp, F|357/357","|turn|16","|","|detailschange|p1a: Garchomp|Garchomp-Mega, F","|-mega|p1a: Garchomp|Garchomp|Garchompite","|move|p2a: Rotom-Wash|Hydro Pump|p1a: Garchomp","|-damage|p1a: Garchomp|177/357","|move|p1a: Garchomp|Dragon Claw|p2a: Rotom-Wash","|-damage|p2a: Rotom-Wash|0 fnt","|faint|p2a: Rotom-Wash","|","|-weather|none","|","|switch|p2a: Magnezone|Magnezone|300/300","|-damage|p2a: Magnezone|282/300|[from] Stealth Rock","|turn|17","|","|move|p2a: Magnezone|Protect|p2a: Magnezone","|-singleturn|p2a: Magnezone|Protect","|move|p1a: Garchomp|Fire Blast|p2a: Magnezone","|-activate|p2a: Magnezone|Protect","|","|-heal|p2a: Magnezone|300/300|[from] item: Leftovers","|turn|18","|","|move|p1a: Garchomp|Earth Power|p2a: Magnezone","|-supereffective|p2a: Magnezone","|-ability|p2a: Magnezone|Sturdy","|-damage|p2a: Magnezone|1/300","|-unboost|p2a: Magnezone|spd|1","|move|p2a: Magnezone|Hidden Power|p1a: Garchomp","|-supereffective|p1a: Garchomp","|-damage|p1a: Garchomp|0 fnt","|faint|p1a: Garchomp","|","|-heal|p2a: Magnezone|19/300|[from] item: Leftovers","|","|switch|p1a: Excadrill|Excadrill, F|362/362","|turn|19","|","|move|p1a: Excadrill|Iron Head|p2a: Magnezone","|-resisted|p2a: Magnezone","|-damage|p2a: Magnezone|0 fnt","|-damage|p1a: Excadrill|326/362|[from] item: Life Orb","|faint|p2a: Magnezone","|","|","|switch|p2a: Zapdos|Zapdos|322/322","|-damage|p2a: Zapdos|242/322|[from] Stealth Rock","|-ability|p2a: Zapdos|Pressure","|turn|20","|","|move|p1a: Excadrill|Rock Slide|p2a: Zapdos","|-miss|p1a: Excadrill|p2a: Zapdos","|move|p2a: Zapdos|Roost|p2a: Zapdos","|-heal|p2a: Zapdos|322/322","|","|turn|21","|","|move|p1a: Excadrill|Swords Dance|p1a: Excadrill","|-boost|p1a: Excadrill|atk|2","|move|p2a: Zapdos|Heat Wave|p1a: Excadrill","|-supereffective|p1a: Excadrill","|-damage|p1a: Excadrill|58/362","|","|turn|22","|","|move|p1a: Excadrill|Rock Slide|p2a: Zapdos","|-supereffective|p2a: Zapdos","|-damage|p2a: Zapdos|0 fnt","|-damage|p1a: Excadrill|22/362|[from] item: Life Orb","|faint|p2a: Zapdos","|","|","|switch|p2a: Raikou|Raikou|321/321","|-damage|p2a: Raikou|281/321|[from] Stealth Rock","|-ability|p2a: Raikou|Pressure","|turn|23","|","|move|p2a: Raikou|Extrasensory|p1a: Excadrill","|-crit|p1a: Excadrill","|-resisted|p1a: Excadrill","|-damage|p1a: Excadrill|0 fnt","|faint|p1a: Excadrill","|","|win|Twizz - ⓢⓔⓝⓟⓐⓘ"],"p1rating":{"entryid":"7651874","serverid":"eos","formatid":"monotype","userid":"lawandordersvu","username":"law and order svu","w":"1","l":1,"t":"0","gxe":48,"r":"1500","rd":"130","sigma":"0","rptime":"1439629200","rpr":1484.3075864499,"rprd":116.13292287655,"rpsigma":"0","acre":1035.8447465515,"lacre":1035.8447465515,"oldacre":"1045.8946290706"},"p2rating":{"entryid":"6985408","serverid":"eos","formatid":"monotype","userid":"twizz","username":"Twizz","w":28,"l":"34","t":"0","gxe":45.7,"r":"1462.8941177899","rd":"49.686654244209","sigma":"0","rptime":"1439629200","rpr":1467.0390775185,"rprd":48.395997797278,"rpsigma":"0","acre":1209.9457756365,"lacre":1209.9457756365,"oldacre":"1195.0651685071"},"endType":"normal"}