{"seed":[55067,6247,3073,55855],"turns":35,"p1":"Rain ☆ Trivial","p2":"Twizz •~•","p1team":[{"name":"Zapdos","species":"Zapdos","item":"leftovers","ability":"Pressure","moves":["discharge","heatwave","roost","defog"],"nature":"Bold","evs":{"hp":248,"atk":0,"def":252,"spa":0,"spd":0,"spe":8},"ivs":{"hp":31,"atk":31,"def":31,"spa":31,"spd":31,"spe":31}},{"name":"Thundurus","species":"Thundurus","item":"lifeorb","ability":"Prankster","moves":["thunderbolt","grassknot","hiddenpowerice","thunderwave"],"nature":"Timid","evs":{"hp":0,"atk":0,"def":0,"spa":252,"spd":4,"spe":252},"ivs":{"hp":31,"atk":30,"def":30,"spa":31,"spd":31,"spe":31}},{"name":"Manectric","species":"Manectric","item":"manectite","ability":"Lightning Rod","moves":["protect","voltswitch","flamethrower","hiddenpowerice"],"nature":"Timid","evs":{"hp":0,"atk":0,"def":4,"spa":252,"spd":0,"spe":252},"ivs":{"hp":31,"atk":30,"def":30,"spa":31,"spd":31,"spe":31}},{"name":"Rotom-Wash","species":"Rotom-Wash","item":"chestoberry","ability":"Levitate","moves":["rest","voltswitch","hydropump","willowisp"],"nature":"Calm","evs":{"hp":248,"atk":0,"def":0,"spa":8,"spd":252,"spe":0},"shiny":true,"ivs":{"hp":31,"atk":31,"def":31,"spa":31,"spd":31,"spe":31}},{"name":"Electivire","species":"Electivire","item":"choicescarf","ability":"Motor Drive","moves":["icepunch","earthquake","rockslide","voltswitch"],"nature":"","evs":{"hp":0,"atk":0,"def":0,"spa":0,"spd":0,"spe":0},"ivs":{"hp":31,"atk":31,"def":31,"spa":31,"spd":31,"spe":31}},{"name":"Magnezone","species":"Magnezone","item":"choicespecs","ability":"Sturdy","moves":["thunderbolt","voltswitch","flashcannon","hiddenpowergrass"],"nature":"Modest","evs":{"hp":100,"atk":0,"def":0,"spa":236,"spd":0,"spe":172},"ivs":{"hp":31,"atk":30,"def":31,"spa":30,"spd":31,"spe":31}}],"p2team":[{"name":"Magnezone","species":"Magnezone","item":"leftovers","ability":"Sturdy","moves":["flashcannon","thunderbolt","protect","hiddenpowerice"],"nature":"Modest","evs":{"hp":76,"atk":0,"def":180,"spa":252,"spd":0,"spe":0},"ivs":{"hp":31,"atk":30,"def":30,"spa":31,"spd":31,"spe":31}},{"name":"Zapdos","species":"Zapdos","item":"leftovers","ability":"Pressure","moves":["discharge","heatwave","toxic","roost"],"nature":"Bold","evs":{"hp":4,"atk":0,"def":252,"spa":56,"spd":196,"spe":0},"ivs":{"hp":31,"atk":31,"def":31,"spa":31,"spd":31,"spe":31}},{"name":"Ampharos","species":"Ampharos","item":"ampharosite","ability":"Static","moves":["cottonguard","rest","sleeptalk","dragonpulse"],"nature":"Bold","evs":{"hp":0,"atk":0,"def":252,"spa":136,"spd":120,"spe":0},"ivs":{"hp":31,"atk":31,"def":31,"spa":31,"spd":31,"spe":31}},{"name":"Raikou","species":"Raikou","item":"leftovers","ability":"Pressure","moves":["calmmind","substitute","thunderbolt","extrasensory"],"nature":"Timid","evs":{"hp":0,"atk":0,"def":0,"spa":252,"spd":4,"spe":252},"ivs":{"hp":31,"atk":31,"def":31,"spa":31,"spd":31,"spe":31}},{"name":"Rotom-Wash","species":"Rotom-Wash","item":"choicescarf","ability":"Levitate","moves":["voltswitch","hydropump","willowisp","trick"],"nature":"Timid","evs":{"hp":0,"atk":0,"def":0,"spa":252,"spd":4,"spe":252},"ivs":{"hp":31,"atk":31,"def":31,"spa":31,"spd":31,"spe":31}},{"name":"Condom","species":"eelektross","item":"assaultvest","ability":"Levitate","moves":["gigadrain","thunderbolt","drainpunch","knockoff"],"nature":"Quiet","evs":{"hp":3,"atk":136,"def":0,"spa":108,"spd":252,"spe":0},"ivs":{"hp":31,"atk":31,"def":31,"spa":31,"spd":31,"spe":31}}],"log":["|player|p1|Rain ☆ Trivial|52","|player|p2|Twizz •~•|264","|gametype|singles","|gen|6","|tier|Monotype","|rated","|rule|Baton Pass Clause: Limit one Baton Passer, can't pass Spe and other stats simultaneously","|rule|Swagger Clause: Swagger is banned","|rule|Same Type Clause: Pokémon in a team must share a type","|clearpoke","|poke|p1|Zapdos","|poke|p1|Thundurus, M","|poke|p1|Manectric, F","|poke|p1|Rotom-Wash, shiny","|poke|p1|Electivire, F","|poke|p1|Magnezone","|poke|p2|Magnezone","|poke|p2|Zapdos","|poke|p2|Ampharos, M","|poke|p2|Raikou","|poke|p2|Rotom-Wash","|poke|p2|Eelektross, F","|rule|Sleep Clause Mod: Limit one foe put to sleep","|rule|Species Clause: Limit one of each Pokémon","|rule|OHKO Clause: OHKO moves are banned","|rule|Moody Clause: Moody is banned","|rule|Evasion Moves Clause: Evasion moves are banned","|rule|Endless Battle Clause: Forcing endless battles is banned","|rule|HP Percentage Mod: HP is shown in percentages","|teampreview","|","|start","|switch|p1a: Rotom-Wash|Rotom-Wash, shiny|303/303","|switch|p2a: Rotom-Wash|Rotom-Wash|241/241","|turn|1","|","|move|p2a: Rotom-Wash|Will-O-Wisp|p1a: Rotom-Wash","|-status|p1a: Rotom-Wash|brn","|move|p1a: Rotom-Wash|Volt Switch|p2a: Rotom-Wash","|-damage|p2a: Rotom-Wash|160/241","|","|switch|p1a: Magnezone|Magnezone|306/306","|","|turn|2","|","|switch|p2a: Condom|Eelektross, F|311/311","|move|p1a: Magnezone|Hidden Power|p2a: Condom","|-damage|p2a: Condom|239/311","|","|turn|3","|","|switch|p1a: Rotom-Wash|Rotom-Wash, shiny|303/303 brn","|move|p2a: Condom|Knock Off|p1a: Rotom-Wash","|-damage|p1a: Rotom-Wash|217/303 brn","|-enditem|p1a: Rotom-Wash|Chesto Berry|[from] move: Knock Off|[of] p2a: Condom","|","|-damage|p1a: Rotom-Wash|180/303 brn|[from] brn","|turn|4","|","|move|p1a: Rotom-Wash|Will-O-Wisp|p2a: Condom","|-status|p2a: Condom|brn","|move|p2a: Condom|Giga Drain|p1a: Rotom-Wash","|-supereffective|p1a: Rotom-Wash","|-damage|p1a: Rotom-Wash|80/303 brn","|-heal|p2a: Condom|289/311 brn|[from] drain|[of] p1a: Rotom-Wash","|","|-damage|p1a: Rotom-Wash|43/303 brn|[from] brn","|-damage|p2a: Condom|251/311 brn|[from] brn","|turn|5","|","|move|p1a: Rotom-Wash|Hydro Pump|p2a: Condom","|-damage|p2a: Condom|169/311 brn","|move|p2a: Condom|Giga Drain|p1a: Rotom-Wash","|-crit|p1a: Rotom-Wash","|-supereffective|p1a: Rotom-Wash","|-damage|p1a: Rotom-Wash|0 fnt","|-heal|p2a: Condom|191/311 brn|[from] drain|[of] p1a: Rotom-Wash","|faint|p1a: Rotom-Wash","|","|-damage|p2a: Condom|153/311 brn|[from] brn","|","|switch|p1a: Magnezone|Magnezone|306/306","|turn|6","|","|move|p1a: Magnezone|Flash Cannon|p2a: Condom","|-resisted|p2a: Condom","|-damage|p2a: Condom|83/311 brn","|move|p2a: Condom|Knock Off|p1a: Magnezone","|-damage|p1a: Magnezone|261/306","|-enditem|p1a: Magnezone|Choice Specs|[from] move: Knock Off|[of] p2a: Condom","|","|-damage|p2a: Condom|45/311 brn|[from] brn","|turn|7","|","|move|p1a: Magnezone|Flash Cannon|p2a: Condom","|-resisted|p2a: Condom","|-damage|p2a: Condom|0 fnt","|faint|p2a: Condom","|","|","|switch|p2a: Zapdos|Zapdos|322/322","|-ability|p2a: Zapdos|Pressure","|turn|8","|","|move|p2a: Zapdos|Heat Wave|p1a: Magnezone","|-miss|p2a: Zapdos|p1a: Magnezone","|move|p1a: Magnezone|Volt Switch|p2a: Zapdos","|-damage|p2a: Zapdos|193/322","|","|switch|p1a: Thundurus|Thundurus, M|299/299","|","|-heal|p2a: Zapdos|213/322|[from] item: Leftovers","|turn|9","|","|move|p1a: Thundurus|Hidden Power|p2a: Zapdos","|-supereffective|p2a: Zapdos","|-damage|p2a: Zapdos|65/322","|-damage|p1a: Thundurus|270/299|[from] item: Life Orb","|move|p2a: Zapdos|Roost|p2a: Zapdos","|-heal|p2a: Zapdos|226/322","|","|-heal|p2a: Zapdos|246/322|[from] item: Leftovers","|turn|10","|","|move|p1a: Thundurus|Hidden Power|p2a: Zapdos","|-supereffective|p2a: Zapdos","|-damage|p2a: Zapdos|85/322","|-damage|p1a: Thundurus|241/299|[from] item: Life Orb","|move|p2a: Zapdos|Roost|p2a: Zapdos","|-heal|p2a: Zapdos|246/322","|","|-heal|p2a: Zapdos|266/322|[from] item: Leftovers","|turn|11","|","|switch|p2a: Rotom-Wash|Rotom-Wash|160/241","|move|p1a: Thundurus|Hidden Power|p2a: Rotom-Wash","|-resisted|p2a: Rotom-Wash","|-damage|p2a: Rotom-Wash|116/241","|-damage|p1a: Thundurus|212/299|[from] item: Life Orb","|","|turn|12","|","|move|p2a: Rotom-Wash|Volt Switch|p1a: Thundurus","|-damage|p1a: Thundurus|92/299","|","|switch|p2a: Zapdos|Zapdos|266/322","|-ability|p2a: Zapdos|Pressure","|move|p1a: Thundurus|Thunderbolt|p2a: Zapdos","|-damage|p2a: Zapdos|93/322","|-damage|p1a: Thundurus|63/299|[from] item: Life Orb","|","|-heal|p2a: Zapdos|113/322|[from] item: Leftovers","|turn|13","|","|switch|p2a: Rotom-Wash|Rotom-Wash|116/241","|move|p1a: Thundurus|Thunderbolt|p2a: Rotom-Wash","|-damage|p2a: Rotom-Wash|0 fnt","|-damage|p1a: Thundurus|34/299|[from] item: Life Orb","|faint|p2a: Rotom-Wash","|","|","|switch|p2a: Raikou|Raikou|321/321","|-ability|p2a: Raikou|Pressure","|turn|14","|","|move|p1a: Thundurus|Thunder Wave|p2a: Raikou","|-immune|p2a: Raikou|[msg]","|move|p2a: Raikou|Calm Mind|p2a: Raikou","|-boost|p2a: Raikou|spa|1","|-boost|p2a: Raikou|spd|1","|","|turn|15","|","|move|p2a: Raikou|Substitute|p2a: Raikou","|-start|p2a: Raikou|Substitute","|-damage|p2a: Raikou|241/321","|move|p1a: Thundurus|Grass Knot|p2a: Raikou","|-end|p2a: Raikou|Substitute","|-damage|p1a: Thundurus|5/299|[from] item: Life Orb","|","|-heal|p2a: Raikou|261/321|[from] item: Leftovers","|turn|16","|","|move|p2a: Raikou|Calm Mind|p2a: Raikou","|-boost|p2a: Raikou|spa|1","|-boost|p2a: Raikou|spd|1","|move|p1a: Thundurus|Grass Knot|p2a: Raikou","|-damage|p2a: Raikou|188/321","|-damage|p1a: Thundurus|0 fnt|[from] item: Life Orb","|faint|p1a: Thundurus","|","|-heal|p2a: Raikou|208/321|[from] item: Leftovers","|","|switch|p1a: Electivire|Electivire, F|291/291","|turn|17","|","|move|p2a: Raikou|Substitute|p2a: Raikou","|-start|p2a: Raikou|Substitute","|-damage|p2a: Raikou|128/321","|move|p1a: Electivire|Earthquake|p2a: Raikou","|-supereffective|p2a: Raikou","|-end|p2a: Raikou|Substitute","|","|-heal|p2a: Raikou|148/321|[from] item: Leftovers","|turn|18","|","|move|p2a: Raikou|Extrasensory|p1a: Electivire","|-damage|p1a: Electivire|86/291","|move|p1a: Electivire|Earthquake|p2a: Raikou","|-crit|p2a: Raikou","|-supereffective|p2a: Raikou","|-damage|p2a: Raikou|0 fnt","|faint|p2a: Raikou","|","|","|switch|p2a: Zapdos|Zapdos|113/322","|-ability|p2a: Zapdos|Pressure","|turn|19","|","|switch|p1a: Zapdos|Zapdos|383/383","|-ability|p1a: Zapdos|Pressure","|move|p2a: Zapdos|Roost|p2a: Zapdos","|-heal|p2a: Zapdos|274/322","|","|-heal|p2a: Zapdos|294/322|[from] item: Leftovers","|turn|20","|","|move|p1a: Zapdos|Discharge|p2a: Zapdos","|-crit|p2a: Zapdos","|-damage|p2a: Zapdos|128/322","|move|p2a: Zapdos|Toxic|p1a: Zapdos","|-status|p1a: Zapdos|tox","|","|-heal|p2a: Zapdos|148/322|[from] item: Leftovers","|-damage|p1a: Zapdos|360/383 tox|[from] psn","|turn|21","|","|move|p1a: Zapdos|Discharge|p2a: Zapdos","|-damage|p2a: Zapdos|43/322","|move|p2a: Zapdos|Roost|p2a: Zapdos","|-heal|p2a: Zapdos|204/322","|","|-heal|p1a: Zapdos|383/383 tox|[from] item: Leftovers","|-heal|p2a: Zapdos|224/322|[from] item: Leftovers","|-damage|p1a: Zapdos|337/383 tox|[from] psn","|turn|22","|","|switch|p1a: Electivire|Electivire, F|86/291","|move|p2a: Zapdos|Roost|p2a: Zapdos","|-heal|p2a: Zapdos|322/322","|","|turn|23","|","|switch|p2a: Magnezone|Magnezone|300/300","|move|p1a: Electivire|Rock Slide|p2a: Magnezone","|-resisted|p2a: Magnezone","|-damage|p2a: Magnezone|271/300","|","|-heal|p2a: Magnezone|289/300|[from] item: Leftovers","|turn|24","|","|switch|p1a: Zapdos|Zapdos|337/383 tox","|-ability|p1a: Zapdos|Pressure","|move|p2a: Magnezone|Hidden Power|p1a: Zapdos","|-supereffective|p1a: Zapdos","|-damage|p1a: Zapdos|179/383 tox","|","|-heal|p1a: Zapdos|202/383 tox|[from] item: Leftovers","|-heal|p2a: Magnezone|300/300|[from] item: Leftovers","|-damage|p1a: Zapdos|179/383 tox|[from] psn","|turn|25","|","|move|p2a: Magnezone|Protect|p2a: Magnezone","|-singleturn|p2a: Magnezone|Protect","|move|p1a: Zapdos|Heat Wave|p2a: Magnezone","|-activate|p2a: Magnezone|Protect","|","|-heal|p1a: Zapdos|202/383 tox|[from] item: Leftovers","|-damage|p1a: Zapdos|156/383 tox|[from] psn","|turn|26","|","|switch|p2a: Ampharos|Ampharos, M|321/321","|move|p1a: Zapdos|Heat Wave|p2a: Ampharos","|-damage|p2a: Ampharos|233/321","|","|-heal|p1a: Zapdos|179/383 tox|[from] item: Leftovers","|-damage|p1a: Zapdos|110/383 tox|[from] psn","|turn|27","|","|detailschange|p2a: Ampharos|Ampharos-Mega, M","|-mega|p2a: Ampharos|Ampharos|Ampharosite","|-ability|p2a: Ampharos|Mold Breaker","|move|p1a: Zapdos|Heat Wave|p2a: Ampharos","|-resisted|p2a: Ampharos","|-damage|p2a: Ampharos|197/321","|move|p2a: Ampharos|Cotton Guard|p2a: Ampharos","|-boost|p2a: Ampharos|def|3","|","|-heal|p1a: Zapdos|133/383 tox|[from] item: Leftovers","|-damage|p1a: Zapdos|41/383 tox|[from] psn","|turn|28","|","|move|p1a: Zapdos|Discharge|p2a: Ampharos","|-resisted|p2a: Ampharos","|-damage|p2a: Ampharos|175/321","|move|p2a: Ampharos|Rest|p2a: Ampharos","|-status|p2a: Ampharos|slp","|-heal|p2a: Ampharos|321/321 slp|[silent]","|-status|p2a: Ampharos|slp|[from] move: Rest","|","|-heal|p1a: Zapdos|64/383 tox|[from] item: Leftovers","|-damage|p1a: Zapdos|0 fnt|[from] psn","|faint|p1a: Zapdos","|","|switch|p1a: Manectric|Manectric, F|281/281","|turn|29","|","|switch|p2a: Magnezone|Magnezone|300/300","|detailschange|p1a: Manectric|Manectric-Mega, F","|-mega|p1a: Manectric|Manectric|Manectite","|-ability|p1a: Manectric|Intimidate","|-unboost|p2a: Magnezone|atk|1","|move|p1a: Manectric|Hidden Power|p2a: Magnezone","|-resisted|p2a: Magnezone","|-damage|p2a: Magnezone|261/300","|","|-heal|p2a: Magnezone|279/300|[from] item: Leftovers","|turn|30","|","|move|p2a: Magnezone|Protect|p2a: Magnezone","|-singleturn|p2a: Magnezone|Protect","|move|p1a: Manectric|Flamethrower|p2a: Magnezone","|-activate|p2a: Magnezone|Protect","|","|-heal|p2a: Magnezone|297/300|[from] item: Leftovers","|turn|31","|","|switch|p2a: Ampharos|Ampharos-Mega, M|321/321 slp","|-ability|p2a: Ampharos|Mold Breaker","|move|p1a: Manectric|Flamethrower|p2a: Ampharos","|-resisted|p2a: Ampharos","|-damage|p2a: Ampharos|278/321 slp","|","|turn|32","|","|move|p1a: Manectric|Hidden Power|p2a: Ampharos","|-supereffective|p2a: Ampharos","|-damage|p2a: Ampharos|150/321 slp","|cant|p2a: Ampharos|slp","|move|p2a: Ampharos|Sleep Talk|p2a: Ampharos","|move|p2a: Ampharos|Cotton Guard|p2a: Ampharos|[from]Sleep Talk","|-boost|p2a: Ampharos|def|3","|","|turn|33","|","|move|p1a: Manectric|Hidden Power|p2a: Ampharos","|-supereffective|p2a: Ampharos","|-damage|p2a: Ampharos|36/321 slp","|cant|p2a: Ampharos|slp","|move|p2a: Ampharos|Sleep Talk|p2a: Ampharos","|move|p2a: Ampharos|Cotton Guard|p2a: Ampharos|[from]Sleep Talk","|-boost|p2a: Ampharos|def|3","|","|turn|34","|","|move|p1a: Manectric|Flamethrower|p2a: Ampharos","|-resisted|p2a: Ampharos","|-damage|p2a: Ampharos|0 fnt","|faint|p2a: Ampharos","|","|","|switch|p2a: Zapdos|Zapdos|322/322","|-ability|p2a: Zapdos|Pressure","|turn|35","|","|win|Twizz •~•"],"p1rating":{"entryid":"7639700","serverid":"eos","formatid":"monotype","userid":"raintrivial","username":"Rain ☆ Trivial","w":"4","l":6,"t":"0","gxe":41.6,"r":"1557.1019015165","rd":"117.52977944538","sigma":"0","rptime":"1439629200","rpr":1434.0585160508,"rprd":87.832331344106,"rpsigma":"0","acre":1051.4275542218,"lacre":1051.4275542218,"oldacre":"1071.2356139912"},"p2rating":{"entryid":"6985408","serverid":"eos","formatid":"monotype","userid":"twizz","username":"Twizz","w":29,"l":"38","t":"0","gxe":43.8,"r":"1462.8941177899","rd":"49.686654244209","sigma":"0","rptime":"1439629200","rpr":1452.902232018,"rprd":46.489306695932,"rpsigma":"0","acre":1111.9330996112,"lacre":1111.9330996112,"oldacre":"1085.9794862886"},"endType":"forfeit"}