{"seed":[8522,27022,27158,27076],"turns":21,"p1":"Rain Hoot","p2":"GL♅Zeno","p1team":[{"name":"Heatran","species":"Heatran","item":"choicespecs","ability":"Flash Fire","moves":["darkpulse","earthpower","lavaplume","dragonpulse"],"nature":"Modest","evs":{"hp":248,"atk":0,"def":0,"spa":252,"spd":8,"spe":0},"ivs":{"hp":31,"atk":31,"def":31,"spa":31,"spd":31,"spe":31}},{"name":"Escavalier","species":"Escavalier","item":"assaultvest","ability":"Shell Armor","moves":["knockoff","megahorn","poisonjab","aerialace"],"nature":"Adamant","evs":{"hp":248,"atk":252,"def":0,"spa":0,"spd":8,"spe":0},"ivs":{"hp":31,"atk":31,"def":31,"spa":31,"spd":31,"spe":31}},{"name":"Cobalion","species":"Cobalion","item":"leftovers","ability":"Justified","moves":["sacredsword","ironhead","thunderwave","taunt"],"nature":"Jolly","evs":{"hp":0,"atk":252,"def":0,"spa":0,"spd":4,"spe":252},"ivs":{"hp":31,"atk":31,"def":31,"spa":31,"spd":31,"spe":31}},{"name":"Jirachi","species":"Jirachi","item":"leftovers","ability":"Serene Grace","moves":["rest","cosmicpower","poweruppunch","playrough"],"nature":"Adamant","evs":{"hp":224,"atk":252,"def":0,"spa":0,"spd":0,"spe":32},"ivs":{"hp":31,"atk":31,"def":31,"spa":31,"spd":31,"spe":31}},{"name":"Klefki","species":"Klefki","item":"lightclay","ability":"Prankster","moves":["lightscreen","reflect","drainingkiss","toxic"],"nature":"Bold","evs":{"hp":248,"atk":0,"def":252,"spa":8,"spd":0,"spe":0},"ivs":{"hp":31,"atk":31,"def":31,"spa":31,"spd":31,"spe":31}},{"name":"Excadrill","species":"Excadrill","item":"choiceband","ability":"Mold Breaker","moves":["earthquake","rockslide","ironhead","shadowclaw"],"nature":"Adamant","evs":{"hp":248,"atk":252,"def":0,"spa":0,"spd":8,"spe":0},"ivs":{"hp":31,"atk":31,"def":31,"spa":31,"spd":31,"spe":31}}],"p2team":[{"name":"Froslass","species":"Froslass","item":"focussash","ability":"Cursed Body","moves":["destinybond","psychic","icebeam","shadowball"],"nature":"Timid","evs":{"hp":0,"atk":0,"def":0,"spa":252,"spd":4,"spe":252},"ivs":{"hp":31,"atk":31,"def":31,"spa":31,"spd":31,"spe":31}},{"name":"Obama","species":"abomasnow","item":"abomasite","ability":"Snow Warning","moves":["blizzard","energyball","hiddenpowerfire","iceshard"],"nature":"Modest","evs":{"hp":252,"atk":0,"def":252,"spa":0,"spd":4,"spe":0},"ivs":{"hp":31,"atk":30,"def":31,"spa":30,"spd":31,"spe":30},"shiny":true},{"name":"Kyu","species":"kyurem","item":"choicescarf","ability":"Pressure","moves":["psychic","earthpower","flashcannon","icebeam"],"nature":"Timid","evs":{"hp":0,"atk":0,"def":0,"spa":252,"spd":4,"spe":252},"ivs":{"hp":31,"atk":30,"def":31,"spa":31,"spd":31,"spe":31}},{"name":"Dexter","species":"cloyster","item":"focussash","ability":"Skill Link","moves":["iciclespear","rockblast","razorshell","shellsmash"],"nature":"Jolly","evs":{"hp":0,"atk":252,"def":0,"spa":0,"spd":4,"spe":252},"gender":"M","ivs":{"hp":31,"atk":31,"def":31,"spa":31,"spd":31,"spe":31}},{"name":"Mamoswine","species":"Mamoswine","item":"lifeorb","ability":"Thick Fat","moves":["earthquake","iceshard","rockslide","stealthrock"],"nature":"Jolly","evs":{"hp":0,"atk":252,"def":0,"spa":0,"spd":4,"spe":252},"ivs":{"hp":31,"atk":31,"def":31,"spa":31,"spd":31,"spe":31}},{"name":"Weasle","species":"weavile","item":"focussash","ability":"Pickpocket","moves":["swordsdance","lowkick","iceshard","knockoff"],"nature":"Jolly","evs":{"hp":0,"atk":252,"def":0,"spa":0,"spd":0,"spe":252},"ivs":{"hp":31,"atk":31,"def":31,"spa":31,"spd":31,"spe":31}}],"log":["|player|p1|Rain Hoot|265","|player|p2|GL♅Zeno|glzeno.png","|gametype|singles","|gen|6","|tier|Monotype","|rated","|rule|Baton Pass Clause: Limit one Baton Passer, can't pass Spe and other stats simultaneously","|rule|Swagger Clause: Swagger is banned","|rule|Same Type Clause: Pokémon in a team must share a type","|clearpoke","|poke|p1|Heatran, F","|poke|p1|Escavalier, M","|poke|p1|Cobalion","|poke|p1|Jirachi","|poke|p1|Klefki, M","|poke|p1|Excadrill, M","|poke|p2|Froslass, F","|poke|p2|Abomasnow, F, shiny","|poke|p2|Kyurem","|poke|p2|Cloyster, M","|poke|p2|Mamoswine, F","|poke|p2|Weavile, F","|rule|Sleep Clause Mod: Limit one foe put to sleep","|rule|Species Clause: Limit one of each Pokémon","|rule|OHKO Clause: OHKO moves are banned","|rule|Moody Clause: Moody is banned","|rule|Evasion Moves Clause: Evasion moves are banned","|rule|Endless Battle Clause: Forcing endless battles is banned","|rule|HP Percentage Mod: HP is shown in percentages","|teampreview","|","|start","|switch|p1a: Excadrill|Excadrill, M|423/423","|switch|p2a: Mamoswine|Mamoswine, F|361/361","|-ability|p1a: Excadrill|Mold Breaker","|turn|1","|","|switch|p1a: Escavalier|Escavalier, M|343/343","|move|p2a: Mamoswine|Earthquake|p1a: Escavalier","|-damage|p1a: Escavalier|112/343","|-damage|p2a: Mamoswine|325/361|[from] item: Life Orb","|","|turn|2","|","|move|p2a: Mamoswine|Earthquake|p1a: Escavalier","|-damage|p1a: Escavalier|0 fnt","|-damage|p2a: Mamoswine|289/361|[from] item: Life Orb","|faint|p1a: Escavalier","|","|","|switch|p1a: Cobalion|Cobalion|323/323","|turn|3","|","|move|p1a: Cobalion|Sacred Sword|p2a: Mamoswine","|-supereffective|p2a: Mamoswine","|-damage|p2a: Mamoswine|0 fnt","|faint|p2a: Mamoswine","|","|","|switch|p2a: Weasle|Weavile, F|281/281","|turn|4","|","|move|p2a: Weasle|Low Kick|p1a: Cobalion","|-supereffective|p1a: Cobalion","|-damage|p1a: Cobalion|91/323","|move|p1a: Cobalion|Sacred Sword|p2a: Weasle","|-supereffective|p2a: Weasle","|-enditem|p2a: Weasle|Focus Sash","|-damage|p2a: Weasle|1/281","|-item|p2a: Weasle|Leftovers|[from] ability: Pickpocket|[of] p1a: Cobalion","|","|-heal|p2a: Weasle|18/281|[from] item: Leftovers","|turn|5","|","|switch|p1a: Klefki|Klefki, M|317/317","|move|p2a: Weasle|Low Kick|p1a: Klefki","|-damage|p1a: Klefki|299/317","|","|-heal|p2a: Weasle|35/281|[from] item: Leftovers","|turn|6","|","|move|p2a: Weasle|Swords Dance|p2a: Weasle","|-boost|p2a: Weasle|atk|2","|move|p1a: Klefki|Draining Kiss|p2a: Weasle","|-supereffective|p2a: Weasle","|-damage|p2a: Weasle|0 fnt","|-heal|p1a: Klefki|317/317|[from] drain|[of] p2a: Weasle","|faint|p2a: Weasle","|","|","|switch|p2a: Kyu|Kyurem|391/391","|-ability|p2a: Kyu|Pressure","|turn|7","|","|move|p1a: Klefki|Light Screen|p1a: Klefki","|-sidestart|p1: Rain Hoot|move: Light Screen","|move|p2a: Kyu|Earth Power|p1a: Klefki","|-supereffective|p1a: Klefki","|-damage|p1a: Klefki|196/317","|","|turn|8","|","|move|p2a: Kyu|Earth Power|p1a: Klefki","|-supereffective|p1a: Klefki","|-damage|p1a: Klefki|68/317","|move|p1a: Klefki|Draining Kiss|p2a: Kyu","|-crit|p2a: Kyu","|-supereffective|p2a: Kyu","|-damage|p2a: Kyu|235/391","|-heal|p1a: Klefki|185/317|[from] drain|[of] p2a: Kyu","|","|turn|9","|","|move|p1a: Klefki|Toxic|p2a: Kyu","|-status|p2a: Kyu|tox","|move|p2a: Kyu|Earth Power|p1a: Klefki","|-supereffective|p1a: Klefki","|-damage|p1a: Klefki|73/317","|","|-damage|p2a: Kyu|211/391 tox|[from] psn","|turn|10","|","|move|p1a: Klefki|Reflect|p1a: Klefki","|-sidestart|p1: Rain Hoot|Reflect","|move|p2a: Kyu|Earth Power|p1a: Klefki","|-supereffective|p1a: Klefki","|-damage|p1a: Klefki|0 fnt","|faint|p1a: Klefki","|","|-damage|p2a: Kyu|163/391 tox|[from] psn","|","|switch|p1a: Jirachi|Jirachi|397/397","|turn|11","|","|move|p2a: Kyu|Earth Power|p1a: Jirachi","|-supereffective|p1a: Jirachi","|-damage|p1a: Jirachi|291/397","|move|p1a: Jirachi|Cosmic Power|p1a: Jirachi","|-boost|p1a: Jirachi|def|1","|-boost|p1a: Jirachi|spd|1","|","|-heal|p1a: Jirachi|315/397|[from] item: Leftovers","|-damage|p2a: Kyu|91/391 tox|[from] psn","|turn|12","|","|move|p2a: Kyu|Earth Power|p1a: Jirachi","|-supereffective|p1a: Jirachi","|-damage|p1a: Jirachi|247/397","|move|p1a: Jirachi|Cosmic Power|p1a: Jirachi","|-boost|p1a: Jirachi|def|1","|-boost|p1a: Jirachi|spd|1","|","|-heal|p1a: Jirachi|271/397|[from] item: Leftovers","|-damage|p2a: Kyu|0 fnt|[from] psn","|faint|p2a: Kyu","|","|switch|p2a: Dexter|Cloyster, M|241/241","|turn|13","|","|move|p2a: Dexter|Shell Smash|p2a: Dexter","|-unboost|p2a: Dexter|def|1","|-unboost|p2a: Dexter|spd|1","|-boost|p2a: Dexter|atk|2","|-boost|p2a: Dexter|spa|2","|-boost|p2a: Dexter|spe|2","|move|p1a: Jirachi|Power-Up Punch|p2a: Dexter","|-supereffective|p2a: Dexter","|-damage|p2a: Dexter|157/241","|-boost|p1a: Jirachi|atk|1","|","|-heal|p1a: Jirachi|295/397|[from] item: Leftovers","|turn|14","|","|move|p2a: Dexter|Razor Shell|p1a: Jirachi","|-damage|p1a: Jirachi|244/397","|-unboost|p1a: Jirachi|def|1","|move|p1a: Jirachi|Power-Up Punch|p2a: Dexter","|-supereffective|p2a: Dexter","|-damage|p2a: Dexter|49/241","|-boost|p1a: Jirachi|atk|1","|","|-heal|p1a: Jirachi|268/397|[from] item: Leftovers","|-sideend|p1: Rain Hoot|move: Light Screen","|turn|15","|","|move|p2a: Dexter|Razor Shell|p1a: Jirachi","|-crit|p1a: Jirachi","|-damage|p1a: Jirachi|0 fnt","|faint|p1a: Jirachi","|","|","|switch|p1a: Excadrill|Excadrill, M|423/423","|-ability|p1a: Excadrill|Mold Breaker","|turn|16","|","|move|p2a: Dexter|Razor Shell|p1a: Excadrill","|-supereffective|p1a: Excadrill","|-damage|p1a: Excadrill|117/423","|-unboost|p1a: Excadrill|def|1","|move|p1a: Excadrill|Iron Head|p2a: Dexter","|-damage|p2a: Dexter|0 fnt","|faint|p2a: Dexter","|","|","|switch|p2a: Obama|Abomasnow, F, shiny|384/384","|-weather|Hail","|turn|17","|","|detailschange|p2a: Obama|Abomasnow-Mega, F, shiny","|-mega|p2a: Obama|Abomasnow|Abomasite","|move|p2a: Obama|Ice Shard|p1a: Excadrill","|-damage|p1a: Excadrill|62/423","|move|p1a: Excadrill|Iron Head|p2a: Obama","|-supereffective|p2a: Obama","|-damage|p2a: Obama|12/384","|","|-weather|Hail|[upkeep]","|-damage|p1a: Excadrill|36/423|[from] hail","|-sideend|p1: Rain Hoot|Reflect","|turn|18","|","|move|p2a: Obama|Ice Shard|p1a: Excadrill","|-damage|p1a: Excadrill|0 fnt","|faint|p1a: Excadrill","|","|-weather|Hail|[upkeep]","|","|switch|p1a: Heatran|Heatran, F|385/385","|turn|19","|","|move|p1a: Heatran|Lava Plume|p2a: Obama","|-supereffective|p2a: Obama","|-damage|p2a: Obama|0 fnt","|faint|p2a: Obama","|","|-weather|Hail|[upkeep]","|-damage|p1a: Heatran|361/385|[from] hail","|","|switch|p2a: Froslass|Froslass, F|281/281","|turn|20","|","|move|p2a: Froslass|Shadow Ball|p1a: Heatran","|-damage|p1a: Heatran|264/385","|move|p1a: Heatran|Lava Plume|p2a: Froslass","|-supereffective|p2a: Froslass","|-enditem|p2a: Froslass|Focus Sash","|-damage|p2a: Froslass|1/281","|","|-weather|Hail|[upkeep]","|-damage|p1a: Heatran|240/385|[from] hail","|turn|21","|","|move|p2a: Froslass|Destiny Bond|p2a: Froslass","|-singlemove|p2a: Froslass|Destiny Bond","|move|p1a: Heatran|Lava Plume|p2a: Froslass","|-supereffective|p2a: Froslass","|-damage|p2a: Froslass|0 fnt","|-start|p1a: Heatran|Disable|Lava Plume","|faint|p2a: Froslass","|-activate|p2a: Froslass|Destiny Bond","|faint|p1a: Heatran","|","|win|Rain Hoot"],"p1rating":{"entryid":"7558745","serverid":"eos","formatid":"monotype","userid":"rainhoot","username":"Rain Hoot","w":16,"l":"14","t":"0","gxe":54.7,"r":"1525.810152223","rd":"62.517758372501","sigma":"0","rptime":"1439629200","rpr":1536.116909331,"rprd":59.945094008462,"rpsigma":"0","acre":1175.450753897,"lacre":1175.450753897,"oldacre":"1152.1574022945"},"p2rating":{"entryid":"6768172","serverid":"eos","formatid":"monotype","userid":"glzeno","username":"GL♅Zeno","w":"11","l":11,"t":"0","gxe":50.9,"r":"1521.7960328845","rd":"74.822368133776","sigma":"0","rptime":"1439629200","rpr":1506.8371973393,"rprd":73.207089465789,"rpsigma":"0","acre":1105.1090880504,"lacre":1105.1090880504,"oldacre":"1128.4024396529"},"endType":"normal"}