{"seed":[31694,4164,10313,34610],"turns":24,"p1":"Apex Bank","p2":"Guard Shadow","p1team":[{"name":"Tentacruel","species":"Tentacruel","item":"blacksludge","ability":"Liquid Ooze","moves":["acidspray","rapidspin","sludgewave","scald"],"nature":"Calm","evs":{"hp":252,"atk":0,"def":0,"spa":4,"spd":252,"spe":0},"ivs":{"hp":31,"atk":31,"def":31,"spa":31,"spd":31,"spe":31}},{"name":"Swampert","species":"Swampert","item":"swampertite","ability":"Torrent","moves":["waterfall","icepunch","earthquake","superpower"],"nature":"Adamant","evs":{"hp":4,"atk":252,"def":0,"spa":0,"spd":0,"spe":252},"ivs":{"hp":31,"atk":31,"def":31,"spa":31,"spd":31,"spe":31}},{"name":"Azumarill","species":"Azumarill","item":"sitrusberry","ability":"Sap Sipper","moves":["bellydrum","aquajet","icepunch","playrough"],"nature":"Adamant","evs":{"hp":252,"atk":252,"def":0,"spa":0,"spd":4,"spe":0},"ivs":{"hp":31,"atk":31,"def":31,"spa":31,"spd":31,"spe":31}},{"name":"Starmie","species":"Starmie","item":"lifeorb","ability":"Natural Cure","moves":["icebeam","psychic","scald","thunderbolt"],"nature":"Timid","evs":{"hp":0,"atk":0,"def":0,"spa":252,"spd":4,"spe":252},"ivs":{"hp":31,"atk":31,"def":31,"spa":31,"spd":31,"spe":31}},{"name":"Politoed","species":"Politoed","item":"choicescarf","ability":"Drizzle","moves":["hydropump","icebeam","encore","perishsong"],"nature":"Timid","evs":{"hp":0,"atk":0,"def":0,"spa":252,"spd":4,"spe":252},"ivs":{"hp":31,"atk":31,"def":31,"spa":31,"spd":31,"spe":31}},{"name":"Ludicolo","species":"Ludicolo","item":"lifeorb","ability":"Swift Swim","moves":["gigadrain","icebeam","focusblast","surf"],"nature":"Modest","evs":{"hp":0,"atk":0,"def":0,"spa":252,"spd":4,"spe":252},"ivs":{"hp":31,"atk":31,"def":31,"spa":31,"spd":31,"spe":31}}],"p2team":[{"name":"Shadow","species":"sableye","item":"sablenite","ability":"Prankster","moves":["willowisp","calmmind","recover","darkpulse"],"nature":"Bold","evs":{"hp":252,"atk":0,"def":252,"spa":0,"spd":4,"spe":0},"gender":"M","ivs":{"hp":31,"atk":0,"def":31,"spa":31,"spd":31,"spe":31}},{"name":"Phantom","species":"gengar","item":"focussash","ability":"Levitate","moves":["shadowball","sludgebomb","energyball","destinybond"],"nature":"Timid","evs":{"hp":0,"atk":0,"def":0,"spa":252,"spd":4,"spe":252},"gender":"M","shiny":true,"ivs":{"hp":31,"atk":31,"def":31,"spa":31,"spd":31,"spe":31}},{"name":"Wraith","species":"golurk","item":"focussash","ability":"No Guard","moves":["dynamicpunch","earthquake","rockpolish","stealthrock"],"nature":"Adamant","evs":{"hp":0,"atk":252,"def":0,"spa":0,"spd":4,"spe":252},"shiny":true,"ivs":{"hp":31,"atk":31,"def":31,"spa":31,"spd":31,"spe":31}},{"name":"Masamune","species":"aegislash","item":"leftovers","ability":"Stance Change","moves":["ironhead","shadowsneak","swordsdance","kingsshield"],"nature":"Adamant","evs":{"hp":252,"atk":252,"def":0,"spa":0,"spd":0,"spe":4},"gender":"M","shiny":true,"ivs":{"hp":31,"atk":31,"def":31,"spa":31,"spd":31,"spe":31}},{"name":"Inferno","species":"chandelure","item":"choicescarf","ability":"Flash Fire","moves":["fireblast","shadowball","hiddenpowerice","trick"],"nature":"Modest","evs":{"hp":0,"atk":0,"def":0,"spa":252,"spd":4,"spe":252},"gender":"M","ivs":{"hp":31,"atk":30,"def":30,"spa":31,"spd":31,"spe":31}},{"name":"Mismagius","species":"Mismagius","item":"focussash","ability":"Levitate","moves":["shadowball","dazzlinggleam","nastyplot","destinybond"],"nature":"Timid","evs":{"hp":0,"atk":0,"def":0,"spa":252,"spd":4,"spe":252},"gender":"F","ivs":{"hp":31,"atk":31,"def":31,"spa":31,"spd":31,"spe":31}}],"log":["|player|p1|Apex Bank|257","|player|p2|Guard Shadow|274","|gametype|singles","|gen|6","|tier|Monotype","|rated","|rule|Baton Pass Clause: Limit one Baton Passer, can't pass Spe and other stats simultaneously","|rule|Swagger Clause: Swagger is banned","|rule|Same Type Clause: Pokémon in a team must share a type","|clearpoke","|poke|p1|Tentacruel, M","|poke|p1|Swampert, F","|poke|p1|Azumarill, F","|poke|p1|Starmie","|poke|p1|Politoed, M","|poke|p1|Ludicolo, F","|poke|p2|Sableye, M","|poke|p2|Gengar, M, shiny","|poke|p2|Golurk, shiny","|poke|p2|Aegislash, M, shiny","|poke|p2|Chandelure, M","|poke|p2|Mismagius, F","|rule|Sleep Clause Mod: Limit one foe put to sleep","|rule|Species Clause: Limit one of each Pokémon","|rule|OHKO Clause: OHKO moves are banned","|rule|Moody Clause: Moody is banned","|rule|Evasion Moves Clause: Evasion moves are banned","|rule|Endless Battle Clause: Forcing endless battles is banned","|rule|HP Percentage Mod: HP is shown in percentages","|teampreview","|","|start","|switch|p1a: Politoed|Politoed, M|321/321","|switch|p2a: Phantom|Gengar, M, shiny|261/261","|-weather|RainDance","|turn|1","|","|move|p1a: Politoed|Hydro Pump|p2a: Phantom","|-enditem|p2a: Phantom|Focus Sash","|-damage|p2a: Phantom|1/261","|move|p2a: Phantom|Energy Ball|p1a: Politoed","|-supereffective|p1a: Politoed","|-damage|p1a: Politoed|103/321","|-unboost|p1a: Politoed|spd|1","|","|-weather|RainDance|[upkeep]","|turn|2","|","|switch|p1a: Tentacruel|Tentacruel, M|364/364","|switch|p2a: Masamune|Aegislash, M, shiny|324/324","|","|-weather|RainDance|[upkeep]","|turn|3","|","|move|p1a: Tentacruel|Scald|p2a: Masamune","|-damage|p2a: Masamune|233/324","|move|p2a: Masamune|Swords Dance|p2a: Masamune","|-boost|p2a: Masamune|atk|2","|","|-weather|RainDance|[upkeep]","|-heal|p2a: Masamune|253/324|[from] item: Leftovers","|turn|4","|","|move|p1a: Tentacruel|Scald|p2a: Masamune","|-damage|p2a: Masamune|168/324","|-formechange|p2a: Masamune|Aegislash-Blade","|move|p2a: Masamune|Iron Head|p1a: Tentacruel","|-resisted|p1a: Tentacruel","|-damage|p1a: Tentacruel|124/364","|","|-weather|RainDance|[upkeep]","|-heal|p1a: Tentacruel|146/364|[from] item: Black Sludge","|-heal|p2a: Masamune|188/324|[from] item: Leftovers","|turn|5","|","|-formechange|p2a: Masamune|Aegislash","|move|p2a: Masamune|King's Shield|p2a: Masamune","|-singleturn|p2a: Masamune|Protect","|move|p1a: Tentacruel|Scald|p2a: Masamune","|-activate|p2a: Masamune|Protect","|","|-weather|none","|-heal|p1a: Tentacruel|168/364|[from] item: Black Sludge","|-heal|p2a: Masamune|208/324|[from] item: Leftovers","|turn|6","|","|-formechange|p2a: Masamune|Aegislash-Blade","|move|p2a: Masamune|Shadow Sneak|p1a: Tentacruel","|-damage|p1a: Tentacruel|0 fnt","|faint|p1a: Tentacruel","|","|-heal|p2a: Masamune|228/324|[from] item: Leftovers","|","|switch|p1a: Swampert|Swampert, F|342/342","|turn|7","|","|detailschange|p1a: Swampert|Swampert-Mega, F","|-mega|p1a: Swampert|Swampert|Swampertite","|move|p1a: Swampert|Earthquake|p2a: Masamune","|-supereffective|p2a: Masamune","|-damage|p2a: Masamune|0 fnt","|faint|p2a: Masamune","|","|","|switch|p2a: Phantom|Gengar, M, shiny|1/261","|turn|8","|","|switch|p1a: Politoed|Politoed, M|103/321","|-weather|RainDance","|move|p2a: Phantom|Destiny Bond|p2a: Phantom","|-singlemove|p2a: Phantom|Destiny Bond","|","|-weather|RainDance|[upkeep]","|turn|9","|","|move|p1a: Politoed|Encore|p2a: Phantom","|-start|p2a: Phantom|Encore","|move|p2a: Phantom|Destiny Bond|p2a: Phantom","|-singlemove|p2a: Phantom|Destiny Bond","|","|-weather|RainDance|[upkeep]","|turn|10","|","|switch|p1a: Azumarill|Azumarill, F|404/404","|move|p2a: Phantom|Destiny Bond|p2a: Phantom","|-singlemove|p2a: Phantom|Destiny Bond","|","|-weather|RainDance|[upkeep]","|turn|11","|","|switch|p1a: Politoed|Politoed, M|103/321","|move|p2a: Phantom|Destiny Bond|p2a: Phantom","|-singlemove|p2a: Phantom|Destiny Bond","|","|-weather|RainDance|[upkeep]","|-end|p2a: Phantom|Encore","|turn|12","|","|move|p1a: Politoed|Encore|p2a: Phantom","|-start|p2a: Phantom|Encore","|move|p2a: Phantom|Destiny Bond|p2a: Phantom","|-singlemove|p2a: Phantom|Destiny Bond","|","|-weather|none","|turn|13","|","|switch|p1a: Azumarill|Azumarill, F|404/404","|switch|p2a: Shadow|Sableye, M|304/304","|","|turn|14","|","|switch|p1a: Politoed|Politoed, M|103/321","|-weather|RainDance","|move|p2a: Shadow|Will-O-Wisp|p1a: Politoed","|-status|p1a: Politoed|brn","|","|-weather|RainDance|[upkeep]","|-damage|p1a: Politoed|63/321 brn|[from] brn","|turn|15","|","|move|p2a: Shadow|Calm Mind|p2a: Shadow","|-boost|p2a: Shadow|spa|1","|-boost|p2a: Shadow|spd|1","|move|p1a: Politoed|Encore|p2a: Shadow","|-start|p2a: Shadow|Encore","|","|-weather|RainDance|[upkeep]","|-damage|p1a: Politoed|23/321 brn|[from] brn","|turn|16","|","|switch|p1a: Azumarill|Azumarill, F|404/404","|detailschange|p2a: Shadow|Sableye-Mega, M","|-mega|p2a: Shadow|Sableye|Sablenite","|move|p2a: Shadow|Calm Mind|p2a: Shadow","|-boost|p2a: Shadow|spa|1","|-boost|p2a: Shadow|spd|1","|","|-weather|RainDance|[upkeep]","|turn|17","|","|move|p1a: Azumarill|Belly Drum|p1a: Azumarill","|-damage|p1a: Azumarill|202/404","|-setboost|p1a: Azumarill|atk|6|[from] move: Belly Drum","|-enditem|p1a: Azumarill|Sitrus Berry|[eat]","|-heal|p1a: Azumarill|303/404|[from] item: Sitrus Berry","|move|p2a: Shadow|Calm Mind|p2a: Shadow","|-boost|p2a: Shadow|spa|1","|-boost|p2a: Shadow|spd|1","|","|-weather|RainDance|[upkeep]","|turn|18","|","|move|p1a: Azumarill|Play Rough|p2a: Shadow","|-supereffective|p2a: Shadow","|-damage|p2a: Shadow|0 fnt","|faint|p2a: Shadow","|","|-weather|none","|","|switch|p2a: Mismagius|Mismagius, F|261/261","|turn|19","|","|move|p1a: Azumarill|Aqua Jet|p2a: Mismagius","|-enditem|p2a: Mismagius|Focus Sash","|-damage|p2a: Mismagius|1/261","|move|p2a: Mismagius|Destiny Bond|p2a: Mismagius","|-singlemove|p2a: Mismagius|Destiny Bond","|","|turn|20","|","|move|p1a: Azumarill|Aqua Jet|p2a: Mismagius","|-damage|p2a: Mismagius|0 fnt","|faint|p2a: Mismagius","|-activate|p2a: Mismagius|Destiny Bond","|faint|p1a: Azumarill","|","|","|switch|p2a: Phantom|Gengar, M, shiny|1/261","|switch|p1a: Politoed|Politoed, M|23/321 brn","|-weather|RainDance","|turn|21","|","|switch|p2a: Wraith|Golurk, shiny|319/319","|move|p1a: Politoed|Ice Beam|p2a: Wraith","|-supereffective|p2a: Wraith","|-damage|p2a: Wraith|111/319","|-status|p2a: Wraith|frz","|","|-weather|RainDance|[upkeep]","|-damage|p1a: Politoed|0 fnt|[from] brn","|faint|p1a: Politoed","|","|switch|p1a: Ludicolo|Ludicolo, F|301/301","|turn|22","|","|move|p1a: Ludicolo|Surf|p2a: Wraith","|-supereffective|p2a: Wraith","|-damage|p2a: Wraith|0 fnt","|-damage|p1a: Ludicolo|271/301|[from] item: Life Orb","|faint|p2a: Wraith","|","|-weather|RainDance|[upkeep]","|","|switch|p2a: Phantom|Gengar, M, shiny|1/261","|turn|23","|","|move|p1a: Ludicolo|Surf|p2a: Phantom","|-damage|p2a: Phantom|0 fnt","|-damage|p1a: Ludicolo|241/301|[from] item: Life Orb","|faint|p2a: Phantom","|","|-weather|RainDance|[upkeep]","|","|switch|p2a: Inferno|Chandelure, M|261/261","|turn|24","|","|move|p1a: Ludicolo|Surf|p2a: Inferno","|-supereffective|p2a: Inferno","|-damage|p2a: Inferno|0 fnt","|-damage|p1a: Ludicolo|211/301|[from] item: Life Orb","|faint|p2a: Inferno","|","|win|Apex Bank"],"p1rating":{"entryid":"7576782","serverid":"eos","formatid":"monotype","userid":"apexbank","username":"Apex Bank","w":5,"l":"2","t":"0","gxe":58.6,"r":"1525.0747741259","rd":"102.29697235553","sigma":"0","rptime":"1439629200","rpr":1567.4268854178,"rprd":95.265882558504,"rpsigma":"0","acre":1129.1662784395,"lacre":1129.1662784395,"oldacre":"1103.5656667372"},"p2rating":{"entryid":"6072101","serverid":"eos","formatid":"monotype","userid":"guardshadow","username":"Guard Shadow","w":"20","l":25,"t":"0","gxe":43,"r":"1443.0620650413","rd":"60.13341972871","sigma":"0","rptime":"1439629200","rpr":1446.2542240179,"rprd":58.661920351838,"rpsigma":"0","acre":1086.3136166143,"lacre":1086.3136166143,"oldacre":"1111.9142283166"},"endType":"normal"}