{"seed":[62772,32917,20435,59341],"turns":32,"p1":"Guard Shadow","p2":"Onion L0rdMudkip","p1team":[{"name":"Shadow","species":"sableye","item":"sablenite","ability":"Prankster","moves":["willowisp","calmmind","recover","darkpulse"],"nature":"Bold","evs":{"hp":252,"atk":0,"def":252,"spa":0,"spd":4,"spe":0},"gender":"M","ivs":{"hp":31,"atk":0,"def":31,"spa":31,"spd":31,"spe":31}},{"name":"Phantom","species":"gengar","item":"focussash","ability":"Levitate","moves":["shadowball","sludgebomb","energyball","destinybond"],"nature":"Timid","evs":{"hp":0,"atk":0,"def":0,"spa":252,"spd":4,"spe":252},"gender":"M","shiny":true,"ivs":{"hp":31,"atk":31,"def":31,"spa":31,"spd":31,"spe":31}},{"name":"Wraith","species":"golurk","item":"focussash","ability":"No Guard","moves":["dynamicpunch","earthquake","rockpolish","stealthrock"],"nature":"Adamant","evs":{"hp":0,"atk":252,"def":0,"spa":0,"spd":4,"spe":252},"shiny":true,"ivs":{"hp":31,"atk":31,"def":31,"spa":31,"spd":31,"spe":31}},{"name":"Masamune","species":"aegislash","item":"leftovers","ability":"Stance Change","moves":["ironhead","shadowsneak","swordsdance","kingsshield"],"nature":"Adamant","evs":{"hp":252,"atk":252,"def":0,"spa":0,"spd":0,"spe":4},"gender":"M","shiny":true,"ivs":{"hp":31,"atk":31,"def":31,"spa":31,"spd":31,"spe":31}},{"name":"Inferno","species":"chandelure","item":"choicescarf","ability":"Flash Fire","moves":["fireblast","shadowball","hiddenpowerice","trick"],"nature":"Modest","evs":{"hp":0,"atk":0,"def":0,"spa":252,"spd":4,"spe":252},"gender":"M","ivs":{"hp":31,"atk":30,"def":30,"spa":31,"spd":31,"spe":31}},{"name":"Mismagius","species":"Mismagius","item":"focussash","ability":"Levitate","moves":["shadowball","dazzlinggleam","nastyplot","destinybond"],"nature":"Timid","evs":{"hp":0,"atk":0,"def":0,"spa":252,"spd":4,"spe":252},"gender":"F","ivs":{"hp":31,"atk":31,"def":31,"spa":31,"spd":31,"spe":31}}],"p2team":[{"name":"Armaldo","species":"Armaldo","item":"leftovers","ability":"Battle Armor","moves":["stealthrock","rapidspin","stoneedge","earthquake"],"nature":"Adamant","evs":{"hp":252,"atk":252,"def":0,"spa":0,"spd":4,"spe":0},"ivs":{"hp":31,"atk":31,"def":31,"spa":31,"spd":31,"spe":31}},{"name":"Galvantula","species":"Galvantula","item":"focussash","ability":"Compound Eyes","moves":["voltswitch","thunder","stickyweb","bugbuzz"],"nature":"Timid","evs":{"hp":0,"atk":0,"def":0,"spa":252,"spd":4,"spe":252},"ivs":{"hp":31,"atk":31,"def":31,"spa":31,"spd":31,"spe":31}},{"name":"Volcarona","species":"Volcarona","item":"weaknesspolicy","ability":"Flame Body","moves":["quiverdance","fierydance","bugbuzz","gigadrain"],"nature":"Modest","evs":{"hp":0,"atk":0,"def":0,"spa":252,"spd":4,"spe":252},"ivs":{"hp":31,"atk":31,"def":31,"spa":31,"spd":31,"spe":31}},{"name":"Scolipede","species":"Scolipede","item":"choiceband","ability":"Speed Boost","moves":["megahorn","earthquake","poisonjab","rockslide"],"nature":"Adamant","evs":{"hp":0,"atk":252,"def":0,"spa":0,"spd":4,"spe":252},"ivs":{"hp":31,"atk":31,"def":31,"spa":31,"spd":31,"spe":31}},{"name":"Scizor","species":"Scizor","item":"scizorite","ability":"Technician","moves":["bulletpunch","swordsdance","roost","bugbite"],"nature":"Adamant","evs":{"hp":248,"atk":252,"def":0,"spa":0,"spd":8,"spe":0},"ivs":{"hp":31,"atk":31,"def":31,"spa":31,"spd":31,"spe":31}},{"name":"Genesect","species":"Genesect","item":"choicescarf","ability":"Download","moves":["bugbuzz","uturn","flamethrower","icebeam"],"nature":"Timid","evs":{"hp":0,"atk":0,"def":0,"spa":252,"spd":4,"spe":252},"ivs":{"hp":31,"atk":31,"def":31,"spa":31,"spd":31,"spe":31}}],"log":["|player|p1|Guard Shadow|274","|player|p2|Onion L0rdMudkip|168","|gametype|singles","|gen|6","|tier|Monotype","|rated","|rule|Baton Pass Clause: Limit one Baton Passer, can't pass Spe and other stats simultaneously","|rule|Swagger Clause: Swagger is banned","|rule|Same Type Clause: Pokémon in a team must share a type","|clearpoke","|poke|p1|Sableye, M","|poke|p1|Gengar, M, shiny","|poke|p1|Golurk, shiny","|poke|p1|Aegislash, M, shiny","|poke|p1|Chandelure, M","|poke|p1|Mismagius, F","|poke|p2|Armaldo, F","|poke|p2|Galvantula, M","|poke|p2|Volcarona, F","|poke|p2|Scolipede, F","|poke|p2|Scizor, M","|poke|p2|Genesect-*","|rule|Sleep Clause Mod: Limit one foe put to sleep","|rule|Species Clause: Limit one of each Pokémon","|rule|OHKO Clause: OHKO moves are banned","|rule|Moody Clause: Moody is banned","|rule|Evasion Moves Clause: Evasion moves are banned","|rule|Endless Battle Clause: Forcing endless battles is banned","|rule|HP Percentage Mod: HP is shown in percentages","|teampreview","|","|start","|switch|p1a: Inferno|Chandelure, M|261/261","|switch|p2a: Galvantula|Galvantula, M|281/281","|turn|1","|","|move|p1a: Inferno|Fire Blast|p2a: Galvantula","|-supereffective|p2a: Galvantula","|-enditem|p2a: Galvantula|Focus Sash","|-damage|p2a: Galvantula|1/281","|move|p2a: Galvantula|Sticky Web|p1a: Inferno","|-sidestart|p1: Guard Shadow|move: Sticky Web","|","|turn|2","|","|move|p1a: Inferno|Fire Blast|p2a: Galvantula","|-supereffective|p2a: Galvantula","|-damage|p2a: Galvantula|0 fnt","|faint|p2a: Galvantula","|","|","|switch|p2a: Armaldo|Armaldo, F|354/354","|turn|3","|","|move|p1a: Inferno|Fire Blast|p2a: Armaldo","|-damage|p2a: Armaldo|56/354","|move|p2a: Armaldo|Stone Edge|p1a: Inferno|[miss]","|-miss|p2a: Armaldo|p1a: Inferno","|","|-heal|p2a: Armaldo|78/354|[from] item: Leftovers","|turn|4","|","|move|p1a: Inferno|Fire Blast|p2a: Armaldo","|-damage|p2a: Armaldo|0 fnt","|faint|p2a: Armaldo","|","|","|switch|p2a: Volcarona|Volcarona, F|311/311","|turn|5","|","|move|p1a: Inferno|Fire Blast|p2a: Volcarona","|-damage|p2a: Volcarona|104/311","|move|p2a: Volcarona|Quiver Dance|p2a: Volcarona","|-boost|p2a: Volcarona|spa|1","|-boost|p2a: Volcarona|spd|1","|-boost|p2a: Volcarona|spe|1","|","|turn|6","|","|move|p2a: Volcarona|Quiver Dance|p2a: Volcarona","|-boost|p2a: Volcarona|spa|1","|-boost|p2a: Volcarona|spd|1","|-boost|p2a: Volcarona|spe|1","|move|p1a: Inferno|Fire Blast|p2a: Volcarona|[miss]","|-miss|p1a: Inferno|p2a: Volcarona","|","|turn|7","|","|switch|p1a: Wraith|Golurk, shiny|319/319","|-activate|p1a: Wraith|move: Sticky Web","|-unboost|p1a: Wraith|spe|1","|move|p2a: Volcarona|Quiver Dance|p2a: Volcarona","|-boost|p2a: Volcarona|spa|1","|-boost|p2a: Volcarona|spd|1","|-boost|p2a: Volcarona|spe|1","|","|turn|8","|","|move|p2a: Volcarona|Giga Drain|p1a: Wraith","|-supereffective|p1a: Wraith","|-enditem|p1a: Wraith|Focus Sash","|-damage|p1a: Wraith|1/319","|-heal|p2a: Volcarona|263/311|[from] drain|[of] p1a: Wraith","|move|p1a: Wraith|Dynamic Punch|p2a: Volcarona","|-resisted|p2a: Volcarona","|-damage|p2a: Volcarona|166/311","|-start|p2a: Volcarona|confusion","|","|turn|9","|","|-activate|p2a: Volcarona|confusion","|move|p2a: Volcarona|Fiery Dance|p1a: Wraith","|-damage|p1a: Wraith|0 fnt","|faint|p1a: Wraith","|","|","|switch|p1a: Mismagius|Mismagius, F|261/261","|turn|10","|","|-activate|p2a: Volcarona|confusion","|-damage|p2a: Volcarona|140/311|[from] confusion","|move|p1a: Mismagius|Destiny Bond|p1a: Mismagius","|-singlemove|p1a: Mismagius|Destiny Bond","|","|turn|11","|","|-activate|p2a: Volcarona|confusion","|-damage|p2a: Volcarona|114/311|[from] confusion","|move|p1a: Mismagius|Nasty Plot|p1a: Mismagius","|-boost|p1a: Mismagius|spa|2","|","|turn|12","|","|-activate|p2a: Volcarona|confusion","|move|p2a: Volcarona|Fiery Dance|p1a: Mismagius","|-enditem|p1a: Mismagius|Focus Sash","|-damage|p1a: Mismagius|1/261","|move|p1a: Mismagius|Shadow Ball|p2a: Volcarona","|-damage|p2a: Volcarona|24/311","|","|turn|13","|","|-end|p2a: Volcarona|confusion","|move|p2a: Volcarona|Fiery Dance|p1a: Mismagius","|-damage|p1a: Mismagius|0 fnt","|faint|p1a: Mismagius","|","|","|switch|p1a: Inferno|Chandelure, M|261/261","|-activate|p1a: Inferno|move: Sticky Web","|-unboost|p1a: Inferno|spe|1","|turn|14","|","|move|p2a: Volcarona|Fiery Dance|p1a: Inferno","|-start|p1a: Inferno|ability: Flash Fire","|move|p1a: Inferno|Fire Blast|p2a: Volcarona","|-damage|p2a: Volcarona|0 fnt","|faint|p2a: Volcarona","|","|","|switch|p2a: Scolipede|Scolipede, F|261/261","|turn|15","|","|move|p2a: Scolipede|Earthquake|p1a: Inferno","|-supereffective|p1a: Inferno","|-damage|p1a: Inferno|0 fnt","|faint|p1a: Inferno","|","|-boost|p2a: Scolipede|spe|1|[from] ability: Speed Boost","|","|switch|p1a: Phantom|Gengar, M, shiny|261/261","|turn|16","|","|switch|p2a: Genesect|Genesect|283/283","|-boost|p2a: Genesect|atk|1|[from] ability: Download","|move|p1a: Phantom|Shadow Ball|p2a: Genesect","|-damage|p2a: Genesect|129/283","|","|turn|17","|","|move|p2a: Genesect|Flamethrower|p1a: Phantom","|-damage|p1a: Phantom|132/261","|move|p1a: Phantom|Shadow Ball|p2a: Genesect","|-damage|p2a: Genesect|0 fnt","|faint|p2a: Genesect","|","|","|switch|p2a: Scizor|Scizor, M|343/343","|turn|18","|","|detailschange|p2a: Scizor|Scizor-Mega, M","|-mega|p2a: Scizor|Scizor|Scizorite","|move|p2a: Scizor|Bullet Punch|p1a: Phantom","|-damage|p1a: Phantom|0 fnt","|faint|p1a: Phantom","|","|","|switch|p1a: Shadow|Sableye, M|304/304","|-activate|p1a: Shadow|move: Sticky Web","|-unboost|p1a: Shadow|spe|1","|turn|19","|","|move|p2a: Scizor|Bullet Punch|p1a: Shadow","|-damage|p1a: Shadow|181/304","|move|p1a: Shadow|Will-O-Wisp|p2a: Scizor|[miss]","|-miss|p1a: Shadow|p2a: Scizor","|","|turn|20","|","|move|p1a: Shadow|Will-O-Wisp|p2a: Scizor","|-status|p2a: Scizor|brn","|move|p2a: Scizor|Swords Dance|p2a: Scizor","|-boost|p2a: Scizor|atk|2","|","|-damage|p2a: Scizor|301/343 brn|[from] brn","|turn|21","|","|move|p1a: Shadow|Recover|p1a: Shadow","|-heal|p1a: Shadow|304/304","|move|p2a: Scizor|Swords Dance|p2a: Scizor","|-boost|p2a: Scizor|atk|2","|","|-damage|p2a: Scizor|259/343 brn|[from] brn","|turn|22","|","|detailschange|p1a: Shadow|Sableye-Mega, M","|-mega|p1a: Shadow|Sableye|Sablenite","|move|p1a: Shadow|Recover|p1a: Shadow","|-fail|p1a: Shadow","|move|p2a: Scizor|Swords Dance|p2a: Scizor","|-boost|p2a: Scizor|atk|2","|","|-damage|p2a: Scizor|217/343 brn|[from] brn","|turn|23","|","|move|p2a: Scizor|Bug Bite|p1a: Shadow","|-damage|p1a: Shadow|84/304","|move|p1a: Shadow|Calm Mind|p1a: Shadow","|-boost|p1a: Shadow|spa|1","|-boost|p1a: Shadow|spd|1","|","|-damage|p2a: Scizor|175/343 brn|[from] brn","|turn|24","|","|move|p2a: Scizor|Bug Bite|p1a: Shadow","|-damage|p1a: Shadow|0 fnt","|faint|p1a: Shadow","|","|-damage|p2a: Scizor|133/343 brn|[from] brn","|","|switch|p1a: Masamune|Aegislash, M, shiny|324/324","|-activate|p1a: Masamune|move: Sticky Web","|-unboost|p1a: Masamune|spe|1","|turn|25","|","|move|p2a: Scizor|Roost|p2a: Scizor","|-heal|p2a: Scizor|305/343 brn","|move|p1a: Masamune|Swords Dance|p1a: Masamune","|-boost|p1a: Masamune|atk|2","|","|-damage|p2a: Scizor|263/343 brn|[from] brn","|turn|26","|","|move|p1a: Masamune|King's Shield|p1a: Masamune","|-singleturn|p1a: Masamune|Protect","|move|p2a: Scizor|Bug Bite|p1a: Masamune","|-activate|p1a: Masamune|Protect","|-unboost|p2a: Scizor|atk|2","|","|-damage|p2a: Scizor|221/343 brn|[from] brn","|turn|27","|","|move|p2a: Scizor|Bug Bite|p1a: Masamune","|-resisted|p1a: Masamune","|-damage|p1a: Masamune|272/324","|move|p1a: Masamune|Swords Dance|p1a: Masamune","|-boost|p1a: Masamune|atk|2","|","|-heal|p1a: Masamune|292/324|[from] item: Leftovers","|-damage|p2a: Scizor|179/343 brn|[from] brn","|turn|28","|","|move|p2a: Scizor|Roost|p2a: Scizor","|-heal|p2a: Scizor|343/343 brn","|move|p1a: Masamune|Swords Dance|p1a: Masamune","|-boost|p1a: Masamune|atk|2","|","|-heal|p1a: Masamune|312/324|[from] item: Leftovers","|-damage|p2a: Scizor|301/343 brn|[from] brn","|turn|29","|","|move|p1a: Masamune|King's Shield|p1a: Masamune","|-singleturn|p1a: Masamune|Protect","|move|p2a: Scizor|Swords Dance|p2a: Scizor","|-boost|p2a: Scizor|atk|2","|","|-heal|p1a: Masamune|324/324|[from] item: Leftovers","|-damage|p2a: Scizor|259/343 brn|[from] brn","|turn|30","|","|move|p2a: Scizor|Bug Bite|p1a: Masamune","|-resisted|p1a: Masamune","|-damage|p1a: Masamune|254/324","|-formechange|p1a: Masamune|Aegislash-Blade","|move|p1a: Masamune|Iron Head|p2a: Scizor","|-resisted|p2a: Scizor","|-damage|p2a: Scizor|0 fnt","|faint|p2a: Scizor","|","|-heal|p1a: Masamune|274/324|[from] item: Leftovers","|","|switch|p2a: Scolipede|Scolipede, F|261/261","|turn|31","|","|-formechange|p1a: Masamune|Aegislash","|move|p1a: Masamune|King's Shield|p1a: Masamune","|-singleturn|p1a: Masamune|Protect","|move|p2a: Scolipede|Earthquake|p1a: Masamune","|-activate|p1a: Masamune|Protect","|","|-heal|p1a: Masamune|294/324|[from] item: Leftovers","|-boost|p2a: Scolipede|spe|1|[from] ability: Speed Boost","|turn|32","|","|-formechange|p1a: Masamune|Aegislash-Blade","|move|p1a: Masamune|Shadow Sneak|p2a: Scolipede","|-damage|p2a: Scolipede|0 fnt","|faint|p2a: Scolipede","|","|win|Guard Shadow"],"p1rating":{"entryid":"6072101","serverid":"eos","formatid":"monotype","userid":"guardshadow","username":"Guard Shadow","w":22,"l":"25","t":"0","gxe":45.6,"r":"1443.0620650413","rd":"60.13341972871","sigma":"0","rptime":"1439629200","rpr":1466.7072295934,"rprd":57.241348681408,"rpsigma":"0","acre":1135.8843785699,"lacre":1135.8843785699,"oldacre":"1106.7807264479"},"p2rating":{"entryid":"7311817","serverid":"eos","formatid":"monotype","userid":"onionl0rdmudkip","username":"Onion L0rdMudkip","w":"10","l":10,"t":"0","gxe":48.5,"r":"1497.4014203186","rd":"72.9189854861","sigma":"0","rptime":"1439629200","rpr":1488.3210791526,"rprd":70.382722894083,"rpsigma":"0","acre":1135.2279146858,"lacre":1135.2279146858,"oldacre":"1164.3315668078"},"endType":"normal"}