{"seed":[17325,41715,13809,29888],"turns":37,"p1":"Imp Got Cookies?","p2":"Crystal glaceon13","p1team":[{"name":"Lopunny","species":"Lopunny","item":"lopunnite","ability":"Cute Charm","moves":["fakeout","highjumpkick","frustration","icepunch"],"nature":"Jolly","evs":{"hp":0,"atk":252,"def":0,"spa":0,"spd":4,"spe":252},"shiny":true,"happiness":0,"ivs":{"hp":31,"atk":31,"def":31,"spa":31,"spd":31,"spe":31}},{"name":"Diggersby","species":"Diggersby","item":"choiceband","ability":"Huge Power","moves":["quickattack","earthquake","return","wildcharge"],"nature":"Adamant","evs":{"hp":248,"atk":252,"def":0,"spa":0,"spd":8,"spe":0},"ivs":{"hp":31,"atk":31,"def":31,"spa":31,"spd":31,"spe":31}},{"name":"Chansey","species":"Chansey","item":"eviolite","ability":"Natural Cure","moves":["softboiled","healbell","stealthrock","seismictoss"],"nature":"Bold","evs":{"hp":248,"atk":0,"def":252,"spa":0,"spd":8,"spe":0},"ivs":{"hp":31,"atk":31,"def":31,"spa":31,"spd":31,"spe":31}},{"name":"Porygon2","species":"Porygon2","item":"eviolite","ability":"Trace","moves":["discharge","recover","thunderwave","icebeam"],"nature":"Calm","evs":{"hp":248,"atk":0,"def":0,"spa":8,"spd":252,"spe":0},"ivs":{"hp":31,"atk":31,"def":31,"spa":31,"spd":31,"spe":31}},{"name":"Staraptor","species":"Staraptor","item":"choicescarf","ability":"Reckless","moves":["bravebird","closecombat","doubleedge","uturn"],"nature":"Jolly","evs":{"hp":0,"atk":252,"def":0,"spa":0,"spd":4,"spe":252},"ivs":{"hp":31,"atk":31,"def":31,"spa":31,"spd":31,"spe":31}},{"name":"Meloetta","species":"Meloetta","item":"choicespecs","ability":"Serene Grace","moves":["focusblast","shadowball","psyshock","hypervoice"],"nature":"Modest","evs":{"hp":248,"atk":0,"def":0,"spa":252,"spd":8,"spe":0},"ivs":{"hp":31,"atk":31,"def":31,"spa":31,"spd":31,"spe":31}}],"p2team":[{"name":"Diancie","species":"Diancie","item":"diancite","ability":"Clear Body","moves":["earthpower","moonblast","diamondstorm","protect"],"nature":"Naive","evs":{"hp":0,"atk":4,"def":0,"spa":252,"spd":0,"spe":252},"ivs":{"hp":31,"atk":31,"def":31,"spa":31,"spd":31,"spe":31}},{"name":"Togekiss","species":"Togekiss","item":"leftovers","ability":"Serene Grace","moves":["nastyplot","batonpass","airslash","flamethrower"],"nature":"Calm","evs":{"hp":248,"atk":0,"def":0,"spa":0,"spd":240,"spe":20},"ivs":{"hp":31,"atk":31,"def":31,"spa":31,"spd":31,"spe":31}},{"name":"Klefki","species":"Klefki","item":"lightclay","ability":"Prankster","moves":["reflect","lightscreen","thunderwave","foulplay"],"nature":"Bold","evs":{"hp":252,"atk":0,"def":64,"spa":0,"spd":192,"spe":0},"ivs":{"hp":31,"atk":31,"def":31,"spa":31,"spd":31,"spe":31}},{"name":"Azumarill","species":"Azumarill","item":"lumberry","ability":"Huge Power","moves":["playrough","aquajet","waterfall","knockoff"],"nature":"Adamant","evs":{"hp":248,"atk":252,"def":0,"spa":0,"spd":0,"spe":8},"gender":"M","ivs":{"hp":31,"atk":31,"def":31,"spa":31,"spd":31,"spe":31}},{"name":"Gardevoir","species":"Gardevoir","item":"choicescarf","ability":"Trace","moves":["thunderbolt","energyball","moonblast","psyshock"],"nature":"Timid","evs":{"hp":0,"atk":0,"def":4,"spa":252,"spd":0,"spe":252},"ivs":{"hp":31,"atk":30,"def":31,"spa":30,"spd":31,"spe":30}},{"name":"Granbull","species":"Granbull","item":"leftovers","ability":"Intimidate","moves":["earthquake","firepunch","bulkup","playrough"],"nature":"Adamant","evs":{"hp":188,"atk":200,"def":120,"spa":0,"spd":0,"spe":0},"ivs":{"hp":31,"atk":31,"def":31,"spa":31,"spd":31,"spe":31}}],"log":["|player|p1|Imp Got Cookies?|1","|player|p2|Crystal glaceon13|32","|gametype|singles","|gen|6","|tier|Monotype","|rated","|rule|Baton Pass Clause: Limit one Baton Passer, can't pass Spe and other stats simultaneously","|rule|Swagger Clause: Swagger is banned","|rule|Same Type Clause: Pokémon in a team must share a type","|clearpoke","|poke|p1|Lopunny, F, shiny","|poke|p1|Diggersby, M","|poke|p1|Chansey, F","|poke|p1|Porygon2","|poke|p1|Staraptor, F","|poke|p1|Meloetta","|poke|p2|Diancie","|poke|p2|Togekiss, F","|poke|p2|Klefki, M","|poke|p2|Azumarill, M","|poke|p2|Gardevoir, M","|poke|p2|Granbull, F","|rule|Sleep Clause Mod: Limit one foe put to sleep","|rule|Species Clause: Limit one of each Pokémon","|rule|OHKO Clause: OHKO moves are banned","|rule|Moody Clause: Moody is banned","|rule|Evasion Moves Clause: Evasion moves are banned","|rule|Endless Battle Clause: Forcing endless battles is banned","|rule|HP Percentage Mod: HP is shown in percentages","|teampreview","|","|start","|switch|p1a: Chansey|Chansey, F|703/703","|switch|p2a: Klefki|Klefki, M|318/318","|turn|1","|","|move|p2a: Klefki|Light Screen|p2a: Klefki","|-sidestart|p2: Crystal glaceon13|move: Light Screen","|move|p1a: Chansey|Stealth Rock|p2a: Klefki","|-sidestart|p2: Crystal glaceon13|move: Stealth Rock","|","|turn|2","|","|move|p2a: Klefki|Thunder Wave|p1a: Chansey","|-status|p1a: Chansey|par","|move|p1a: Chansey|Seismic Toss|p2a: Klefki","|-damage|p2a: Klefki|218/318","|","|turn|3","|","|move|p2a: Klefki|Reflect|p2a: Klefki","|-sidestart|p2: Crystal glaceon13|Reflect","|move|p1a: Chansey|Seismic Toss|p2a: Klefki","|-damage|p2a: Klefki|118/318","|","|turn|4","|","|switch|p2a: Granbull|Granbull, F|368/368","|-damage|p2a: Granbull|322/368|[from] Stealth Rock","|-ability|p2a: Granbull|Intimidate","|-unboost|p1a: Chansey|atk|1","|move|p1a: Chansey|Seismic Toss|p2a: Granbull","|-damage|p2a: Granbull|222/368","|","|-heal|p2a: Granbull|245/368|[from] item: Leftovers","|turn|5","|","|move|p2a: Granbull|Bulk Up|p2a: Granbull","|-boost|p2a: Granbull|atk|1","|-boost|p2a: Granbull|def|1","|move|p1a: Chansey|Seismic Toss|p2a: Granbull","|-damage|p2a: Granbull|145/368","|","|-heal|p2a: Granbull|168/368|[from] item: Leftovers","|turn|6","|","|move|p2a: Granbull|Play Rough|p1a: Chansey","|-damage|p1a: Chansey|387/703 par","|move|p1a: Chansey|Seismic Toss|p2a: Granbull","|-damage|p2a: Granbull|68/368","|","|-heal|p2a: Granbull|91/368|[from] item: Leftovers","|turn|7","|","|move|p2a: Granbull|Play Rough|p1a: Chansey","|-damage|p1a: Chansey|50/703 par","|move|p1a: Chansey|Soft-Boiled|p1a: Chansey","|-heal|p1a: Chansey|402/703 par","|","|-heal|p2a: Granbull|114/368|[from] item: Leftovers","|turn|8","|","|move|p2a: Granbull|Play Rough|p1a: Chansey","|-damage|p1a: Chansey|89/703 par","|move|p1a: Chansey|Seismic Toss|p2a: Granbull","|-damage|p2a: Granbull|14/368","|","|-heal|p2a: Granbull|37/368|[from] item: Leftovers","|-sideend|p2: Crystal glaceon13|move: Light Screen","|turn|9","|","|move|p2a: Granbull|Fire Punch|p1a: Chansey","|-damage|p1a: Chansey|0 fnt","|faint|p1a: Chansey","|","|-heal|p2a: Granbull|60/368|[from] item: Leftovers","|","|switch|p1a: Lopunny|Lopunny, F, shiny|271/271","|turn|10","|","|switch|p2a: Klefki|Klefki, M|118/318","|-damage|p2a: Klefki|99/318|[from] Stealth Rock","|detailschange|p1a: Lopunny|Lopunny-Mega, F, shiny","|-mega|p1a: Lopunny|Lopunny|Lopunnite","|move|p1a: Lopunny|Fake Out|p2a: Klefki","|-resisted|p2a: Klefki","|-damage|p2a: Klefki|83/318","|","|-sideend|p2: Crystal glaceon13|Reflect","|turn|11","|","|switch|p1a: Diggersby|Diggersby, M|373/373","|move|p2a: Klefki|Reflect|p2a: Klefki","|-sidestart|p2: Crystal glaceon13|Reflect","|","|turn|12","|","|switch|p2a: Granbull|Granbull, F|60/368","|-damage|p2a: Granbull|14/368|[from] Stealth Rock","|-ability|p2a: Granbull|Intimidate","|-unboost|p1a: Diggersby|atk|1","|move|p1a: Diggersby|Return|p2a: Granbull","|-damage|p2a: Granbull|0 fnt","|faint|p2a: Granbull","|","|","|switch|p2a: Togekiss|Togekiss, F|373/373","|-damage|p2a: Togekiss|280/373|[from] Stealth Rock","|turn|13","|","|move|p2a: Togekiss|Nasty Plot|p2a: Togekiss","|-boost|p2a: Togekiss|spa|2","|move|p1a: Diggersby|Return|p2a: Togekiss","|-damage|p2a: Togekiss|151/373","|","|-heal|p2a: Togekiss|174/373|[from] item: Leftovers","|turn|14","|","|switch|p1a: Meloetta|Meloetta|403/403","|move|p2a: Togekiss|Air Slash|p1a: Meloetta","|-damage|p1a: Meloetta|223/403","|","|-heal|p2a: Togekiss|197/373|[from] item: Leftovers","|turn|15","|","|move|p1a: Meloetta|Hyper Voice|p2a: Togekiss","|-damage|p2a: Togekiss|31/373","|move|p2a: Togekiss|Baton Pass|p2a: Togekiss","|","|switch|p2a: Gardevoir|Gardevoir, M|277/277","|-damage|p2a: Gardevoir|243/277|[from] Stealth Rock","|-ability|p2a: Gardevoir|Serene Grace|[from] ability: Trace|[of] p1a: Meloetta","|","|turn|16","|","|move|p2a: Gardevoir|Moonblast|p1a: Meloetta","|-damage|p1a: Meloetta|0 fnt","|faint|p1a: Meloetta","|","|","|switch|p1a: Porygon2|Porygon2|373/373","|-ability|p1a: Porygon2|Serene Grace|[from] ability: Trace|[of] p2a: Gardevoir","|turn|17","|","|move|p2a: Gardevoir|Moonblast|p1a: Porygon2","|-damage|p1a: Porygon2|196/373","|-unboost|p1a: Porygon2|spa|1","|move|p1a: Porygon2|Thunder Wave|p2a: Gardevoir","|-status|p2a: Gardevoir|par","|","|turn|18","|","|move|p1a: Porygon2|Recover|p1a: Porygon2","|-heal|p1a: Porygon2|373/373","|move|p2a: Gardevoir|Moonblast|p1a: Porygon2","|-damage|p1a: Porygon2|199/373","|","|-sideend|p2: Crystal glaceon13|Reflect","|turn|19","|","|move|p1a: Porygon2|Discharge|p2a: Gardevoir","|-damage|p2a: Gardevoir|204/277 par","|move|p2a: Gardevoir|Moonblast|p1a: Porygon2","|-damage|p1a: Porygon2|48/373","|","|turn|20","|","|move|p1a: Porygon2|Recover|p1a: Porygon2","|-heal|p1a: Porygon2|235/373","|move|p2a: Gardevoir|Moonblast|p1a: Porygon2","|-damage|p1a: Porygon2|66/373","|-unboost|p1a: Porygon2|spa|1","|","|turn|21","|","|switch|p2a: Azumarill|Azumarill, M|403/403","|-damage|p2a: Azumarill|353/403|[from] Stealth Rock","|move|p1a: Porygon2|Recover|p1a: Porygon2","|-heal|p1a: Porygon2|253/373","|","|turn|22","|","|move|p1a: Porygon2|Thunder Wave|p2a: Azumarill","|-status|p2a: Azumarill|par","|-enditem|p2a: Azumarill|Lum Berry|[eat]","|-curestatus|p2a: Azumarill|par","|move|p2a: Azumarill|Knock Off|p1a: Porygon2","|-damage|p1a: Porygon2|147/373","|-enditem|p1a: Porygon2|Eviolite|[from] move: Knock Off|[of] p2a: Azumarill","|","|turn|23","|","|switch|p2a: Klefki|Klefki, M|83/318","|-damage|p2a: Klefki|64/318|[from] Stealth Rock","|move|p1a: Porygon2|Recover|p1a: Porygon2","|-heal|p1a: Porygon2|334/373","|","|turn|24","|","|switch|p1a: Diggersby|Diggersby, M|373/373","|move|p2a: Klefki|Light Screen|p2a: Klefki","|-sidestart|p2: Crystal glaceon13|move: Light Screen","|","|turn|25","|","|move|p2a: Klefki|Reflect|p2a: Klefki","|-sidestart|p2: Crystal glaceon13|Reflect","|move|p1a: Diggersby|Return|p2a: Klefki","|-resisted|p2a: Klefki","|-damage|p2a: Klefki|0 fnt","|faint|p2a: Klefki","|","|","|switch|p2a: Azumarill|Azumarill, M|353/403","|-damage|p2a: Azumarill|303/403|[from] Stealth Rock","|turn|26","|","|move|p1a: Diggersby|Return|p2a: Azumarill","|-damage|p2a: Azumarill|108/403","|move|p2a: Azumarill|Waterfall|p1a: Diggersby","|-supereffective|p1a: Diggersby","|-damage|p1a: Diggersby|0 fnt","|faint|p1a: Diggersby","|","|","|switch|p1a: Lopunny|Lopunny-Mega, F, shiny|271/271","|turn|27","|","|switch|p2a: Gardevoir|Gardevoir, M|204/277 par","|-damage|p2a: Gardevoir|170/277 par|[from] Stealth Rock","|-ability|p2a: Gardevoir|Scrappy|[from] ability: Trace|[of] p1a: Lopunny","|move|p1a: Lopunny|Fake Out|p2a: Gardevoir","|-damage|p2a: Gardevoir|118/277 par","|","|turn|28","|","|move|p1a: Lopunny|Frustration|p2a: Gardevoir","|-damage|p2a: Gardevoir|0 fnt","|faint|p2a: Gardevoir","|","|","|switch|p2a: Diancie|Diancie|241/241","|-damage|p2a: Diancie|211/241|[from] Stealth Rock","|turn|29","|","|switch|p1a: Porygon2|Porygon2|334/373","|-ability|p1a: Porygon2|Clear Body|[from] ability: Trace|[of] p2a: Diancie","|detailschange|p2a: Diancie|Diancie-Mega","|-mega|p2a: Diancie|Diancie|Diancite","|move|p2a: Diancie|Moonblast|p1a: Porygon2","|-damage|p1a: Porygon2|195/373","|","|turn|30","|","|move|p2a: Diancie|Diamond Storm|p1a: Porygon2","|-damage|p1a: Porygon2|11/373","|move|p1a: Porygon2|Discharge|p2a: Diancie","|-damage|p2a: Diancie|179/241","|-status|p2a: Diancie|par","|","|turn|31","|","|move|p1a: Porygon2|Recover|p1a: Porygon2","|-heal|p1a: Porygon2|198/373","|cant|p2a: Diancie|par","|","|-sideend|p2: Crystal glaceon13|move: Light Screen","|turn|32","|","|move|p1a: Porygon2|Discharge|p2a: Diancie","|-damage|p2a: Diancie|108/241 par","|cant|p2a: Diancie|par","|","|-sideend|p2: Crystal glaceon13|Reflect","|turn|33","|","|move|p1a: Porygon2|Recover|p1a: Porygon2","|-heal|p1a: Porygon2|373/373","|cant|p2a: Diancie|par","|","|turn|34","|","|move|p1a: Porygon2|Discharge|p2a: Diancie","|-damage|p2a: Diancie|40/241 par","|move|p2a: Diancie|Diamond Storm|p1a: Porygon2","|-damage|p1a: Porygon2|177/373","|","|turn|35","|","|move|p1a: Porygon2|Discharge|p2a: Diancie","|-damage|p2a: Diancie|0 fnt","|faint|p2a: Diancie","|","|","|switch|p2a: Togekiss|Togekiss, F|31/373","|-damage|p2a: Togekiss|0 fnt|[from] Stealth Rock","|faint|p2a: Togekiss","|","|switch|p2a: Azumarill|Azumarill, M|108/403","|-damage|p2a: Azumarill|58/403|[from] Stealth Rock","|turn|36","|","|move|p1a: Porygon2|Recover|p1a: Porygon2","|-heal|p1a: Porygon2|364/373","|move|p2a: Azumarill|Waterfall|p1a: Porygon2","|-damage|p1a: Porygon2|163/373","|","|turn|37","|","|move|p1a: Porygon2|Discharge|p2a: Azumarill","|-supereffective|p2a: Azumarill","|-damage|p2a: Azumarill|0 fnt","|faint|p2a: Azumarill","|","|win|Imp Got Cookies?"],"p1rating":{"entryid":"7548871","serverid":"eos","formatid":"monotype","userid":"impgotcookies","username":"Imp Got Cookies","w":6,"l":"4","t":"0","gxe":57.2,"r":1531.2283682753,"rd":90.203614299686,"sigma":"0","rptime":1439629200,"rpr":1556.148479181,"rprd":87.455767964402,"rpsigma":"0","acre":1136.3428481461,"lacre":1136.3428481461,"oldacre":"1103.836753941"},"p2rating":{"entryid":"5815193","serverid":"eos","formatid":"monotype","userid":"crystalglaceon13","username":"Crystal glaceon13","w":"34","l":19,"t":"0","gxe":59.5,"r":"1584.6258986549","rd":"56.60706206723","sigma":"0","rptime":"1439629200","rpr":1573.5978397949,"rprd":56.006261997102,"rpsigma":"0","acre":1178.9618621892,"lacre":1178.9618621892,"oldacre":"1211.4679563943"},"endType":"normal"}