{"seed":[37530,16990,24702,37951],"turns":22,"p1":"Knight Dooms","p2":"SL~Kingdra - ⓢⓔⓧⓨ","p1team":[{"name":"Darmanitan","species":"Darmanitan","item":"choicescarf","ability":"Sheer Force","moves":["flareblitz","superpower","rockslide","uturn"],"nature":"Jolly","evs":{"hp":0,"atk":252,"def":0,"spa":0,"spd":4,"spe":252},"gender":"M","shiny":true,"ivs":{"hp":31,"atk":31,"def":31,"spa":31,"spd":31,"spe":31}},{"name":"Victini","species":"Victini","item":"choicescarf","ability":"Victory Star","moves":["vcreate","zenheadbutt","boltstrike","uturn"],"nature":"Naive","evs":{"hp":4,"atk":252,"def":0,"spa":0,"spd":0,"spe":252},"ivs":{"hp":31,"atk":31,"def":31,"spa":31,"spd":31,"spe":31}},{"name":"Volcarona","species":"Volcarona","item":"focussash","ability":"Flame Body","moves":["fierydance","bugbuzz","gigadrain","quiverdance"],"nature":"Bold","evs":{"hp":250,"atk":0,"def":216,"spa":0,"spd":0,"spe":44},"gender":"M","ivs":{"hp":31,"atk":0,"def":31,"spa":31,"spd":31,"spe":31},"shiny":true},{"name":"Infernape","species":"Infernape","item":"focussash","ability":"Iron Fist","moves":["flamethrower","closecombat","machpunch","thunderpunch"],"nature":"Hasty","evs":{"hp":0,"atk":252,"def":0,"spa":4,"spd":0,"spe":252},"gender":"M","shiny":true,"ivs":{"hp":31,"atk":31,"def":31,"spa":31,"spd":31,"spe":31}},{"name":"Heatran","species":"Heatran","item":"airballoon","ability":"Flash Fire","moves":["lavaplume","flashcannon","earthpower","stealthrock"],"nature":"Calm","evs":{"hp":252,"atk":0,"def":0,"spa":0,"spd":216,"spe":4},"gender":"M","ivs":{"hp":31,"atk":0,"def":31,"spa":31,"spd":31,"spe":31},"shiny":true},{"name":"Charizard","species":"Charizard","item":"charizarditex","ability":"Blaze","moves":["earthquake","flareblitz","dragondance","roost"],"nature":"Jolly","evs":{"hp":12,"atk":252,"def":0,"spa":0,"spd":0,"spe":244},"gender":"M","shiny":true,"ivs":{"hp":31,"atk":31,"def":31,"spa":31,"spd":31,"spe":31}}],"p2team":[{"name":"Chesnaught","species":"Chesnaught","item":"leftovers","ability":"Bulletproof","moves":["spikes","leechseed","spikyshield","drainpunch"],"nature":"Impish","evs":{"hp":252,"atk":0,"def":252,"spa":0,"spd":4,"spe":0},"ivs":{"hp":31,"atk":31,"def":31,"spa":31,"spd":31,"spe":31}},{"name":"Infernape","species":"Infernape","item":"focussash","ability":"Iron Fist","moves":["stealthrock","closecombat","firepunch","machpunch"],"nature":"Jolly","evs":{"hp":4,"atk":252,"def":0,"spa":0,"spd":0,"spe":252},"ivs":{"hp":31,"atk":31,"def":31,"spa":31,"spd":31,"spe":31}},{"name":"Medicham","species":"Medicham","item":"medichamite","ability":"Pure Power","moves":["fakeout","bulletpunch","zenheadbutt","highjumpkick"],"nature":"Jolly","evs":{"hp":4,"atk":252,"def":0,"spa":0,"spd":0,"spe":252},"ivs":{"hp":31,"atk":31,"def":31,"spa":31,"spd":31,"spe":31}},{"name":"Terrakion","species":"Terrakion","item":"choicescarf","ability":"Justified","moves":["ironhead","stoneedge","closecombat","earthquake"],"nature":"Adamant","evs":{"hp":4,"atk":252,"def":0,"spa":0,"spd":0,"spe":252},"ivs":{"hp":31,"atk":31,"def":31,"spa":31,"spd":31,"spe":31}},{"name":"Keldeo-Resolute","species":"Keldeo-Resolute","item":"choicespecs","ability":"Justified","moves":["secretsword","scald","icywind","hydropump"],"nature":"Timid","evs":{"hp":4,"atk":0,"def":0,"spa":252,"spd":0,"spe":252},"ivs":{"hp":31,"atk":31,"def":31,"spa":31,"spd":31,"spe":31}},{"name":"Hawlucha","species":"Hawlucha","item":"powerherb","ability":"Unburden","moves":["acrobatics","skyattack","drainpunch","swordsdance"],"nature":"Adamant","evs":{"hp":0,"atk":252,"def":0,"spa":0,"spd":0,"spe":252},"ivs":{"hp":31,"atk":31,"def":31,"spa":31,"spd":31,"spe":31}}],"log":["|player|p1|Knight Dooms|154","|player|p2|SL~Kingdra - ⓢⓔⓧⓨ|99","|gametype|singles","|gen|6","|tier|Monotype","|rated","|rule|Baton Pass Clause: Limit one Baton Passer, can't pass Spe and other stats simultaneously","|rule|Swagger Clause: Swagger is banned","|rule|Same Type Clause: Pokémon in a team must share a type","|clearpoke","|poke|p1|Darmanitan, M, shiny","|poke|p1|Victini","|poke|p1|Volcarona, M, shiny","|poke|p1|Infernape, M, shiny","|poke|p1|Heatran, M, shiny","|poke|p1|Charizard, M, shiny","|poke|p2|Chesnaught, F","|poke|p2|Infernape, F","|poke|p2|Medicham, M","|poke|p2|Terrakion","|poke|p2|Keldeo-Resolute","|poke|p2|Hawlucha, F","|rule|Sleep Clause Mod: Limit one foe put to sleep","|rule|Species Clause: Limit one of each Pokémon","|rule|OHKO Clause: OHKO moves are banned","|rule|Moody Clause: Moody is banned","|rule|Evasion Moves Clause: Evasion moves are banned","|rule|Endless Battle Clause: Forcing endless battles is banned","|rule|HP Percentage Mod: HP is shown in percentages","|teampreview","|","|start","|switch|p1a: Charizard|Charizard, M, shiny|300/300","|switch|p2a: Infernape|Infernape, F|294/294","|turn|1","|","|detailschange|p1a: Charizard|Charizard-Mega-X, M, shiny","|-mega|p1a: Charizard|Charizard|Charizardite X","|move|p2a: Infernape|Stealth Rock|p1a: Charizard","|-sidestart|p1: Knight Dooms|move: Stealth Rock","|move|p1a: Charizard|Dragon Dance|p1a: Charizard","|-boost|p1a: Charizard|atk|1","|-boost|p1a: Charizard|spe|1","|","|turn|2","|","|move|p1a: Charizard|Earthquake|p2a: Infernape","|-supereffective|p2a: Infernape","|-enditem|p2a: Infernape|Focus Sash","|-damage|p2a: Infernape|1/294","|move|p2a: Infernape|Close Combat|p1a: Charizard","|-damage|p1a: Charizard|138/300","|-unboost|p2a: Infernape|def|1","|-unboost|p2a: Infernape|spd|1","|","|turn|3","|","|move|p1a: Charizard|Roost|p1a: Charizard","|-heal|p1a: Charizard|288/300","|move|p2a: Infernape|Close Combat|p1a: Charizard","|-damage|p1a: Charizard|135/300","|-unboost|p2a: Infernape|def|1","|-unboost|p2a: Infernape|spd|1","|","|turn|4","|","|move|p1a: Charizard|Earthquake|p2a: Infernape","|-supereffective|p2a: Infernape","|-damage|p2a: Infernape|0 fnt","|faint|p2a: Infernape","|","|","|switch|p2a: Terrakion|Terrakion|324/324","|turn|5","|","|move|p1a: Charizard|Earthquake|p2a: Terrakion","|-supereffective|p2a: Terrakion","|-damage|p2a: Terrakion|0 fnt","|faint|p2a: Terrakion","|","|","|switch|p2a: Medicham|Medicham, M|262/262","|turn|6","|","|detailschange|p2a: Medicham|Medicham-Mega, M","|-mega|p2a: Medicham|Medicham|Medichamite","|move|p2a: Medicham|Fake Out|p1a: Charizard","|-damage|p1a: Charizard|65/300","|cant|p1a: Charizard|flinch","|","|turn|7","|","|move|p2a: Medicham|Bullet Punch|p1a: Charizard","|-resisted|p1a: Charizard","|-damage|p1a: Charizard|28/300","|move|p1a: Charizard|Earthquake|p2a: Medicham","|-damage|p2a: Medicham|50/262","|","|turn|8","|","|move|p2a: Medicham|Bullet Punch|p1a: Charizard","|-crit|p1a: Charizard","|-resisted|p1a: Charizard","|-damage|p1a: Charizard|0 fnt","|faint|p1a: Charizard","|","|","|switch|p1a: Volcarona|Volcarona, M, shiny|373/373","|-damage|p1a: Volcarona|187/373|[from] Stealth Rock","|turn|9","|","|move|p2a: Medicham|Zen Headbutt|p1a: Volcarona","|-damage|p1a: Volcarona|0 fnt","|faint|p1a: Volcarona","|","|","|switch|p1a: Infernape|Infernape, M, shiny|293/293","|-damage|p1a: Infernape|257/293|[from] Stealth Rock","|turn|10","|","|switch|p2a: Chesnaught|Chesnaught, F|380/380","|move|p1a: Infernape|Mach Punch|p2a: Chesnaught","|-damage|p2a: Chesnaught|337/380","|","|-heal|p2a: Chesnaught|360/380|[from] item: Leftovers","|turn|11","|","|move|p2a: Chesnaught|Spiky Shield|p2a: Chesnaught","|-singleturn|p2a: Chesnaught|move: Protect","|move|p1a: Infernape|Flamethrower|p2a: Chesnaught","|-activate|p2a: Chesnaught|Protect","|","|-heal|p2a: Chesnaught|380/380|[from] item: Leftovers","|turn|12","|","|move|p1a: Infernape|Flamethrower|p2a: Chesnaught","|-supereffective|p2a: Chesnaught","|-damage|p2a: Chesnaught|120/380","|-status|p2a: Chesnaught|brn","|move|p2a: Chesnaught|Leech Seed|p1a: Infernape","|-start|p1a: Infernape|move: Leech Seed","|","|-heal|p2a: Chesnaught|143/380 brn|[from] item: Leftovers","|-damage|p1a: Infernape|221/293|[from] Leech Seed|[of] p2a: Chesnaught","|-heal|p2a: Chesnaught|179/380 brn|[silent]","|-damage|p2a: Chesnaught|132/380 brn|[from] brn","|turn|13","|","|switch|p1a: Victini|Victini|342/342","|-damage|p1a: Victini|257/342|[from] Stealth Rock","|move|p2a: Chesnaught|Spiky Shield|p2a: Chesnaught","|-fail|p2a: Chesnaught","|","|-heal|p2a: Chesnaught|155/380 brn|[from] item: Leftovers","|-damage|p2a: Chesnaught|108/380 brn|[from] brn","|turn|14","|","|move|p2a: Chesnaught|Spiky Shield|p2a: Chesnaught","|-singleturn|p2a: Chesnaught|move: Protect","|move|p1a: Victini|U-turn|p2a: Chesnaught","|-activate|p2a: Chesnaught|Protect","|-damage|p1a: Victini|215/342|[from] Spiky Shield|[of] p2a: Chesnaught","|","|-heal|p2a: Chesnaught|131/380 brn|[from] item: Leftovers","|-damage|p2a: Chesnaught|84/380 brn|[from] brn","|turn|15","|","|move|p2a: Chesnaught|Spiky Shield|p2a: Chesnaught","|-fail|p2a: Chesnaught","|move|p1a: Victini|U-turn|p2a: Chesnaught","|-damage|p2a: Chesnaught|41/380 brn","|","|switch|p1a: Infernape|Infernape, M, shiny|221/293","|-damage|p1a: Infernape|185/293|[from] Stealth Rock","|","|-heal|p2a: Chesnaught|64/380 brn|[from] item: Leftovers","|-damage|p2a: Chesnaught|17/380 brn|[from] brn","|turn|16","|","|move|p2a: Chesnaught|Spiky Shield|p2a: Chesnaught","|-singleturn|p2a: Chesnaught|move: Protect","|move|p1a: Infernape|Flamethrower|p2a: Chesnaught","|-activate|p2a: Chesnaught|Protect","|","|-heal|p2a: Chesnaught|40/380 brn|[from] item: Leftovers","|-damage|p2a: Chesnaught|0 fnt|[from] brn","|faint|p2a: Chesnaught","|","|switch|p2a: Keldeo-Resolute|Keldeo-Resolute|324/324","|turn|17","|","|move|p2a: Keldeo-Resolute|Scald|p1a: Infernape","|-supereffective|p1a: Infernape","|-damage|p1a: Infernape|0 fnt","|faint|p1a: Infernape","|","|","|switch|p1a: Victini|Victini|215/342","|-damage|p1a: Victini|130/342|[from] Stealth Rock","|turn|18","|","|move|p1a: Victini|Bolt Strike|p2a: Keldeo-Resolute","|-supereffective|p2a: Keldeo-Resolute","|-damage|p2a: Keldeo-Resolute|58/324","|move|p2a: Keldeo-Resolute|Scald|p1a: Victini","|-supereffective|p1a: Victini","|-damage|p1a: Victini|0 fnt","|faint|p1a: Victini","|","|","|switch|p1a: Darmanitan|Darmanitan, M, shiny|351/351","|-damage|p1a: Darmanitan|264/351|[from] Stealth Rock","|turn|19","|","|move|p1a: Darmanitan|Flare Blitz|p2a: Keldeo-Resolute","|-resisted|p2a: Keldeo-Resolute","|-damage|p2a: Keldeo-Resolute|0 fnt","|-damage|p1a: Darmanitan|245/351|[from] recoil|[of] p2a: Keldeo-Resolute","|faint|p2a: Keldeo-Resolute","|","|","|switch|p2a: Medicham|Medicham-Mega, M|50/262","|turn|20","|","|move|p2a: Medicham|Fake Out|p1a: Darmanitan","|-damage|p1a: Darmanitan|119/351","|cant|p1a: Darmanitan|flinch","|","|turn|21","|","|move|p2a: Medicham|Bullet Punch|p1a: Darmanitan","|-resisted|p1a: Darmanitan","|-damage|p1a: Darmanitan|50/351","|move|p1a: Darmanitan|Flare Blitz|p2a: Medicham","|-damage|p2a: Medicham|0 fnt","|-damage|p1a: Darmanitan|33/351|[from] recoil|[of] p2a: Medicham","|faint|p2a: Medicham","|","|","|switch|p2a: Hawlucha|Hawlucha, F|297/297","|turn|22","|","|move|p1a: Darmanitan|Flare Blitz|p2a: Hawlucha","|-damage|p2a: Hawlucha|0 fnt","|-damage|p1a: Darmanitan|0 fnt|[from] recoil|[of] p2a: Hawlucha","|faint|p2a: Hawlucha","|faint|p1a: Darmanitan","|","|win|Knight Dooms"],"p1rating":{"entryid":"7580420","serverid":"eos","formatid":"monotype","userid":"knightdooms","username":"Knight Dooms","w":13,"l":"3","t":"0","gxe":68.5,"r":"1497.2967865232","rd":"98.587113429244","sigma":"0","rptime":"1439629200","rpr":1649.1675411461,"rprd":74.927053070151,"rpsigma":"0","acre":1297.5500272212,"lacre":1297.5500272212,"oldacre":"1286.0951305744"},"p2rating":{"entryid":"7548471","serverid":"eos","formatid":"monotype","userid":"slkingdra","username":"SL~Kingdra","w":"13","l":14,"t":"0","gxe":48.6,"r":"1519.9438968855","rd":"74.701130968254","sigma":"0","rptime":"1439629200","rpr":1489.639738541,"rprd":63.0215135809,"rpsigma":"0","acre":1065.5463647729,"lacre":1065.5463647729,"oldacre":"1075.3039147983"},"endType":"normal"}