{"seed":[9999,14522,8030,1135],"turns":24,"p1":"GTX♅Bzumzum","p2":"V Photon","p1team":[{"name":"Striker","species":"raikou","item":"airballoon","ability":"Pressure","moves":["aurasphere","calmmind","shadowball","substitute"],"nature":"Rash","evs":{"hp":4,"atk":0,"def":56,"spa":196,"spd":0,"spe":252},"shiny":true,"ivs":{"hp":31,"atk":31,"def":31,"spa":31,"spd":31,"spe":31}},{"name":"Plugg-in Failure","species":"electivire","item":"choicescarf","ability":"Vital Spirit","moves":["crosschop","earthquake","firepunch","icepunch"],"nature":"Jolly","evs":{"hp":0,"atk":252,"def":0,"spa":0,"spd":4,"spe":252},"gender":"M","shiny":true,"ivs":{"hp":31,"atk":31,"def":31,"spa":31,"spd":31,"spe":31}},{"name":"Breezer","species":"rotomfrost","item":"rockyhelmet","ability":"Levitate","moves":["blizzard","protect","signalbeam","trick"],"nature":"Calm","evs":{"hp":228,"atk":0,"def":120,"spa":8,"spd":152,"spe":0},"shiny":true,"ivs":{"hp":31,"atk":31,"def":31,"spa":31,"spd":31,"spe":31}},{"name":"MY ZONE!!!","species":"magnezone","item":"choicespecs","ability":"Sturdy","moves":["flashcannon","triattack","hiddenpowerice","signalbeam"],"nature":"Timid","evs":{"hp":228,"atk":0,"def":0,"spa":252,"spd":28,"spe":0},"ivs":{"hp":31,"atk":30,"def":30,"spa":31,"spd":31,"spe":31},"shiny":true},{"name":"Zapz","species":"zapdos","item":"leftovers","ability":"Pressure","moves":["defog","heatwave","roost","extrasensory"],"nature":"Calm","evs":{"hp":16,"atk":0,"def":44,"spa":4,"spd":28,"spe":0},"shiny":true,"ivs":{"hp":31,"atk":31,"def":31,"spa":31,"spd":31,"spe":31}},{"name":"Flicker-Sparkz","species":"luxray","item":"assaultvest","ability":"Intimidate","moves":["wildcharge","firefang","superpower","quickattack"],"nature":"Adamant","evs":{"hp":248,"atk":252,"def":0,"spa":0,"spd":8,"spe":0},"gender":"M","shiny":true,"ivs":{"hp":31,"atk":31,"def":31,"spa":31,"spd":31,"spe":31}}],"p2team":[{"name":"Ferrothorn","species":"Ferrothorn","item":"rockyhelmet","ability":"Iron Barbs","moves":["stealthrock","thunderwave","gyroball","leechseed"],"nature":"Relaxed","evs":{"hp":252,"atk":4,"def":252,"spa":0,"spd":0,"spe":0},"ivs":{"hp":31,"atk":31,"def":31,"spa":31,"spd":31,"spe":0}},{"name":"Cradily","species":"Cradily","item":"leftovers","ability":"Storm Drain","moves":["ancientpower","stealthrock","hiddenpowerfire","recover"],"nature":"Calm","evs":{"hp":252,"atk":0,"def":0,"spa":4,"spd":252,"spe":0},"ivs":{"hp":31,"atk":30,"def":31,"spa":30,"spd":31,"spe":30}},{"name":"Ludicolo","species":"Ludicolo","item":"assaultvest","ability":"Rain Dish","moves":["scald","gigadrain","icebeam","hiddenpowerfire"],"nature":"Modest","evs":{"hp":0,"atk":0,"def":0,"spa":252,"spd":4,"spe":252},"ivs":{"hp":31,"atk":30,"def":31,"spa":30,"spd":31,"spe":30}},{"name":"Serperior","species":"Serperior","item":"lifeorb","ability":"Contrary","moves":["leafstorm","dragonpulse","hiddenpowerice","gigadrain"],"nature":"Timid","evs":{"hp":0,"atk":0,"def":0,"spa":252,"spd":4,"spe":252},"ivs":{"hp":31,"atk":30,"def":30,"spa":31,"spd":31,"spe":31}},{"name":"Sceptile","species":"Sceptile","item":"focussash","ability":"Unburden","moves":["acrobatics","drainpunch","swordsdance","rockslide"],"nature":"Adamant","evs":{"hp":0,"atk":252,"def":0,"spa":0,"spd":4,"spe":252},"ivs":{"hp":31,"atk":31,"def":31,"spa":31,"spd":31,"spe":31}},{"name":"Venusaur","species":"Venusaur","item":"venusaurite","ability":"Overgrow","moves":["curse","petalblizzard","earthquake","synthesis"],"nature":"Adamant","evs":{"hp":248,"atk":252,"def":0,"spa":0,"spd":8,"spe":0},"ivs":{"hp":31,"atk":31,"def":31,"spa":31,"spd":31,"spe":31}}],"log":["|player|p1|GTX♅Bzumzum|225","|player|p2|V Photon|66","|gametype|singles","|gen|6","|tier|Monotype","|rated","|rule|Baton Pass Clause: Limit one Baton Passer, can't pass Spe and other stats simultaneously","|rule|Swagger Clause: Swagger is banned","|rule|Same Type Clause: Pokémon in a team must share a type","|clearpoke","|poke|p1|Raikou, shiny","|poke|p1|Electivire, M, shiny","|poke|p1|Rotom-Frost, shiny","|poke|p1|Magnezone, shiny","|poke|p1|Zapdos, shiny","|poke|p1|Luxray, M, shiny","|poke|p2|Ferrothorn, M","|poke|p2|Cradily, F","|poke|p2|Ludicolo, M","|poke|p2|Serperior, M","|poke|p2|Sceptile, F","|poke|p2|Venusaur, F","|rule|Sleep Clause Mod: Limit one foe put to sleep","|rule|Species Clause: Limit one of each Pokémon","|rule|OHKO Clause: OHKO moves are banned","|rule|Moody Clause: Moody is banned","|rule|Evasion Moves Clause: Evasion moves are banned","|rule|Endless Battle Clause: Forcing endless battles is banned","|rule|HP Percentage Mod: HP is shown in percentages","|teampreview","|","|start","|switch|p1a: Flicker-Sparkz|Luxray, M, shiny|363/363","|switch|p2a: Serperior|Serperior, M|291/291","|-ability|p1a: Flicker-Sparkz|Intimidate","|-boost|p2a: Serperior|atk|1","|turn|1","|","|move|p2a: Serperior|Leaf Storm|p1a: Flicker-Sparkz","|-damage|p1a: Flicker-Sparkz|195/363","|-boost|p2a: Serperior|spa|2","|-damage|p2a: Serperior|262/291|[from] item: Life Orb","|move|p1a: Flicker-Sparkz|Fire Fang|p2a: Serperior","|-crit|p2a: Serperior","|-supereffective|p2a: Serperior","|-damage|p2a: Serperior|22/291","|","|turn|2","|","|switch|p1a: Breezer|Rotom-Frost, shiny|298/298","|move|p2a: Serperior|Giga Drain|p1a: Breezer","|-damage|p1a: Breezer|121/298","|-heal|p2a: Serperior|111/291|[from] drain|[of] p1a: Breezer","|-damage|p2a: Serperior|82/291|[from] item: Life Orb","|","|turn|3","|","|switch|p2a: Ludicolo|Ludicolo, M|301/301","|move|p1a: Breezer|Protect|p1a: Breezer","|-fail|p1a: Breezer","|","|turn|4","|","|move|p1a: Breezer|Protect|p1a: Breezer","|-singleturn|p1a: Breezer|Protect","|move|p2a: Ludicolo|Scald|p1a: Breezer","|-activate|p1a: Breezer|Protect","|","|turn|5","|","|move|p2a: Ludicolo|Scald|p1a: Breezer","|-damage|p1a: Breezer|30/298","|move|p1a: Breezer|Signal Beam|p2a: Ludicolo","|-supereffective|p2a: Ludicolo","|-damage|p2a: Ludicolo|215/301","|","|turn|6","|","|move|p1a: Breezer|Protect|p1a: Breezer","|-singleturn|p1a: Breezer|Protect","|move|p2a: Ludicolo|Giga Drain|p1a: Breezer","|-activate|p1a: Breezer|Protect","|","|turn|7","|","|switch|p1a: Zapz|Zapdos, shiny|325/325","|-ability|p1a: Zapz|Pressure","|move|p2a: Ludicolo|Giga Drain|p1a: Zapz","|-resisted|p1a: Zapz","|-damage|p1a: Zapz|274/325","|-heal|p2a: Ludicolo|241/301|[from] drain|[of] p1a: Zapz","|","|-heal|p1a: Zapz|294/325|[from] item: Leftovers","|turn|8","|","|move|p2a: Ludicolo|Ice Beam|p1a: Zapz","|-supereffective|p1a: Zapz","|-damage|p1a: Zapz|132/325","|-status|p1a: Zapz|frz","|cant|p1a: Zapz|frz","|","|-heal|p1a: Zapz|152/325 frz|[from] item: Leftovers","|turn|9","|","|switch|p1a: Breezer|Rotom-Frost, shiny|30/298","|move|p2a: Ludicolo|Scald|p1a: Breezer","|-damage|p1a: Breezer|0 fnt","|faint|p1a: Breezer","|","|","|switch|p1a: Striker|Raikou, shiny|322/322","|-ability|p1a: Striker|Pressure","|-item|p1a: Striker|Air Balloon","|turn|10","|","|move|p1a: Striker|Substitute|p1a: Striker","|-start|p1a: Striker|Substitute","|-damage|p1a: Striker|242/322","|move|p2a: Ludicolo|Scald|p1a: Striker","|-end|p1a: Striker|Substitute","|-enditem|p1a: Striker|Air Balloon","|","|turn|11","|","|move|p1a: Striker|Calm Mind|p1a: Striker","|-boost|p1a: Striker|spa|1","|-boost|p1a: Striker|spd|1","|move|p2a: Ludicolo|Scald|p1a: Striker","|-damage|p1a: Striker|155/322","|-status|p1a: Striker|brn","|","|-damage|p1a: Striker|115/322 brn|[from] brn","|turn|12","|","|switch|p2a: Serperior|Serperior, M|82/291","|move|p1a: Striker|Shadow Ball|p2a: Serperior","|-crit|p2a: Serperior","|-damage|p2a: Serperior|0 fnt","|faint|p2a: Serperior","|","|-damage|p1a: Striker|75/322 brn|[from] brn","|","|switch|p2a: Sceptile|Sceptile, F|281/281","|turn|13","|","|move|p2a: Sceptile|Swords Dance|p2a: Sceptile","|-boost|p2a: Sceptile|atk|2","|move|p1a: Striker|Shadow Ball|p2a: Sceptile","|-damage|p2a: Sceptile|111/281","|","|-damage|p1a: Striker|35/322 brn|[from] brn","|turn|14","|","|move|p2a: Sceptile|Drain Punch|p1a: Striker","|-damage|p1a: Striker|0 fnt","|-heal|p2a: Sceptile|129/281|[from] drain|[of] p1a: Striker","|faint|p1a: Striker","|","|","|switch|p1a: Flicker-Sparkz|Luxray, M, shiny|195/363","|-ability|p1a: Flicker-Sparkz|Intimidate","|-unboost|p2a: Sceptile|atk|1","|turn|15","|","|move|p1a: Flicker-Sparkz|Quick Attack|p2a: Sceptile","|-damage|p2a: Sceptile|56/281","|move|p2a: Sceptile|Drain Punch|p1a: Flicker-Sparkz","|-damage|p1a: Flicker-Sparkz|50/363","|-heal|p2a: Sceptile|129/281|[from] drain|[of] p1a: Flicker-Sparkz","|","|turn|16","|","|move|p2a: Sceptile|Drain Punch|p1a: Flicker-Sparkz","|-damage|p1a: Flicker-Sparkz|0 fnt","|-heal|p2a: Sceptile|154/281|[from] drain|[of] p1a: Flicker-Sparkz","|faint|p1a: Flicker-Sparkz","|","|","|switch|p1a: MY ZONE!!!|Magnezone, shiny|338/338","|turn|17","|","|move|p2a: Sceptile|Drain Punch|p1a: MY ZONE!!!","|-supereffective|p1a: MY ZONE!!!","|-damage|p1a: MY ZONE!!!|144/338","|-heal|p2a: Sceptile|251/281|[from] drain|[of] p1a: MY ZONE!!!","|move|p1a: MY ZONE!!!|Hidden Power|p2a: Sceptile","|-supereffective|p2a: Sceptile","|-damage|p2a: Sceptile|9/281","|","|turn|18","|","|switch|p1a: Zapz|Zapdos, shiny|152/325 frz","|-ability|p1a: Zapz|Pressure","|move|p2a: Sceptile|Drain Punch|p1a: Zapz","|-crit|p1a: Zapz","|-resisted|p1a: Zapz","|-damage|p1a: Zapz|70/325 frz","|-heal|p2a: Sceptile|50/281|[from] drain|[of] p1a: Zapz","|","|-heal|p1a: Zapz|90/325 frz|[from] item: Leftovers","|turn|19","|","|move|p2a: Sceptile|Swords Dance|p2a: Sceptile","|-boost|p2a: Sceptile|atk|2","|cant|p1a: Zapz|frz","|","|-heal|p1a: Zapz|110/325 frz|[from] item: Leftovers","|turn|20","|","|move|p2a: Sceptile|Drain Punch|p1a: Zapz","|-resisted|p1a: Zapz","|-damage|p1a: Zapz|12/325 frz","|-heal|p2a: Sceptile|99/281|[from] drain|[of] p1a: Zapz","|-curestatus|p1a: Zapz|frz","|move|p1a: Zapz|Roost|p1a: Zapz","|-heal|p1a: Zapz|175/325","|","|-heal|p1a: Zapz|195/325|[from] item: Leftovers","|turn|21","|","|move|p2a: Sceptile|Rock Slide|p1a: Zapz","|-supereffective|p1a: Zapz","|-damage|p1a: Zapz|0 fnt","|faint|p1a: Zapz","|","|","|switch|p1a: Plugg-in Failure|Electivire, M, shiny|291/291","|turn|22","|","|move|p1a: Plugg-in Failure|Ice Punch|p2a: Sceptile","|-supereffective|p2a: Sceptile","|-damage|p2a: Sceptile|0 fnt","|faint|p2a: Sceptile","|","|","|switch|p2a: Venusaur|Venusaur, F|363/363","|turn|23","|","|detailschange|p2a: Venusaur|Venusaur-Mega, F","|-mega|p2a: Venusaur|Venusaur|Venusaurite","|move|p1a: Plugg-in Failure|Ice Punch|p2a: Venusaur","|-supereffective|p2a: Venusaur","|-damage|p2a: Venusaur|293/363","|move|p2a: Venusaur|Earthquake|p1a: Plugg-in Failure","|-supereffective|p1a: Plugg-in Failure","|-damage|p1a: Plugg-in Failure|0 fnt","|faint|p1a: Plugg-in Failure","|","|","|switch|p1a: MY ZONE!!!|Magnezone, shiny|144/338","|turn|24","|","|move|p2a: Venusaur|Earthquake|p1a: MY ZONE!!!","|-supereffective|p1a: MY ZONE!!!","|-damage|p1a: MY ZONE!!!|0 fnt","|faint|p1a: MY ZONE!!!","|","|win|V Photon"],"p1rating":{"entryid":"6857825","serverid":"eos","formatid":"monotype","userid":"gtxbzumzum","username":"GTX♅Bzumzum","w":"38","l":127,"t":"0","gxe":23.4,"r":"1274.4875731694","rd":"32.174632655966","sigma":"0","rptime":"1439629200","rpr":1276.540139753,"rprd":31.93763371588,"rpsigma":"0","acre":1047.7341392695,"lacre":1047.7341392695,"oldacre":"1066.8384206671"},"p2rating":{"entryid":"7561969","serverid":"eos","formatid":"monotype","userid":"vphoton","username":"V Photon","w":10,"l":"12","t":"0","gxe":45.5,"r":"1480.1813764591","rd":"80.230376137595","sigma":"0","rptime":"1439629200","rpr":1465.8040780957,"rprd":67.464921544093,"rpsigma":"0","acre":1109.1425323649,"lacre":1109.1425323649,"oldacre":"1082.8369013512"},"endType":"normal"}