{"seed":[63424,20196,25976,53367],"turns":39,"p1":"SWL ROCK","p2":"SlyZix","p1team":[{"name":"Galvantula","species":"Galvantula","item":"focussash","ability":"Compound Eyes","moves":["thunder","bugbuzz","stickyweb","voltswitch"],"nature":"Timid","evs":{"hp":0,"atk":0,"def":0,"spa":252,"spd":4,"spe":252},"ivs":{"hp":31,"atk":31,"def":31,"spa":31,"spd":31,"spe":31}},{"name":"Magnezone","species":"Magnezone","item":"choicescarf","ability":"Magnet Pull","moves":["voltswitch","hiddenpowerfire","flashcannon","thunderbolt"],"nature":"Timid","evs":{"hp":4,"atk":0,"def":0,"spa":252,"spd":0,"spe":252},"ivs":{"hp":31,"atk":30,"def":31,"spa":30,"spd":31,"spe":30}},{"name":"Zapdos","species":"Zapdos","item":"leftovers","ability":"Pressure","moves":["voltswitch","roost","defog","discharge"],"nature":"Bold","evs":{"hp":248,"atk":0,"def":176,"spa":68,"spd":0,"spe":16},"ivs":{"hp":31,"atk":31,"def":31,"spa":31,"spd":31,"spe":31}},{"name":"Thundurus","species":"Thundurus","item":"lifeorb","ability":"Defiant","moves":["thunderbolt","knockoff","superpower","hiddenpowerice"],"nature":"Naive","evs":{"hp":0,"atk":76,"def":0,"spa":180,"spd":0,"spe":252},"ivs":{"hp":31,"atk":30,"def":30,"spa":31,"spd":31,"spe":31}},{"name":"Ampharos","species":"Ampharos","item":"ampharosite","ability":"Static","moves":["discharge","dragonpulse","rest","cottonguard"],"nature":"Calm","evs":{"hp":250,"atk":0,"def":0,"spa":28,"spd":232,"spe":0},"ivs":{"hp":31,"atk":31,"def":31,"spa":31,"spd":31,"spe":31}},{"name":"Luxray","species":"Luxray","item":"choiceband","ability":"Guts","moves":["wildcharge","superpower","crunch","icefang"],"nature":"Adamant","evs":{"hp":0,"atk":252,"def":0,"spa":0,"spd":4,"spe":252},"ivs":{"hp":31,"atk":31,"def":31,"spa":31,"spd":31,"spe":31}}],"p2team":[{"name":"Charizard","species":"Charizard","item":"charizarditex","ability":"Blaze","moves":["dragondance","earthquake","firepunch","dragonclaw"],"nature":"Jolly","evs":{"hp":0,"atk":252,"def":0,"spa":0,"spd":4,"spe":252},"gender":"M","shiny":true,"ivs":{"hp":31,"atk":31,"def":31,"spa":31,"spd":31,"spe":31}},{"name":"Entei","species":"Entei","item":"choiceband","ability":"Pressure","moves":["ironhead","sacredfire","extremespeed","stoneedge"],"nature":"Adamant","evs":{"hp":0,"atk":252,"def":0,"spa":0,"spd":4,"spe":252},"shiny":true,"ivs":{"hp":31,"atk":31,"def":31,"spa":31,"spd":31,"spe":31}},{"name":"Victini","species":"Victini","item":"choicescarf","ability":"Victory Star","moves":["glaciate","blueflare","energyball","thunderbolt"],"nature":"Timid","evs":{"hp":0,"atk":0,"def":0,"spa":252,"spd":4,"spe":252},"ivs":{"hp":31,"atk":31,"def":31,"spa":31,"spd":31,"spe":31}},{"name":"Torkoal","species":"Torkoal","item":"leftovers","ability":"White Smoke","moves":["lavaplume","rapidspin","stealthrock","rest"],"nature":"Bold","evs":{"hp":252,"atk":0,"def":252,"spa":4,"spd":0,"spe":0},"ivs":{"hp":31,"atk":31,"def":31,"spa":31,"spd":31,"spe":31}},{"name":"Rotom-Heat","species":"Rotom-Heat","item":"leftovers","ability":"Levitate","moves":["voltswitch","overheat","painsplit","willowisp"],"nature":"Calm","evs":{"hp":252,"atk":0,"def":0,"spa":4,"spd":252,"spe":0},"ivs":{"hp":31,"atk":31,"def":31,"spa":31,"spd":31,"spe":31}},{"name":"Ninetales","species":"Ninetales","item":"heatrock","ability":"Drought","moves":["energyball","flamethrower","psyshock","nastyplot"],"nature":"Timid","evs":{"hp":0,"atk":0,"def":0,"spa":252,"spd":4,"spe":252},"ivs":{"hp":31,"atk":31,"def":31,"spa":31,"spd":31,"spe":31}}],"log":["|player|p1|SWL ROCK|49","|player|p2|SlyZix|293","|gametype|singles","|gen|6","|tier|Monotype","|rated","|rule|Baton Pass Clause: Limit one Baton Passer, can't pass Spe and other stats simultaneously","|rule|Swagger Clause: Swagger is banned","|rule|Same Type Clause: Pokémon in a team must share a type","|clearpoke","|poke|p1|Galvantula, M","|poke|p1|Magnezone","|poke|p1|Zapdos","|poke|p1|Thundurus, M","|poke|p1|Ampharos, M","|poke|p1|Luxray, F","|poke|p2|Charizard, M, shiny","|poke|p2|Entei, shiny","|poke|p2|Victini","|poke|p2|Torkoal, F","|poke|p2|Rotom-Heat","|poke|p2|Ninetales, M","|rule|Sleep Clause Mod: Limit one foe put to sleep","|rule|Species Clause: Limit one of each Pokémon","|rule|OHKO Clause: OHKO moves are banned","|rule|Moody Clause: Moody is banned","|rule|Evasion Moves Clause: Evasion moves are banned","|rule|Endless Battle Clause: Forcing endless battles is banned","|rule|HP Percentage Mod: HP is shown in percentages","|teampreview","|","|start","|switch|p1a: Galvantula|Galvantula, M|281/281","|switch|p2a: Ninetales|Ninetales, M|287/287","|-weather|SunnyDay","|turn|1","|","|move|p1a: Galvantula|Sticky Web|p2a: Ninetales","|-sidestart|p2: SlyZix|move: Sticky Web","|move|p2a: Ninetales|Flamethrower|p1a: Galvantula","|-supereffective|p1a: Galvantula","|-enditem|p1a: Galvantula|Focus Sash","|-damage|p1a: Galvantula|1/281","|","|-weather|SunnyDay|[upkeep]","|turn|2","|","|move|p1a: Galvantula|Thunder|p2a: Ninetales|[miss]","|-miss|p1a: Galvantula|p2a: Ninetales","|move|p2a: Ninetales|Flamethrower|p1a: Galvantula","|-supereffective|p1a: Galvantula","|-damage|p1a: Galvantula|0 fnt","|faint|p1a: Galvantula","|","|-weather|SunnyDay|[upkeep]","|","|switch|p1a: Magnezone|Magnezone|282/282","|turn|3","|","|switch|p2a: Rotom-Heat|Rotom-Heat|304/304","|move|p1a: Magnezone|Volt Switch|p2a: Rotom-Heat","|-resisted|p2a: Rotom-Heat","|-damage|p2a: Rotom-Heat|262/304","|","|switch|p1a: Ampharos|Ampharos, M|383/383","|","|-weather|SunnyDay|[upkeep]","|-heal|p2a: Rotom-Heat|281/304|[from] item: Leftovers","|turn|4","|","|detailschange|p1a: Ampharos|Ampharos-Mega, M","|-mega|p1a: Ampharos|Ampharos|Ampharosite","|-ability|p1a: Ampharos|Mold Breaker","|move|p2a: Rotom-Heat|Will-O-Wisp|p1a: Ampharos","|-status|p1a: Ampharos|brn","|move|p1a: Ampharos|Dragon Pulse|p2a: Rotom-Heat","|-damage|p2a: Rotom-Heat|179/304","|","|-weather|SunnyDay|[upkeep]","|-heal|p2a: Rotom-Heat|198/304|[from] item: Leftovers","|-damage|p1a: Ampharos|336/383 brn|[from] brn","|turn|5","|","|move|p2a: Rotom-Heat|Overheat|p1a: Ampharos","|-resisted|p1a: Ampharos","|-damage|p1a: Ampharos|258/383 brn","|-unboost|p2a: Rotom-Heat|spa|2","|move|p1a: Ampharos|Dragon Pulse|p2a: Rotom-Heat","|-damage|p2a: Rotom-Heat|86/304","|","|-weather|SunnyDay|[upkeep]","|-heal|p2a: Rotom-Heat|105/304|[from] item: Leftovers","|-damage|p1a: Ampharos|211/383 brn|[from] brn","|turn|6","|","|move|p2a: Rotom-Heat|Pain Split|p1a: Ampharos","|-sethp|p1a: Ampharos|158/383 brn|p2a: Rotom-Heat|158/304|[from] move: Pain Split","|move|p1a: Ampharos|Cotton Guard|p1a: Ampharos","|-boost|p1a: Ampharos|def|3","|","|-weather|SunnyDay|[upkeep]","|-heal|p2a: Rotom-Heat|177/304|[from] item: Leftovers","|-damage|p1a: Ampharos|111/383 brn|[from] brn","|turn|7","|","|move|p2a: Rotom-Heat|Overheat|p1a: Ampharos","|-resisted|p1a: Ampharos","|-damage|p1a: Ampharos|70/383 brn","|-unboost|p2a: Rotom-Heat|spa|2","|move|p1a: Ampharos|Rest|p1a: Ampharos","|-status|p1a: Ampharos|slp","|-heal|p1a: Ampharos|383/383 slp|[silent]","|-status|p1a: Ampharos|slp|[from] move: Rest","|","|-weather|SunnyDay|[upkeep]","|-heal|p2a: Rotom-Heat|196/304|[from] item: Leftovers","|turn|8","|","|move|p2a: Rotom-Heat|Volt Switch|p1a: Ampharos","|-resisted|p1a: Ampharos","|-damage|p1a: Ampharos|379/383 slp","|","|switch|p2a: Charizard|Charizard, M, shiny|297/297","|cant|p1a: Ampharos|slp","|","|-weather|none","|turn|9","|","|detailschange|p2a: Charizard|Charizard-Mega-X, M, shiny","|-mega|p2a: Charizard|Charizard|Charizardite X","|move|p2a: Charizard|Dragon Dance|p2a: Charizard","|-boost|p2a: Charizard|atk|1","|-boost|p2a: Charizard|spe|1","|cant|p1a: Ampharos|slp","|","|turn|10","|","|move|p2a: Charizard|Dragon Claw|p1a: Ampharos","|-supereffective|p1a: Ampharos","|-damage|p1a: Ampharos|179/383 slp","|-curestatus|p1a: Ampharos|slp","|move|p1a: Ampharos|Dragon Pulse|p2a: Charizard","|-supereffective|p2a: Charizard","|-damage|p2a: Charizard|0 fnt","|faint|p2a: Charizard","|","|","|switch|p2a: Victini|Victini|341/341","|-activate|p2a: Victini|move: Sticky Web","|-unboost|p2a: Victini|spe|1","|turn|11","|","|move|p2a: Victini|Glaciate|p1a: Ampharos","|-supereffective|p1a: Ampharos","|-damage|p1a: Ampharos|95/383","|-unboost|p1a: Ampharos|spe|1","|move|p1a: Ampharos|Discharge|p2a: Victini","|-damage|p2a: Victini|194/341","|","|turn|12","|","|move|p2a: Victini|Glaciate|p1a: Ampharos","|-supereffective|p1a: Ampharos","|-damage|p1a: Ampharos|5/383","|-unboost|p1a: Ampharos|spe|1","|move|p1a: Ampharos|Rest|p1a: Ampharos","|-status|p1a: Ampharos|slp","|-heal|p1a: Ampharos|383/383 slp|[silent]","|-status|p1a: Ampharos|slp|[from] move: Rest","|","|turn|13","|","|switch|p1a: Magnezone|Magnezone|282/282","|move|p2a: Victini|Glaciate|p1a: Magnezone","|-resisted|p1a: Magnezone","|-damage|p1a: Magnezone|247/282","|-unboost|p1a: Magnezone|spe|1","|","|turn|14","|","|switch|p2a: Rotom-Heat|Rotom-Heat|196/304","|move|p1a: Magnezone|Volt Switch|p2a: Rotom-Heat","|-resisted|p2a: Rotom-Heat","|-damage|p2a: Rotom-Heat|151/304","|","|switch|p1a: Thundurus|Thundurus, M|299/299","|","|-heal|p2a: Rotom-Heat|170/304|[from] item: Leftovers","|turn|15","|","|move|p1a: Thundurus|Knock Off|p2a: Rotom-Heat","|-damage|p2a: Rotom-Heat|52/304","|-enditem|p2a: Rotom-Heat|Leftovers|[from] move: Knock Off|[of] p1a: Thundurus","|-damage|p1a: Thundurus|270/299|[from] item: Life Orb","|move|p2a: Rotom-Heat|Pain Split|p1a: Thundurus","|-sethp|p1a: Thundurus|161/299|p2a: Rotom-Heat|161/304|[from] move: Pain Split","|","|turn|16","|","|switch|p1a: Luxray|Luxray, F|301/301","|move|p2a: Rotom-Heat|Overheat|p1a: Luxray","|-damage|p1a: Luxray|115/301","|-unboost|p2a: Rotom-Heat|spa|2","|","|turn|17","|","|move|p1a: Luxray|Superpower|p2a: Rotom-Heat","|-damage|p2a: Rotom-Heat|0 fnt","|-unboost|p1a: Luxray|atk|1","|-unboost|p1a: Luxray|def|1","|faint|p2a: Rotom-Heat","|","|","|switch|p2a: Torkoal|Torkoal, F|344/344","|-activate|p2a: Torkoal|move: Sticky Web","|-fail|p2a: Torkoal|unboost|[from] ability: White Smoke|[of] p2a: Torkoal","|turn|18","|","|switch|p1a: Ampharos|Ampharos-Mega, M|383/383 slp","|-ability|p1a: Ampharos|Mold Breaker","|move|p2a: Torkoal|Stealth Rock|p1a: Ampharos","|-sidestart|p1: SWL ROCK|move: Stealth Rock","|","|turn|19","|","|cant|p1a: Ampharos|slp","|move|p2a: Torkoal|Rapid Spin|p1a: Ampharos","|-damage|p1a: Ampharos|371/383 slp","|-sideend|p2: SlyZix|Sticky Web|[from] move: Rapid Spin|[of] p2a: Torkoal","|","|turn|20","|","|switch|p2a: Entei|Entei, shiny|371/371","|-ability|p2a: Entei|Pressure","|cant|p1a: Ampharos|slp","|","|turn|21","|","|move|p2a: Entei|Sacred Fire|p1a: Ampharos","|-resisted|p1a: Ampharos","|-damage|p1a: Ampharos|251/383 slp","|-curestatus|p1a: Ampharos|slp","|move|p1a: Ampharos|Cotton Guard|p1a: Ampharos","|-boost|p1a: Ampharos|def|3","|","|turn|22","|","|move|p2a: Entei|Sacred Fire|p1a: Ampharos","|-resisted|p1a: Ampharos","|-damage|p1a: Ampharos|203/383","|move|p1a: Ampharos|Discharge|p2a: Entei","|-damage|p2a: Entei|193/371","|-status|p2a: Entei|par","|","|turn|23","|","|switch|p2a: Victini|Victini|194/341","|move|p1a: Ampharos|Discharge|p2a: Victini","|-damage|p2a: Victini|38/341","|","|turn|24","|","|move|p2a: Victini|Glaciate|p1a: Ampharos","|-supereffective|p1a: Ampharos","|-damage|p1a: Ampharos|117/383","|-unboost|p1a: Ampharos|spe|1","|move|p1a: Ampharos|Discharge|p2a: Victini","|-crit|p2a: Victini","|-damage|p2a: Victini|0 fnt","|faint|p2a: Victini","|","|","|switch|p2a: Ninetales|Ninetales, M|287/287","|-weather|SunnyDay","|turn|25","|","|move|p2a: Ninetales|Flamethrower|p1a: Ampharos","|-resisted|p1a: Ampharos","|-damage|p1a: Ampharos|57/383","|move|p1a: Ampharos|Rest|p1a: Ampharos","|-status|p1a: Ampharos|slp","|-heal|p1a: Ampharos|383/383 slp|[silent]","|-status|p1a: Ampharos|slp|[from] move: Rest","|","|-weather|SunnyDay|[upkeep]","|turn|26","|","|move|p2a: Ninetales|Nasty Plot|p2a: Ninetales","|-boost|p2a: Ninetales|spa|2","|cant|p1a: Ampharos|slp","|","|-weather|SunnyDay|[upkeep]","|turn|27","|","|switch|p1a: Luxray|Luxray, F|115/301","|-damage|p1a: Luxray|78/301|[from] Stealth Rock","|move|p2a: Ninetales|Nasty Plot|p2a: Ninetales","|-boost|p2a: Ninetales|spa|2","|","|-weather|SunnyDay|[upkeep]","|turn|28","|","|move|p2a: Ninetales|Flamethrower|p1a: Luxray","|-damage|p1a: Luxray|0 fnt","|faint|p1a: Luxray","|","|-weather|SunnyDay|[upkeep]","|","|switch|p1a: Thundurus|Thundurus, M|161/299","|-damage|p1a: Thundurus|87/299|[from] Stealth Rock","|turn|29","|","|move|p1a: Thundurus|Knock Off|p2a: Ninetales","|-damage|p2a: Ninetales|128/287","|-enditem|p2a: Ninetales|Heat Rock|[from] move: Knock Off|[of] p1a: Thundurus","|-damage|p1a: Thundurus|58/299|[from] item: Life Orb","|move|p2a: Ninetales|Flamethrower|p1a: Thundurus","|-damage|p1a: Thundurus|0 fnt","|faint|p1a: Thundurus","|","|-weather|SunnyDay|[upkeep]","|","|switch|p1a: Magnezone|Magnezone|247/282","|-damage|p1a: Magnezone|230/282|[from] Stealth Rock","|turn|30","|","|move|p1a: Magnezone|Volt Switch|p2a: Ninetales","|-damage|p2a: Ninetales|1/287","|","|switch|p1a: Zapdos|Zapdos|383/383","|-damage|p1a: Zapdos|288/383|[from] Stealth Rock","|-ability|p1a: Zapdos|Pressure","|move|p2a: Ninetales|Flamethrower|p1a: Zapdos","|-damage|p1a: Zapdos|0 fnt","|faint|p1a: Zapdos","|","|-weather|SunnyDay|[upkeep]","|","|switch|p1a: Magnezone|Magnezone|230/282","|-damage|p1a: Magnezone|213/282|[from] Stealth Rock","|turn|31","|","|switch|p2a: Torkoal|Torkoal, F|344/344","|move|p1a: Magnezone|Volt Switch|p2a: Torkoal","|-damage|p2a: Torkoal|187/344","|","|switch|p1a: Ampharos|Ampharos-Mega, M|383/383 slp","|-damage|p1a: Ampharos|336/383 slp|[from] Stealth Rock","|-ability|p1a: Ampharos|Mold Breaker","|","|-weather|SunnyDay|[upkeep]","|-heal|p2a: Torkoal|208/344|[from] item: Leftovers","|turn|32","|","|cant|p1a: Ampharos|slp","|move|p2a: Torkoal|Lava Plume|p1a: Ampharos","|-resisted|p1a: Ampharos","|-damage|p1a: Ampharos|291/383 slp","|","|-weather|none","|-heal|p2a: Torkoal|229/344|[from] item: Leftovers","|turn|33","|","|switch|p1a: Magnezone|Magnezone|213/282","|-damage|p1a: Magnezone|196/282|[from] Stealth Rock","|move|p2a: Torkoal|Lava Plume|p1a: Magnezone","|-supereffective|p1a: Magnezone","|-damage|p1a: Magnezone|28/282","|","|-heal|p2a: Torkoal|250/344|[from] item: Leftovers","|turn|34","|","|move|p1a: Magnezone|Volt Switch|p2a: Torkoal","|-damage|p2a: Torkoal|72/344","|","|switch|p1a: Ampharos|Ampharos-Mega, M|291/383 slp","|-damage|p1a: Ampharos|244/383 slp|[from] Stealth Rock","|-ability|p1a: Ampharos|Mold Breaker","|move|p2a: Torkoal|Lava Plume|p1a: Ampharos","|-resisted|p1a: Ampharos","|-damage|p1a: Ampharos|217/383 slp","|","|-heal|p2a: Torkoal|93/344|[from] item: Leftovers","|turn|35","|","|-curestatus|p1a: Ampharos|slp","|move|p1a: Ampharos|Cotton Guard|p1a: Ampharos","|-boost|p1a: Ampharos|def|3","|move|p2a: Torkoal|Lava Plume|p1a: Ampharos","|-crit|p1a: Ampharos","|-resisted|p1a: Ampharos","|-damage|p1a: Ampharos|173/383","|-status|p1a: Ampharos|brn","|","|-heal|p2a: Torkoal|114/344|[from] item: Leftovers","|-damage|p1a: Ampharos|126/383 brn|[from] brn","|turn|36","|","|move|p1a: Ampharos|Discharge|p2a: Torkoal","|-damage|p2a: Torkoal|0 fnt","|faint|p2a: Torkoal","|","|-damage|p1a: Ampharos|79/383 brn|[from] brn","|","|switch|p2a: Ninetales|Ninetales, M|1/287","|-weather|SunnyDay","|turn|37","|","|move|p2a: Ninetales|Flamethrower|p1a: Ampharos","|-crit|p1a: Ampharos","|-resisted|p1a: Ampharos","|-damage|p1a: Ampharos|0 fnt","|faint|p1a: Ampharos","|","|-weather|SunnyDay|[upkeep]","|","|switch|p1a: Magnezone|Magnezone|28/282","|-damage|p1a: Magnezone|11/282|[from] Stealth Rock","|turn|38","|","|move|p1a: Magnezone|Thunderbolt|p2a: Ninetales","|-damage|p2a: Ninetales|0 fnt","|faint|p2a: Ninetales","|","|-weather|SunnyDay|[upkeep]","|","|switch|p2a: Entei|Entei, shiny|193/371 par","|-ability|p2a: Entei|Pressure","|turn|39","|","|cant|p2a: Entei|par","|move|p1a: Magnezone|Thunderbolt|p2a: Entei","|-crit|p2a: Entei","|-damage|p2a: Entei|0 fnt","|faint|p2a: Entei","|","|win|SWL ROCK"],"p1rating":{"entryid":"7496999","serverid":"eos","formatid":"monotype","userid":"swlrock","username":"SWL ROCK","w":8,"l":"3","t":"0","gxe":60.6,"r":"1509.6860829096","rd":"104.42198161743","sigma":"0","rptime":"1439629200","rpr":1583.3297388293,"rprd":85.65857726434,"rpsigma":"0","acre":1178.4917824402,"lacre":1178.4917824402,"oldacre":"1151.88686449"},"p2rating":{"entryid":"6871806","serverid":"eos","formatid":"monotype","userid":"slyzix","username":"SlyZix","w":"5","l":4,"t":"0","gxe":53.2,"r":"1550.7891805332","rd":"95.956925353462","sigma":"0","rptime":"1439629200","rpr":1524.597136854,"rprd":92.857498107881,"rpsigma":"0","acre":1147.6168870332,"lacre":1147.6168870332,"oldacre":"1174.2218049834"},"endType":"normal"}