{"seed":[21099,4409,27796,13537],"turns":44,"p1":"Jake1079","p2":"Twizz - ⓢⓔⓝⓟⓐⓘ","p1team":[{"name":"Weezing","species":"Weezing","item":"leftovers","ability":"Levitate","moves":["taunt","willowisp","fireblast","painsplit"],"nature":"Bold","evs":{"hp":252,"atk":0,"def":252,"spa":4,"spd":0,"spe":0},"ivs":{"hp":31,"atk":31,"def":31,"spa":31,"spd":31,"spe":31}},{"name":"Beedrill","species":"Beedrill","item":"beedrillite","ability":"Swarm","moves":["protect","uturn","knockoff","poisonjab"],"nature":"Jolly","evs":{"hp":0,"atk":252,"def":0,"spa":0,"spd":4,"spe":252},"ivs":{"hp":31,"atk":31,"def":31,"spa":31,"spd":31,"spe":31}},{"name":"Drapion","species":"Drapion","item":"lifeorb","ability":"Battle Armor","moves":["agility","crunch","earthquake","poisonjab"],"nature":"Adamant","evs":{"hp":0,"atk":252,"def":0,"spa":0,"spd":4,"spe":252},"ivs":{"hp":31,"atk":31,"def":31,"spa":31,"spd":31,"spe":31}},{"name":"Tentacruel","species":"Tentacruel","item":"blacksludge","ability":"Liquid Ooze","moves":["rapidspin","scald","toxic","icebeam"],"nature":"Modest","evs":{"hp":252,"atk":0,"def":0,"spa":4,"spd":252,"spe":0},"ivs":{"hp":31,"atk":31,"def":31,"spa":31,"spd":31,"spe":31}},{"name":"Nidoking","species":"Nidoking","item":"choicescarf","ability":"Sheer Force","moves":["icebeam","flamethrower","earthpower","sludgewave"],"nature":"Modest","evs":{"hp":0,"atk":0,"def":0,"spa":252,"spd":4,"spe":252},"ivs":{"hp":31,"atk":31,"def":31,"spa":31,"spd":31,"spe":31}},{"name":"Muk","species":"Muk","item":"lifeorb","ability":"Sticky Hold","moves":["shadowsneak","firepunch","icepunch","explosion"],"nature":"Adamant","evs":{"hp":248,"atk":252,"def":0,"spa":0,"spd":8,"spe":0},"ivs":{"hp":31,"atk":31,"def":31,"spa":31,"spd":31,"spe":31}}],"p2team":[{"name":"Magnezone","species":"Magnezone","item":"leftovers","ability":"Sturdy","moves":["flashcannon","thunderbolt","protect","hiddenpowerice"],"nature":"Modest","evs":{"hp":76,"atk":0,"def":180,"spa":252,"spd":0,"spe":0},"ivs":{"hp":31,"atk":30,"def":30,"spa":31,"spd":31,"spe":31}},{"name":"Zapdos","species":"Zapdos","item":"leftovers","ability":"Pressure","moves":["discharge","heatwave","toxic","roost"],"nature":"Bold","evs":{"hp":4,"atk":0,"def":252,"spa":56,"spd":196,"spe":0},"ivs":{"hp":31,"atk":31,"def":31,"spa":31,"spd":31,"spe":31}},{"name":"Ampharos","species":"Ampharos","item":"ampharosite","ability":"Static","moves":["cottonguard","rest","sleeptalk","dragonpulse"],"nature":"Bold","evs":{"hp":0,"atk":0,"def":252,"spa":136,"spd":120,"spe":0},"ivs":{"hp":31,"atk":31,"def":31,"spa":31,"spd":31,"spe":31}},{"name":"Raikou","species":"Raikou","item":"leftovers","ability":"Pressure","moves":["calmmind","substitute","thunderbolt","extrasensory"],"nature":"Timid","evs":{"hp":0,"atk":0,"def":0,"spa":252,"spd":4,"spe":252},"ivs":{"hp":31,"atk":31,"def":31,"spa":31,"spd":31,"spe":31}},{"name":"Rotom-Wash","species":"Rotom-Wash","item":"choicescarf","ability":"Levitate","moves":["voltswitch","hydropump","willowisp","trick"],"nature":"Timid","evs":{"hp":0,"atk":0,"def":0,"spa":252,"spd":4,"spe":252},"ivs":{"hp":31,"atk":31,"def":31,"spa":31,"spd":31,"spe":31}},{"name":"Condom","species":"eelektross","item":"assaultvest","ability":"Levitate","moves":["gigadrain","thunderbolt","drainpunch","knockoff"],"nature":"Quiet","evs":{"hp":3,"atk":136,"def":0,"spa":108,"spd":252,"spe":0},"ivs":{"hp":31,"atk":31,"def":31,"spa":31,"spd":31,"spe":31}}],"log":["|player|p1|Jake1079|281","|player|p2|Twizz - ⓢⓔⓝⓟⓐⓘ|264","|gametype|singles","|gen|6","|tier|Monotype","|rated","|rule|Baton Pass Clause: Limit one Baton Passer, can't pass Spe and other stats simultaneously","|rule|Swagger Clause: Swagger is banned","|rule|Same Type Clause: Pokémon in a team must share a type","|clearpoke","|poke|p1|Weezing, F","|poke|p1|Beedrill, F","|poke|p1|Drapion, F","|poke|p1|Tentacruel, M","|poke|p1|Nidoking, M","|poke|p1|Muk, F","|poke|p2|Magnezone","|poke|p2|Zapdos","|poke|p2|Ampharos, M","|poke|p2|Raikou","|poke|p2|Rotom-Wash","|poke|p2|Eelektross, M","|rule|Sleep Clause Mod: Limit one foe put to sleep","|rule|Species Clause: Limit one of each Pokémon","|rule|OHKO Clause: OHKO moves are banned","|rule|Moody Clause: Moody is banned","|rule|Evasion Moves Clause: Evasion moves are banned","|rule|Endless Battle Clause: Forcing endless battles is banned","|rule|HP Percentage Mod: HP is shown in percentages","|teampreview","|","|start","|switch|p1a: Beedrill|Beedrill, F|271/271","|switch|p2a: Rotom-Wash|Rotom-Wash|241/241","|turn|1","|","|detailschange|p1a: Beedrill|Beedrill-Mega, F","|-mega|p1a: Beedrill|Beedrill|Beedrillite","|move|p1a: Beedrill|Protect|p1a: Beedrill","|-singleturn|p1a: Beedrill|Protect","|move|p2a: Rotom-Wash|Volt Switch|p1a: Beedrill","|-activate|p1a: Beedrill|Protect","|","|turn|2","|","|switch|p2a: Magnezone|Magnezone|300/300","|move|p1a: Beedrill|U-turn|p2a: Magnezone","|-resisted|p2a: Magnezone","|-damage|p2a: Magnezone|225/300","|","|switch|p1a: Nidoking|Nidoking, M|303/303","|","|-heal|p2a: Magnezone|243/300|[from] item: Leftovers","|turn|3","|","|move|p2a: Magnezone|Protect|p2a: Magnezone","|-singleturn|p2a: Magnezone|Protect","|move|p1a: Nidoking|Earth Power|p2a: Magnezone","|-activate|p2a: Magnezone|Protect","|","|-heal|p2a: Magnezone|261/300|[from] item: Leftovers","|turn|4","|","|switch|p2a: Rotom-Wash|Rotom-Wash|241/241","|move|p1a: Nidoking|Earth Power|p2a: Rotom-Wash","|-immune|p2a: Rotom-Wash|[msg]","|","|turn|5","|","|switch|p1a: Tentacruel|Tentacruel, M|364/364","|move|p2a: Rotom-Wash|Hydro Pump|p1a: Tentacruel","|-resisted|p1a: Tentacruel","|-damage|p1a: Tentacruel|301/364","|","|-heal|p1a: Tentacruel|323/364|[from] item: Black Sludge","|turn|6","|","|switch|p2a: Magnezone|Magnezone|261/300","|move|p1a: Tentacruel|Toxic|p2a: Magnezone","|-immune|p2a: Magnezone|[msg]","|","|-heal|p1a: Tentacruel|345/364|[from] item: Black Sludge","|-heal|p2a: Magnezone|279/300|[from] item: Leftovers","|turn|7","|","|move|p2a: Magnezone|Protect|p2a: Magnezone","|-singleturn|p2a: Magnezone|Protect","|move|p1a: Tentacruel|Scald|p2a: Magnezone","|-activate|p2a: Magnezone|Protect","|","|-heal|p1a: Tentacruel|364/364|[from] item: Black Sludge","|-heal|p2a: Magnezone|297/300|[from] item: Leftovers","|turn|8","|","|switch|p2a: Condom|Eelektross, M|311/311","|move|p1a: Tentacruel|Scald|p2a: Condom","|-crit|p2a: Condom","|-damage|p2a: Condom|236/311","|","|turn|9","|","|move|p1a: Tentacruel|Scald|p2a: Condom","|-damage|p2a: Condom|182/311","|move|p2a: Condom|Knock Off|p1a: Tentacruel","|-damage|p1a: Tentacruel|236/364","|-enditem|p1a: Tentacruel|Black Sludge|[from] move: Knock Off|[of] p2a: Condom","|","|turn|10","|","|move|p1a: Tentacruel|Scald|p2a: Condom","|-damage|p2a: Condom|127/311","|move|p2a: Condom|Thunderbolt|p1a: Tentacruel","|-supereffective|p1a: Tentacruel","|-damage|p1a: Tentacruel|54/364","|","|turn|11","|","|move|p1a: Tentacruel|Scald|p2a: Condom","|-damage|p2a: Condom|78/311","|-status|p2a: Condom|brn","|move|p2a: Condom|Knock Off|p1a: Tentacruel","|-damage|p1a: Tentacruel|11/364","|","|-damage|p2a: Condom|40/311 brn|[from] brn","|turn|12","|","|move|p1a: Tentacruel|Scald|p2a: Condom","|-damage|p2a: Condom|0 fnt","|faint|p2a: Condom","|","|","|switch|p2a: Raikou|Raikou|321/321","|-ability|p2a: Raikou|Pressure","|turn|13","|","|move|p2a: Raikou|Substitute|p2a: Raikou","|-start|p2a: Raikou|Substitute","|-damage|p2a: Raikou|241/321","|move|p1a: Tentacruel|Toxic|p2a: Raikou","|-fail|p2a: Raikou","|","|-heal|p2a: Raikou|261/321|[from] item: Leftovers","|turn|14","|","|move|p2a: Raikou|Calm Mind|p2a: Raikou","|-boost|p2a: Raikou|spa|1","|-boost|p2a: Raikou|spd|1","|move|p1a: Tentacruel|Scald|p2a: Raikou","|-activate|p2a: Raikou|Substitute|[damage]","|","|-heal|p2a: Raikou|281/321|[from] item: Leftovers","|turn|15","|","|move|p2a: Raikou|Calm Mind|p2a: Raikou","|-boost|p2a: Raikou|spa|1","|-boost|p2a: Raikou|spd|1","|move|p1a: Tentacruel|Scald|p2a: Raikou","|-end|p2a: Raikou|Substitute","|","|-heal|p2a: Raikou|301/321|[from] item: Leftovers","|turn|16","|","|switch|p1a: Nidoking|Nidoking, M|303/303","|move|p2a: Raikou|Substitute|p2a: Raikou","|-start|p2a: Raikou|Substitute","|-damage|p2a: Raikou|221/321","|","|-heal|p2a: Raikou|241/321|[from] item: Leftovers","|turn|17","|","|move|p1a: Nidoking|Earth Power|p2a: Raikou","|-supereffective|p2a: Raikou","|-end|p2a: Raikou|Substitute","|move|p2a: Raikou|Extrasensory|p1a: Nidoking","|-supereffective|p1a: Nidoking","|-damage|p1a: Nidoking|0 fnt","|faint|p1a: Nidoking","|","|-heal|p2a: Raikou|261/321|[from] item: Leftovers","|","|switch|p1a: Beedrill|Beedrill-Mega, F|271/271","|turn|18","|","|switch|p2a: Magnezone|Magnezone|297/300","|move|p1a: Beedrill|U-turn|p2a: Magnezone","|-resisted|p2a: Magnezone","|-damage|p2a: Magnezone|224/300","|","|switch|p1a: Muk|Muk, F|413/413","|","|-heal|p2a: Magnezone|242/300|[from] item: Leftovers","|turn|19","|","|move|p2a: Magnezone|Protect|p2a: Magnezone","|-singleturn|p2a: Magnezone|Protect","|move|p1a: Muk|Fire Punch|p2a: Magnezone","|-activate|p2a: Magnezone|Protect","|","|-heal|p2a: Magnezone|260/300|[from] item: Leftovers","|turn|20","|","|switch|p2a: Zapdos|Zapdos|322/322","|-ability|p2a: Zapdos|Pressure","|move|p1a: Muk|Fire Punch|p2a: Zapdos","|-damage|p2a: Zapdos|236/322","|-damage|p1a: Muk|372/413|[from] item: Life Orb","|","|-heal|p2a: Zapdos|256/322|[from] item: Leftovers","|turn|21","|","|move|p2a: Zapdos|Discharge|p1a: Muk","|-damage|p1a: Muk|254/413","|-status|p1a: Muk|par","|cant|p1a: Muk|par","|","|-heal|p2a: Zapdos|276/322|[from] item: Leftovers","|turn|22","|","|switch|p2a: Magnezone|Magnezone|260/300","|move|p1a: Muk|Ice Punch|p2a: Magnezone","|-resisted|p2a: Magnezone","|-damage|p2a: Magnezone|216/300","|-damage|p1a: Muk|213/413 par|[from] item: Life Orb","|","|-heal|p2a: Magnezone|234/300|[from] item: Leftovers","|turn|23","|","|move|p2a: Magnezone|Protect|p2a: Magnezone","|-singleturn|p2a: Magnezone|Protect","|cant|p1a: Muk|par","|","|-heal|p2a: Magnezone|252/300|[from] item: Leftovers","|turn|24","|","|switch|p2a: Ampharos|Ampharos, M|321/321","|move|p1a: Muk|Fire Punch|p2a: Ampharos","|-damage|p2a: Ampharos|229/321","|-damage|p1a: Muk|172/413 par|[from] item: Life Orb","|","|turn|25","|","|detailschange|p2a: Ampharos|Ampharos-Mega, M","|-mega|p2a: Ampharos|Ampharos|Ampharosite","|-ability|p2a: Ampharos|Mold Breaker","|move|p2a: Ampharos|Cotton Guard|p2a: Ampharos","|-boost|p2a: Ampharos|def|3","|move|p1a: Muk|Explosion|p2a: Ampharos","|-damage|p2a: Ampharos|126/321","|faint|p1a: Muk","|","|","|switch|p1a: Tentacruel|Tentacruel, M|11/364","|turn|26","|","|switch|p2a: Rotom-Wash|Rotom-Wash|241/241","|move|p1a: Tentacruel|Ice Beam|p2a: Rotom-Wash","|-resisted|p2a: Rotom-Wash","|-damage|p2a: Rotom-Wash|208/241","|","|turn|27","|","|move|p2a: Rotom-Wash|Volt Switch|p1a: Tentacruel","|-supereffective|p1a: Tentacruel","|-damage|p1a: Tentacruel|0 fnt","|faint|p1a: Tentacruel","|","|switch|p2a: Magnezone|Magnezone|252/300","|","|-heal|p2a: Magnezone|270/300|[from] item: Leftovers","|","|switch|p1a: Drapion|Drapion, F|281/281","|turn|28","|","|move|p2a: Magnezone|Protect|p2a: Magnezone","|-singleturn|p2a: Magnezone|Protect","|move|p1a: Drapion|Agility|p1a: Drapion","|-boost|p1a: Drapion|spe|2","|","|-heal|p2a: Magnezone|288/300|[from] item: Leftovers","|turn|29","|","|move|p1a: Drapion|Earthquake|p2a: Magnezone","|-supereffective|p2a: Magnezone","|-damage|p2a: Magnezone|0 fnt","|-damage|p1a: Drapion|253/281|[from] item: Life Orb","|faint|p2a: Magnezone","|","|","|switch|p2a: Rotom-Wash|Rotom-Wash|208/241","|turn|30","|","|move|p1a: Drapion|Crunch|p2a: Rotom-Wash","|-damage|p2a: Rotom-Wash|59/241","|-damage|p1a: Drapion|225/281|[from] item: Life Orb","|move|p2a: Rotom-Wash|Will-O-Wisp|p1a: Drapion","|-status|p1a: Drapion|brn","|","|-damage|p1a: Drapion|190/281 brn|[from] brn","|turn|31","|","|switch|p2a: Zapdos|Zapdos|276/322","|-ability|p2a: Zapdos|Pressure","|move|p1a: Drapion|Crunch|p2a: Zapdos","|-damage|p2a: Zapdos|210/322","|-damage|p1a: Drapion|162/281 brn|[from] item: Life Orb","|","|-heal|p2a: Zapdos|230/322|[from] item: Leftovers","|-damage|p1a: Drapion|127/281 brn|[from] brn","|turn|32","|","|move|p1a: Drapion|Crunch|p2a: Zapdos","|-damage|p2a: Zapdos|172/322","|-damage|p1a: Drapion|99/281 brn|[from] item: Life Orb","|move|p2a: Zapdos|Roost|p2a: Zapdos","|-heal|p2a: Zapdos|322/322","|","|-damage|p1a: Drapion|64/281 brn|[from] brn","|turn|33","|","|move|p1a: Drapion|Crunch|p2a: Zapdos","|-damage|p2a: Zapdos|264/322","|-damage|p1a: Drapion|36/281 brn|[from] item: Life Orb","|move|p2a: Zapdos|Discharge|p1a: Drapion","|-damage|p1a: Drapion|0 fnt","|faint|p1a: Drapion","|","|-heal|p2a: Zapdos|284/322|[from] item: Leftovers","|","|switch|p1a: Beedrill|Beedrill-Mega, F|271/271","|turn|34","|","|move|p1a: Beedrill|U-turn|p2a: Zapdos","|-resisted|p2a: Zapdos","|-damage|p2a: Zapdos|212/322","|","|switch|p1a: Weezing|Weezing, F|334/334","|move|p2a: Zapdos|Roost|p2a: Zapdos","|-heal|p2a: Zapdos|322/322","|","|turn|35","|","|switch|p2a: Rotom-Wash|Rotom-Wash|59/241","|move|p1a: Weezing|Will-O-Wisp|p2a: Rotom-Wash","|-status|p2a: Rotom-Wash|brn","|","|-damage|p2a: Rotom-Wash|29/241 brn|[from] brn","|turn|36","|","|move|p2a: Rotom-Wash|Trick|p1a: Weezing","|-activate|p2a: Rotom-Wash|move: Trick|[of] p1a: Weezing","|-item|p1a: Weezing|Choice Scarf|[from] move: Trick","|-item|p2a: Rotom-Wash|Leftovers|[from] move: Trick","|move|p1a: Weezing|Fire Blast|p2a: Rotom-Wash","|-resisted|p2a: Rotom-Wash","|-damage|p2a: Rotom-Wash|0 fnt","|faint|p2a: Rotom-Wash","|","|","|switch|p2a: Ampharos|Ampharos-Mega, M|126/321","|-ability|p2a: Ampharos|Mold Breaker","|turn|37","|","|switch|p1a: Beedrill|Beedrill-Mega, F|271/271","|move|p2a: Ampharos|Rest|p2a: Ampharos","|-status|p2a: Ampharos|slp","|-heal|p2a: Ampharos|321/321 slp|[silent]","|-status|p2a: Ampharos|slp|[from] move: Rest","|","|turn|38","|","|move|p1a: Beedrill|Poison Jab|p2a: Ampharos","|-crit|p2a: Ampharos","|-damage|p2a: Ampharos|113/321 slp","|cant|p2a: Ampharos|slp","|move|p2a: Ampharos|Sleep Talk|p2a: Ampharos","|move|p2a: Ampharos|Dragon Pulse|p1a: Beedrill|[from]Sleep Talk","|-damage|p1a: Beedrill|55/271","|","|turn|39","|","|move|p1a: Beedrill|Poison Jab|p2a: Ampharos","|-damage|p2a: Ampharos|0 fnt","|faint|p2a: Ampharos","|","|","|switch|p2a: Zapdos|Zapdos|322/322","|-ability|p2a: Zapdos|Pressure","|turn|40","|","|move|p1a: Beedrill|U-turn|p2a: Zapdos","|-resisted|p2a: Zapdos","|-damage|p2a: Zapdos|246/322","|","|switch|p1a: Weezing|Weezing, F|334/334","|move|p2a: Zapdos|Discharge|p1a: Weezing","|-damage|p1a: Weezing|174/334","|","|-heal|p2a: Zapdos|266/322|[from] item: Leftovers","|turn|41","|","|switch|p2a: Raikou|Raikou|261/321","|-ability|p2a: Raikou|Pressure","|move|p1a: Weezing|Will-O-Wisp|p2a: Raikou","|-status|p2a: Raikou|brn","|","|-heal|p2a: Raikou|281/321 brn|[from] item: Leftovers","|-damage|p2a: Raikou|241/321 brn|[from] brn","|turn|42","|","|move|p2a: Raikou|Substitute|p2a: Raikou","|-start|p2a: Raikou|Substitute","|-damage|p2a: Raikou|161/321 brn","|move|p1a: Weezing|Will-O-Wisp|p2a: Raikou","|-fail|p2a: Raikou","|","|-heal|p2a: Raikou|181/321 brn|[from] item: Leftovers","|-damage|p2a: Raikou|141/321 brn|[from] brn","|turn|43","|","|switch|p1a: Beedrill|Beedrill-Mega, F|55/271","|move|p2a: Raikou|Extrasensory|p1a: Beedrill","|-supereffective|p1a: Beedrill","|-damage|p1a: Beedrill|0 fnt","|faint|p1a: Beedrill","|","|-heal|p2a: Raikou|161/321 brn|[from] item: Leftovers","|-damage|p2a: Raikou|121/321 brn|[from] brn","|","|switch|p1a: Weezing|Weezing, F|174/334","|turn|44","|","|move|p2a: Raikou|Extrasensory|p1a: Weezing","|-supereffective|p1a: Weezing","|-damage|p1a: Weezing|0 fnt","|faint|p1a: Weezing","|","|win|Twizz - ⓢⓔⓝⓟⓐⓘ"],"p1rating":{"entryid":"7429437","serverid":"eos","formatid":"monotype","userid":"jake1079","username":"Jake1079","w":"46","l":58,"t":"0","gxe":46,"r":"1468.7630650162","rd":"38.042333974705","sigma":"0","rptime":"1439629200","rpr":1469.7430768138,"rprd":37.216629781508,"rpsigma":"0","acre":1121.1325591078,"lacre":1121.1325591078,"oldacre":"1144.1260323192"},"p2rating":{"entryid":"6985408","serverid":"eos","formatid":"monotype","userid":"twizz","username":"Twizz","w":27,"l":"34","t":"0","gxe":44.8,"r":"1462.8941177899","rd":"49.686654244209","sigma":"0","rptime":"1439629200","rpr":1460.1490017818,"rprd":48.798292006816,"rpsigma":"0","acre":1195.0651685071,"lacre":1195.0651685071,"oldacre":"1172.0716952957"},"endType":"normal"}