{"seed":[18334,4804,35900,52215],"turns":24,"p1":"SL~Kingdra - ⓢⓔⓧⓨ","p2":"Fairy Ouroboros","p1team":[{"name":"Chesnaught","species":"Chesnaught","item":"leftovers","ability":"Bulletproof","moves":["spikes","leechseed","spikyshield","drainpunch"],"nature":"Impish","evs":{"hp":252,"atk":0,"def":252,"spa":0,"spd":4,"spe":0},"ivs":{"hp":31,"atk":31,"def":31,"spa":31,"spd":31,"spe":31}},{"name":"Infernape","species":"Infernape","item":"focussash","ability":"Iron Fist","moves":["stealthrock","closecombat","firepunch","machpunch"],"nature":"Jolly","evs":{"hp":4,"atk":252,"def":0,"spa":0,"spd":0,"spe":252},"ivs":{"hp":31,"atk":31,"def":31,"spa":31,"spd":31,"spe":31}},{"name":"Medicham","species":"Medicham","item":"medichamite","ability":"Pure Power","moves":["fakeout","bulletpunch","zenheadbutt","highjumpkick"],"nature":"Jolly","evs":{"hp":4,"atk":252,"def":0,"spa":0,"spd":0,"spe":252},"ivs":{"hp":31,"atk":31,"def":31,"spa":31,"spd":31,"spe":31}},{"name":"Terrakion","species":"Terrakion","item":"choicescarf","ability":"Justified","moves":["ironhead","stoneedge","closecombat","earthquake"],"nature":"Adamant","evs":{"hp":4,"atk":252,"def":0,"spa":0,"spd":0,"spe":252},"ivs":{"hp":31,"atk":31,"def":31,"spa":31,"spd":31,"spe":31}},{"name":"Keldeo-Resolute","species":"Keldeo-Resolute","item":"choicespecs","ability":"Justified","moves":["secretsword","scald","icywind","hydropump"],"nature":"Timid","evs":{"hp":4,"atk":0,"def":0,"spa":252,"spd":0,"spe":252},"ivs":{"hp":31,"atk":31,"def":31,"spa":31,"spd":31,"spe":31}},{"name":"Hawlucha","species":"Hawlucha","item":"powerherb","ability":"Unburden","moves":["acrobatics","skyattack","drainpunch","swordsdance"],"nature":"Adamant","evs":{"hp":0,"atk":252,"def":0,"spa":0,"spd":0,"spe":252},"ivs":{"hp":31,"atk":31,"def":31,"spa":31,"spd":31,"spe":31}}],"p2team":[{"name":"Garchomp","species":"Garchomp","item":"rockyhelmet","ability":"Rough Skin","moves":["stealthrock","earthquake","dragontail","endure"],"nature":"Impish","evs":{"hp":252,"atk":4,"def":252,"spa":0,"spd":0,"spe":0},"ivs":{"hp":31,"atk":31,"def":31,"spa":31,"spd":31,"spe":31}},{"name":"Latios","species":"Latios","item":"choicescarf","ability":"Levitate","moves":["psyshock","icebeam","dracometeor","hiddenpowerfire"],"nature":"Timid","evs":{"hp":0,"atk":0,"def":0,"spa":252,"spd":4,"spe":252},"ivs":{"hp":31,"atk":30,"def":31,"spa":30,"spd":31,"spe":30}},{"name":"Latias","species":"Latias","item":"latiasite","ability":"Levitate","moves":["thunderwave","energyball","defog","healingwish"],"nature":"Calm","evs":{"hp":244,"atk":0,"def":0,"spa":0,"spd":252,"spe":12},"ivs":{"hp":31,"atk":0,"def":31,"spa":31,"spd":31,"spe":31},"happiness":0},{"name":"Hydreigon","species":"Hydreigon","item":"focussash","ability":"Levitate","moves":["flamethrower","darkpulse","earthpower","tailwind"],"nature":"Modest","evs":{"hp":4,"atk":0,"def":0,"spa":252,"spd":0,"spe":252},"ivs":{"hp":31,"atk":0,"def":31,"spa":31,"spd":31,"spe":31}},{"name":"Kyurem-Black","species":"Kyurem-Black","item":"assaultvest","ability":"Teravolt","moves":["fusionbolt","ironhead","icebeam","earthpower"],"nature":"Lonely","evs":{"hp":0,"atk":252,"def":0,"spa":108,"spd":0,"spe":148},"ivs":{"hp":31,"atk":31,"def":31,"spa":31,"spd":31,"spe":31}},{"name":"Dragonite","species":"Dragonite","item":"choiceband","ability":"Multiscale","moves":["thunderpunch","outrage","extremespeed","earthquake"],"nature":"Adamant","evs":{"hp":240,"atk":252,"def":0,"spa":0,"spd":0,"spe":16},"ivs":{"hp":31,"atk":31,"def":31,"spa":31,"spd":31,"spe":31}}],"log":["|player|p1|SL~Kingdra - ⓢⓔⓧⓨ|99","|player|p2|Fairy Ouroboros|33","|gametype|singles","|gen|6","|tier|Monotype","|rated","|rule|Baton Pass Clause: Limit one Baton Passer, can't pass Spe and other stats simultaneously","|rule|Swagger Clause: Swagger is banned","|rule|Same Type Clause: Pokémon in a team must share a type","|clearpoke","|poke|p1|Chesnaught, F","|poke|p1|Infernape, M","|poke|p1|Medicham, M","|poke|p1|Terrakion","|poke|p1|Keldeo-Resolute","|poke|p1|Hawlucha, M","|poke|p2|Garchomp, M","|poke|p2|Latios, M","|poke|p2|Latias, F","|poke|p2|Hydreigon, F","|poke|p2|Kyurem-Black","|poke|p2|Dragonite, M","|rule|Sleep Clause Mod: Limit one foe put to sleep","|rule|Species Clause: Limit one of each Pokémon","|rule|OHKO Clause: OHKO moves are banned","|rule|Moody Clause: Moody is banned","|rule|Evasion Moves Clause: Evasion moves are banned","|rule|Endless Battle Clause: Forcing endless battles is banned","|rule|HP Percentage Mod: HP is shown in percentages","|teampreview","|","|start","|switch|p1a: Infernape|Infernape, M|294/294","|switch|p2a: Dragonite|Dragonite, M|383/383","|turn|1","|","|move|p2a: Dragonite|Extreme Speed|p1a: Infernape","|-damage|p1a: Infernape|64/294","|move|p1a: Infernape|Stealth Rock|p2a: Dragonite","|-sidestart|p2: Fairy Ouroboros|move: Stealth Rock","|","|turn|2","|","|move|p2a: Dragonite|Extreme Speed|p1a: Infernape","|-damage|p1a: Infernape|0 fnt","|faint|p1a: Infernape","|","|","|switch|p1a: Chesnaught|Chesnaught, F|380/380","|turn|3","|","|switch|p2a: Latias|Latias, F|362/362","|-damage|p2a: Latias|317/362|[from] Stealth Rock","|move|p1a: Chesnaught|Leech Seed|p2a: Latias","|-start|p2a: Latias|move: Leech Seed","|","|-damage|p2a: Latias|272/362|[from] Leech Seed|[of] p1a: Chesnaught","|turn|4","|","|detailschange|p2a: Latias|Latias-Mega, F","|-mega|p2a: Latias|Latias|Latiasite","|move|p2a: Latias|Defog|p1a: Chesnaught","|-unboost|p1a: Chesnaught|evasion|1","|-sideend|p2: Fairy Ouroboros|Stealth Rock|[from] move: Defog|[of] p2a: Latias","|move|p1a: Chesnaught|Spikes|p2a: Latias","|-sidestart|p2: Fairy Ouroboros|Spikes","|","|-damage|p2a: Latias|227/362|[from] Leech Seed|[of] p1a: Chesnaught","|turn|5","|","|switch|p2a: Latios|Latios, M|301/301","|move|p1a: Chesnaught|Spikes|p2a: Latios","|-sidestart|p2: Fairy Ouroboros|Spikes","|","|turn|6","|","|move|p2a: Latios|Psyshock|p1a: Chesnaught","|-supereffective|p1a: Chesnaught","|-damage|p1a: Chesnaught|210/380","|move|p1a: Chesnaught|Leech Seed|p2a: Latios","|-start|p2a: Latios|move: Leech Seed","|","|-heal|p1a: Chesnaught|233/380|[from] item: Leftovers","|-damage|p2a: Latios|264/301|[from] Leech Seed|[of] p1a: Chesnaught","|-heal|p1a: Chesnaught|270/380|[silent]","|turn|7","|","|switch|p2a: Latias|Latias-Mega, F|227/362","|move|p1a: Chesnaught|Spiky Shield|p1a: Chesnaught","|-fail|p1a: Chesnaught","|","|-heal|p1a: Chesnaught|293/380|[from] item: Leftovers","|turn|8","|","|move|p2a: Latias|Thunder Wave|p1a: Chesnaught","|-status|p1a: Chesnaught|par","|cant|p1a: Chesnaught|par","|","|-heal|p1a: Chesnaught|316/380 par|[from] item: Leftovers","|turn|9","|","|move|p2a: Latias|Defog|p1a: Chesnaught","|-unboost|p1a: Chesnaught|evasion|1","|-sideend|p2: Fairy Ouroboros|Spikes|[from] move: Defog|[of] p2a: Latias","|move|p1a: Chesnaught|Leech Seed|p2a: Latias","|-start|p2a: Latias|move: Leech Seed","|","|-heal|p1a: Chesnaught|339/380 par|[from] item: Leftovers","|-damage|p2a: Latias|182/362|[from] Leech Seed|[of] p1a: Chesnaught","|-heal|p1a: Chesnaught|380/380 par|[silent]","|turn|10","|","|switch|p2a: Kyurem-Black|Kyurem-Black|391/391","|-ability|p2a: Kyurem-Black|Teravolt","|move|p1a: Chesnaught|Leech Seed|p2a: Kyurem-Black","|-start|p2a: Kyurem-Black|move: Leech Seed","|","|-damage|p2a: Kyurem-Black|343/391|[from] Leech Seed|[of] p1a: Chesnaught","|turn|11","|","|move|p2a: Kyurem-Black|Ice Beam|p1a: Chesnaught","|-supereffective|p1a: Chesnaught","|-damage|p1a: Chesnaught|36/380 par","|move|p1a: Chesnaught|Drain Punch|p2a: Kyurem-Black","|-supereffective|p2a: Kyurem-Black","|-damage|p2a: Kyurem-Black|119/391","|-heal|p1a: Chesnaught|148/380 par|[from] drain|[of] p2a: Kyurem-Black","|","|-heal|p1a: Chesnaught|171/380 par|[from] item: Leftovers","|-damage|p2a: Kyurem-Black|71/391|[from] Leech Seed|[of] p1a: Chesnaught","|-heal|p1a: Chesnaught|219/380 par|[silent]","|turn|12","|","|switch|p2a: Latios|Latios, M|264/301","|move|p1a: Chesnaught|Spiky Shield|p1a: Chesnaught","|-fail|p1a: Chesnaught","|","|-heal|p1a: Chesnaught|242/380 par|[from] item: Leftovers","|turn|13","|","|move|p2a: Latios|Draco Meteor|p1a: Chesnaught","|-damage|p1a: Chesnaught|0 fnt","|-unboost|p2a: Latios|spa|2","|faint|p1a: Chesnaught","|","|","|switch|p1a: Keldeo-Resolute|Keldeo-Resolute|324/324","|turn|14","|","|switch|p2a: Kyurem-Black|Kyurem-Black|71/391","|-ability|p2a: Kyurem-Black|Teravolt","|move|p1a: Keldeo-Resolute|Icy Wind|p2a: Kyurem-Black","|-damage|p2a: Kyurem-Black|4/391","|-unboost|p2a: Kyurem-Black|spe|1","|","|turn|15","|","|move|p1a: Keldeo-Resolute|Icy Wind|p2a: Kyurem-Black","|-damage|p2a: Kyurem-Black|0 fnt","|faint|p2a: Kyurem-Black","|","|","|switch|p2a: Latias|Latias-Mega, F|182/362","|turn|16","|","|move|p1a: Keldeo-Resolute|Icy Wind|p2a: Latias","|-supereffective|p2a: Latias","|-damage|p2a: Latias|74/362","|-unboost|p2a: Latias|spe|1","|move|p2a: Latias|Thunder Wave|p1a: Keldeo-Resolute","|-status|p1a: Keldeo-Resolute|par","|","|turn|17","|","|move|p2a: Latias|Energy Ball|p1a: Keldeo-Resolute","|-supereffective|p1a: Keldeo-Resolute","|-damage|p1a: Keldeo-Resolute|104/324 par","|cant|p1a: Keldeo-Resolute|par","|","|turn|18","|","|move|p2a: Latias|Energy Ball|p1a: Keldeo-Resolute","|-supereffective|p1a: Keldeo-Resolute","|-damage|p1a: Keldeo-Resolute|0 fnt","|faint|p1a: Keldeo-Resolute","|","|","|switch|p1a: Medicham|Medicham, M|262/262","|turn|19","|","|switch|p2a: Garchomp|Garchomp, M|420/420","|detailschange|p1a: Medicham|Medicham-Mega, M","|-mega|p1a: Medicham|Medicham|Medichamite","|move|p1a: Medicham|Fake Out|p2a: Garchomp","|-damage|p2a: Garchomp|355/420","|-damage|p1a: Medicham|230/262|[from] ability: Rough Skin|[of] p2a: Garchomp","|-damage|p1a: Medicham|187/262|[from] item: Rocky Helmet|[of] p2a: Garchomp","|","|turn|20","|","|move|p2a: Garchomp|Endure|p2a: Garchomp","|-singleturn|p2a: Garchomp|move: Endure","|move|p1a: Medicham|High Jump Kick|p2a: Garchomp","|-damage|p2a: Garchomp|73/420","|-damage|p1a: Medicham|155/262|[from] ability: Rough Skin|[of] p2a: Garchomp","|-damage|p1a: Medicham|112/262|[from] item: Rocky Helmet|[of] p2a: Garchomp","|","|turn|21","|","|move|p2a: Garchomp|Endure|p2a: Garchomp","|-fail|p2a: Garchomp","|move|p1a: Medicham|High Jump Kick|p2a: Garchomp","|-damage|p2a: Garchomp|0 fnt","|-damage|p1a: Medicham|80/262|[from] ability: Rough Skin|[of] p2a: Garchomp","|-damage|p1a: Medicham|37/262|[from] item: Rocky Helmet|[of] p2a: Garchomp","|faint|p2a: Garchomp","|","|","|switch|p2a: Latios|Latios, M|264/301","|turn|22","|","|move|p1a: Medicham|Bullet Punch|p2a: Latios","|-damage|p2a: Latios|174/301","|move|p2a: Latios|Psyshock|p1a: Medicham","|-damage|p1a: Medicham|0 fnt","|faint|p1a: Medicham","|","|","|switch|p1a: Terrakion|Terrakion|324/324","|turn|23","|","|move|p2a: Latios|Psyshock|p1a: Terrakion","|-crit|p1a: Terrakion","|-supereffective|p1a: Terrakion","|-damage|p1a: Terrakion|0 fnt","|faint|p1a: Terrakion","|","|","|switch|p1a: Hawlucha|Hawlucha, M|297/297","|turn|24","|","|move|p2a: Latios|Psyshock|p1a: Hawlucha","|-supereffective|p1a: Hawlucha","|-damage|p1a: Hawlucha|0 fnt","|faint|p1a: Hawlucha","|","|win|Fairy Ouroboros"],"p1rating":{"entryid":"7548471","serverid":"eos","formatid":"monotype","userid":"slkingdra","username":"SL~Kingdra","w":"14","l":15,"t":"0","gxe":49.1,"r":"1519.9438968855","rd":"74.701130968254","sigma":"0","rptime":"1439629200","rpr":1493.3979770473,"rprd":61.226645968722,"rpsigma":"0","acre":1076.9017770528,"lacre":1076.9017770528,"oldacre":"1103.8101683765"},"p2rating":{"entryid":"7662052","serverid":"eos","formatid":"monotype","userid":"fairyouroboros","username":"Fairy Ouroboros","w":3,"l":"0","t":"0","gxe":63.3,"r":"1500","rd":"130","sigma":"0","rptime":"1439629200","rpr":1607.3583400772,"rprd":110.35808412168,"rpsigma":"0","acre":1107.8202759918,"lacre":1107.8202759918,"oldacre":"1077.2367500421"},"endType":"normal"}