{"seed":[22499,33377,26178,12636],"turns":31,"p1":"Neowulf - ⓢⓐⓓ","p2":"Just'HydroSH","p1team":[{"name":"Dragonite","species":"Dragonite","item":"choiceband","ability":"Multiscale","moves":["firepunch","earthquake","dragonclaw","extremespeed"],"nature":"Jolly","evs":{"hp":0,"atk":252,"def":0,"spa":0,"spd":4,"spe":252},"ivs":{"hp":31,"atk":31,"def":31,"spa":31,"spd":31,"spe":31}},{"name":"Pidgeot","species":"Pidgeot","item":"pidgeotite","ability":"Big Pecks","moves":["hurricane","heatwave","uturn","roost"],"nature":"Timid","evs":{"hp":0,"atk":0,"def":0,"spa":252,"spd":4,"spe":252},"ivs":{"hp":31,"atk":31,"def":31,"spa":31,"spd":31,"spe":31}},{"name":"Skarmory","species":"Skarmory","item":"leftovers","ability":"Sturdy","moves":["stealthrock","roost","ironhead","roar"],"nature":"Impish","evs":{"hp":252,"atk":0,"def":232,"spa":0,"spd":0,"spe":24},"ivs":{"hp":31,"atk":31,"def":31,"spa":31,"spd":31,"spe":31}},{"name":"Togekiss","species":"Togekiss","item":"leftovers","ability":"Serene Grace","moves":["thunderwave","roost","defog","airslash"],"nature":"Calm","evs":{"hp":252,"atk":0,"def":0,"spa":4,"spd":252,"spe":0},"ivs":{"hp":31,"atk":31,"def":31,"spa":31,"spd":31,"spe":31}},{"name":"Thundurus-Therian","species":"Thundurus-Therian","item":"choicescarf","ability":"Volt Absorb","moves":["thunderbolt","voltswitch","flashcannon","hiddenpowerice"],"nature":"Timid","evs":{"hp":0,"atk":0,"def":0,"spa":252,"spd":4,"spe":252},"ivs":{"hp":31,"atk":30,"def":30,"spa":31,"spd":31,"spe":31}},{"name":"Gliscor","species":"Gliscor","item":"toxicorb","ability":"Poison Heal","moves":["earthquake","knockoff","toxic","roost"],"nature":"Impish","evs":{"hp":240,"atk":8,"def":188,"spa":0,"spd":0,"spe":72},"ivs":{"hp":31,"atk":31,"def":31,"spa":31,"spd":31,"spe":31}}],"p2team":[{"name":"Slowbro","species":"Slowbro","item":"assaultvest","ability":"Oblivious","moves":["scald","drainpunch","flamethrower","return"],"nature":"Rash","evs":{"hp":248,"atk":8,"def":0,"spa":252,"spd":0,"spe":0},"gender":"M","ivs":{"hp":31,"atk":31,"def":31,"spa":31,"spd":30,"spe":31},"shiny":true},{"name":"Manaphy","species":"Manaphy","item":"choicespecs","ability":"Hydration","moves":["energyball","dazzlinggleam","psychic","scald"],"nature":"Timid","evs":{"hp":0,"atk":0,"def":0,"spa":252,"spd":4,"spe":252},"ivs":{"hp":31,"atk":30,"def":31,"spa":30,"spd":31,"spe":30}},{"name":"Empoleon","species":"Empoleon","item":"splashplate","ability":"Torrent","moves":["flashcannon","scald","earthquake","aquajet"],"nature":"Mild","evs":{"hp":248,"atk":8,"def":0,"spa":252,"spd":0,"spe":0},"gender":"F","ivs":{"hp":31,"atk":31,"def":31,"spa":31,"spd":31,"spe":31}},{"name":"Ludicolo","species":"Ludicolo","item":"bigroot","ability":"Rain Dish","moves":["leechseed","firepunch","raindance","bulletseed"],"nature":"Jolly","evs":{"hp":0,"atk":252,"def":0,"spa":0,"spd":4,"spe":252},"shiny":true,"ivs":{"hp":31,"atk":31,"def":31,"spa":31,"spd":31,"spe":31}},{"name":"Milotic","species":"Milotic","item":"flameorb","ability":"Marvel Scale","moves":["dragontail","scald","icebeam","recover"],"nature":"Relaxed","evs":{"hp":248,"atk":8,"def":252,"spa":0,"spd":0,"spe":0},"ivs":{"hp":31,"atk":31,"def":31,"spa":30,"spd":30,"spe":31},"shiny":true},{"name":"Vaporeon","species":"Vaporeon","item":"focussash","ability":"Hydration","moves":["shadowball","acidarmor","charm","hail"],"nature":"Calm","evs":{"hp":248,"atk":0,"def":0,"spa":8,"spd":252,"spe":0},"ivs":{"hp":31,"atk":31,"def":31,"spa":31,"spd":31,"spe":31}}],"log":["|player|p1|Neowulf - ⓢⓐⓓ|163","|player|p2|Just'HydroSH|278","|gametype|singles","|gen|6","|tier|Monotype","|rated","|rule|Baton Pass Clause: Limit one Baton Passer, can't pass Spe and other stats simultaneously","|rule|Swagger Clause: Swagger is banned","|rule|Same Type Clause: Pokémon in a team must share a type","|clearpoke","|poke|p1|Dragonite, M","|poke|p1|Pidgeot, M","|poke|p1|Skarmory, F","|poke|p1|Togekiss, M","|poke|p1|Thundurus-Therian, M","|poke|p1|Gliscor, M","|poke|p2|Slowbro, M, shiny","|poke|p2|Manaphy","|poke|p2|Empoleon, F","|poke|p2|Ludicolo, M, shiny","|poke|p2|Milotic, M, shiny","|poke|p2|Vaporeon, F","|rule|Sleep Clause Mod: Limit one foe put to sleep","|rule|Species Clause: Limit one of each Pokémon","|rule|OHKO Clause: OHKO moves are banned","|rule|Moody Clause: Moody is banned","|rule|Evasion Moves Clause: Evasion moves are banned","|rule|Endless Battle Clause: Forcing endless battles is banned","|rule|HP Percentage Mod: HP is shown in percentages","|teampreview","|","|start","|switch|p1a: Dragonite|Dragonite, M|323/323","|switch|p2a: Milotic|Milotic, M, shiny|393/393","|turn|1","|","|switch|p1a: Togekiss|Togekiss, M|374/374","|move|p2a: Milotic|Recover|p2a: Milotic","|-fail|p2a: Milotic","|","|-status|p2a: Milotic|brn|[from] item: Flame Orb","|turn|2","|","|move|p1a: Togekiss|Air Slash|p2a: Milotic","|-damage|p2a: Milotic|308/393 brn","|cant|p2a: Milotic|flinch","|","|-damage|p2a: Milotic|259/393 brn|[from] brn","|turn|3","|","|move|p1a: Togekiss|Air Slash|p2a: Milotic","|-damage|p2a: Milotic|169/393 brn","|move|p2a: Milotic|Ice Beam|p1a: Togekiss","|-supereffective|p1a: Togekiss","|-damage|p1a: Togekiss|286/374","|","|-heal|p1a: Togekiss|309/374|[from] item: Leftovers","|-damage|p2a: Milotic|120/393 brn|[from] brn","|turn|4","|","|move|p1a: Togekiss|Air Slash|p2a: Milotic","|-damage|p2a: Milotic|36/393 brn","|move|p2a: Milotic|Recover|p2a: Milotic","|-heal|p2a: Milotic|233/393 brn","|","|-heal|p1a: Togekiss|332/374|[from] item: Leftovers","|-damage|p2a: Milotic|184/393 brn|[from] brn","|turn|5","|","|move|p1a: Togekiss|Air Slash|p2a: Milotic","|-damage|p2a: Milotic|93/393 brn","|move|p2a: Milotic|Recover|p2a: Milotic","|-heal|p2a: Milotic|290/393 brn","|","|-heal|p1a: Togekiss|355/374|[from] item: Leftovers","|-damage|p2a: Milotic|241/393 brn|[from] brn","|turn|6","|","|switch|p2a: Vaporeon|Vaporeon, F|463/463","|move|p1a: Togekiss|Air Slash|p2a: Vaporeon|[miss]","|-miss|p1a: Togekiss|p2a: Vaporeon","|","|-heal|p1a: Togekiss|374/374|[from] item: Leftovers","|turn|7","|","|move|p1a: Togekiss|Thunder Wave|p2a: Vaporeon","|-status|p2a: Vaporeon|par","|move|p2a: Vaporeon|Charm|p1a: Togekiss","|-unboost|p1a: Togekiss|atk|2","|","|turn|8","|","|move|p1a: Togekiss|Air Slash|p2a: Vaporeon","|-crit|p2a: Vaporeon","|-damage|p2a: Vaporeon|355/463 par","|cant|p2a: Vaporeon|flinch","|","|turn|9","|","|move|p1a: Togekiss|Air Slash|p2a: Vaporeon","|-damage|p2a: Vaporeon|276/463 par","|move|p2a: Vaporeon|Hail|p2a: Vaporeon","|-weather|Hail","|","|-weather|Hail|[upkeep]","|-damage|p1a: Togekiss|351/374|[from] hail","|-damage|p2a: Vaporeon|248/463 par|[from] hail","|-heal|p1a: Togekiss|374/374|[from] item: Leftovers","|turn|10","|","|move|p1a: Togekiss|Air Slash|p2a: Vaporeon","|-damage|p2a: Vaporeon|167/463 par","|cant|p2a: Vaporeon|flinch","|","|-weather|Hail|[upkeep]","|-damage|p1a: Togekiss|351/374|[from] hail","|-damage|p2a: Vaporeon|139/463 par|[from] hail","|-heal|p1a: Togekiss|374/374|[from] item: Leftovers","|turn|11","|","|switch|p2a: Slowbro|Slowbro, M, shiny|393/393","|move|p1a: Togekiss|Air Slash|p2a: Slowbro","|-damage|p2a: Slowbro|293/393","|","|-weather|Hail|[upkeep]","|-damage|p1a: Togekiss|351/374|[from] hail","|-damage|p2a: Slowbro|269/393|[from] hail","|-heal|p1a: Togekiss|374/374|[from] item: Leftovers","|turn|12","|","|move|p1a: Togekiss|Thunder Wave|p2a: Slowbro","|-status|p2a: Slowbro|par","|move|p2a: Slowbro|Return|p1a: Togekiss","|-damage|p1a: Togekiss|307/374","|","|-weather|Hail|[upkeep]","|-damage|p1a: Togekiss|284/374|[from] hail","|-damage|p2a: Slowbro|245/393 par|[from] hail","|-heal|p1a: Togekiss|307/374|[from] item: Leftovers","|turn|13","|","|move|p1a: Togekiss|Air Slash|p2a: Slowbro","|-damage|p2a: Slowbro|151/393 par","|move|p2a: Slowbro|Scald|p1a: Togekiss","|-crit|p1a: Togekiss","|-damage|p1a: Togekiss|175/374","|-status|p1a: Togekiss|brn","|","|-weather|none","|-heal|p1a: Togekiss|198/374 brn|[from] item: Leftovers","|-damage|p1a: Togekiss|152/374 brn|[from] brn","|turn|14","|","|move|p1a: Togekiss|Air Slash|p2a: Slowbro","|-damage|p2a: Slowbro|64/393 par","|move|p2a: Slowbro|Scald|p1a: Togekiss","|-damage|p1a: Togekiss|67/374 brn","|","|-heal|p1a: Togekiss|90/374 brn|[from] item: Leftovers","|-damage|p1a: Togekiss|44/374 brn|[from] brn","|turn|15","|","|switch|p2a: Empoleon|Empoleon, F|371/371","|move|p1a: Togekiss|Air Slash|p2a: Empoleon","|-resisted|p2a: Empoleon","|-damage|p2a: Empoleon|316/371","|","|-heal|p1a: Togekiss|67/374 brn|[from] item: Leftovers","|-damage|p1a: Togekiss|21/374 brn|[from] brn","|turn|16","|","|move|p2a: Empoleon|Aqua Jet|p1a: Togekiss","|-damage|p1a: Togekiss|0 fnt","|faint|p1a: Togekiss","|","|","|switch|p1a: Dragonite|Dragonite, M|323/323","|turn|17","|","|switch|p2a: Milotic|Milotic, M, shiny|241/393 brn","|move|p1a: Dragonite|Earthquake|p2a: Milotic","|-damage|p2a: Milotic|139/393 brn","|","|-damage|p2a: Milotic|90/393 brn|[from] brn","|turn|18","|","|move|p1a: Dragonite|Earthquake|p2a: Milotic","|-damage|p2a: Milotic|0 fnt","|faint|p2a: Milotic","|","|","|switch|p2a: Manaphy|Manaphy|341/341","|turn|19","|","|switch|p1a: Gliscor|Gliscor, M|351/351","|move|p2a: Manaphy|Dazzling Gleam|p1a: Gliscor","|-damage|p1a: Gliscor|208/351","|","|-status|p1a: Gliscor|tox|[from] item: Toxic Orb","|turn|20","|","|move|p2a: Manaphy|Dazzling Gleam|p1a: Gliscor","|-damage|p1a: Gliscor|60/351 tox","|move|p1a: Gliscor|Knock Off|p2a: Manaphy","|-damage|p2a: Manaphy|271/341","|-enditem|p2a: Manaphy|Choice Specs|[from] move: Knock Off|[of] p1a: Gliscor","|","|-heal|p1a: Gliscor|103/351 tox|[from] ability: Poison Heal","|turn|21","|","|move|p2a: Manaphy|Scald|p1a: Gliscor","|-supereffective|p1a: Gliscor","|-damage|p1a: Gliscor|0 fnt","|faint|p1a: Gliscor","|","|","|switch|p1a: Thundurus-Therian|Thundurus-Therian, M|299/299","|turn|22","|","|move|p1a: Thundurus-Therian|Thunderbolt|p2a: Manaphy","|-supereffective|p2a: Manaphy","|-damage|p2a: Manaphy|0 fnt","|faint|p2a: Manaphy","|","|","|switch|p2a: Ludicolo|Ludicolo, M, shiny|301/301","|turn|23","|","|switch|p1a: Skarmory|Skarmory, F|334/334","|move|p2a: Ludicolo|Rain Dance|p2a: Ludicolo","|-weather|RainDance","|","|-weather|RainDance|[upkeep]","|turn|24","|","|move|p2a: Ludicolo|Leech Seed|p1a: Skarmory","|-start|p1a: Skarmory|move: Leech Seed","|move|p1a: Skarmory|Roar|p2a: Ludicolo","|drag|p2a: Empoleon|Empoleon, F|316/371","|","|-weather|RainDance|[upkeep]","|-damage|p1a: Skarmory|293/334|[from] Leech Seed|[of] p2a: Empoleon","|-heal|p2a: Empoleon|357/371|[silent]","|turn|25","|","|move|p1a: Skarmory|Stealth Rock|p2a: Empoleon","|-sidestart|p2: Just'HydroSH|move: Stealth Rock","|move|p2a: Empoleon|Scald|p1a: Skarmory","|-damage|p1a: Skarmory|0 fnt","|faint|p1a: Skarmory","|","|-weather|RainDance|[upkeep]","|","|switch|p1a: Dragonite|Dragonite, M|323/323","|turn|26","|","|move|p2a: Empoleon|Aqua Jet|p1a: Dragonite","|-resisted|p1a: Dragonite","|-damage|p1a: Dragonite|304/323","|move|p1a: Dragonite|Earthquake|p2a: Empoleon","|-crit|p2a: Empoleon","|-supereffective|p2a: Empoleon","|-damage|p2a: Empoleon|0 fnt","|faint|p2a: Empoleon","|","|-weather|RainDance|[upkeep]","|","|switch|p2a: Ludicolo|Ludicolo, M, shiny|301/301","|-damage|p2a: Ludicolo|264/301|[from] Stealth Rock","|turn|27","|","|move|p1a: Dragonite|Earthquake|p2a: Ludicolo","|-resisted|p2a: Ludicolo","|-damage|p2a: Ludicolo|136/301","|move|p2a: Ludicolo|Leech Seed|p1a: Dragonite","|-start|p1a: Dragonite|move: Leech Seed","|","|-weather|none","|-damage|p1a: Dragonite|264/323|[from] Leech Seed|[of] p2a: Ludicolo","|-heal|p2a: Ludicolo|188/301|[silent]","|turn|28","|","|switch|p1a: Pidgeot|Pidgeot, M|307/307","|move|p2a: Ludicolo|Fire Punch|p1a: Pidgeot","|-damage|p1a: Pidgeot|225/307","|","|turn|29","|","|detailschange|p1a: Pidgeot|Pidgeot-Mega, M","|-mega|p1a: Pidgeot|Pidgeot|Pidgeotite","|move|p1a: Pidgeot|Hurricane|p2a: Ludicolo","|-supereffective|p2a: Ludicolo","|-damage|p2a: Ludicolo|0 fnt","|faint|p2a: Ludicolo","|","|","|switch|p2a: Slowbro|Slowbro, M, shiny|64/393 par","|-damage|p2a: Slowbro|15/393 par|[from] Stealth Rock","|turn|30","|","|move|p1a: Pidgeot|Hurricane|p2a: Slowbro","|-damage|p2a: Slowbro|0 fnt","|faint|p2a: Slowbro","|","|","|switch|p2a: Vaporeon|Vaporeon, F|139/463 par","|-damage|p2a: Vaporeon|82/463 par|[from] Stealth Rock","|turn|31","|","|move|p1a: Pidgeot|Hurricane|p2a: Vaporeon","|-damage|p2a: Vaporeon|0 fnt","|faint|p2a: Vaporeon","|","|win|Neowulf - ⓢⓐⓓ"],"p1rating":{"entryid":"6156418","serverid":"eos","formatid":"monotype","userid":"neowulf","username":"Neowulf","w":138,"l":"74","t":"0","gxe":67.3,"r":"1645.1326355477","rd":"40.456950219744","sigma":"0","rptime":"1439629200","rpr":1636.6236019747,"rprd":39.782602278891,"rpsigma":"0","acre":1352.5746956036,"lacre":1352.5746956036,"oldacre":"1346.3036212859"},"p2rating":{"entryid":"7647217","serverid":"eos","formatid":"monotype","userid":"justhydrosh","username":"Just'HydroSH","w":"2","l":3,"t":"0","gxe":43.8,"r":"1500","rd":"130","sigma":"0","rptime":"1439629200","rpr":1450.6617022351,"rprd":104.18805150336,"rpsigma":"0","acre":1048.3622217142,"lacre":1048.3622217142,"oldacre":"1054.0393969298"},"endType":"normal"}