{"seed":[10695,12812,22066,38118],"turns":26,"p1":"Neowulf - ⓢⓐⓓ","p2":"Void Chrono","p1team":[{"name":"Dragonite","species":"Dragonite","item":"choiceband","ability":"Multiscale","moves":["firepunch","earthquake","dragonclaw","extremespeed"],"nature":"Jolly","evs":{"hp":0,"atk":252,"def":0,"spa":0,"spd":4,"spe":252},"ivs":{"hp":31,"atk":31,"def":31,"spa":31,"spd":31,"spe":31}},{"name":"Pidgeot","species":"Pidgeot","item":"pidgeotite","ability":"Big Pecks","moves":["hurricane","heatwave","uturn","roost"],"nature":"Timid","evs":{"hp":0,"atk":0,"def":0,"spa":252,"spd":4,"spe":252},"ivs":{"hp":31,"atk":31,"def":31,"spa":31,"spd":31,"spe":31}},{"name":"Skarmory","species":"Skarmory","item":"leftovers","ability":"Sturdy","moves":["stealthrock","roost","ironhead","roar"],"nature":"Impish","evs":{"hp":252,"atk":0,"def":232,"spa":0,"spd":0,"spe":24},"ivs":{"hp":31,"atk":31,"def":31,"spa":31,"spd":31,"spe":31}},{"name":"Togekiss","species":"Togekiss","item":"leftovers","ability":"Serene Grace","moves":["thunderwave","roost","defog","airslash"],"nature":"Calm","evs":{"hp":252,"atk":0,"def":0,"spa":4,"spd":252,"spe":0},"ivs":{"hp":31,"atk":31,"def":31,"spa":31,"spd":31,"spe":31}},{"name":"Thundurus-Therian","species":"Thundurus-Therian","item":"choicescarf","ability":"Volt Absorb","moves":["thunderbolt","voltswitch","flashcannon","hiddenpowerice"],"nature":"Timid","evs":{"hp":0,"atk":0,"def":0,"spa":252,"spd":4,"spe":252},"ivs":{"hp":31,"atk":30,"def":30,"spa":31,"spd":31,"spe":31}},{"name":"Gliscor","species":"Gliscor","item":"toxicorb","ability":"Poison Heal","moves":["earthquake","knockoff","toxic","roost"],"nature":"Impish","evs":{"hp":240,"atk":8,"def":188,"spa":0,"spd":0,"spe":72},"ivs":{"hp":31,"atk":31,"def":31,"spa":31,"spd":31,"spe":31}}],"p2team":[{"name":"Charizard","species":"Charizard","item":"charizarditex","ability":"Blaze","moves":["willowisp","roost","defog","dragontail"],"nature":"Impish","evs":{"hp":248,"atk":0,"def":252,"spa":0,"spd":8,"spe":0},"ivs":{"hp":31,"atk":31,"def":31,"spa":31,"spd":31,"spe":31}},{"name":"Infernape","species":"Infernape","item":"focussash","ability":"Blaze","moves":["stealthrock","closecombat","machpunch","willowisp"],"nature":"Hasty","evs":{"hp":0,"atk":4,"def":0,"spa":252,"spd":0,"spe":252},"ivs":{"hp":31,"atk":31,"def":31,"spa":31,"spd":31,"spe":31}},{"name":"Heatran","species":"Heatran","item":"airballoon","ability":"Flash Fire","moves":["flashcannon","lavaplume","taunt","roar"],"nature":"Calm","evs":{"hp":248,"atk":0,"def":0,"spa":8,"spd":252,"spe":0},"ivs":{"hp":31,"atk":31,"def":31,"spa":31,"spd":31,"spe":31}},{"name":"Flareon","species":"Flareon","item":"leftovers","ability":"Guts","moves":["wish","protect","healbell","overheat"],"nature":"Calm","evs":{"hp":252,"atk":0,"def":0,"spa":4,"spd":252,"spe":0},"ivs":{"hp":31,"atk":31,"def":31,"spa":31,"spd":31,"spe":31}},{"name":"Ninetales","species":"Ninetales","item":"heatrock","ability":"Drought","moves":["willowisp","solarbeam","fireblast","foulplay"],"nature":"Timid","evs":{"hp":0,"atk":0,"def":0,"spa":252,"spd":4,"spe":252},"ivs":{"hp":31,"atk":31,"def":31,"spa":31,"spd":31,"spe":31}},{"name":"Arcanine","species":"Arcanine","item":"leftovers","ability":"Intimidate","moves":["willowisp","extremespeed","flareblitz","morningsun"],"nature":"Impish","evs":{"hp":248,"atk":0,"def":252,"spa":0,"spd":8,"spe":0},"ivs":{"hp":31,"atk":31,"def":31,"spa":31,"spd":31,"spe":31}}],"log":["|player|p1|Neowulf - ⓢⓐⓓ|163","|player|p2|Void Chrono|voidchrono.png","|gametype|singles","|gen|6","|tier|Monotype","|rated","|rule|Baton Pass Clause: Limit one Baton Passer, can't pass Spe and other stats simultaneously","|rule|Swagger Clause: Swagger is banned","|rule|Same Type Clause: Pokémon in a team must share a type","|clearpoke","|poke|p1|Dragonite, M","|poke|p1|Pidgeot, M","|poke|p1|Skarmory, M","|poke|p1|Togekiss, M","|poke|p1|Thundurus-Therian, M","|poke|p1|Gliscor, M","|poke|p2|Charizard, M","|poke|p2|Infernape, F","|poke|p2|Heatran, F","|poke|p2|Flareon, F","|poke|p2|Ninetales, M","|poke|p2|Arcanine, F","|rule|Sleep Clause Mod: Limit one foe put to sleep","|rule|Species Clause: Limit one of each Pokémon","|rule|OHKO Clause: OHKO moves are banned","|rule|Moody Clause: Moody is banned","|rule|Evasion Moves Clause: Evasion moves are banned","|rule|Endless Battle Clause: Forcing endless battles is banned","|rule|HP Percentage Mod: HP is shown in percentages","|teampreview","|","|start","|switch|p1a: Thundurus-Therian|Thundurus-Therian, M|299/299","|switch|p2a: Charizard|Charizard, M|359/359","|turn|1","|","|detailschange|p2a: Charizard|Charizard-Mega-X, M","|-mega|p2a: Charizard|Charizard|Charizardite X","|move|p1a: Thundurus-Therian|Volt Switch|p2a: Charizard","|-resisted|p2a: Charizard","|-damage|p2a: Charizard|286/359","|","|switch|p1a: Gliscor|Gliscor, M|351/351","|move|p2a: Charizard|Dragon Tail|p1a: Gliscor","|-damage|p1a: Gliscor|278/351","|drag|p1a: Skarmory|Skarmory, M|334/334","|","|turn|2","|","|switch|p1a: Gliscor|Gliscor, M|278/351","|move|p2a: Charizard|Will-O-Wisp|p1a: Gliscor","|-status|p1a: Gliscor|brn","|","|-damage|p1a: Gliscor|235/351 brn|[from] brn","|turn|3","|","|move|p1a: Gliscor|Toxic|p2a: Charizard","|-status|p2a: Charizard|tox","|move|p2a: Charizard|Dragon Tail|p1a: Gliscor","|-damage|p1a: Gliscor|163/351 brn","|drag|p1a: Togekiss|Togekiss, M|374/374","|","|-damage|p2a: Charizard|264/359 tox|[from] psn","|turn|4","|","|switch|p2a: Flareon|Flareon, F|334/334","|switch|p1a: Gliscor|Gliscor, M|163/351 brn","|","|-damage|p1a: Gliscor|120/351 brn|[from] brn","|turn|5","|","|move|p1a: Gliscor|Knock Off|p2a: Flareon","|-damage|p2a: Flareon|279/334","|-enditem|p2a: Flareon|Leftovers|[from] move: Knock Off|[of] p1a: Gliscor","|move|p2a: Flareon|Heal Bell|p2a: Flareon","|-cureteam|p2a: Flareon|[from] move: HealBell","|","|-damage|p1a: Gliscor|77/351 brn|[from] brn","|turn|6","|","|move|p1a: Gliscor|Toxic|p2a: Flareon|[miss]","|-miss|p1a: Gliscor|p2a: Flareon","|move|p2a: Flareon|Wish|p2a: Flareon","|","|-damage|p1a: Gliscor|34/351 brn|[from] brn","|turn|7","|","|switch|p2a: Heatran|Heatran, F|385/385","|-item|p2a: Heatran|Air Balloon","|move|p1a: Gliscor|Earthquake|p2a: Heatran","|-immune|p2a: Heatran|[msg]","|","|-damage|p1a: Gliscor|0 fnt|[from] brn","|faint|p1a: Gliscor","|","|switch|p1a: Thundurus-Therian|Thundurus-Therian, M|299/299","|turn|8","|","|move|p1a: Thundurus-Therian|Volt Switch|p2a: Heatran","|-damage|p2a: Heatran|297/385","|-enditem|p2a: Heatran|Air Balloon","|","|switch|p1a: Dragonite|Dragonite, M|323/323","|move|p2a: Heatran|Lava Plume|p1a: Dragonite","|-resisted|p1a: Dragonite","|-damage|p1a: Dragonite|294/323","|","|turn|9","|","|move|p1a: Dragonite|Earthquake|p2a: Heatran","|-supereffective|p2a: Heatran","|-damage|p2a: Heatran|0 fnt","|faint|p2a: Heatran","|","|","|switch|p2a: Arcanine|Arcanine, F|383/383","|-ability|p2a: Arcanine|Intimidate","|-unboost|p1a: Dragonite|atk|1","|turn|10","|","|switch|p1a: Skarmory|Skarmory, M|334/334","|move|p2a: Arcanine|Will-O-Wisp|p1a: Skarmory|[miss]","|-miss|p2a: Arcanine|p1a: Skarmory","|","|turn|11","|","|move|p2a: Arcanine|Will-O-Wisp|p1a: Skarmory","|-status|p1a: Skarmory|brn","|move|p1a: Skarmory|Stealth Rock|p2a: Arcanine","|-sidestart|p2: Void Chrono|move: Stealth Rock","|","|-damage|p1a: Skarmory|293/334 brn|[from] brn","|turn|12","|","|switch|p2a: Charizard|Charizard-Mega-X, M|264/359","|-damage|p2a: Charizard|175/359|[from] Stealth Rock","|move|p1a: Skarmory|Roar|p2a: Charizard","|drag|p2a: Ninetales|Ninetales, M|287/287","|-damage|p2a: Ninetales|216/287|[from] Stealth Rock","|-weather|SunnyDay","|","|-weather|SunnyDay|[upkeep]","|-heal|p1a: Skarmory|313/334 brn|[from] item: Leftovers","|-damage|p1a: Skarmory|272/334 brn|[from] brn","|turn|13","|","|move|p2a: Ninetales|Fire Blast|p1a: Skarmory","|-supereffective|p1a: Skarmory","|-damage|p1a: Skarmory|0 fnt","|faint|p1a: Skarmory","|","|-weather|SunnyDay|[upkeep]","|","|switch|p1a: Pidgeot|Pidgeot, M|307/307","|turn|14","|","|detailschange|p1a: Pidgeot|Pidgeot-Mega, M","|-mega|p1a: Pidgeot|Pidgeot|Pidgeotite","|move|p1a: Pidgeot|Hurricane|p2a: Ninetales","|-damage|p2a: Ninetales|30/287","|-start|p2a: Ninetales|confusion","|-activate|p2a: Ninetales|confusion","|move|p2a: Ninetales|Fire Blast|p1a: Pidgeot","|-damage|p1a: Pidgeot|33/307","|-status|p1a: Pidgeot|brn","|","|-weather|SunnyDay|[upkeep]","|-damage|p1a: Pidgeot|0 fnt|[from] brn","|faint|p1a: Pidgeot","|","|switch|p1a: Thundurus-Therian|Thundurus-Therian, M|299/299","|turn|15","|","|move|p1a: Thundurus-Therian|Volt Switch|p2a: Ninetales","|-crit|p2a: Ninetales","|-damage|p2a: Ninetales|0 fnt","|faint|p2a: Ninetales","|","|switch|p1a: Dragonite|Dragonite, M|294/323","|","|-weather|SunnyDay|[upkeep]","|","|switch|p2a: Arcanine|Arcanine, F|383/383","|-damage|p2a: Arcanine|288/383|[from] Stealth Rock","|-ability|p2a: Arcanine|Intimidate","|-unboost|p1a: Dragonite|atk|1","|turn|16","|","|move|p1a: Dragonite|Earthquake|p2a: Arcanine","|-supereffective|p2a: Arcanine","|-damage|p2a: Arcanine|102/383","|move|p2a: Arcanine|Will-O-Wisp|p1a: Dragonite","|-status|p1a: Dragonite|brn","|","|-weather|SunnyDay|[upkeep]","|-heal|p2a: Arcanine|125/383|[from] item: Leftovers","|-damage|p1a: Dragonite|254/323 brn|[from] brn","|turn|17","|","|move|p1a: Dragonite|Earthquake|p2a: Arcanine","|-supereffective|p2a: Arcanine","|-damage|p2a: Arcanine|24/383","|move|p2a: Arcanine|Morning Sun|p2a: Arcanine","|-heal|p2a: Arcanine|279/383","|","|-weather|SunnyDay|[upkeep]","|-heal|p2a: Arcanine|302/383|[from] item: Leftovers","|-damage|p1a: Dragonite|214/323 brn|[from] brn","|turn|18","|","|switch|p1a: Togekiss|Togekiss, M|374/374","|move|p2a: Arcanine|Flare Blitz|p1a: Togekiss","|-damage|p1a: Togekiss|142/374","|-damage|p2a: Arcanine|225/383|[from] recoil|[of] p1a: Togekiss","|","|-weather|SunnyDay|[upkeep]","|-heal|p2a: Arcanine|248/383|[from] item: Leftovers","|-heal|p1a: Togekiss|165/374|[from] item: Leftovers","|turn|19","|","|move|p2a: Arcanine|Flare Blitz|p1a: Togekiss","|-damage|p1a: Togekiss|0 fnt","|-damage|p2a: Arcanine|194/383|[from] recoil|[of] p1a: Togekiss","|faint|p1a: Togekiss","|","|-weather|none","|-heal|p2a: Arcanine|217/383|[from] item: Leftovers","|","|switch|p1a: Thundurus-Therian|Thundurus-Therian, M|299/299","|turn|20","|","|move|p1a: Thundurus-Therian|Thunderbolt|p2a: Arcanine","|-damage|p2a: Arcanine|13/383","|move|p2a: Arcanine|Morning Sun|p2a: Arcanine","|-heal|p2a: Arcanine|204/383","|","|-heal|p2a: Arcanine|227/383|[from] item: Leftovers","|turn|21","|","|move|p1a: Thundurus-Therian|Thunderbolt|p2a: Arcanine","|-damage|p2a: Arcanine|37/383","|move|p2a: Arcanine|Flare Blitz|p1a: Thundurus-Therian","|-crit|p1a: Thundurus-Therian","|-damage|p1a: Thundurus-Therian|2/299","|-damage|p2a: Arcanine|0 fnt|[from] recoil|[of] p1a: Thundurus-Therian","|faint|p2a: Arcanine","|","|","|switch|p2a: Charizard|Charizard-Mega-X, M|175/359","|-damage|p2a: Charizard|86/359|[from] Stealth Rock","|turn|22","|","|switch|p1a: Dragonite|Dragonite, M|214/323 brn","|move|p2a: Charizard|Defog|p1a: Dragonite","|-unboost|p1a: Dragonite|evasion|1","|-sideend|p2: Void Chrono|Stealth Rock|[from] move: Defog|[of] p2a: Charizard","|","|-damage|p1a: Dragonite|174/323 brn|[from] brn","|turn|23","|","|move|p1a: Dragonite|Earthquake|p2a: Charizard","|-supereffective|p2a: Charizard","|-damage|p2a: Charizard|0 fnt","|faint|p2a: Charizard","|","|-damage|p1a: Dragonite|134/323 brn|[from] brn","|","|switch|p2a: Flareon|Flareon, F|279/334","|turn|24","|","|move|p1a: Dragonite|Earthquake|p2a: Flareon","|-crit|p2a: Flareon","|-supereffective|p2a: Flareon","|-damage|p2a: Flareon|0 fnt","|faint|p2a: Flareon","|","|-damage|p1a: Dragonite|94/323 brn|[from] brn","|","|switch|p2a: Infernape|Infernape, F|293/293","|turn|25","|","|move|p2a: Infernape|Close Combat|p1a: Dragonite","|-resisted|p1a: Dragonite","|-damage|p1a: Dragonite|16/323 brn","|-unboost|p2a: Infernape|def|1","|-unboost|p2a: Infernape|spd|1","|move|p1a: Dragonite|Earthquake|p2a: Infernape","|-supereffective|p2a: Infernape","|-enditem|p2a: Infernape|Focus Sash","|-damage|p2a: Infernape|1/293","|","|-damage|p1a: Dragonite|0 fnt|[from] brn","|faint|p1a: Dragonite","|","|switch|p1a: Thundurus-Therian|Thundurus-Therian, M|2/299","|turn|26","|","|move|p2a: Infernape|Mach Punch|p1a: Thundurus-Therian","|-resisted|p1a: Thundurus-Therian","|-damage|p1a: Thundurus-Therian|0 fnt","|faint|p1a: Thundurus-Therian","|","|win|Void Chrono"],"p1rating":{"entryid":"6156418","serverid":"eos","formatid":"monotype","userid":"neowulf","username":"Neowulf","w":"137","l":74,"t":"0","gxe":67,"r":"1645.1326355477","rd":"40.456950219744","sigma":"0","rptime":"1439629200","rpr":1633.8531947169,"rprd":39.976686791024,"rpsigma":"0","acre":1346.3036212859,"lacre":1346.3036212859,"oldacre":"1372.9678293207"},"p2rating":{"entryid":"5810362","serverid":"eos","formatid":"monotype","userid":"voidchrono","username":"Void Chrono ת_תת_ת","w":138,"l":"76","t":"0","gxe":64.5,"r":"1609.5074050888","rd":"32.266630534179","sigma":"0","rptime":"1439629200","rpr":1612.7536179993,"rprd":32.131991340995,"rpsigma":"0","acre":1285.9341385457,"lacre":1285.9341385457,"oldacre":"1252.6038785022"},"endType":"normal"}