{"seed":[58450,19829,3070,4823],"turns":21,"p1":"tahit","p2":"Inferno Sasuke","p1team":[{"name":"Aegi","species":"aegislash","item":"weaknesspolicy","ability":"Stance Change","moves":["kingsshield","shadowball","sacredsword","shadowsneak"],"nature":"Quiet","evs":{"hp":252,"atk":0,"def":0,"spa":252,"spd":4,"spe":0},"ivs":{"hp":31,"atk":31,"def":31,"spa":31,"spd":31,"spe":0}},{"name":"Hoopa","species":"Hoopa","item":"lifeorb","ability":"Magician","moves":["trickroom","psychic","shadowball","focusblast"],"nature":"Quiet","evs":{"hp":252,"atk":0,"def":4,"spa":252,"spd":0,"spe":0},"ivs":{"hp":31,"atk":31,"def":31,"spa":31,"spd":31,"spe":31}},{"name":"Treve","species":"trevenant","item":"sitrusberry","ability":"Harvest","moves":["substitute","leechseed","willowisp","rockslide"],"nature":"Impish","evs":{"hp":252,"atk":0,"def":148,"spa":0,"spd":108,"spe":0},"ivs":{"hp":31,"atk":31,"def":31,"spa":31,"spd":31,"spe":31}},{"name":"Sableye","species":"Sableye","item":"sablenite","ability":"Prankster","moves":["calmmind","willowisp","recover","dazzlinggleam"],"nature":"Calm","evs":{"hp":0,"atk":0,"def":248,"spa":0,"spd":252,"spe":8},"ivs":{"hp":31,"atk":31,"def":31,"spa":31,"spd":31,"spe":31}},{"name":"G-S","species":"gourgeistsuper","item":"leftovers","ability":"Frisk","moves":["flamecharge","willowisp","leechseed","painsplit"],"nature":"Careful","evs":{"hp":252,"atk":0,"def":252,"spa":0,"spd":4,"spe":0},"ivs":{"hp":31,"atk":31,"def":31,"spa":31,"spd":31,"spe":31}},{"name":"Cofagrigus","species":"Cofagrigus","item":"custapberry","ability":"Mummy","moves":["destinybond","disable","endure","infestation"],"nature":"Bold","evs":{"hp":252,"atk":0,"def":4,"spa":0,"spd":252,"spe":0},"ivs":{"hp":31,"atk":31,"def":31,"spa":31,"spd":31,"spe":31}}],"p2team":[{"name":"Aerodactyl","species":"Aerodactyl","item":"focussash","ability":"Unnerve","moves":["stealthrock","stoneedge","irontail","taunt"],"nature":"Jolly","evs":{"hp":0,"atk":252,"def":4,"spa":0,"spd":0,"spe":252},"shiny":true,"ivs":{"hp":31,"atk":31,"def":31,"spa":31,"spd":31,"spe":31}},{"name":"Charizard","species":"Charizard","item":"charizarditex","ability":"Blaze","moves":["swordsdance","tailwind","flareblitz","outrage"],"nature":"Adamant","evs":{"hp":0,"atk":252,"def":0,"spa":0,"spd":4,"spe":252},"shiny":true,"ivs":{"hp":31,"atk":31,"def":31,"spa":31,"spd":31,"spe":31}},{"name":"Landorus-Therian","species":"Landorus-Therian","item":"leftovers","ability":"Intimidate","moves":["swordsdance","rockpolish","earthquake","stoneedge"],"nature":"Adamant","evs":{"hp":56,"atk":220,"def":0,"spa":0,"spd":0,"spe":232},"shiny":true,"ivs":{"hp":31,"atk":31,"def":31,"spa":31,"spd":31,"spe":31}},{"name":"Dragonite","species":"Dragonite","item":"choiceband","ability":"Multiscale","moves":["outrage","extremespeed","thunderpunch","superpower"],"nature":"Adamant","evs":{"hp":0,"atk":252,"def":4,"spa":0,"spd":0,"spe":252},"shiny":true,"ivs":{"hp":31,"atk":31,"def":31,"spa":31,"spd":31,"spe":31}},{"name":"Togekiss","species":"Togekiss","item":"choicescarf","ability":"Serene Grace","moves":["trick","defog","airslash","dazzlinggleam"],"nature":"Timid","evs":{"hp":0,"atk":0,"def":0,"spa":252,"spd":4,"spe":252},"gender":"F","shiny":true,"ivs":{"hp":31,"atk":31,"def":31,"spa":31,"spd":31,"spe":31}},{"name":"Thundurus-Therian","species":"Thundurus-Therian","item":"choicescarf","ability":"Volt Absorb","moves":["voltswitch","thunderbolt","hiddenpowerice","grassknot"],"nature":"Timid","evs":{"hp":0,"atk":0,"def":0,"spa":252,"spd":4,"spe":252},"ivs":{"hp":31,"atk":30,"def":30,"spa":31,"spd":31,"spe":31},"shiny":true}],"log":["|player|p1|tahit|169","|player|p2|Inferno Sasuke|281","|gametype|singles","|gen|6","|tier|Monotype","|rated","|rule|Baton Pass Clause: Limit one Baton Passer, can't pass Spe and other stats simultaneously","|rule|Swagger Clause: Swagger is banned","|rule|Same Type Clause: Pokémon in a team must share a type","|clearpoke","|poke|p1|Aegislash, F","|poke|p1|Hoopa","|poke|p1|Trevenant, M","|poke|p1|Sableye, M","|poke|p1|Gourgeist-*, F","|poke|p1|Cofagrigus, F","|poke|p2|Aerodactyl, M, shiny","|poke|p2|Charizard, F, shiny","|poke|p2|Landorus-Therian, M, shiny","|poke|p2|Dragonite, M, shiny","|poke|p2|Togekiss, F, shiny","|poke|p2|Thundurus-Therian, M, shiny","|rule|Sleep Clause Mod: Limit one foe put to sleep","|rule|Species Clause: Limit one of each Pokémon","|rule|OHKO Clause: OHKO moves are banned","|rule|Moody Clause: Moody is banned","|rule|Evasion Moves Clause: Evasion moves are banned","|rule|Endless Battle Clause: Forcing endless battles is banned","|rule|HP Percentage Mod: HP is shown in percentages","|teampreview","|","|start","|switch|p1a: G-S|Gourgeist-Super, F|374/374","|switch|p2a: Togekiss|Togekiss, F, shiny|311/311","|-item|p2a: Togekiss|Choice Scarf|[from] ability: Frisk|[of] p1a: G-S|[identify]","|turn|1","|","|move|p2a: Togekiss|Dazzling Gleam|p1a: G-S","|-damage|p1a: G-S|211/374","|move|p1a: G-S|Will-O-Wisp|p2a: Togekiss|[miss]","|-miss|p1a: G-S|p2a: Togekiss","|","|-heal|p1a: G-S|234/374|[from] item: Leftovers","|turn|2","|","|move|p2a: Togekiss|Dazzling Gleam|p1a: G-S","|-damage|p1a: G-S|86/374","|move|p1a: G-S|Will-O-Wisp|p2a: Togekiss","|-status|p2a: Togekiss|brn","|","|-heal|p1a: G-S|109/374|[from] item: Leftovers","|-damage|p2a: Togekiss|273/311 brn|[from] brn","|turn|3","|","|move|p2a: Togekiss|Dazzling Gleam|p1a: G-S","|-damage|p1a: G-S|0 fnt","|faint|p1a: G-S","|","|-damage|p2a: Togekiss|235/311 brn|[from] brn","|","|switch|p1a: Aegi|Aegislash, F|324/324","|turn|4","|","|switch|p2a: Dragonite|Dragonite, M, shiny|323/323","|move|p1a: Aegi|King's Shield|p1a: Aegi","|-fail|p1a: Aegi","|","|turn|5","|","|switch|p2a: Charizard|Charizard, F, shiny|297/297","|-formechange|p1a: Aegi|Aegislash-Blade","|move|p1a: Aegi|Shadow Ball|p2a: Charizard","|-damage|p2a: Charizard|104/297","|","|turn|6","|","|detailschange|p2a: Charizard|Charizard-Mega-X, F, shiny","|-mega|p2a: Charizard|Charizard|Charizardite X","|-formechange|p1a: Aegi|Aegislash","|move|p1a: Aegi|King's Shield|p1a: Aegi","|-singleturn|p1a: Aegi|Protect","|move|p2a: Charizard|Swords Dance|p2a: Charizard","|-boost|p2a: Charizard|atk|2","|","|turn|7","|","|move|p2a: Charizard|Flare Blitz|p1a: Aegi","|-supereffective|p1a: Aegi","|-damage|p1a: Aegi|0 fnt","|-damage|p2a: Charizard|0 fnt|[from] recoil|[of] p1a: Aegi","|faint|p1a: Aegi","|faint|p2a: Charizard","|","|","|switch|p2a: Togekiss|Togekiss, F, shiny|235/311 brn","|switch|p1a: Treve|Trevenant, M|374/374","|turn|8","|","|move|p2a: Togekiss|Dazzling Gleam|p1a: Treve","|-damage|p1a: Treve|241/374","|move|p1a: Treve|Substitute|p1a: Treve","|-start|p1a: Treve|Substitute","|-damage|p1a: Treve|148/374","|-enditem|p1a: Treve|Sitrus Berry|[eat]","|-heal|p1a: Treve|241/374|[from] item: Sitrus Berry","|","|-damage|p2a: Togekiss|197/311 brn|[from] brn","|turn|9","|","|move|p2a: Togekiss|Dazzling Gleam|p1a: Treve","|-end|p1a: Treve|Substitute","|move|p1a: Treve|Rock Slide|p2a: Togekiss","|-supereffective|p2a: Togekiss","|-damage|p2a: Togekiss|55/311 brn","|","|-damage|p2a: Togekiss|17/311 brn|[from] brn","|turn|10","|","|move|p2a: Togekiss|Dazzling Gleam|p1a: Treve","|-damage|p1a: Treve|102/374","|move|p1a: Treve|Substitute|p1a: Treve","|-start|p1a: Treve|Substitute","|-damage|p1a: Treve|9/374","|","|-damage|p2a: Togekiss|0 fnt|[from] brn","|-item|p1a: Treve|Sitrus Berry|[from] ability: Harvest","|faint|p2a: Togekiss","|-enditem|p1a: Treve|Sitrus Berry|[eat]","|-heal|p1a: Treve|102/374|[from] item: Sitrus Berry","|","|switch|p2a: Landorus-Therian|Landorus-Therian, M, shiny|333/333","|-ability|p2a: Landorus-Therian|Intimidate","|-activate|p1a: Treve|Substitute|ability: Intimidate|[of] p2a: Landorus-Therian","|turn|11","|","|move|p2a: Landorus-Therian|Earthquake|p1a: Treve","|-resisted|p1a: Treve","|-end|p1a: Treve|Substitute","|move|p1a: Treve|Will-O-Wisp|p2a: Landorus-Therian|[miss]","|-miss|p1a: Treve|p2a: Landorus-Therian","|","|turn|12","|","|move|p2a: Landorus-Therian|Earthquake|p1a: Treve","|-resisted|p1a: Treve","|-damage|p1a: Treve|0 fnt","|faint|p1a: Treve","|","|","|switch|p1a: Cofagrigus|Cofagrigus, F|320/320","|turn|13","|","|move|p2a: Landorus-Therian|Stone Edge|p1a: Cofagrigus","|-damage|p1a: Cofagrigus|233/320","|move|p1a: Cofagrigus|Disable|p2a: Landorus-Therian","|-start|p2a: Landorus-Therian|Disable|Stone Edge","|","|turn|14","|","|move|p2a: Landorus-Therian|Earthquake|p1a: Cofagrigus","|-damage|p1a: Cofagrigus|83/320","|move|p1a: Cofagrigus|Infestation|p2a: Landorus-Therian","|-resisted|p2a: Landorus-Therian","|-damage|p2a: Landorus-Therian|323/333","|-activate|p2a: Landorus-Therian|move: Infestation|[of] p1a: Cofagrigus","|","|-heal|p2a: Landorus-Therian|333/333|[from] item: Leftovers","|-damage|p2a: Landorus-Therian|292/333|[from] move: Infestation|[partiallytrapped]","|turn|15","|","|move|p2a: Landorus-Therian|Earthquake|p1a: Cofagrigus","|-damage|p1a: Cofagrigus|0 fnt","|faint|p1a: Cofagrigus","|","|-heal|p2a: Landorus-Therian|312/333|[from] item: Leftovers","|","|switch|p1a: Hoopa|Hoopa|364/364","|turn|16","|","|move|p2a: Landorus-Therian|Earthquake|p1a: Hoopa","|-damage|p1a: Hoopa|60/364","|move|p1a: Hoopa|Trick Room|p1a: Hoopa","|-fieldstart|move: Trick Room|[of] p1a: Hoopa","|","|-heal|p2a: Landorus-Therian|332/333|[from] item: Leftovers","|turn|17","|","|move|p1a: Hoopa|Psychic|p2a: Landorus-Therian","|-damage|p2a: Landorus-Therian|23/333","|-damage|p1a: Hoopa|24/364|[from] item: Life Orb","|move|p2a: Landorus-Therian|Earthquake|p1a: Hoopa","|-damage|p1a: Hoopa|0 fnt","|faint|p1a: Hoopa","|","|-heal|p2a: Landorus-Therian|43/333|[from] item: Leftovers","|-end|p2a: Landorus-Therian|Disable","|","|switch|p1a: Sableye|Sableye, M|241/241","|turn|18","|","|move|p1a: Sableye|Will-O-Wisp|p2a: Landorus-Therian","|-status|p2a: Landorus-Therian|brn","|move|p2a: Landorus-Therian|Earthquake|p1a: Sableye","|-damage|p1a: Sableye|151/241","|","|-heal|p2a: Landorus-Therian|63/333 brn|[from] item: Leftovers","|-damage|p2a: Landorus-Therian|22/333 brn|[from] brn","|turn|19","|","|move|p1a: Sableye|Calm Mind|p1a: Sableye","|-boost|p1a: Sableye|spa|1","|-boost|p1a: Sableye|spd|1","|move|p2a: Landorus-Therian|Earthquake|p1a: Sableye","|-damage|p1a: Sableye|54/241","|","|-heal|p2a: Landorus-Therian|42/333 brn|[from] item: Leftovers","|-damage|p2a: Landorus-Therian|1/333 brn|[from] brn","|turn|20","|","|detailschange|p1a: Sableye|Sableye-Mega, M","|-mega|p1a: Sableye|Sableye|Sablenite","|move|p1a: Sableye|Recover|p1a: Sableye","|-heal|p1a: Sableye|175/241","|move|p2a: Landorus-Therian|Earthquake|p1a: Sableye","|-damage|p1a: Sableye|101/241","|","|-heal|p2a: Landorus-Therian|21/333 brn|[from] item: Leftovers","|-damage|p2a: Landorus-Therian|0 fnt|[from] brn","|-fieldend|move: Trick Room","|faint|p2a: Landorus-Therian","|","|switch|p2a: Dragonite|Dragonite, M, shiny|323/323","|turn|21","|","|move|p2a: Dragonite|Outrage|p1a: Sableye","|-damage|p1a: Sableye|0 fnt","|faint|p1a: Sableye","|","|win|Inferno Sasuke"],"p1rating":{"entryid":"7556594","serverid":"eos","formatid":"monotype","userid":"tahit","username":"Tahit","w":"10","l":13,"t":"0","gxe":45.7,"r":"1484.3381392207","rd":"85.404443841914","sigma":"0","rptime":"1439629200","rpr":1467.3611014188,"rprd":66.646412773351,"rpsigma":"0","acre":1045.1354136676,"lacre":1045.1354136676,"oldacre":"1058.7862073586"},"p2rating":{"entryid":"7291991","serverid":"eos","formatid":"monotype","userid":"infernosasuke","username":"Inferno Sasuke","w":28,"l":"80","t":"0","gxe":27.5,"r":"1306.0032181338","rd":"38.501466546741","sigma":"0","rptime":"1439629200","rpr":1317.1095901613,"rprd":38.089059740174,"rpsigma":"0","acre":1174.83478551,"lacre":1174.83478551,"oldacre":"1156.6994315015"},"endType":"normal"}