{"seed":[9013,18181,21942,1987],"turns":25,"p1":"KGBeast","p2":"GTX♅Donbures","p1team":[{"name":"Houndoom","species":"Houndoom","item":"houndoominite","ability":"Flash Fire","moves":["nastyplot","flamethrower","darkpulse","hiddenpowersteel"],"nature":"Timid","evs":{"hp":0,"atk":0,"def":0,"spa":252,"spd":4,"spe":252},"ivs":{"hp":31,"atk":31,"def":31,"spa":31,"spd":30,"spe":31}},{"name":"Ninetales","species":"Ninetales","item":"leftovers","ability":"Drought","moves":["flamethrower","foulplay","toxic","painsplit"],"nature":"Calm","evs":{"hp":248,"atk":0,"def":0,"spa":0,"spd":252,"spe":8},"ivs":{"hp":31,"atk":0,"def":31,"spa":31,"spd":31,"spe":31}},{"name":"Darmanitan","species":"Darmanitan","item":"choicescarf","ability":"Sheer Force","moves":["flareblitz","uturn","rockslide","superpower"],"nature":"Jolly","evs":{"hp":0,"atk":252,"def":0,"spa":0,"spd":4,"spe":252},"ivs":{"hp":31,"atk":31,"def":31,"spa":31,"spd":31,"spe":31}},{"name":"Infernape","species":"Infernape","item":"focussash","ability":"Blaze","moves":["stealthrock","taunt","closecombat","fireblast"],"nature":"Naive","evs":{"hp":0,"atk":252,"def":0,"spa":4,"spd":0,"spe":252},"ivs":{"hp":31,"atk":31,"def":31,"spa":31,"spd":31,"spe":31}},{"name":"Arcanine","species":"Arcanine","item":"leftovers","ability":"Intimidate","moves":["willowisp","flareblitz","roar","morningsun"],"nature":"Impish","evs":{"hp":248,"atk":8,"def":252,"spa":0,"spd":0,"spe":0},"ivs":{"hp":31,"atk":31,"def":31,"spa":31,"spd":31,"spe":31}},{"name":"Heatran","species":"Heatran","item":"airballoon","ability":"Flash Fire","moves":["solarbeam","hiddenpowerice","earthpower","flashcannon"],"nature":"Modest","evs":{"hp":48,"atk":0,"def":0,"spa":252,"spd":0,"spe":208},"ivs":{"hp":31,"atk":30,"def":30,"spa":31,"spd":31,"spe":31}}],"p2team":[{"name":"Mismagius","species":"Mismagius","item":"focussash","ability":"Levitate","moves":["shadowball","confuseray","thunderwave","curse"],"nature":"Timid","evs":{"hp":0,"atk":0,"def":0,"spa":252,"spd":0,"spe":252},"ivs":{"hp":31,"atk":31,"def":31,"spa":31,"spd":31,"spe":31}},{"name":"Sableye","species":"Sableye","item":"leftovers","ability":"Prankster","moves":["shadowsneak","confuseray","willowisp","recover"],"nature":"Brave","evs":{"hp":0,"atk":252,"def":0,"spa":0,"spd":252,"spe":0},"ivs":{"hp":31,"atk":31,"def":31,"spa":31,"spd":31,"spe":31}},{"name":"Dusknoir","species":"Dusknoir","item":"weaknesspolicy","ability":"Pressure","moves":["shadowsneak","suckerpunch","icepunch","earthquake"],"nature":"Adamant","evs":{"hp":0,"atk":252,"def":252,"spa":0,"spd":0,"spe":0},"ivs":{"hp":31,"atk":31,"def":31,"spa":31,"spd":31,"spe":31}},{"name":"Gengar","species":"Gengar","item":"focussash","ability":"Levitate","moves":["focusblast","shadowball","destinybond","sludgewave"],"nature":"Timid","evs":{"hp":0,"atk":0,"def":0,"spa":252,"spd":0,"spe":252},"ivs":{"hp":31,"atk":31,"def":31,"spa":31,"spd":31,"spe":31}},{"name":"Chandelure","species":"Chandelure","item":"passhoberry","ability":"Infiltrator","moves":["heatwave","psychic","confuseray","willowisp"],"nature":"Timid","evs":{"hp":0,"atk":0,"def":0,"spa":252,"spd":0,"spe":252},"ivs":{"hp":31,"atk":31,"def":31,"spa":31,"spd":31,"spe":31}},{"name":"Banette","species":"Banette","item":"banettite","ability":"Insomnia","moves":["shadowsneak","confuseray","toxic","suckerpunch"],"nature":"Brave","evs":{"hp":0,"atk":252,"def":0,"spa":0,"spd":252,"spe":0},"ivs":{"hp":31,"atk":31,"def":31,"spa":31,"spd":31,"spe":31}}],"log":["|player|p1|KGBeast|kgbeast.png","|player|p2|GTX♅Donbures|144","|gametype|singles","|gen|6","|tier|Monotype","|rated","|rule|Baton Pass Clause: Limit one Baton Passer, can't pass Spe and other stats simultaneously","|rule|Swagger Clause: Swagger is banned","|rule|Same Type Clause: Pokémon in a team must share a type","|clearpoke","|poke|p1|Houndoom, M","|poke|p1|Ninetales, M","|poke|p1|Darmanitan, F","|poke|p1|Infernape, M","|poke|p1|Arcanine, F","|poke|p1|Heatran, F","|poke|p2|Mismagius, F","|poke|p2|Sableye, M","|poke|p2|Dusknoir, F","|poke|p2|Gengar, M","|poke|p2|Chandelure, M","|poke|p2|Banette, F","|rule|Sleep Clause Mod: Limit one foe put to sleep","|rule|Species Clause: Limit one of each Pokémon","|rule|OHKO Clause: OHKO moves are banned","|rule|Moody Clause: Moody is banned","|rule|Evasion Moves Clause: Evasion moves are banned","|rule|Endless Battle Clause: Forcing endless battles is banned","|rule|HP Percentage Mod: HP is shown in percentages","|teampreview","|","|start","|switch|p1a: Houndoom|Houndoom, M|291/291","|switch|p2a: Dusknoir|Dusknoir, F|231/231","|-ability|p2a: Dusknoir|Pressure","|turn|1","|","|switch|p1a: Arcanine|Arcanine, F|383/383","|-ability|p1a: Arcanine|Intimidate","|-unboost|p2a: Dusknoir|atk|1","|move|p2a: Dusknoir|Earthquake|p1a: Arcanine","|-supereffective|p1a: Arcanine","|-damage|p1a: Arcanine|269/383","|","|-heal|p1a: Arcanine|292/383|[from] item: Leftovers","|turn|2","|","|switch|p1a: Houndoom|Houndoom, M|291/291","|move|p2a: Dusknoir|Sucker Punch|p1a: Houndoom","|-fail|p2a: Dusknoir","|","|turn|3","|","|switch|p1a: Arcanine|Arcanine, F|292/383","|-ability|p1a: Arcanine|Intimidate","|-unboost|p2a: Dusknoir|atk|1","|switch|p2a: Gengar|Gengar, M|261/261","|","|-heal|p1a: Arcanine|315/383|[from] item: Leftovers","|turn|4","|","|switch|p1a: Ninetales|Ninetales, M|349/349","|-weather|SunnyDay","|move|p2a: Gengar|Sludge Wave|p1a: Ninetales","|-damage|p1a: Ninetales|229/349","|","|-weather|SunnyDay|[upkeep]","|-heal|p1a: Ninetales|250/349|[from] item: Leftovers","|turn|5","|","|move|p2a: Gengar|Shadow Ball|p1a: Ninetales","|-crit|p1a: Ninetales","|-damage|p1a: Ninetales|85/349","|move|p1a: Ninetales|Foul Play|p2a: Gengar","|-supereffective|p2a: Gengar","|-damage|p2a: Gengar|123/261","|","|-weather|SunnyDay|[upkeep]","|-heal|p1a: Ninetales|106/349|[from] item: Leftovers","|turn|6","|","|move|p2a: Gengar|Sludge Wave|p1a: Ninetales","|-damage|p1a: Ninetales|0 fnt","|faint|p1a: Ninetales","|","|-weather|SunnyDay|[upkeep]","|","|switch|p1a: Darmanitan|Darmanitan, F|351/351","|turn|7","|","|move|p1a: Darmanitan|Rock Slide|p2a: Gengar","|-damage|p2a: Gengar|0 fnt","|faint|p2a: Gengar","|","|-weather|SunnyDay|[upkeep]","|","|switch|p2a: Sableye|Sableye, M|241/241","|turn|8","|","|switch|p1a: Houndoom|Houndoom, M|291/291","|move|p2a: Sableye|Confuse Ray|p1a: Houndoom","|-start|p1a: Houndoom|confusion","|","|-weather|none","|turn|9","|","|detailschange|p1a: Houndoom|Houndoom-Mega, M","|-mega|p1a: Houndoom|Houndoom|Houndoominite","|move|p2a: Sableye|Shadow Sneak|p1a: Houndoom","|-resisted|p1a: Houndoom","|-damage|p1a: Houndoom|261/291","|-activate|p1a: Houndoom|confusion","|move|p1a: Houndoom|Nasty Plot|p1a: Houndoom","|-boost|p1a: Houndoom|spa|2","|","|turn|10","|","|move|p2a: Sableye|Shadow Sneak|p1a: Houndoom","|-resisted|p1a: Houndoom","|-damage|p1a: Houndoom|230/291","|-activate|p1a: Houndoom|confusion","|move|p1a: Houndoom|Dark Pulse|p2a: Sableye","|-damage|p2a: Sableye|0 fnt","|faint|p2a: Sableye","|","|","|switch|p2a: Mismagius|Mismagius, F|261/261","|turn|11","|","|-activate|p1a: Houndoom|confusion","|-damage|p1a: Houndoom|200/291|[from] confusion","|move|p2a: Mismagius|Thunder Wave|p1a: Houndoom","|-status|p1a: Houndoom|par","|","|turn|12","|","|move|p2a: Mismagius|Shadow Ball|p1a: Houndoom","|-crit|p1a: Houndoom","|-resisted|p1a: Houndoom","|-damage|p1a: Houndoom|104/291 par","|-activate|p1a: Houndoom|confusion","|move|p1a: Houndoom|Dark Pulse|p2a: Mismagius","|-supereffective|p2a: Mismagius","|-enditem|p2a: Mismagius|Focus Sash","|-damage|p2a: Mismagius|1/261","|","|turn|13","|","|move|p2a: Mismagius|Shadow Ball|p1a: Houndoom","|-crit|p1a: Houndoom","|-resisted|p1a: Houndoom","|-damage|p1a: Houndoom|3/291 par","|-end|p1a: Houndoom|confusion","|move|p1a: Houndoom|Dark Pulse|p2a: Mismagius","|-supereffective|p2a: Mismagius","|-damage|p2a: Mismagius|0 fnt","|faint|p2a: Mismagius","|","|","|switch|p2a: Banette|Banette, F|269/269","|turn|14","|","|detailschange|p2a: Banette|Banette-Mega, F","|-mega|p2a: Banette|Banette|Banettite","|move|p2a: Banette|Shadow Sneak|p1a: Houndoom","|-resisted|p1a: Houndoom","|-damage|p1a: Houndoom|0 fnt","|faint|p1a: Houndoom","|","|","|switch|p1a: Darmanitan|Darmanitan, F|351/351","|turn|15","|","|move|p2a: Banette|Confuse Ray|p1a: Darmanitan","|-start|p1a: Darmanitan|confusion","|-activate|p1a: Darmanitan|confusion","|-damage|p1a: Darmanitan|262/351|[from] confusion","|","|turn|16","|","|switch|p1a: Arcanine|Arcanine, F|315/383","|-ability|p1a: Arcanine|Intimidate","|-unboost|p2a: Banette|atk|1","|move|p2a: Banette|Toxic|p1a: Arcanine","|-status|p1a: Arcanine|tox","|","|-heal|p1a: Arcanine|338/383 tox|[from] item: Leftovers","|-damage|p1a: Arcanine|315/383 tox|[from] psn","|turn|17","|","|move|p2a: Banette|Confuse Ray|p1a: Arcanine","|-start|p1a: Arcanine|confusion","|-activate|p1a: Arcanine|confusion","|move|p1a: Arcanine|Will-O-Wisp|p2a: Banette","|-status|p2a: Banette|brn","|","|-heal|p1a: Arcanine|338/383 tox|[from] item: Leftovers","|-damage|p1a: Arcanine|292/383 tox|[from] psn","|-damage|p2a: Banette|236/269 brn|[from] brn","|turn|18","|","|move|p2a: Banette|Shadow Sneak|p1a: Arcanine","|-crit|p1a: Arcanine","|-damage|p1a: Arcanine|232/383 tox","|-activate|p1a: Arcanine|confusion","|move|p1a: Arcanine|Flare Blitz|p2a: Banette","|-damage|p2a: Banette|53/269 brn","|-damage|p1a: Arcanine|172/383 tox|[from] recoil|[of] p2a: Banette","|","|-heal|p1a: Arcanine|195/383 tox|[from] item: Leftovers","|-damage|p1a: Arcanine|126/383 tox|[from] psn","|-damage|p2a: Banette|20/269 brn|[from] brn","|turn|19","|","|move|p2a: Banette|Sucker Punch|p1a: Arcanine","|-fail|p2a: Banette","|-activate|p1a: Arcanine|confusion","|move|p1a: Arcanine|Morning Sun|p1a: Arcanine","|-heal|p1a: Arcanine|317/383 tox","|","|-heal|p1a: Arcanine|340/383 tox|[from] item: Leftovers","|-damage|p1a: Arcanine|248/383 tox|[from] psn","|-damage|p2a: Banette|0 fnt|[from] brn","|faint|p2a: Banette","|","|switch|p2a: Chandelure|Chandelure, M|261/261","|turn|20","|","|switch|p1a: Heatran|Heatran, F|335/335","|-item|p1a: Heatran|Air Balloon","|move|p2a: Chandelure|Psychic|p1a: Heatran","|-resisted|p1a: Heatran","|-damage|p1a: Heatran|280/335","|-enditem|p1a: Heatran|Air Balloon","|","|turn|21","|","|move|p2a: Chandelure|Confuse Ray|p1a: Heatran","|-start|p1a: Heatran|confusion","|-activate|p1a: Heatran|confusion","|-damage|p1a: Heatran|256/335|[from] confusion","|","|turn|22","|","|move|p2a: Chandelure|Psychic|p1a: Heatran","|-resisted|p1a: Heatran","|-damage|p1a: Heatran|198/335","|-activate|p1a: Heatran|confusion","|move|p1a: Heatran|Earth Power|p2a: Chandelure","|-supereffective|p2a: Chandelure","|-damage|p2a: Chandelure|21/261","|-unboost|p2a: Chandelure|spd|1","|","|turn|23","|","|move|p2a: Chandelure|Psychic|p1a: Heatran","|-resisted|p1a: Heatran","|-damage|p1a: Heatran|141/335","|-end|p1a: Heatran|confusion","|move|p1a: Heatran|Earth Power|p2a: Chandelure","|-supereffective|p2a: Chandelure","|-damage|p2a: Chandelure|0 fnt","|faint|p2a: Chandelure","|","|","|switch|p2a: Dusknoir|Dusknoir, F|231/231","|-ability|p2a: Dusknoir|Pressure","|turn|24","|","|move|p1a: Heatran|Flash Cannon|p2a: Dusknoir","|-damage|p2a: Dusknoir|111/231","|move|p2a: Dusknoir|Earthquake|p1a: Heatran","|-supereffective|p1a: Heatran","|-damage|p1a: Heatran|0 fnt","|faint|p1a: Heatran","|","|","|switch|p1a: Darmanitan|Darmanitan, F|262/351","|turn|25","|","|move|p1a: Darmanitan|Flare Blitz|p2a: Dusknoir","|-damage|p2a: Dusknoir|0 fnt","|-damage|p1a: Darmanitan|225/351|[from] recoil|[of] p2a: Dusknoir","|faint|p2a: Dusknoir","|","|win|KGBeast"],"p1rating":{"entryid":"6349485","serverid":"eos","formatid":"monotype","userid":"kgbeast","username":"KGBeast","w":76,"l":"45","t":"0","gxe":61,"r":"1580.9981388501","rd":"38.481320672037","sigma":"0","rptime":"1439629200","rpr":1584.3946331178,"rprd":37.768869125433,"rpsigma":"0","acre":1161.1226867507,"lacre":1161.1226867507,"oldacre":"1145.434204346"},"p2rating":{"entryid":"7493402","serverid":"eos","formatid":"monotype","userid":"gtxdonbures","username":"GTX♅Donbures","w":"2","l":6,"t":"0","gxe":38.9,"r":"1447.4793199347","rd":"99.538839420889","sigma":"0","rptime":"1439629200","rpr":1411.7394708854,"rprd":93.269719485532,"rpsigma":"0","acre":1002.3218550936,"lacre":1002.3218550936,"oldacre":"1009.4906074206"},"endType":"normal"}