{"seed":[58334,1208,4417,37362],"turns":29,"p1":"SRITL- Skarlet","p2":"V Photon","p1team":[{"name":"Swampert","species":"Swampert","item":"swampertite","ability":"Damp","moves":["waterfall","earthquake","icepunch","poweruppunch"],"nature":"Adamant","evs":{"hp":248,"atk":252,"def":0,"spa":0,"spd":8,"spe":0},"ivs":{"hp":31,"atk":31,"def":31,"spa":31,"spd":31,"spe":31}},{"name":"Manaphy","species":"Manaphy","item":"sitrusberry","ability":"Hydration","moves":["tailglow","scald","icebeam","energyball"],"nature":"Timid","evs":{"hp":0,"atk":0,"def":0,"spa":252,"spd":4,"spe":252},"shiny":true,"ivs":{"hp":31,"atk":31,"def":31,"spa":31,"spd":31,"spe":31}},{"name":"Azumarill","species":"Azumarill","item":"sitrusberry","ability":"Huge Power","moves":["aquajet","aquatail","playrough","bellydrum"],"nature":"Adamant","evs":{"hp":252,"atk":252,"def":0,"spa":0,"spd":4,"spe":0},"shiny":true,"ivs":{"hp":31,"atk":31,"def":31,"spa":31,"spd":31,"spe":31}},{"name":"Cloyster","species":"Cloyster","item":"focussash","ability":"Skill Link","moves":["iciclespear","rockblast","shellsmash","iceshard"],"nature":"Adamant","evs":{"hp":0,"atk":252,"def":0,"spa":0,"spd":4,"spe":252},"shiny":true,"ivs":{"hp":31,"atk":31,"def":31,"spa":31,"spd":31,"spe":31}},{"name":"Starmie","species":"Starmie","item":"sitrusberry","ability":"Natural Cure","moves":["dazzlinggleam","rapidspin","scald","reflecttype"],"nature":"Timid","evs":{"hp":0,"atk":0,"def":0,"spa":252,"spd":4,"spe":252},"shiny":true,"ivs":{"hp":31,"atk":31,"def":31,"spa":31,"spd":31,"spe":31}},{"name":"Kingdra","species":"Kingdra","item":"scopelens","ability":"Sniper","moves":["clearsmog","scald","focusenergy","dragonpulse"],"nature":"Modest","evs":{"hp":252,"atk":0,"def":0,"spa":252,"spd":4,"spe":0},"shiny":true,"ivs":{"hp":31,"atk":31,"def":31,"spa":31,"spd":31,"spe":31}}],"p2team":[{"name":"Whimsicott","species":"Whimsicott","item":"lifeorb","ability":"Prankster","moves":["moonblast","cottonguard","leechseed","hiddenpowerrock"],"nature":"Timid","evs":{"hp":0,"atk":0,"def":0,"spa":252,"spd":4,"spe":252},"ivs":{"hp":31,"atk":31,"def":30,"spa":31,"spd":30,"spe":30}},{"name":"Ludicolo","species":"Ludicolo","item":"assaultvest","ability":"Rain Dish","moves":["energyball","hydropump","icebeam","hiddenpowerfire"],"nature":"Modest","evs":{"hp":248,"atk":0,"def":0,"spa":252,"spd":8,"spe":0},"ivs":{"hp":31,"atk":30,"def":31,"spa":30,"spd":31,"spe":30}},{"name":"Virizion","species":"Virizion","item":"leftovers","ability":"Justified","moves":["calmmind","gigadrain","focusblast","hiddenpowerrock"],"nature":"Modest","evs":{"hp":252,"atk":0,"def":0,"spa":252,"spd":4,"spe":0},"ivs":{"hp":31,"atk":31,"def":30,"spa":31,"spd":30,"spe":30}},{"name":"Breloom","species":"Breloom","item":"focussash","ability":"Technician","moves":["swordsdance","drainpunch","machpunch","rockslide"],"nature":"Adamant","evs":{"hp":248,"atk":252,"def":0,"spa":0,"spd":8,"spe":0},"ivs":{"hp":31,"atk":31,"def":31,"spa":31,"spd":31,"spe":31}},{"name":"Venusaur","species":"Venusaur","item":"venusaurite","ability":"Overgrow","moves":["curse","earthquake","petalblizzard","synthesis"],"nature":"Adamant","evs":{"hp":248,"atk":252,"def":0,"spa":0,"spd":8,"spe":0},"ivs":{"hp":31,"atk":31,"def":31,"spa":31,"spd":31,"spe":31}},{"name":"Ferrothorn","species":"Ferrothorn","item":"rockyhelmet","ability":"Iron Barbs","moves":["stealthrock","thunderwave","gyroball","leechseed"],"nature":"Relaxed","evs":{"hp":252,"atk":4,"def":252,"spa":0,"spd":0,"spe":0},"ivs":{"hp":31,"atk":31,"def":31,"spa":31,"spd":31,"spe":0}}],"log":["|player|p1|SRITL- Skarlet|138","|player|p2|V Photon|66","|gametype|singles","|gen|6","|tier|Monotype","|rated","|rule|Baton Pass Clause: Limit one Baton Passer, can't pass Spe and other stats simultaneously","|rule|Swagger Clause: Swagger is banned","|rule|Same Type Clause: Pokémon in a team must share a type","|clearpoke","|poke|p1|Swampert, M","|poke|p1|Manaphy, shiny","|poke|p1|Azumarill, M, shiny","|poke|p1|Cloyster, F, shiny","|poke|p1|Starmie, shiny","|poke|p1|Kingdra, M, shiny","|poke|p2|Whimsicott, M","|poke|p2|Ludicolo, F","|poke|p2|Virizion","|poke|p2|Breloom, M","|poke|p2|Venusaur, M","|poke|p2|Ferrothorn, M","|rule|Sleep Clause Mod: Limit one foe put to sleep","|rule|Species Clause: Limit one of each Pokémon","|rule|OHKO Clause: OHKO moves are banned","|rule|Moody Clause: Moody is banned","|rule|Evasion Moves Clause: Evasion moves are banned","|rule|Endless Battle Clause: Forcing endless battles is banned","|rule|HP Percentage Mod: HP is shown in percentages","|teampreview","|","|start","|switch|p1a: Starmie|Starmie, shiny|261/261","|switch|p2a: Breloom|Breloom, M|323/323","|turn|1","|","|switch|p2a: Ludicolo|Ludicolo, F|363/363","|move|p1a: Starmie|Reflect Type|p2a: Ludicolo","|-start|p1a: Starmie|typechange|[from] move: Reflect Type|[of] p2a: Ludicolo","|","|turn|2","|","|move|p1a: Starmie|Dazzling Gleam|p2a: Ludicolo","|-damage|p2a: Ludicolo|311/363","|move|p2a: Ludicolo|Energy Ball|p1a: Starmie","|-damage|p1a: Starmie|92/261","|-enditem|p1a: Starmie|Sitrus Berry|[eat]","|-heal|p1a: Starmie|157/261|[from] item: Sitrus Berry","|","|turn|3","|","|switch|p1a: Kingdra|Kingdra, M, shiny|354/354","|switch|p2a: Ferrothorn|Ferrothorn, M|352/352","|","|turn|4","|","|move|p1a: Kingdra|Focus Energy|p1a: Kingdra","|-start|p1a: Kingdra|move: Focus Energy","|move|p2a: Ferrothorn|Thunder Wave|p1a: Kingdra","|-status|p1a: Kingdra|par","|","|turn|5","|","|move|p1a: Kingdra|Scald|p2a: Ferrothorn","|-crit|p2a: Ferrothorn","|-resisted|p2a: Ferrothorn","|-damage|p2a: Ferrothorn|235/352","|move|p2a: Ferrothorn|Stealth Rock|p1a: Kingdra","|-sidestart|p1: SRITL- Skarlet|move: Stealth Rock","|","|turn|6","|","|cant|p1a: Kingdra|par","|move|p2a: Ferrothorn|Leech Seed|p1a: Kingdra","|-start|p1a: Kingdra|move: Leech Seed","|","|-damage|p1a: Kingdra|310/354 par|[from] Leech Seed|[of] p2a: Ferrothorn","|-heal|p2a: Ferrothorn|279/352|[silent]","|turn|7","|","|switch|p1a: Starmie|Starmie, shiny|157/261","|-damage|p1a: Starmie|125/261|[from] Stealth Rock","|move|p2a: Ferrothorn|Gyro Ball|p1a: Starmie","|-resisted|p1a: Starmie","|-damage|p1a: Starmie|26/261","|","|turn|8","|","|move|p1a: Starmie|Rapid Spin|p2a: Ferrothorn","|-resisted|p2a: Ferrothorn","|-damage|p2a: Ferrothorn|275/352","|-damage|p1a: Starmie|0 fnt|[from] ability: Iron Barbs|[of] p2a: Ferrothorn","|faint|p1a: Starmie","|move|p2a: Ferrothorn|Gyro Ball|p1: Starmie|[notarget]","|-notarget","|","|","|switch|p1a: Cloyster|Cloyster, F, shiny|241/241","|-damage|p1a: Cloyster|181/241|[from] Stealth Rock","|turn|9","|","|move|p1a: Cloyster|Shell Smash|p1a: Cloyster","|-unboost|p1a: Cloyster|def|1","|-unboost|p1a: Cloyster|spd|1","|-boost|p1a: Cloyster|atk|2","|-boost|p1a: Cloyster|spa|2","|-boost|p1a: Cloyster|spe|2","|move|p2a: Ferrothorn|Thunder Wave|p1a: Cloyster","|-status|p1a: Cloyster|par","|","|turn|10","|","|move|p1a: Cloyster|Icicle Spear|p2a: Ferrothorn","|-damage|p2a: Ferrothorn|224/352","|-damage|p2a: Ferrothorn|173/352","|-damage|p2a: Ferrothorn|124/352","|-damage|p2a: Ferrothorn|79/352","|-damage|p2a: Ferrothorn|33/352","|-hitcount|p2a: Ferrothorn|5","|move|p2a: Ferrothorn|Gyro Ball|p1a: Cloyster","|-damage|p1a: Cloyster|105/241 par","|","|turn|11","|","|move|p1a: Cloyster|Icicle Spear|p2a: Ferrothorn","|-damage|p2a: Ferrothorn|0 fnt","|-hitcount|p2a: Ferrothorn|1","|faint|p2a: Ferrothorn","|","|","|switch|p2a: Whimsicott|Whimsicott, M|261/261","|turn|12","|","|move|p1a: Cloyster|Ice Shard|p2a: Whimsicott","|-supereffective|p2a: Whimsicott","|-damage|p2a: Whimsicott|0 fnt","|faint|p2a: Whimsicott","|","|","|switch|p2a: Breloom|Breloom, M|323/323","|turn|13","|","|move|p2a: Breloom|Mach Punch|p1a: Cloyster","|-supereffective|p1a: Cloyster","|-damage|p1a: Cloyster|0 fnt","|faint|p1a: Cloyster","|","|","|switch|p1a: Azumarill|Azumarill, M, shiny|404/404","|-damage|p1a: Azumarill|354/404|[from] Stealth Rock","|turn|14","|","|switch|p2a: Venusaur|Venusaur, M|363/363","|move|p1a: Azumarill|Play Rough|p2a: Venusaur|[miss]","|-miss|p1a: Azumarill|p2a: Venusaur","|","|turn|15","|","|detailschange|p2a: Venusaur|Venusaur-Mega, M","|-mega|p2a: Venusaur|Venusaur|Venusaurite","|move|p2a: Venusaur|Curse|p2a: Venusaur","|-unboost|p2a: Venusaur|spe|1","|-boost|p2a: Venusaur|atk|1","|-boost|p2a: Venusaur|def|1","|move|p1a: Azumarill|Belly Drum|p1a: Azumarill","|-damage|p1a: Azumarill|152/404","|-setboost|p1a: Azumarill|atk|6|[from] move: Belly Drum","|-enditem|p1a: Azumarill|Sitrus Berry|[eat]","|-heal|p1a: Azumarill|253/404|[from] item: Sitrus Berry","|","|turn|16","|","|move|p1a: Azumarill|Aqua Tail|p2a: Venusaur","|-resisted|p2a: Venusaur","|-damage|p2a: Venusaur|150/363","|move|p2a: Venusaur|Synthesis|p2a: Venusaur","|-heal|p2a: Venusaur|331/363","|","|turn|17","|","|move|p1a: Azumarill|Aqua Tail|p2a: Venusaur","|-resisted|p2a: Venusaur","|-damage|p2a: Venusaur|97/363","|move|p2a: Venusaur|Curse|p2a: Venusaur","|-unboost|p2a: Venusaur|spe|1","|-boost|p2a: Venusaur|atk|1","|-boost|p2a: Venusaur|def|1","|","|turn|18","|","|move|p1a: Azumarill|Aqua Tail|p2a: Venusaur","|-resisted|p2a: Venusaur","|-damage|p2a: Venusaur|0 fnt","|faint|p2a: Venusaur","|","|","|switch|p2a: Breloom|Breloom, M|323/323","|turn|19","|","|move|p1a: Azumarill|Aqua Jet|p2a: Breloom","|-resisted|p2a: Breloom","|-damage|p2a: Breloom|107/323","|move|p2a: Breloom|Rock Slide|p1a: Azumarill","|-damage|p1a: Azumarill|143/404","|","|turn|20","|","|move|p2a: Breloom|Mach Punch|p1a: Azumarill","|-resisted|p1a: Azumarill","|-damage|p1a: Azumarill|77/404","|move|p1a: Azumarill|Aqua Jet|p2a: Breloom","|-resisted|p2a: Breloom","|-damage|p2a: Breloom|0 fnt","|faint|p2a: Breloom","|","|","|switch|p2a: Ludicolo|Ludicolo, F|311/363","|turn|21","|","|move|p1a: Azumarill|Aqua Jet|p2a: Ludicolo","|-crit|p2a: Ludicolo","|-resisted|p2a: Ludicolo","|-damage|p2a: Ludicolo|141/363","|move|p2a: Ludicolo|Hydro Pump|p1a: Azumarill|[miss]","|-miss|p2a: Ludicolo|p1a: Azumarill","|","|turn|22","|","|move|p1a: Azumarill|Aqua Jet|p2a: Ludicolo","|-resisted|p2a: Ludicolo","|-damage|p2a: Ludicolo|24/363","|move|p2a: Ludicolo|Ice Beam|p1a: Azumarill","|-crit|p1a: Azumarill","|-resisted|p1a: Azumarill","|-damage|p1a: Azumarill|0 fnt","|faint|p1a: Azumarill","|","|","|switch|p1a: Manaphy|Manaphy, shiny|341/341","|-damage|p1a: Manaphy|299/341|[from] Stealth Rock","|turn|23","|","|move|p1a: Manaphy|Ice Beam|p2a: Ludicolo","|-damage|p2a: Ludicolo|0 fnt","|faint|p2a: Ludicolo","|","|","|switch|p2a: Virizion|Virizion|386/386","|turn|24","|","|move|p1a: Manaphy|Ice Beam|p2a: Virizion","|-supereffective|p2a: Virizion","|-damage|p2a: Virizion|252/386","|-status|p2a: Virizion|frz","|cant|p2a: Virizion|frz","|","|-heal|p2a: Virizion|276/386 frz|[from] item: Leftovers","|turn|25","|","|move|p1a: Manaphy|Ice Beam|p2a: Virizion","|-supereffective|p2a: Virizion","|-damage|p2a: Virizion|142/386 frz","|-curestatus|p2a: Virizion|frz","|move|p2a: Virizion|Calm Mind|p2a: Virizion","|-boost|p2a: Virizion|spa|1","|-boost|p2a: Virizion|spd|1","|","|-heal|p2a: Virizion|166/386|[from] item: Leftovers","|turn|26","|","|move|p1a: Manaphy|Ice Beam|p2a: Virizion","|-supereffective|p2a: Virizion","|-damage|p2a: Virizion|76/386","|move|p2a: Virizion|Giga Drain|p1a: Manaphy","|-supereffective|p1a: Manaphy","|-damage|p1a: Manaphy|0 fnt","|-heal|p2a: Virizion|226/386|[from] drain|[of] p1a: Manaphy","|faint|p1a: Manaphy","|","|-heal|p2a: Virizion|250/386|[from] item: Leftovers","|","|switch|p1a: Kingdra|Kingdra, M, shiny|310/354 par","|-damage|p1a: Kingdra|266/354 par|[from] Stealth Rock","|turn|27","|","|move|p2a: Virizion|Giga Drain|p1a: Kingdra","|-damage|p1a: Kingdra|95/354 par","|-heal|p2a: Virizion|336/386|[from] drain|[of] p1a: Kingdra","|move|p1a: Kingdra|Clear Smog|p2a: Virizion","|-supereffective|p2a: Virizion","|-damage|p2a: Virizion|274/386","|-clearboost|p2a: Virizion","|","|-heal|p2a: Virizion|298/386|[from] item: Leftovers","|turn|28","|","|move|p2a: Virizion|Giga Drain|p1a: Kingdra","|-damage|p1a: Kingdra|0 fnt","|-heal|p2a: Virizion|346/386|[from] drain|[of] p1a: Kingdra","|faint|p1a: Kingdra","|","|-heal|p2a: Virizion|370/386|[from] item: Leftovers","|","|switch|p1a: Swampert|Swampert, M|403/403","|-damage|p1a: Swampert|378/403|[from] Stealth Rock","|turn|29","|","|detailschange|p1a: Swampert|Swampert-Mega, M","|-mega|p1a: Swampert|Swampert|Swampertite","|move|p2a: Virizion|Giga Drain|p1a: Swampert","|-supereffective|p1a: Swampert","|-damage|p1a: Swampert|0 fnt","|-heal|p2a: Virizion|386/386|[from] drain|[of] p1a: Swampert","|faint|p1a: Swampert","|","|win|V Photon"],"p1rating":{"entryid":"7647488","serverid":"eos","formatid":"monotype","userid":"sritlskarlet","username":"SRITL- Skarlet","w":"0","l":2,"t":"0","gxe":39.7,"r":"1500","rd":"130","sigma":"0","rptime":"1439629200","rpr":1416.7302000575,"rprd":115.68838999494,"rpsigma":"0","acre":1000,"lacre":1000,"oldacre":"1000"},"p2rating":{"entryid":"7561969","serverid":"eos","formatid":"monotype","userid":"vphoton","username":"V Photon","w":7,"l":"9","t":"0","gxe":45.8,"r":"1480.1813764591","rd":"80.230376137595","sigma":"0","rptime":"1439629200","rpr":1467.9315591223,"rprd":75.179458762664,"rpsigma":"0","acre":1078.0242888569,"lacre":1078.0242888569,"oldacre":"1050.2171943768"},"endType":"normal"}