{"seed":[47831,41056,39032,14895],"turns":20,"p1":"tahit","p2":"Knight Dooms","p1team":[{"name":"Aegi","species":"aegislash","item":"weaknesspolicy","ability":"Stance Change","moves":["kingsshield","shadowball","sacredsword","shadowsneak"],"nature":"Quiet","evs":{"hp":252,"atk":0,"def":0,"spa":252,"spd":4,"spe":0},"ivs":{"hp":31,"atk":31,"def":31,"spa":31,"spd":31,"spe":0}},{"name":"Hoopa","species":"Hoopa","item":"lifeorb","ability":"Magician","moves":["trickroom","psychic","shadowball","focusblast"],"nature":"Quiet","evs":{"hp":252,"atk":0,"def":4,"spa":252,"spd":0,"spe":0},"ivs":{"hp":31,"atk":31,"def":31,"spa":31,"spd":31,"spe":31}},{"name":"Treve","species":"trevenant","item":"sitrusberry","ability":"Harvest","moves":["substitute","leechseed","willowisp","rockslide"],"nature":"Impish","evs":{"hp":252,"atk":0,"def":148,"spa":0,"spd":108,"spe":0},"ivs":{"hp":31,"atk":31,"def":31,"spa":31,"spd":31,"spe":31}},{"name":"Sableye","species":"Sableye","item":"sablenite","ability":"Prankster","moves":["calmmind","willowisp","recover","dazzlinggleam"],"nature":"Calm","evs":{"hp":0,"atk":0,"def":248,"spa":0,"spd":252,"spe":8},"ivs":{"hp":31,"atk":31,"def":31,"spa":31,"spd":31,"spe":31}},{"name":"G-S","species":"gourgeistsuper","item":"leftovers","ability":"Frisk","moves":["flamecharge","willowisp","leechseed","painsplit"],"nature":"Careful","evs":{"hp":252,"atk":0,"def":252,"spa":0,"spd":4,"spe":0},"ivs":{"hp":31,"atk":31,"def":31,"spa":31,"spd":31,"spe":31}},{"name":"Cofagrigus","species":"Cofagrigus","item":"custapberry","ability":"Mummy","moves":["destinybond","disable","endure","infestation"],"nature":"Bold","evs":{"hp":252,"atk":0,"def":4,"spa":0,"spd":252,"spe":0},"ivs":{"hp":31,"atk":31,"def":31,"spa":31,"spd":31,"spe":31}}],"p2team":[{"name":"Darmanitan","species":"Darmanitan","item":"choicescarf","ability":"Sheer Force","moves":["flareblitz","superpower","rockslide","uturn"],"nature":"Jolly","evs":{"hp":0,"atk":252,"def":0,"spa":0,"spd":4,"spe":252},"gender":"M","shiny":true,"ivs":{"hp":31,"atk":31,"def":31,"spa":31,"spd":31,"spe":31}},{"name":"Victini","species":"Victini","item":"choicescarf","ability":"Victory Star","moves":["vcreate","zenheadbutt","boltstrike","uturn"],"nature":"Naive","evs":{"hp":4,"atk":252,"def":0,"spa":0,"spd":0,"spe":252},"ivs":{"hp":31,"atk":31,"def":31,"spa":31,"spd":31,"spe":31}},{"name":"Volcarona","species":"Volcarona","item":"focussash","ability":"Flame Body","moves":["fierydance","bugbuzz","gigadrain","quiverdance"],"nature":"Bold","evs":{"hp":250,"atk":0,"def":216,"spa":0,"spd":0,"spe":44},"gender":"M","ivs":{"hp":31,"atk":0,"def":31,"spa":31,"spd":31,"spe":31},"shiny":true},{"name":"Infernape","species":"Infernape","item":"focussash","ability":"Iron Fist","moves":["flamethrower","closecombat","machpunch","thunderpunch"],"nature":"Hasty","evs":{"hp":0,"atk":252,"def":0,"spa":4,"spd":0,"spe":252},"gender":"M","shiny":true,"ivs":{"hp":31,"atk":31,"def":31,"spa":31,"spd":31,"spe":31}},{"name":"Heatran","species":"Heatran","item":"airballoon","ability":"Flash Fire","moves":["lavaplume","flashcannon","earthpower","stealthrock"],"nature":"Calm","evs":{"hp":252,"atk":0,"def":0,"spa":0,"spd":216,"spe":4},"gender":"M","ivs":{"hp":31,"atk":0,"def":31,"spa":31,"spd":31,"spe":31},"shiny":true},{"name":"Charizard","species":"Charizard","item":"charizarditex","ability":"Blaze","moves":["earthquake","flareblitz","dragondance","roost"],"nature":"Jolly","evs":{"hp":12,"atk":252,"def":0,"spa":0,"spd":0,"spe":244},"gender":"M","shiny":true,"ivs":{"hp":31,"atk":31,"def":31,"spa":31,"spd":31,"spe":31}}],"log":["|player|p1|tahit|169","|player|p2|Knight Dooms|154","|gametype|singles","|gen|6","|tier|Monotype","|rated","|rule|Baton Pass Clause: Limit one Baton Passer, can't pass Spe and other stats simultaneously","|rule|Swagger Clause: Swagger is banned","|rule|Same Type Clause: Pokémon in a team must share a type","|clearpoke","|poke|p1|Aegislash, M","|poke|p1|Hoopa","|poke|p1|Trevenant, F","|poke|p1|Sableye, M","|poke|p1|Gourgeist-*, M","|poke|p1|Cofagrigus, M","|poke|p2|Darmanitan, M, shiny","|poke|p2|Victini","|poke|p2|Volcarona, M, shiny","|poke|p2|Infernape, M, shiny","|poke|p2|Heatran, M, shiny","|poke|p2|Charizard, M, shiny","|rule|Sleep Clause Mod: Limit one foe put to sleep","|rule|Species Clause: Limit one of each Pokémon","|rule|OHKO Clause: OHKO moves are banned","|rule|Moody Clause: Moody is banned","|rule|Evasion Moves Clause: Evasion moves are banned","|rule|Endless Battle Clause: Forcing endless battles is banned","|rule|HP Percentage Mod: HP is shown in percentages","|teampreview","|","|start","|switch|p1a: G-S|Gourgeist-Super, M|374/374","|switch|p2a: Charizard|Charizard, M, shiny|300/300","|-item|p2a: Charizard|Charizardite X|[from] ability: Frisk|[of] p1a: G-S|[identify]","|turn|1","|","|detailschange|p2a: Charizard|Charizard-Mega-X, M, shiny","|-mega|p2a: Charizard|Charizard|Charizardite X","|move|p2a: Charizard|Dragon Dance|p2a: Charizard","|-boost|p2a: Charizard|atk|1","|-boost|p2a: Charizard|spe|1","|move|p1a: G-S|Leech Seed|p2a: Charizard","|-start|p2a: Charizard|move: Leech Seed","|","|-damage|p2a: Charizard|263/300|[from] Leech Seed|[of] p1a: G-S","|turn|2","|","|move|p2a: Charizard|Flare Blitz|p1a: G-S","|-supereffective|p1a: G-S","|-damage|p1a: G-S|0 fnt","|-damage|p2a: Charizard|140/300|[from] recoil|[of] p1a: G-S","|faint|p1a: G-S","|","|","|switch|p1a: Aegi|Aegislash, M|324/324","|turn|3","|","|move|p2a: Charizard|Roost|p2a: Charizard","|-heal|p2a: Charizard|290/300","|-formechange|p1a: Aegi|Aegislash-Blade","|move|p1a: Aegi|Shadow Ball|p2a: Charizard","|-damage|p2a: Charizard|101/300","|","|-damage|p2a: Charizard|64/300|[from] Leech Seed|[of] p1a: Aegi","|turn|4","|","|-formechange|p1a: Aegi|Aegislash","|move|p1a: Aegi|King's Shield|p1a: Aegi","|-singleturn|p1a: Aegi|Protect","|move|p2a: Charizard|Roost|p2a: Charizard","|-heal|p2a: Charizard|214/300","|","|-damage|p2a: Charizard|177/300|[from] Leech Seed|[of] p1a: Aegi","|turn|5","|","|move|p2a: Charizard|Flare Blitz|p1a: Aegi","|-supereffective|p1a: Aegi","|-damage|p1a: Aegi|0 fnt","|-damage|p2a: Charizard|70/300|[from] recoil|[of] p1a: Aegi","|faint|p1a: Aegi","|","|","|switch|p1a: Cofagrigus|Cofagrigus, M|320/320","|turn|6","|","|move|p2a: Charizard|Roost|p2a: Charizard","|-heal|p2a: Charizard|220/300","|move|p1a: Cofagrigus|Disable|p2a: Charizard","|-start|p2a: Charizard|Disable|Roost","|","|-damage|p2a: Charizard|183/300|[from] Leech Seed|[of] p1a: Cofagrigus","|turn|7","|","|move|p2a: Charizard|Flare Blitz|p1a: Cofagrigus","|-damage|p1a: Cofagrigus|26/320","|-activate|p1a: Cofagrigus|ability: Mummy|toughclaws|[of] p2a: Charizard","|-status|p1a: Cofagrigus|brn","|-damage|p2a: Charizard|86/300|[from] recoil|[of] p1a: Cofagrigus","|move|p1a: Cofagrigus|Infestation|p2a: Charizard","|-resisted|p2a: Charizard","|-damage|p2a: Charizard|78/300","|-activate|p2a: Charizard|move: Infestation|[of] p1a: Cofagrigus","|","|-damage|p2a: Charizard|41/300|[from] Leech Seed|[of] p1a: Cofagrigus","|-heal|p1a: Cofagrigus|63/320 brn|[silent]","|-damage|p1a: Cofagrigus|23/320 brn|[from] brn","|-damage|p2a: Charizard|4/300|[from] move: Infestation|[partiallytrapped]","|turn|8","|-enditem|p1a: Cofagrigus|Custap Berry|[eat]","|-activate|p1a: Cofagrigus|Custap Berry","|","|move|p1a: Cofagrigus|Endure|p1a: Cofagrigus","|-singleturn|p1a: Cofagrigus|move: Endure","|move|p2a: Charizard|Earthquake|p1a: Cofagrigus","|-activate|p1a: Cofagrigus|move: Endure","|-damage|p1a: Cofagrigus|1/320 brn","|","|-damage|p2a: Charizard|0 fnt|[from] Leech Seed|[of] p1a: Cofagrigus","|-heal|p1a: Cofagrigus|5/320 brn|[silent]","|-damage|p1a: Cofagrigus|0 fnt|[from] brn","|faint|p2a: Charizard","|faint|p1a: Cofagrigus","|","|switch|p2a: Volcarona|Volcarona, M, shiny|373/373","|switch|p1a: Hoopa|Hoopa|364/364","|turn|9","|","|move|p2a: Volcarona|Quiver Dance|p2a: Volcarona","|-boost|p2a: Volcarona|spa|1","|-boost|p2a: Volcarona|spd|1","|-boost|p2a: Volcarona|spe|1","|move|p1a: Hoopa|Trick Room|p1a: Hoopa","|-fieldstart|move: Trick Room|[of] p1a: Hoopa","|","|turn|10","|","|switch|p1a: Treve|Trevenant, F|374/374","|move|p2a: Volcarona|Bug Buzz|p1a: Treve","|-damage|p1a: Treve|154/374","|-enditem|p1a: Treve|Sitrus Berry|[eat]","|-heal|p1a: Treve|247/374|[from] item: Sitrus Berry","|","|turn|11","|","|move|p1a: Treve|Rock Slide|p2a: Volcarona","|-supereffective|p2a: Volcarona","|-damage|p2a: Volcarona|121/373","|move|p2a: Volcarona|Fiery Dance|p1a: Treve","|-supereffective|p1a: Treve","|-damage|p1a: Treve|0 fnt","|faint|p1a: Treve","|","|","|switch|p1a: Hoopa|Hoopa|364/364","|turn|12","|","|move|p1a: Hoopa|Psychic|p2a: Volcarona","|-damage|p2a: Volcarona|0 fnt","|-damage|p1a: Hoopa|328/364|[from] item: Life Orb","|faint|p2a: Volcarona","|","|","|switch|p2a: Heatran|Heatran, M, shiny|386/386","|-item|p2a: Heatran|Air Balloon","|turn|13","|","|move|p1a: Hoopa|Focus Blast|p2a: Heatran|[miss]","|-miss|p1a: Hoopa|p2a: Heatran","|move|p2a: Heatran|Lava Plume|p1a: Hoopa","|-damage|p1a: Hoopa|238/364","|","|-fieldend|move: Trick Room","|turn|14","|","|move|p2a: Heatran|Earth Power|p1a: Hoopa","|-damage|p1a: Hoopa|168/364","|move|p1a: Hoopa|Trick Room|p1a: Hoopa","|-fieldstart|move: Trick Room|[of] p1a: Hoopa","|","|turn|15","|","|move|p1a: Hoopa|Focus Blast|p2a: Heatran","|-supereffective|p2a: Heatran","|-damage|p2a: Heatran|87/386","|-enditem|p2a: Heatran|Air Balloon","|-damage|p1a: Hoopa|132/364|[from] item: Life Orb","|move|p2a: Heatran|Flash Cannon|p1a: Hoopa","|-damage|p1a: Hoopa|42/364","|","|turn|16","|","|move|p1a: Hoopa|Psychic|p2a: Heatran","|-resisted|p2a: Heatran","|-damage|p2a: Heatran|0 fnt","|-damage|p1a: Hoopa|6/364|[from] item: Life Orb","|faint|p2a: Heatran","|","|","|switch|p2a: Infernape|Infernape, M, shiny|293/293","|turn|17","|","|move|p1a: Hoopa|Psychic|p2a: Infernape","|-supereffective|p2a: Infernape","|-enditem|p2a: Infernape|Focus Sash","|-damage|p2a: Infernape|1/293","|-damage|p1a: Hoopa|0 fnt|[from] item: Life Orb","|faint|p1a: Hoopa","|move|p2a: Infernape|Flamethrower|p1: Hoopa|[notarget]","|-notarget","|","|","|switch|p1a: Sableye|Sableye, M|241/241","|turn|18","|","|detailschange|p1a: Sableye|Sableye-Mega, M","|-mega|p1a: Sableye|Sableye|Sablenite","|move|p1a: Sableye|Calm Mind|p1a: Sableye","|-boost|p1a: Sableye|spa|1","|-boost|p1a: Sableye|spd|1","|move|p2a: Infernape|Thunder Punch|p1a: Sableye","|-damage|p1a: Sableye|178/241","|","|-fieldend|move: Trick Room","|turn|19","|","|move|p2a: Infernape|Thunder Punch|p1a: Sableye","|-damage|p1a: Sableye|110/241","|move|p1a: Sableye|Dazzling Gleam|p2a: Infernape","|-damage|p2a: Infernape|0 fnt","|faint|p2a: Infernape","|","|","|switch|p2a: Darmanitan|Darmanitan, M, shiny|351/351","|turn|20","|","|move|p2a: Darmanitan|Flare Blitz|p1a: Sableye","|-damage|p1a: Sableye|0 fnt","|-damage|p2a: Darmanitan|315/351|[from] recoil|[of] p1a: Sableye","|faint|p1a: Sableye","|","|win|Knight Dooms"],"p1rating":{"entryid":"7556594","serverid":"eos","formatid":"monotype","userid":"tahit","username":"Tahit","w":"10","l":14,"t":"0","gxe":44.3,"r":"1484.3381392207","rd":"85.404443841914","sigma":"0","rptime":"1439629200","rpr":1456.525131497,"rprd":65.558233102207,"rpsigma":"0","acre":1035.8306725437,"lacre":1035.8306725437,"oldacre":"1045.1354136676"},"p2rating":{"entryid":"7580420","serverid":"eos","formatid":"monotype","userid":"knightdooms","username":"Knight Dooms","w":8,"l":"3","t":"0","gxe":60.6,"r":"1497.2967865232","rd":"98.587113429244","sigma":"0","rptime":"1439629200","rpr":1583.2881308809,"rprd":84.671962421041,"rpsigma":"0","acre":1225.3080872078,"lacre":1225.3080872078,"oldacre":"1211.4372345127"},"endType":"normal"}