{"seed":[54156,10035,14927,3037],"turns":42,"p1":"Knight♕Altair","p2":"Teh( ͡° ͜ʖ ͡°)1079","p1team":[{"name":"Money Shark","species":"sharpedo","item":"sharpedonite","ability":"Speed Boost","moves":["protect","crunch","waterfall","poisonfang"],"nature":"Jolly","evs":{"hp":0,"atk":252,"def":4,"spa":0,"spd":0,"spe":252},"ivs":{"hp":31,"atk":31,"def":31,"spa":31,"spd":31,"spe":31}},{"name":"Your Mother","species":"hydreigon","item":"choicescarf","ability":"Levitate","moves":["dracometeor","darkpulse","flashcannon","fireblast"],"nature":"Timid","evs":{"hp":0,"atk":4,"def":0,"spa":252,"spd":0,"spe":252},"ivs":{"hp":31,"atk":31,"def":31,"spa":31,"spd":31,"spe":31}},{"name":"Gary MF Oak","species":"umbreon","item":"leftovers","ability":"Synchronize","moves":["wish","protect","healbell","foulplay"],"nature":"Calm","evs":{"hp":252,"atk":0,"def":4,"spa":0,"spd":252,"spe":0},"ivs":{"hp":31,"atk":31,"def":31,"spa":31,"spd":31,"spe":31}},{"name":"The Dark Magician","species":"hoopaunbound","item":"choicescarf","ability":"Magician","moves":["firepunch","hyperspacefury","gunkshot","zenheadbutt"],"nature":"Jolly","evs":{"hp":4,"atk":252,"def":0,"spa":0,"spd":0,"spe":252},"ivs":{"hp":31,"atk":31,"def":31,"spa":31,"spd":31,"spe":31}},{"name":"Greedy ho","species":"sableye","item":"leftovers","ability":"Prankster","moves":["willowisp","knockoff","taunt","recover"],"nature":"Careful","evs":{"hp":0,"atk":8,"def":0,"spa":0,"spd":248,"spe":0},"gender":"M","ivs":{"hp":31,"atk":31,"def":31,"spa":31,"spd":31,"spe":31}},{"name":"Lucius Yami","species":"weavile","item":"lifeorb","ability":"Pressure","moves":["iciclecrash","knockoff","iceshard","lowkick"],"nature":"Jolly","evs":{"hp":0,"atk":252,"def":4,"spa":0,"spd":0,"spe":252},"ivs":{"hp":31,"atk":31,"def":31,"spa":31,"spd":31,"spe":31}}],"p2team":[{"name":"Staraptor","species":"Staraptor","item":"choicescarf","ability":"Reckless","moves":["bravebird","closecombat","doubleedge","uturn"],"nature":"Adamant","evs":{"hp":0,"atk":252,"def":0,"spa":0,"spd":4,"spe":252},"ivs":{"hp":31,"atk":31,"def":31,"spa":31,"spd":31,"spe":31}},{"name":"Porygon2","species":"Porygon2","item":"eviolite","ability":"Download","moves":["icebeam","thunderbolt","recover","toxic"],"nature":"Calm","evs":{"hp":248,"atk":0,"def":0,"spa":8,"spd":252,"spe":0},"ivs":{"hp":31,"atk":31,"def":31,"spa":31,"spd":31,"spe":31}},{"name":"Cinccino","species":"Cinccino","item":"lifeorb","ability":"Skill Link","moves":["bulletseed","rockblast","tailslap","uturn"],"nature":"Adamant","evs":{"hp":0,"atk":252,"def":0,"spa":0,"spd":4,"spe":252},"ivs":{"hp":31,"atk":31,"def":31,"spa":31,"spd":31,"spe":31}},{"name":"Braviary","species":"Braviary","item":"leftovers","ability":"Sheer Force","moves":["superpower","defog","bravebird","roost"],"nature":"Careful","evs":{"hp":252,"atk":252,"def":0,"spa":0,"spd":4,"spe":0},"ivs":{"hp":31,"atk":31,"def":31,"spa":31,"spd":31,"spe":31}},{"name":"Chansey","species":"Chansey","item":"eviolite","ability":"Natural Cure","moves":["seismictoss","stealthrock","thunderwave","softboiled"],"nature":"Bold","evs":{"hp":248,"atk":0,"def":252,"spa":0,"spd":8,"spe":0},"ivs":{"hp":31,"atk":31,"def":31,"spa":31,"spd":31,"spe":31}},{"name":"Pidgeot","species":"Pidgeot","item":"pidgeotite","ability":"Big Pecks","moves":["heatwave","hurricane","whirlwind","protect"],"nature":"Modest","evs":{"hp":0,"atk":0,"def":0,"spa":252,"spd":4,"spe":252},"ivs":{"hp":31,"atk":30,"def":30,"spa":31,"spd":31,"spe":31}}],"log":["|player|p1|Knight♕Altair|274","|player|p2|Teh( ͡° ͜ʖ ͡°)1079|281","|gametype|singles","|gen|6","|tier|Monotype","|rated","|rule|Baton Pass Clause: Limit one Baton Passer, can't pass Spe and other stats simultaneously","|rule|Swagger Clause: Swagger is banned","|rule|Same Type Clause: Pokémon in a team must share a type","|clearpoke","|poke|p1|Sharpedo, F","|poke|p1|Hydreigon, M","|poke|p1|Umbreon, F","|poke|p1|Hoopa-Unbound","|poke|p1|Sableye, M","|poke|p1|Weavile, M","|poke|p2|Staraptor, M","|poke|p2|Porygon2","|poke|p2|Cinccino, M","|poke|p2|Braviary, M","|poke|p2|Chansey, F","|poke|p2|Pidgeot, M","|rule|Sleep Clause Mod: Limit one foe put to sleep","|rule|Species Clause: Limit one of each Pokémon","|rule|OHKO Clause: OHKO moves are banned","|rule|Moody Clause: Moody is banned","|rule|Evasion Moves Clause: Evasion moves are banned","|rule|Endless Battle Clause: Forcing endless battles is banned","|rule|HP Percentage Mod: HP is shown in percentages","|teampreview","|","|start","|switch|p1a: Lucius Yami|Weavile, M|281/281","|switch|p2a: Staraptor|Staraptor, M|311/311","|-ability|p1a: Lucius Yami|Pressure","|turn|1","|","|move|p2a: Staraptor|Close Combat|p1a: Lucius Yami","|-supereffective|p1a: Lucius Yami","|-damage|p1a: Lucius Yami|0 fnt","|-unboost|p2a: Staraptor|def|1","|-unboost|p2a: Staraptor|spd|1","|faint|p1a: Lucius Yami","|","|","|switch|p1a: Money Shark|Sharpedo, F|281/281","|turn|2","|","|move|p1a: Money Shark|Protect|p1a: Money Shark","|-singleturn|p1a: Money Shark|Protect","|move|p2a: Staraptor|Close Combat|p1a: Money Shark","|-activate|p1a: Money Shark|Protect","|","|-boost|p1a: Money Shark|spe|1|[from] ability: Speed Boost","|turn|3","|","|detailschange|p1a: Money Shark|Sharpedo-Mega, F","|-mega|p1a: Money Shark|Sharpedo|Sharpedonite","|move|p1a: Money Shark|Waterfall|p2a: Staraptor","|-damage|p2a: Staraptor|29/311","|cant|p2a: Staraptor|flinch","|","|turn|4","|","|switch|p2a: Porygon2|Porygon2|373/373","|-boost|p2a: Porygon2|spa|1|[from] ability: Download","|move|p1a: Money Shark|Waterfall|p2a: Porygon2","|-damage|p2a: Porygon2|268/373","|","|turn|5","|","|move|p1a: Money Shark|Poison Fang|p2a: Porygon2","|-damage|p2a: Porygon2|202/373","|-status|p2a: Porygon2|tox","|move|p2a: Porygon2|Ice Beam|p1a: Money Shark","|-resisted|p1a: Money Shark","|-damage|p1a: Money Shark|198/281","|","|-damage|p2a: Porygon2|179/373 tox|[from] psn","|turn|6","|","|move|p1a: Money Shark|Waterfall|p2a: Porygon2","|-damage|p2a: Porygon2|65/373 tox","|move|p2a: Porygon2|Ice Beam|p1a: Money Shark","|-resisted|p1a: Money Shark","|-damage|p1a: Money Shark|121/281","|","|-damage|p2a: Porygon2|19/373 tox|[from] psn","|turn|7","|","|move|p1a: Money Shark|Protect|p1a: Money Shark","|-singleturn|p1a: Money Shark|Protect","|move|p2a: Porygon2|Thunderbolt|p1a: Money Shark","|-activate|p1a: Money Shark|Protect","|","|-damage|p2a: Porygon2|0 fnt|[from] psn","|faint|p2a: Porygon2","|","|switch|p2a: Braviary|Braviary, M|404/404","|turn|8","|","|move|p1a: Money Shark|Waterfall|p2a: Braviary","|-damage|p2a: Braviary|197/404","|move|p2a: Braviary|Superpower|p1a: Money Shark","|-supereffective|p1a: Money Shark","|-damage|p1a: Money Shark|0 fnt","|-unboost|p2a: Braviary|atk|1","|-unboost|p2a: Braviary|def|1","|faint|p1a: Money Shark","|","|-heal|p2a: Braviary|222/404|[from] item: Leftovers","|","|switch|p1a: Greedy ho|Sableye, M|241/241","|turn|9","|","|move|p1a: Greedy ho|Will-O-Wisp|p2a: Braviary","|-status|p2a: Braviary|brn","|move|p2a: Braviary|Roost|p2a: Braviary","|-heal|p2a: Braviary|404/404 brn","|","|-damage|p2a: Braviary|354/404 brn|[from] brn","|turn|10","|","|switch|p2a: Pidgeot|Pidgeot, M|307/307","|move|p1a: Greedy ho|Taunt|p2a: Pidgeot","|-start|p2a: Pidgeot|move: Taunt","|","|turn|11","|","|detailschange|p2a: Pidgeot|Pidgeot-Mega, M","|-mega|p2a: Pidgeot|Pidgeot|Pidgeotite","|move|p1a: Greedy ho|Will-O-Wisp|p2a: Pidgeot","|-status|p2a: Pidgeot|brn","|move|p2a: Pidgeot|Hurricane|p1a: Greedy ho","|-crit|p1a: Greedy ho","|-damage|p1a: Greedy ho|0 fnt","|faint|p1a: Greedy ho","|","|-damage|p2a: Pidgeot|269/307 brn|[from] brn","|","|switch|p1a: Your Mother|Hydreigon, M|325/325","|turn|12","|","|move|p1a: Your Mother|Draco Meteor|p2a: Pidgeot","|-damage|p2a: Pidgeot|0 fnt","|-unboost|p1a: Your Mother|spa|2","|faint|p2a: Pidgeot","|","|","|switch|p2a: Staraptor|Staraptor, M|29/311","|turn|13","|","|move|p1a: Your Mother|Draco Meteor|p2a: Staraptor","|-damage|p2a: Staraptor|0 fnt","|-unboost|p1a: Your Mother|spa|2","|faint|p2a: Staraptor","|","|","|switch|p2a: Cinccino|Cinccino, M|291/291","|turn|14","|","|switch|p1a: Gary MF Oak|Umbreon, F|394/394","|move|p2a: Cinccino|U-turn|p1a: Gary MF Oak","|-supereffective|p1a: Gary MF Oak","|-damage|p1a: Gary MF Oak|220/394","|-damage|p2a: Cinccino|262/291|[from] item: Life Orb","|","|switch|p2a: Braviary|Braviary, M|354/404 brn","|","|-heal|p2a: Braviary|379/404 brn|[from] item: Leftovers","|-heal|p1a: Gary MF Oak|244/394|[from] item: Leftovers","|-damage|p2a: Braviary|329/404 brn|[from] brn","|turn|15","|","|move|p2a: Braviary|Superpower|p1a: Gary MF Oak","|-supereffective|p1a: Gary MF Oak","|-damage|p1a: Gary MF Oak|128/394","|-unboost|p2a: Braviary|atk|1","|-unboost|p2a: Braviary|def|1","|move|p1a: Gary MF Oak|Wish|p1a: Gary MF Oak","|","|-heal|p2a: Braviary|354/404 brn|[from] item: Leftovers","|-heal|p1a: Gary MF Oak|152/394|[from] item: Leftovers","|-damage|p2a: Braviary|304/404 brn|[from] brn","|turn|16","|","|move|p1a: Gary MF Oak|Protect|p1a: Gary MF Oak","|-singleturn|p1a: Gary MF Oak|Protect","|move|p2a: Braviary|Superpower|p1a: Gary MF Oak","|-activate|p1a: Gary MF Oak|Protect","|","|-heal|p1a: Gary MF Oak|349/394|[from] move: Wish|[wisher] Gary MF Oak","|-heal|p2a: Braviary|329/404 brn|[from] item: Leftovers","|-heal|p1a: Gary MF Oak|373/394|[from] item: Leftovers","|-damage|p2a: Braviary|279/404 brn|[from] brn","|turn|17","|","|switch|p1a: The Dark Magician|Hoopa-Unbound|302/302","|move|p2a: Braviary|Superpower|p1a: The Dark Magician","|-damage|p1a: The Dark Magician|229/302","|-unboost|p2a: Braviary|atk|1","|-unboost|p2a: Braviary|def|1","|","|-heal|p2a: Braviary|304/404 brn|[from] item: Leftovers","|-damage|p2a: Braviary|254/404 brn|[from] brn","|turn|18","|","|move|p1a: The Dark Magician|Zen Headbutt|p2a: Braviary","|-damage|p2a: Braviary|0 fnt","|faint|p2a: Braviary","|","|","|switch|p2a: Cinccino|Cinccino, M|262/291","|turn|19","|","|move|p1a: The Dark Magician|Zen Headbutt|p2a: Cinccino","|-damage|p2a: Cinccino|0 fnt","|faint|p2a: Cinccino","|","|","|switch|p2a: Chansey|Chansey, F|703/703","|turn|20","|","|move|p1a: The Dark Magician|Zen Headbutt|p2a: Chansey","|-damage|p2a: Chansey|486/703","|move|p2a: Chansey|Thunder Wave|p1a: The Dark Magician","|-status|p1a: The Dark Magician|par","|","|turn|21","|","|move|p2a: Chansey|Soft-Boiled|p2a: Chansey","|-heal|p2a: Chansey|703/703","|move|p1a: The Dark Magician|Zen Headbutt|p2a: Chansey","|-damage|p2a: Chansey|499/703","|","|turn|22","|","|move|p2a: Chansey|Stealth Rock|p1a: The Dark Magician","|-sidestart|p1: Knight♕Altair|move: Stealth Rock","|move|p1a: The Dark Magician|Zen Headbutt|p2a: Chansey","|-damage|p2a: Chansey|279/703","|","|turn|23","|","|move|p2a: Chansey|Soft-Boiled|p2a: Chansey","|-heal|p2a: Chansey|631/703","|cant|p1a: The Dark Magician|par","|","|turn|24","|","|move|p2a: Chansey|Seismic Toss|p1a: The Dark Magician","|-damage|p1a: The Dark Magician|129/302 par","|move|p1a: The Dark Magician|Zen Headbutt|p2a: Chansey","|-damage|p2a: Chansey|414/703","|","|turn|25","|","|move|p2a: Chansey|Seismic Toss|p1a: The Dark Magician","|-damage|p1a: The Dark Magician|29/302 par","|cant|p1a: The Dark Magician|par","|","|turn|26","|","|move|p2a: Chansey|Soft-Boiled|p2a: Chansey","|-heal|p2a: Chansey|703/703","|move|p1a: The Dark Magician|Zen Headbutt|p2a: Chansey","|-damage|p2a: Chansey|475/703","|","|turn|27","|","|move|p2a: Chansey|Seismic Toss|p1a: The Dark Magician","|-damage|p1a: The Dark Magician|0 fnt","|faint|p1a: The Dark Magician","|","|","|switch|p1a: Your Mother|Hydreigon, M|325/325","|-damage|p1a: Your Mother|285/325|[from] Stealth Rock","|turn|28","|","|move|p1a: Your Mother|Dark Pulse|p2a: Chansey","|-damage|p2a: Chansey|390/703","|move|p2a: Chansey|Thunder Wave|p1a: Your Mother","|-status|p1a: Your Mother|par","|","|turn|29","|","|move|p2a: Chansey|Soft-Boiled|p2a: Chansey","|-heal|p2a: Chansey|703/703","|cant|p1a: Your Mother|par","|","|turn|30","|","|move|p2a: Chansey|Seismic Toss|p1a: Your Mother","|-damage|p1a: Your Mother|185/325 par","|move|p1a: Your Mother|Dark Pulse|p2a: Chansey","|-damage|p2a: Chansey|621/703","|","|turn|31","|","|move|p2a: Chansey|Seismic Toss|p1a: Your Mother","|-damage|p1a: Your Mother|85/325 par","|move|p1a: Your Mother|Dark Pulse|p2a: Chansey","|-damage|p2a: Chansey|524/703","|","|turn|32","|","|move|p2a: Chansey|Seismic Toss|p1a: Your Mother","|-damage|p1a: Your Mother|0 fnt","|faint|p1a: Your Mother","|","|","|switch|p1a: Gary MF Oak|Umbreon, F|373/394","|-damage|p1a: Gary MF Oak|324/394|[from] Stealth Rock","|turn|33","|","|move|p1a: Gary MF Oak|Wish|p1a: Gary MF Oak","|move|p2a: Chansey|Seismic Toss|p1a: Gary MF Oak","|-damage|p1a: Gary MF Oak|224/394","|","|-heal|p1a: Gary MF Oak|248/394|[from] item: Leftovers","|turn|34","|","|move|p1a: Gary MF Oak|Protect|p1a: Gary MF Oak","|-singleturn|p1a: Gary MF Oak|Protect","|move|p2a: Chansey|Soft-Boiled|p2a: Chansey","|-heal|p2a: Chansey|703/703","|","|-heal|p1a: Gary MF Oak|394/394|[from] move: Wish|[wisher] Gary MF Oak","|turn|35","|","|move|p1a: Gary MF Oak|Wish|p1a: Gary MF Oak","|move|p2a: Chansey|Thunder Wave|p1a: Gary MF Oak","|-status|p1a: Gary MF Oak|par","|-status|p2a: Chansey|par","|","|turn|36","|","|move|p1a: Gary MF Oak|Protect|p1a: Gary MF Oak","|-singleturn|p1a: Gary MF Oak|Protect","|cant|p2a: Chansey|par","|","|turn|37","|","|move|p1a: Gary MF Oak|Protect|p1a: Gary MF Oak","|-fail|p1a: Gary MF Oak","|move|p2a: Chansey|Seismic Toss|p1a: Gary MF Oak","|-damage|p1a: Gary MF Oak|294/394 par","|","|-heal|p1a: Gary MF Oak|318/394 par|[from] item: Leftovers","|turn|38","|","|cant|p1a: Gary MF Oak|par","|move|p2a: Chansey|Seismic Toss|p1a: Gary MF Oak","|-damage|p1a: Gary MF Oak|218/394 par","|","|-heal|p1a: Gary MF Oak|242/394 par|[from] item: Leftovers","|turn|39","|","|move|p1a: Gary MF Oak|Heal Bell|p1a: Gary MF Oak","|-cureteam|p1a: Gary MF Oak|[from] move: HealBell","|move|p2a: Chansey|Seismic Toss|p1a: Gary MF Oak","|-damage|p1a: Gary MF Oak|142/394","|","|-heal|p1a: Gary MF Oak|166/394|[from] item: Leftovers","|turn|40","|","|move|p1a: Gary MF Oak|Wish|p1a: Gary MF Oak","|cant|p2a: Chansey|par","|","|-heal|p1a: Gary MF Oak|190/394|[from] item: Leftovers","|turn|41","|","|move|p1a: Gary MF Oak|Protect|p1a: Gary MF Oak","|-singleturn|p1a: Gary MF Oak|Protect","|move|p2a: Chansey|Thunder Wave|p1a: Gary MF Oak","|-activate|p1a: Gary MF Oak|Protect","|","|-heal|p1a: Gary MF Oak|387/394|[from] move: Wish|[wisher] Gary MF Oak","|-heal|p1a: Gary MF Oak|394/394|[from] item: Leftovers","|turn|42","|","|win|Knight♕Altair"],"p1rating":{"entryid":"7650439","serverid":"eos","formatid":"monotype","userid":"knightaltair","username":"Knight♕Altair","w":6,"l":"6","t":"0","gxe":46.5,"r":"1500","rd":"130","sigma":"0","rptime":"1439629200","rpr":1472.875401926,"rprd":82.576564644015,"rpsigma":"0","acre":1147.6779015501,"lacre":1147.6779015501,"oldacre":"1129.576117437"},"p2rating":{"entryid":"7657139","serverid":"eos","formatid":"monotype","userid":"teh1079","username":"Teh( ͡° ͜ʖ ͡°)1079","w":"1","l":2,"t":"0","gxe":46.5,"r":"1500","rd":"130","sigma":"0","rptime":"1439629200","rpr":1472.6100082646,"rprd":110.95638476376,"rpsigma":"0","acre":1020.5332944397,"lacre":1020.5332944397,"oldacre":"1031.158112657"},"endType":"forfeit"}