{"seed":[18825,63017,47369,57355],"turns":21,"p1":"GTX♅Donbures","p2":"Fairy Ouroboros","p1team":[{"name":"Mismagius","species":"Mismagius","item":"focussash","ability":"Levitate","moves":["shadowball","confuseray","thunderwave","curse"],"nature":"Timid","evs":{"hp":0,"atk":0,"def":0,"spa":252,"spd":0,"spe":252},"ivs":{"hp":31,"atk":31,"def":31,"spa":31,"spd":31,"spe":31}},{"name":"Sableye","species":"Sableye","item":"leftovers","ability":"Prankster","moves":["shadowsneak","confuseray","willowisp","recover"],"nature":"Brave","evs":{"hp":0,"atk":252,"def":0,"spa":0,"spd":252,"spe":0},"ivs":{"hp":31,"atk":31,"def":31,"spa":31,"spd":31,"spe":31}},{"name":"Doublade","species":"Doublade","item":"focussash","ability":"No Guard","moves":["shadowsneak","ironhead","swordsdance","destinybond"],"nature":"Adamant","evs":{"hp":0,"atk":252,"def":252,"spa":0,"spd":0,"spe":0},"ivs":{"hp":31,"atk":31,"def":31,"spa":31,"spd":31,"spe":31}},{"name":"Gengar","species":"Gengar","item":"focussash","ability":"Levitate","moves":["focusblast","shadowball","destinybond","sludgewave"],"nature":"Timid","evs":{"hp":0,"atk":0,"def":0,"spa":252,"spd":0,"spe":252},"ivs":{"hp":31,"atk":31,"def":31,"spa":31,"spd":31,"spe":31}},{"name":"Chandelure","species":"Chandelure","item":"passhoberry","ability":"Infiltrator","moves":["heatwave","psychic","confuseray","willowisp"],"nature":"Timid","evs":{"hp":0,"atk":0,"def":0,"spa":252,"spd":0,"spe":252},"ivs":{"hp":31,"atk":31,"def":31,"spa":31,"spd":31,"spe":31}},{"name":"Banette","species":"Banette","item":"banettite","ability":"Insomnia","moves":["shadowsneak","confuseray","toxic","suckerpunch"],"nature":"Brave","evs":{"hp":0,"atk":252,"def":0,"spa":0,"spd":252,"spe":0},"ivs":{"hp":31,"atk":31,"def":31,"spa":31,"spd":31,"spe":31}}],"p2team":[{"name":"Garchomp","species":"Garchomp","item":"rockyhelmet","ability":"Rough Skin","moves":["stealthrock","earthquake","dragontail","endure"],"nature":"Impish","evs":{"hp":252,"atk":4,"def":252,"spa":0,"spd":0,"spe":0},"ivs":{"hp":31,"atk":31,"def":31,"spa":31,"spd":31,"spe":31}},{"name":"Latios","species":"Latios","item":"choicescarf","ability":"Levitate","moves":["psyshock","icebeam","dracometeor","hiddenpowerfire"],"nature":"Timid","evs":{"hp":0,"atk":0,"def":0,"spa":252,"spd":4,"spe":252},"ivs":{"hp":31,"atk":30,"def":31,"spa":30,"spd":31,"spe":30}},{"name":"Latias","species":"Latias","item":"latiasite","ability":"Levitate","moves":["thunderwave","energyball","defog","healingwish"],"nature":"Calm","evs":{"hp":244,"atk":0,"def":0,"spa":0,"spd":252,"spe":12},"ivs":{"hp":31,"atk":0,"def":31,"spa":31,"spd":31,"spe":31},"happiness":0},{"name":"Hydreigon","species":"Hydreigon","item":"focussash","ability":"Levitate","moves":["flamethrower","darkpulse","earthpower","tailwind"],"nature":"Modest","evs":{"hp":4,"atk":0,"def":0,"spa":252,"spd":0,"spe":252},"ivs":{"hp":31,"atk":0,"def":31,"spa":31,"spd":31,"spe":31}},{"name":"Kyurem-Black","species":"Kyurem-Black","item":"assaultvest","ability":"Teravolt","moves":["fusionbolt","ironhead","icebeam","earthpower"],"nature":"Lonely","evs":{"hp":0,"atk":252,"def":0,"spa":108,"spd":0,"spe":148},"ivs":{"hp":31,"atk":31,"def":31,"spa":31,"spd":31,"spe":31}},{"name":"Dragonite","species":"Dragonite","item":"choiceband","ability":"Multiscale","moves":["thunderpunch","outrage","extremespeed","earthquake"],"nature":"Adamant","evs":{"hp":240,"atk":252,"def":0,"spa":0,"spd":0,"spe":16},"ivs":{"hp":31,"atk":31,"def":31,"spa":31,"spd":31,"spe":31}}],"log":["|player|p1|GTX♅Donbures|144","|player|p2|Fairy Ouroboros|33","|gametype|singles","|gen|6","|tier|Monotype","|rated","|rule|Baton Pass Clause: Limit one Baton Passer, can't pass Spe and other stats simultaneously","|rule|Swagger Clause: Swagger is banned","|rule|Same Type Clause: Pokémon in a team must share a type","|clearpoke","|poke|p1|Mismagius, M","|poke|p1|Sableye, F","|poke|p1|Doublade, M","|poke|p1|Gengar, M","|poke|p1|Chandelure, F","|poke|p1|Banette, M","|poke|p2|Garchomp, F","|poke|p2|Latios, M","|poke|p2|Latias, F","|poke|p2|Hydreigon, M","|poke|p2|Kyurem-Black","|poke|p2|Dragonite, M","|rule|Sleep Clause Mod: Limit one foe put to sleep","|rule|Species Clause: Limit one of each Pokémon","|rule|OHKO Clause: OHKO moves are banned","|rule|Moody Clause: Moody is banned","|rule|Evasion Moves Clause: Evasion moves are banned","|rule|Endless Battle Clause: Forcing endless battles is banned","|rule|HP Percentage Mod: HP is shown in percentages","|teampreview","|","|start","|switch|p1a: Doublade|Doublade, M|259/259","|switch|p2a: Garchomp|Garchomp, F|420/420","|turn|1","|","|move|p2a: Garchomp|Stealth Rock|p1a: Doublade","|-sidestart|p1: GTX♅Donbures|move: Stealth Rock","|move|p1a: Doublade|Swords Dance|p1a: Doublade","|-boost|p1a: Doublade|atk|2","|","|turn|2","|","|move|p1a: Doublade|Swords Dance|p1a: Doublade","|-boost|p1a: Doublade|atk|2","|move|p2a: Garchomp|Dragon Tail|p1a: Doublade","|-resisted|p1a: Doublade","|-damage|p1a: Doublade|230/259","|drag|p1a: Chandelure|Chandelure, F|261/261","|-damage|p1a: Chandelure|196/261|[from] Stealth Rock","|","|turn|3","|","|move|p1a: Chandelure|Confuse Ray|p2a: Garchomp","|-start|p2a: Garchomp|confusion","|-activate|p2a: Garchomp|confusion","|move|p2a: Garchomp|Earthquake|p1a: Chandelure","|-supereffective|p1a: Chandelure","|-damage|p1a: Chandelure|0 fnt","|faint|p1a: Chandelure","|","|","|switch|p1a: Sableye|Sableye, F|241/241","|-damage|p1a: Sableye|211/241|[from] Stealth Rock","|turn|4","|","|switch|p2a: Latios|Latios, M|301/301","|move|p1a: Sableye|Will-O-Wisp|p2a: Latios","|-status|p2a: Latios|brn","|","|-heal|p1a: Sableye|226/241|[from] item: Leftovers","|-damage|p2a: Latios|264/301 brn|[from] brn","|turn|5","|","|move|p1a: Sableye|Confuse Ray|p2a: Latios","|-start|p2a: Latios|confusion","|-activate|p2a: Latios|confusion","|-damage|p2a: Latios|250/301 brn|[from] confusion","|","|-heal|p1a: Sableye|241/241|[from] item: Leftovers","|-damage|p2a: Latios|213/301 brn|[from] brn","|turn|6","|","|move|p1a: Sableye|Shadow Sneak|p2a: Latios","|-supereffective|p2a: Latios","|-damage|p2a: Latios|69/301 brn","|-end|p2a: Latios|confusion","|move|p2a: Latios|Draco Meteor|p1a: Sableye","|-damage|p1a: Sableye|15/241","|-unboost|p2a: Latios|spa|2","|","|-heal|p1a: Sableye|30/241|[from] item: Leftovers","|-damage|p2a: Latios|32/301 brn|[from] brn","|turn|7","|","|switch|p2a: Kyurem-Black|Kyurem-Black|391/391","|-ability|p2a: Kyurem-Black|Teravolt","|move|p1a: Sableye|Shadow Sneak|p2a: Kyurem-Black","|-damage|p2a: Kyurem-Black|325/391","|","|-heal|p1a: Sableye|45/241|[from] item: Leftovers","|turn|8","|","|move|p1a: Sableye|Confuse Ray|p2a: Kyurem-Black","|-start|p2a: Kyurem-Black|confusion","|-activate|p2a: Kyurem-Black|confusion","|-damage|p2a: Kyurem-Black|255/391|[from] confusion","|","|-heal|p1a: Sableye|60/241|[from] item: Leftovers","|turn|9","|","|move|p1a: Sableye|Will-O-Wisp|p2a: Kyurem-Black|[miss]","|-miss|p1a: Sableye|p2a: Kyurem-Black","|-activate|p2a: Kyurem-Black|confusion","|-damage|p2a: Kyurem-Black|188/391|[from] confusion","|","|-heal|p1a: Sableye|75/241|[from] item: Leftovers","|turn|10","|","|move|p1a: Sableye|Will-O-Wisp|p2a: Kyurem-Black","|-status|p2a: Kyurem-Black|brn","|-activate|p2a: Kyurem-Black|confusion","|move|p2a: Kyurem-Black|Ice Beam|p1a: Sableye","|-damage|p1a: Sableye|0 fnt","|faint|p1a: Sableye","|","|-damage|p2a: Kyurem-Black|140/391 brn|[from] brn","|","|switch|p1a: Doublade|Doublade, M|230/259","|-damage|p1a: Doublade|214/259|[from] Stealth Rock","|turn|11","|","|-end|p2a: Kyurem-Black|confusion","|move|p2a: Kyurem-Black|Earth Power|p1a: Doublade","|-supereffective|p1a: Doublade","|-damage|p1a: Doublade|0 fnt","|faint|p1a: Doublade","|","|-damage|p2a: Kyurem-Black|92/391 brn|[from] brn","|","|switch|p1a: Banette|Banette, M|269/269","|-damage|p1a: Banette|236/269|[from] Stealth Rock","|turn|12","|","|switch|p2a: Garchomp|Garchomp, F|420/420","|detailschange|p1a: Banette|Banette-Mega, M","|-mega|p1a: Banette|Banette|Banettite","|move|p1a: Banette|Sucker Punch|p2a: Garchomp","|-fail|p1a: Banette","|","|turn|13","|","|move|p1a: Banette|Confuse Ray|p2a: Garchomp","|-start|p2a: Garchomp|confusion","|-activate|p2a: Garchomp|confusion","|move|p2a: Garchomp|Earthquake|p1a: Banette","|-damage|p1a: Banette|41/269","|","|turn|14","|","|move|p1a: Banette|Toxic|p2a: Garchomp","|-status|p2a: Garchomp|tox","|-end|p2a: Garchomp|confusion","|move|p2a: Garchomp|Dragon Tail|p1a: Banette","|-damage|p1a: Banette|0 fnt","|faint|p1a: Banette","|","|-damage|p2a: Garchomp|394/420 tox|[from] psn","|","|switch|p1a: Gengar|Gengar, M|261/261","|-damage|p1a: Gengar|229/261|[from] Stealth Rock","|turn|15","|","|move|p1a: Gengar|Shadow Ball|p2a: Garchomp","|-damage|p2a: Garchomp|243/420 tox","|move|p2a: Garchomp|Dragon Tail|p1a: Gengar","|-damage|p1a: Gengar|84/261","|drag|p1a: Mismagius|Mismagius, M|261/261","|-damage|p1a: Mismagius|229/261|[from] Stealth Rock","|","|-damage|p2a: Garchomp|191/420 tox|[from] psn","|turn|16","|","|move|p1a: Mismagius|Confuse Ray|p2a: Garchomp","|-start|p2a: Garchomp|confusion","|-activate|p2a: Garchomp|confusion","|move|p2a: Garchomp|Dragon Tail|p1a: Mismagius","|-damage|p1a: Mismagius|99/261","|drag|p1a: Gengar|Gengar, M|84/261","|-damage|p1a: Gengar|52/261|[from] Stealth Rock","|","|-damage|p2a: Garchomp|113/420 tox|[from] psn","|turn|17","|","|move|p1a: Gengar|Shadow Ball|p2a: Garchomp","|-damage|p2a: Garchomp|0 fnt","|faint|p2a: Garchomp","|","|","|switch|p2a: Latias|Latias, F|362/362","|turn|18","|","|detailschange|p2a: Latias|Latias-Mega, F","|-mega|p2a: Latias|Latias|Latiasite","|move|p1a: Gengar|Shadow Ball|p2a: Latias","|-supereffective|p2a: Latias","|-damage|p2a: Latias|218/362","|move|p2a: Latias|Thunder Wave|p1a: Gengar","|-status|p1a: Gengar|par","|","|turn|19","|","|move|p2a: Latias|Energy Ball|p1a: Gengar","|-resisted|p1a: Gengar","|-damage|p1a: Gengar|0 fnt","|faint|p1a: Gengar","|","|","|switch|p1a: Mismagius|Mismagius, M|99/261","|-damage|p1a: Mismagius|67/261|[from] Stealth Rock","|turn|20","|","|move|p1a: Mismagius|Confuse Ray|p2a: Latias","|-start|p2a: Latias|confusion","|-activate|p2a: Latias|confusion","|move|p2a: Latias|Thunder Wave|p1a: Mismagius","|-status|p1a: Mismagius|par","|","|turn|21","|","|-end|p2a: Latias|confusion","|move|p2a: Latias|Energy Ball|p1a: Mismagius","|-damage|p1a: Mismagius|0 fnt","|faint|p1a: Mismagius","|","|win|Fairy Ouroboros"],"p1rating":{"entryid":"7493402","serverid":"eos","formatid":"monotype","userid":"gtxdonbures","username":"GTX♅Donbures","w":"2","l":7,"t":"0","gxe":36.8,"r":"1447.4793199347","rd":"99.538839420889","sigma":"0","rptime":"1439629200","rpr":1394.9780474975,"rprd":90.574627533256,"rpsigma":"0","acre":1000,"lacre":1000,"oldacre":"1002.3218550936"},"p2rating":{"entryid":7662052,"formatid":"monotype","userid":"fairyouroboros","username":"Fairy Ouroboros","r":1500,"rd":130,"sigma":0,"rpr":1535.3366546803,"rprd":122.58204539347,"rpsigma":0,"rptime":1439629200,"w":1,"l":0,"t":0,"gxe":54.4,"acre":1040.267309467,"lacre":1040.267309467,"oldacre":1000},"endType":"normal"}