{"seed":[56,44082,7425,29796],"turns":26,"p1":"Rain ☆ sidious","p2":"Knight Dooms","p1team":[{"name":"Gardevoir","species":"Gardevoir","item":"gardevoirite","ability":"Synchronize","moves":["hypervoice","wish","willowisp","protect"],"nature":"Bold","evs":{"hp":108,"atk":0,"def":244,"spa":144,"spd":0,"spe":12},"ivs":{"hp":31,"atk":31,"def":31,"spa":31,"spd":31,"spe":31}},{"name":"Latias","species":"Latias","item":"leftovers","ability":"Levitate","moves":["tailwind","dragonpulse","psyshock","defog"],"nature":"Calm","evs":{"hp":252,"atk":0,"def":0,"spa":0,"spd":252,"spe":4},"ivs":{"hp":31,"atk":31,"def":31,"spa":31,"spd":31,"spe":31}},{"name":"Victini","species":"Victini","item":"choicescarf","ability":"Victory Star","moves":["boltstrike","flareblitz","uturn","zenheadbutt"],"nature":"Jolly","evs":{"hp":0,"atk":252,"def":0,"spa":0,"spd":4,"spe":252},"ivs":{"hp":31,"atk":31,"def":31,"spa":31,"spd":31,"spe":31}},{"name":"Jirachi","species":"Jirachi","item":"leftovers","ability":"Serene Grace","moves":["ironhead","thunderwave","stealthrock","firepunch"],"nature":"Impish","evs":{"hp":252,"atk":4,"def":252,"spa":0,"spd":0,"spe":0},"ivs":{"hp":31,"atk":31,"def":31,"spa":31,"spd":31,"spe":31}},{"name":"Reuniclus","species":"Reuniclus","item":"leftovers","ability":"Magic Guard","moves":["calmmind","psyshock","recover","shadowball"],"nature":"Bold","evs":{"hp":96,"atk":0,"def":160,"spa":252,"spd":0,"spe":0},"ivs":{"hp":31,"atk":31,"def":31,"spa":31,"spd":31,"spe":31}},{"name":"Starmie","species":"Starmie","item":"lifeorb","ability":"Natural Cure","moves":["icebeam","surf","psyshock","thunderbolt"],"nature":"Timid","evs":{"hp":0,"atk":0,"def":0,"spa":252,"spd":4,"spe":252},"ivs":{"hp":31,"atk":31,"def":31,"spa":31,"spd":31,"spe":31}}],"p2team":[{"name":"Darmanitan","species":"Darmanitan","item":"choicescarf","ability":"Sheer Force","moves":["flareblitz","superpower","rockslide","uturn"],"nature":"Jolly","evs":{"hp":0,"atk":252,"def":0,"spa":0,"spd":4,"spe":252},"gender":"M","shiny":true,"ivs":{"hp":31,"atk":31,"def":31,"spa":31,"spd":31,"spe":31}},{"name":"Victini","species":"Victini","item":"choicescarf","ability":"Victory Star","moves":["vcreate","zenheadbutt","boltstrike","uturn"],"nature":"Naive","evs":{"hp":4,"atk":252,"def":0,"spa":0,"spd":0,"spe":252},"ivs":{"hp":31,"atk":31,"def":31,"spa":31,"spd":31,"spe":31}},{"name":"Volcarona","species":"Volcarona","item":"focussash","ability":"Flame Body","moves":["fierydance","bugbuzz","gigadrain","quiverdance"],"nature":"Bold","evs":{"hp":250,"atk":0,"def":216,"spa":0,"spd":0,"spe":44},"gender":"M","ivs":{"hp":31,"atk":0,"def":31,"spa":31,"spd":31,"spe":31},"shiny":true},{"name":"Infernape","species":"Infernape","item":"focussash","ability":"Iron Fist","moves":["flamethrower","closecombat","machpunch","thunderpunch"],"nature":"Hasty","evs":{"hp":0,"atk":252,"def":0,"spa":4,"spd":0,"spe":252},"gender":"M","shiny":true,"ivs":{"hp":31,"atk":31,"def":31,"spa":31,"spd":31,"spe":31}},{"name":"Heatran","species":"Heatran","item":"airballoon","ability":"Flash Fire","moves":["lavaplume","flashcannon","earthpower","stealthrock"],"nature":"Calm","evs":{"hp":252,"atk":0,"def":0,"spa":0,"spd":216,"spe":4},"gender":"M","ivs":{"hp":31,"atk":0,"def":31,"spa":31,"spd":31,"spe":31},"shiny":true},{"name":"Charizard","species":"Charizard","item":"charizarditex","ability":"Blaze","moves":["earthquake","flareblitz","dragondance","roost"],"nature":"Jolly","evs":{"hp":12,"atk":252,"def":0,"spa":0,"spd":0,"spe":244},"gender":"M","shiny":true,"ivs":{"hp":31,"atk":31,"def":31,"spa":31,"spd":31,"spe":31}}],"log":["|player|p1|Rain ☆ sidious|291","|player|p2|Knight Dooms|154","|gametype|singles","|gen|6","|tier|Monotype","|rated","|rule|Baton Pass Clause: Limit one Baton Passer, can't pass Spe and other stats simultaneously","|rule|Swagger Clause: Swagger is banned","|rule|Same Type Clause: Pokémon in a team must share a type","|clearpoke","|poke|p1|Gardevoir, F","|poke|p1|Latias, F","|poke|p1|Victini","|poke|p1|Jirachi","|poke|p1|Reuniclus, F","|poke|p1|Starmie","|poke|p2|Darmanitan, M, shiny","|poke|p2|Victini","|poke|p2|Volcarona, M, shiny","|poke|p2|Infernape, M, shiny","|poke|p2|Heatran, M, shiny","|poke|p2|Charizard, M, shiny","|rule|Sleep Clause Mod: Limit one foe put to sleep","|rule|Species Clause: Limit one of each Pokémon","|rule|OHKO Clause: OHKO moves are banned","|rule|Moody Clause: Moody is banned","|rule|Evasion Moves Clause: Evasion moves are banned","|rule|Endless Battle Clause: Forcing endless battles is banned","|rule|HP Percentage Mod: HP is shown in percentages","|teampreview","|","|start","|switch|p1a: Reuniclus|Reuniclus, F|385/385","|switch|p2a: Volcarona|Volcarona, M, shiny|373/373","|turn|1","|","|move|p2a: Volcarona|Quiver Dance|p2a: Volcarona","|-boost|p2a: Volcarona|spa|1","|-boost|p2a: Volcarona|spd|1","|-boost|p2a: Volcarona|spe|1","|move|p1a: Reuniclus|Calm Mind|p1a: Reuniclus","|-boost|p1a: Reuniclus|spa|1","|-boost|p1a: Reuniclus|spd|1","|","|turn|2","|","|move|p2a: Volcarona|Bug Buzz|p1a: Reuniclus","|-supereffective|p1a: Reuniclus","|-damage|p1a: Reuniclus|85/385","|move|p1a: Reuniclus|Shadow Ball|p2a: Volcarona","|-damage|p2a: Volcarona|278/373","|-unboost|p2a: Volcarona|spd|1","|","|-heal|p1a: Reuniclus|109/385|[from] item: Leftovers","|turn|3","|","|move|p2a: Volcarona|Quiver Dance|p2a: Volcarona","|-boost|p2a: Volcarona|spa|1","|-boost|p2a: Volcarona|spd|1","|-boost|p2a: Volcarona|spe|1","|move|p1a: Reuniclus|Shadow Ball|p2a: Volcarona","|-damage|p2a: Volcarona|190/373","|","|-heal|p1a: Reuniclus|133/385|[from] item: Leftovers","|turn|4","|","|move|p2a: Volcarona|Giga Drain|p1a: Reuniclus","|-damage|p1a: Reuniclus|26/385","|-heal|p2a: Volcarona|244/373|[from] drain|[of] p1a: Reuniclus","|move|p1a: Reuniclus|Shadow Ball|p2a: Volcarona","|-damage|p2a: Volcarona|161/373","|-unboost|p2a: Volcarona|spd|1","|","|-heal|p1a: Reuniclus|50/385|[from] item: Leftovers","|turn|5","|","|move|p2a: Volcarona|Giga Drain|p1a: Reuniclus","|-damage|p1a: Reuniclus|0 fnt","|-heal|p2a: Volcarona|186/373|[from] drain|[of] p1a: Reuniclus","|faint|p1a: Reuniclus","|","|","|switch|p1a: Latias|Latias, F|364/364","|turn|6","|","|move|p2a: Volcarona|Bug Buzz|p1a: Latias","|-supereffective|p1a: Latias","|-damage|p1a: Latias|58/364","|-unboost|p1a: Latias|spd|1","|move|p1a: Latias|Tailwind|p1a: Latias","|-sidestart|p1: Rain ☆ sidious|move: Tailwind","|","|-heal|p1a: Latias|80/364|[from] item: Leftovers","|turn|7","|","|move|p1a: Latias|Psyshock|p2a: Volcarona","|-damage|p2a: Volcarona|80/373","|move|p2a: Volcarona|Bug Buzz|p1a: Latias","|-supereffective|p1a: Latias","|-damage|p1a: Latias|0 fnt","|faint|p1a: Latias","|","|","|switch|p1a: Gardevoir|Gardevoir, F|304/304","|turn|8","|","|detailschange|p1a: Gardevoir|Gardevoir-Mega, F","|-mega|p1a: Gardevoir|Gardevoir|Gardevoirite","|move|p2a: Volcarona|Fiery Dance|p1a: Gardevoir","|-damage|p1a: Gardevoir|100/304","|move|p1a: Gardevoir|Hyper Voice|p2a: Volcarona","|-resisted|p2a: Volcarona","|-damage|p2a: Volcarona|0 fnt","|faint|p2a: Volcarona","|","|","|switch|p2a: Darmanitan|Darmanitan, M, shiny|351/351","|turn|9","|","|move|p1a: Gardevoir|Wish|p1a: Gardevoir","|move|p2a: Darmanitan|U-turn|p1a: Gardevoir","|-damage|p1a: Gardevoir|9/304","|","|switch|p2a: Charizard|Charizard, M, shiny|300/300","|","|-sideend|p1: Rain ☆ sidious|move: Tailwind","|turn|10","|","|detailschange|p2a: Charizard|Charizard-Mega-X, M, shiny","|-mega|p2a: Charizard|Charizard|Charizardite X","|move|p1a: Gardevoir|Protect|p1a: Gardevoir","|-singleturn|p1a: Gardevoir|Protect","|move|p2a: Charizard|Dragon Dance|p2a: Charizard","|-boost|p2a: Charizard|atk|1","|-boost|p2a: Charizard|spe|1","|","|-heal|p1a: Gardevoir|161/304|[from] move: Wish|[wisher] Gardevoir","|turn|11","|","|move|p2a: Charizard|Flare Blitz|p1a: Gardevoir","|-damage|p1a: Gardevoir|0 fnt","|-damage|p2a: Charizard|247/300|[from] recoil|[of] p1a: Gardevoir","|faint|p1a: Gardevoir","|","|","|switch|p1a: Starmie|Starmie|261/261","|turn|12","|","|move|p2a: Charizard|Earthquake|p1a: Starmie","|-damage|p1a: Starmie|43/261","|move|p1a: Starmie|Surf|p2a: Charizard","|-damage|p2a: Charizard|44/300","|-damage|p1a: Starmie|17/261|[from] item: Life Orb","|","|turn|13","|","|move|p2a: Charizard|Earthquake|p1a: Starmie","|-damage|p1a: Starmie|0 fnt","|faint|p1a: Starmie","|","|","|switch|p1a: Victini|Victini|341/341","|turn|14","|","|move|p1a: Victini|Bolt Strike|p2a: Charizard","|-resisted|p2a: Charizard","|-damage|p2a: Charizard|0 fnt","|faint|p2a: Charizard","|","|","|switch|p2a: Darmanitan|Darmanitan, M, shiny|351/351","|turn|15","|","|move|p1a: Victini|Bolt Strike|p2a: Darmanitan","|-damage|p2a: Darmanitan|156/351","|move|p2a: Darmanitan|Rock Slide|p1a: Victini","|-supereffective|p1a: Victini","|-damage|p1a: Victini|101/341","|","|turn|16","|","|switch|p2a: Heatran|Heatran, M, shiny|386/386","|-item|p2a: Heatran|Air Balloon","|move|p1a: Victini|Bolt Strike|p2a: Heatran","|-damage|p2a: Heatran|264/386","|-enditem|p2a: Heatran|Air Balloon","|","|turn|17","|","|move|p1a: Victini|Bolt Strike|p2a: Heatran","|-damage|p2a: Heatran|149/386","|move|p2a: Heatran|Earth Power|p1a: Victini","|-supereffective|p1a: Victini","|-damage|p1a: Victini|0 fnt","|faint|p1a: Victini","|","|","|switch|p1a: Jirachi|Jirachi|404/404","|turn|18","|","|move|p1a: Jirachi|Iron Head|p2a: Heatran","|-crit|p2a: Heatran","|-resisted|p2a: Heatran","|-damage|p2a: Heatran|114/386","|cant|p2a: Heatran|flinch","|","|turn|19","|","|move|p1a: Jirachi|Iron Head|p2a: Heatran","|-resisted|p2a: Heatran","|-damage|p2a: Heatran|91/386","|cant|p2a: Heatran|flinch","|","|turn|20","|","|move|p1a: Jirachi|Iron Head|p2a: Heatran","|-resisted|p2a: Heatran","|-damage|p2a: Heatran|68/386","|cant|p2a: Heatran|flinch","|","|turn|21","|","|move|p1a: Jirachi|Iron Head|p2a: Heatran","|-crit|p2a: Heatran","|-resisted|p2a: Heatran","|-damage|p2a: Heatran|36/386","|cant|p2a: Heatran|flinch","|","|turn|22","|","|move|p1a: Jirachi|Iron Head|p2a: Heatran","|-resisted|p2a: Heatran","|-damage|p2a: Heatran|15/386","|cant|p2a: Heatran|flinch","|","|turn|23","|","|move|p1a: Jirachi|Iron Head|p2a: Heatran","|-resisted|p2a: Heatran","|-damage|p2a: Heatran|0 fnt","|faint|p2a: Heatran","|","|","|switch|p2a: Darmanitan|Darmanitan, M, shiny|156/351","|turn|24","|","|move|p2a: Darmanitan|Flare Blitz|p1a: Jirachi","|-supereffective|p1a: Jirachi","|-damage|p1a: Jirachi|6/404","|-damage|p2a: Darmanitan|25/351|[from] recoil|[of] p1a: Jirachi","|move|p1a: Jirachi|Thunder Wave|p2a: Darmanitan","|-status|p2a: Darmanitan|par","|","|-heal|p1a: Jirachi|31/404|[from] item: Leftovers","|turn|25","|","|move|p1a: Jirachi|Iron Head|p2a: Darmanitan","|-crit|p2a: Darmanitan","|-resisted|p2a: Darmanitan","|-damage|p2a: Darmanitan|0 fnt","|faint|p2a: Darmanitan","|","|-heal|p1a: Jirachi|56/404|[from] item: Leftovers","|","|switch|p2a: Infernape|Infernape, M, shiny|293/293","|turn|26","|","|move|p2a: Infernape|Flamethrower|p1a: Jirachi","|-supereffective|p1a: Jirachi","|-damage|p1a: Jirachi|0 fnt","|faint|p1a: Jirachi","|","|win|Knight Dooms"],"p1rating":{"entryid":"6395890","serverid":"eos","formatid":"monotype","userid":"rainsidious","username":"Rain ☆ sidious","w":"61","l":74,"t":"0","gxe":47.1,"r":"1485.076551991","rd":"38.091016764084","sigma":"0","rptime":"1439629200","rpr":1477.9108016429,"rprd":37.671108555701,"rpsigma":"0","acre":1152.1989330982,"lacre":1152.1989330982,"oldacre":"1171.4350019992"},"p2rating":{"entryid":"7580420","serverid":"eos","formatid":"monotype","userid":"knightdooms","username":"Knight Dooms","w":11,"l":"3","t":"0","gxe":65.4,"r":"1497.2967865232","rd":"98.587113429244","sigma":"0","rptime":"1439629200","rpr":1622.9390167764,"rprd":78.390849898457,"rpsigma":"0","acre":1272.2412733085,"lacre":1272.2412733085,"oldacre":"1253.0052044075"},"endType":"normal"}