{"seed":[29279,51106,45637,59086],"turns":21,"p1":"KGBeast","p2":"Topaz☆Pikel","p1team":[{"name":"Houndoom","species":"Houndoom","item":"houndoominite","ability":"Unnerve","moves":["nastyplot","flamethrower","darkpulse","hiddenpowersteel"],"nature":"Timid","evs":{"hp":0,"atk":0,"def":0,"spa":252,"spd":4,"spe":252},"ivs":{"hp":31,"atk":31,"def":31,"spa":31,"spd":30,"spe":31}},{"name":"Ninetales","species":"Ninetales","item":"leftovers","ability":"Drought","moves":["hypnosis","foulplay","toxic","painsplit"],"nature":"Calm","evs":{"hp":248,"atk":0,"def":0,"spa":0,"spd":252,"spe":8},"ivs":{"hp":31,"atk":0,"def":31,"spa":31,"spd":31,"spe":31}},{"name":"Darmanitan","species":"Darmanitan","item":"choicescarf","ability":"Sheer Force","moves":["flareblitz","uturn","rockslide","superpower"],"nature":"Jolly","evs":{"hp":0,"atk":252,"def":0,"spa":0,"spd":4,"spe":252},"ivs":{"hp":31,"atk":31,"def":31,"spa":31,"spd":31,"spe":31}},{"name":"Infernape","species":"Infernape","item":"focussash","ability":"Blaze","moves":["stealthrock","taunt","closecombat","fireblast"],"nature":"Naive","evs":{"hp":0,"atk":252,"def":0,"spa":4,"spd":0,"spe":252},"ivs":{"hp":31,"atk":31,"def":31,"spa":31,"spd":31,"spe":31}},{"name":"Arcanine","species":"Arcanine","item":"leftovers","ability":"Intimidate","moves":["willowisp","flareblitz","roar","morningsun"],"nature":"Impish","evs":{"hp":248,"atk":8,"def":252,"spa":0,"spd":0,"spe":0},"ivs":{"hp":31,"atk":31,"def":31,"spa":31,"spd":31,"spe":31}},{"name":"Heatran","species":"Heatran","item":"airballoon","ability":"Flash Fire","moves":["solarbeam","hiddenpowerice","earthpower","flashcannon"],"nature":"Modest","evs":{"hp":48,"atk":0,"def":0,"spa":252,"spd":0,"spe":208},"ivs":{"hp":31,"atk":30,"def":30,"spa":31,"spd":31,"spe":31}}],"p2team":[{"name":"Charizard","species":"Charizard","item":"charizarditex","ability":"Blaze","moves":["dragondance","roost","flareblitz","earthquake"],"nature":"Jolly","evs":{"hp":0,"atk":252,"def":0,"spa":0,"spd":4,"spe":252},"ivs":{"hp":31,"atk":31,"def":31,"spa":31,"spd":31,"spe":31}},{"name":"Landorus","species":"Landorus","item":"lifeorb","ability":"Sheer Force","moves":["earthpower","stealthrock","sludgewave","focusblast"],"nature":"Timid","evs":{"hp":0,"atk":0,"def":0,"spa":252,"spd":4,"spe":252},"ivs":{"hp":31,"atk":31,"def":31,"spa":31,"spd":31,"spe":31}},{"name":"Skarmory","species":"Skarmory","item":"rockyhelmet","ability":"Sturdy","moves":["defog","bravebird","roost","whirlwind"],"nature":"Impish","evs":{"hp":248,"atk":0,"def":236,"spa":0,"spd":0,"spe":24},"ivs":{"hp":31,"atk":31,"def":31,"spa":31,"spd":31,"spe":31}},{"name":"Thundurus","species":"Thundurus","item":"lifeorb","ability":"Prankster","moves":["thunderwave","thunderbolt","focusblast","hiddenpowerice"],"nature":"Timid","evs":{"hp":0,"atk":0,"def":0,"spa":252,"spd":4,"spe":252},"ivs":{"hp":31,"atk":30,"def":30,"spa":31,"spd":31,"spe":31}},{"name":"Togekiss","species":"Togekiss","item":"choicescarf","ability":"Serene Grace","moves":["fireblast","dazzlinggleam","aurasphere","airslash"],"nature":"Timid","evs":{"hp":0,"atk":0,"def":0,"spa":252,"spd":4,"spe":252},"ivs":{"hp":31,"atk":31,"def":31,"spa":31,"spd":31,"spe":31}},{"name":"Hawlucha","species":"Hawlucha","item":"powerherb","ability":"Unburden","moves":["acrobatics","highjumpkick","ironhead","skyattack"],"nature":"Adamant","evs":{"hp":0,"atk":252,"def":0,"spa":0,"spd":4,"spe":252},"ivs":{"hp":31,"atk":31,"def":31,"spa":31,"spd":31,"spe":31}}],"log":["|player|p1|KGBeast|kgbeast.png","|player|p2|Topaz☆Pikel|164","|gametype|singles","|gen|6","|tier|Monotype","|rated","|rule|Baton Pass Clause: Limit one Baton Passer, can't pass Spe and other stats simultaneously","|rule|Swagger Clause: Swagger is banned","|rule|Same Type Clause: Pokémon in a team must share a type","|clearpoke","|poke|p1|Houndoom, F","|poke|p1|Ninetales, F","|poke|p1|Darmanitan, F","|poke|p1|Infernape, F","|poke|p1|Arcanine, M","|poke|p1|Heatran, F","|poke|p2|Charizard, M","|poke|p2|Landorus, M","|poke|p2|Skarmory, F","|poke|p2|Thundurus, M","|poke|p2|Togekiss, F","|poke|p2|Hawlucha, M","|rule|Sleep Clause Mod: Limit one foe put to sleep","|rule|Species Clause: Limit one of each Pokémon","|rule|OHKO Clause: OHKO moves are banned","|rule|Moody Clause: Moody is banned","|rule|Evasion Moves Clause: Evasion moves are banned","|rule|Endless Battle Clause: Forcing endless battles is banned","|rule|HP Percentage Mod: HP is shown in percentages","|teampreview","|","|start","|switch|p1a: Infernape|Infernape, F|293/293","|switch|p2a: Landorus|Landorus, M|319/319","|turn|1","|","|move|p1a: Infernape|Stealth Rock|p2a: Landorus","|-sidestart|p2: Topaz☆Pikel|move: Stealth Rock","|move|p2a: Landorus|Stealth Rock|p1a: Infernape","|-sidestart|p1: KGBeast|move: Stealth Rock","|","|turn|2","|","|move|p1a: Infernape|Fire Blast|p2a: Landorus|[miss]","|-miss|p1a: Infernape|p2a: Landorus","|move|p2a: Landorus|Earth Power|p1a: Infernape","|-supereffective|p1a: Infernape","|-enditem|p1a: Infernape|Focus Sash","|-damage|p1a: Infernape|1/293","|","|turn|3","|","|move|p1a: Infernape|Fire Blast|p2a: Landorus|[miss]","|-miss|p1a: Infernape|p2a: Landorus","|move|p2a: Landorus|Earth Power|p1a: Infernape","|-supereffective|p1a: Infernape","|-damage|p1a: Infernape|0 fnt","|faint|p1a: Infernape","|","|","|switch|p1a: Heatran|Heatran, F|335/335","|-damage|p1a: Heatran|294/335|[from] Stealth Rock","|-item|p1a: Heatran|Air Balloon","|turn|4","|","|move|p2a: Landorus|Focus Blast|p1a: Heatran|[miss]","|-miss|p2a: Landorus|p1a: Heatran","|move|p1a: Heatran|Hidden Power|p2a: Landorus","|-supereffective|p2a: Landorus","|-damage|p2a: Landorus|0 fnt","|faint|p2a: Landorus","|","|","|switch|p2a: Hawlucha|Hawlucha, M|297/297","|-damage|p2a: Hawlucha|260/297|[from] Stealth Rock","|turn|5","|","|switch|p1a: Arcanine|Arcanine, M|383/383","|-damage|p1a: Arcanine|288/383|[from] Stealth Rock","|-ability|p1a: Arcanine|Intimidate","|-unboost|p2a: Hawlucha|atk|1","|move|p2a: Hawlucha|High Jump Kick|p1a: Arcanine","|-damage|p1a: Arcanine|179/383","|","|-heal|p1a: Arcanine|202/383|[from] item: Leftovers","|turn|6","|","|switch|p2a: Thundurus|Thundurus, M|299/299","|-damage|p2a: Thundurus|225/299|[from] Stealth Rock","|move|p1a: Arcanine|Morning Sun|p1a: Arcanine","|-heal|p1a: Arcanine|383/383","|","|turn|7","|","|move|p2a: Thundurus|Thunderbolt|p1a: Arcanine","|-damage|p1a: Arcanine|148/383","|-status|p1a: Arcanine|par","|-damage|p2a: Thundurus|196/299|[from] item: Life Orb","|move|p1a: Arcanine|Flare Blitz|p2a: Thundurus","|-damage|p2a: Thundurus|6/299","|-damage|p1a: Arcanine|85/383 par|[from] recoil|[of] p2a: Thundurus","|","|-heal|p1a: Arcanine|108/383 par|[from] item: Leftovers","|turn|8","|","|move|p2a: Thundurus|Thunderbolt|p1a: Arcanine","|-damage|p1a: Arcanine|0 fnt","|-damage|p2a: Thundurus|0 fnt|[from] item: Life Orb","|faint|p1a: Arcanine","|faint|p2a: Thundurus","|","|","|switch|p2a: Hawlucha|Hawlucha, M|260/297","|switch|p1a: Darmanitan|Darmanitan, F|351/351","|-damage|p1a: Darmanitan|264/351|[from] Stealth Rock","|-damage|p2a: Hawlucha|223/297|[from] Stealth Rock","|turn|9","|","|move|p1a: Darmanitan|Flare Blitz|p2a: Hawlucha","|-damage|p2a: Hawlucha|0 fnt","|-damage|p1a: Darmanitan|190/351|[from] recoil|[of] p2a: Hawlucha","|faint|p2a: Hawlucha","|","|","|switch|p2a: Charizard|Charizard, M|297/297","|-damage|p2a: Charizard|149/297|[from] Stealth Rock","|turn|10","|","|switch|p1a: Houndoom|Houndoom, F|291/291","|-damage|p1a: Houndoom|219/291|[from] Stealth Rock","|-ability|p1a: Houndoom|Unnerve|p2: Topaz☆Pikel","|detailschange|p2a: Charizard|Charizard-Mega-X, M","|-mega|p2a: Charizard|Charizard|Charizardite X","|move|p2a: Charizard|Roost|p2a: Charizard","|-heal|p2a: Charizard|297/297","|","|turn|11","|","|detailschange|p1a: Houndoom|Houndoom-Mega, F","|-mega|p1a: Houndoom|Houndoom|Houndoominite","|move|p2a: Charizard|Dragon Dance|p2a: Charizard","|-boost|p2a: Charizard|atk|1","|-boost|p2a: Charizard|spe|1","|move|p1a: Houndoom|Dark Pulse|p2a: Charizard","|-damage|p2a: Charizard|129/297","|","|turn|12","|","|move|p2a: Charizard|Earthquake|p1a: Houndoom","|-supereffective|p1a: Houndoom","|-damage|p1a: Houndoom|0 fnt","|faint|p1a: Houndoom","|","|","|switch|p1a: Heatran|Heatran, F|294/335","|-damage|p1a: Heatran|253/335|[from] Stealth Rock","|-item|p1a: Heatran|Air Balloon","|turn|13","|","|switch|p2a: Togekiss|Togekiss, F|311/311","|-damage|p2a: Togekiss|234/311|[from] Stealth Rock","|move|p1a: Heatran|Earth Power|p2a: Togekiss","|-immune|p2a: Togekiss|[msg]","|","|turn|14","|","|switch|p1a: Ninetales|Ninetales, F|349/349","|-damage|p1a: Ninetales|262/349|[from] Stealth Rock","|-weather|SunnyDay","|move|p2a: Togekiss|Aura Sphere|p1a: Ninetales","|-damage|p1a: Ninetales|201/349","|","|-weather|SunnyDay|[upkeep]","|-heal|p1a: Ninetales|222/349|[from] item: Leftovers","|turn|15","|","|move|p2a: Togekiss|Aura Sphere|p1a: Ninetales","|-damage|p1a: Ninetales|154/349","|move|p1a: Ninetales|Toxic|p2a: Togekiss","|-status|p2a: Togekiss|tox","|","|-weather|SunnyDay|[upkeep]","|-heal|p1a: Ninetales|175/349|[from] item: Leftovers","|-damage|p2a: Togekiss|215/311 tox|[from] psn","|turn|16","|","|move|p2a: Togekiss|Aura Sphere|p1a: Ninetales","|-damage|p1a: Ninetales|106/349","|move|p1a: Ninetales|Foul Play|p2a: Togekiss","|-resisted|p2a: Togekiss","|-damage|p2a: Togekiss|196/311 tox","|","|-weather|SunnyDay|[upkeep]","|-heal|p1a: Ninetales|127/349|[from] item: Leftovers","|-damage|p2a: Togekiss|158/311 tox|[from] psn","|turn|17","|","|move|p2a: Togekiss|Aura Sphere|p1a: Ninetales","|-damage|p1a: Ninetales|59/349","|move|p1a: Ninetales|Pain Split|p2a: Togekiss","|-sethp|p2a: Togekiss|108/311 tox|p1a: Ninetales|108/349|[from] move: Pain Split","|","|-weather|SunnyDay|[upkeep]","|-heal|p1a: Ninetales|129/349|[from] item: Leftovers","|-damage|p2a: Togekiss|51/311 tox|[from] psn","|turn|18","|","|move|p2a: Togekiss|Aura Sphere|p1a: Ninetales","|-crit|p1a: Ninetales","|-damage|p1a: Ninetales|39/349","|move|p1a: Ninetales|Foul Play|p2a: Togekiss","|-resisted|p2a: Togekiss","|-damage|p2a: Togekiss|30/311 tox","|","|-weather|none","|-heal|p1a: Ninetales|60/349|[from] item: Leftovers","|-damage|p2a: Togekiss|0 fnt|[from] psn","|faint|p2a: Togekiss","|","|switch|p2a: Charizard|Charizard-Mega-X, M|129/297","|-damage|p2a: Charizard|55/297|[from] Stealth Rock","|turn|19","|","|move|p2a: Charizard|Earthquake|p1a: Ninetales","|-supereffective|p1a: Ninetales","|-damage|p1a: Ninetales|0 fnt","|faint|p1a: Ninetales","|","|","|switch|p1a: Darmanitan|Darmanitan, F|190/351","|-damage|p1a: Darmanitan|103/351|[from] Stealth Rock","|turn|20","|","|move|p1a: Darmanitan|Flare Blitz|p2a: Charizard","|-resisted|p2a: Charizard","|-damage|p2a: Charizard|0 fnt","|-damage|p1a: Darmanitan|85/351|[from] recoil|[of] p2a: Charizard","|faint|p2a: Charizard","|","|","|switch|p2a: Skarmory|Skarmory, F|333/333","|-damage|p2a: Skarmory|292/333|[from] Stealth Rock","|turn|21","|","|move|p1a: Darmanitan|Flare Blitz|p2a: Skarmory","|-supereffective|p2a: Skarmory","|-damage|p2a: Skarmory|0 fnt","|-damage|p1a: Darmanitan|27/351|[from] item: Rocky Helmet|[of] p2a: Skarmory","|-damage|p1a: Darmanitan|0 fnt|[from] recoil|[of] p2a: Skarmory","|faint|p2a: Skarmory","|faint|p1a: Darmanitan","|","|win|KGBeast"],"p1rating":{"entryid":"6349485","serverid":"eos","formatid":"monotype","userid":"kgbeast","username":"KGBeast","w":75,"l":"45","t":"0","gxe":60.7,"r":"1580.9981388501","rd":"38.481320672037","sigma":"0","rptime":"1439629200","rpr":1581.8614317962,"rprd":37.948067738958,"rpsigma":"0","acre":1145.434204346,"lacre":1145.434204346,"oldacre":"1116.6255403901"},"p2rating":{"entryid":"7419563","serverid":"eos","formatid":"monotype","userid":"topazpikel","username":"Topaz~Pikel","w":"16","l":9,"t":"0","gxe":63.5,"r":"1619.9873349732","rd":"67.00552387215","sigma":"0","rptime":"1439629200","rpr":1606.2349465428,"rprd":65.824803696399,"rpsigma":"0","acre":1141.1627881505,"lacre":1141.1627881505,"oldacre":"1169.9714521064"},"endType":"normal"}