{"seed":[13846,47834,20910,26887],"turns":28,"p1":"SWL ROCK","p2":"Guard Darkrai","p1team":[{"name":"Galvantula","species":"Galvantula","item":"focussash","ability":"Compound Eyes","moves":["thunder","bugbuzz","stickyweb","voltswitch"],"nature":"Timid","evs":{"hp":0,"atk":0,"def":0,"spa":252,"spd":4,"spe":252},"ivs":{"hp":31,"atk":31,"def":31,"spa":31,"spd":31,"spe":31}},{"name":"Magnezone","species":"Magnezone","item":"choicescarf","ability":"Magnet Pull","moves":["voltswitch","hiddenpowerfire","flashcannon","thunderbolt"],"nature":"Timid","evs":{"hp":4,"atk":0,"def":0,"spa":252,"spd":0,"spe":252},"ivs":{"hp":31,"atk":30,"def":31,"spa":30,"spd":31,"spe":30}},{"name":"Zapdos","species":"Zapdos","item":"leftovers","ability":"Pressure","moves":["voltswitch","roost","defog","heatwave"],"nature":"Bold","evs":{"hp":248,"atk":0,"def":176,"spa":68,"spd":0,"spe":16},"ivs":{"hp":31,"atk":31,"def":31,"spa":31,"spd":31,"spe":31}},{"name":"Thundurus","species":"Thundurus","item":"lifeorb","ability":"Defiant","moves":["thunderbolt","knockoff","superpower","hiddenpowerice"],"nature":"Naive","evs":{"hp":0,"atk":76,"def":0,"spa":180,"spd":0,"spe":252},"ivs":{"hp":31,"atk":30,"def":30,"spa":31,"spd":31,"spe":31}},{"name":"Ampharos","species":"Ampharos","item":"ampharosite","ability":"Static","moves":["discharge","dragonpulse","rest","cottonguard"],"nature":"Calm","evs":{"hp":250,"atk":0,"def":0,"spa":28,"spd":232,"spe":0},"ivs":{"hp":31,"atk":31,"def":31,"spa":31,"spd":31,"spe":31}},{"name":"Luxray","species":"Luxray","item":"choiceband","ability":"Guts","moves":["wildcharge","superpower","crunch","facade"],"nature":"Adamant","evs":{"hp":0,"atk":252,"def":0,"spa":0,"spd":4,"spe":252},"ivs":{"hp":31,"atk":31,"def":31,"spa":31,"spd":31,"spe":31}}],"p2team":[{"name":"Dedenne","species":"Dedenne","item":"petayaberry","ability":"Cheek Pouch","moves":["recycle","substitute","discharge","grassknot"],"nature":"Timid","evs":{"hp":4,"atk":0,"def":0,"spa":252,"spd":0,"spe":252},"ivs":{"hp":31,"atk":31,"def":31,"spa":31,"spd":31,"spe":31}},{"name":"Luxray","species":"Luxray","item":"zapplate","ability":"Intimidate","moves":["wildcharge","voltswitch","crunch","superpower"],"nature":"Adamant","evs":{"hp":248,"atk":252,"def":0,"spa":0,"spd":8,"spe":0},"ivs":{"hp":31,"atk":31,"def":31,"spa":31,"spd":31,"spe":31}},{"name":"Magnezone","species":"Magnezone","item":"airballoon","ability":"Sturdy","moves":["thunderbolt","flashcannon","mirrorcoat","thunderwave"],"nature":"Modest","evs":{"hp":248,"atk":0,"def":0,"spa":252,"spd":8,"spe":0},"ivs":{"hp":31,"atk":31,"def":31,"spa":31,"spd":31,"spe":31}},{"name":"Magneton","species":"Magneton","item":"eviolite","ability":"Analytic","moves":["discharge","flashcannon","hiddenpowergrass","voltswitch"],"nature":"Modest","evs":{"hp":248,"atk":0,"def":0,"spa":252,"spd":8,"spe":0},"ivs":{"hp":31,"atk":30,"def":31,"spa":30,"spd":31,"spe":31}},{"name":"Rotom-Wash","species":"Rotom-Wash","item":"leftovers","ability":"Levitate","moves":["hydropump","voltswitch","willowisp","painsplit"],"nature":"Calm","evs":{"hp":252,"atk":0,"def":0,"spa":4,"spd":252,"spe":0},"ivs":{"hp":31,"atk":31,"def":31,"spa":31,"spd":31,"spe":31}},{"name":"Thundurus-Therian","species":"Thundurus-Therian","item":"choicescarf","ability":"Volt Absorb","moves":["voltswitch","thunderbolt","hiddenpowerice","focusblast"],"nature":"Timid","evs":{"hp":0,"atk":0,"def":0,"spa":252,"spd":4,"spe":252},"ivs":{"hp":31,"atk":30,"def":30,"spa":31,"spd":31,"spe":31}}],"log":["|player|p1|SWL ROCK|49","|player|p2|Guard Darkrai|guarddarkrai.png","|gametype|singles","|gen|6","|tier|Monotype","|rated","|rule|Baton Pass Clause: Limit one Baton Passer, can't pass Spe and other stats simultaneously","|rule|Swagger Clause: Swagger is banned","|rule|Same Type Clause: Pokémon in a team must share a type","|clearpoke","|poke|p1|Galvantula, F","|poke|p1|Magnezone","|poke|p1|Zapdos","|poke|p1|Thundurus, M","|poke|p1|Ampharos, M","|poke|p1|Luxray, F","|poke|p2|Dedenne, F","|poke|p2|Luxray, M","|poke|p2|Magnezone","|poke|p2|Magneton","|poke|p2|Rotom-Wash","|poke|p2|Thundurus-Therian, M","|rule|Sleep Clause Mod: Limit one foe put to sleep","|rule|Species Clause: Limit one of each Pokémon","|rule|OHKO Clause: OHKO moves are banned","|rule|Moody Clause: Moody is banned","|rule|Evasion Moves Clause: Evasion moves are banned","|rule|Endless Battle Clause: Forcing endless battles is banned","|rule|HP Percentage Mod: HP is shown in percentages","|teampreview","|","|start","|switch|p1a: Ampharos|Ampharos, M|383/383","|switch|p2a: Magneton|Magneton|303/303","|turn|1","|","|detailschange|p1a: Ampharos|Ampharos-Mega, M","|-mega|p1a: Ampharos|Ampharos|Ampharosite","|-ability|p1a: Ampharos|Mold Breaker","|move|p2a: Magneton|Flash Cannon|p1a: Ampharos","|-resisted|p1a: Ampharos","|-damage|p1a: Ampharos|329/383","|move|p1a: Ampharos|Cotton Guard|p1a: Ampharos","|-boost|p1a: Ampharos|def|3","|","|turn|2","|","|move|p2a: Magneton|Volt Switch|p1a: Ampharos","|-resisted|p1a: Ampharos","|-damage|p1a: Ampharos|306/383","|","|switch|p2a: Thundurus-Therian|Thundurus-Therian, M|299/299","|move|p1a: Ampharos|Dragon Pulse|p2a: Thundurus-Therian","|-crit|p2a: Thundurus-Therian","|-damage|p2a: Thundurus-Therian|14/299","|","|turn|3","|","|move|p2a: Thundurus-Therian|Hidden Power|p1a: Ampharos","|-supereffective|p1a: Ampharos","|-damage|p1a: Ampharos|194/383","|move|p1a: Ampharos|Dragon Pulse|p2a: Thundurus-Therian","|-damage|p2a: Thundurus-Therian|0 fnt","|faint|p2a: Thundurus-Therian","|","|","|switch|p2a: Magnezone|Magnezone|343/343","|-item|p2a: Magnezone|Air Balloon","|turn|4","|","|switch|p1a: Magnezone|Magnezone|282/282","|move|p2a: Magnezone|Flash Cannon|p1a: Magnezone","|-crit|p1a: Magnezone","|-resisted|p1a: Magnezone","|-damage|p1a: Magnezone|214/282","|-unboost|p1a: Magnezone|spd|1","|","|turn|5","|","|move|p1a: Magnezone|Hidden Power|p2a: Magnezone","|-supereffective|p2a: Magnezone","|-damage|p2a: Magnezone|179/343","|-enditem|p2a: Magnezone|Air Balloon","|move|p2a: Magnezone|Mirror Coat|p1a: Magnezone","|-damage|p1a: Magnezone|0 fnt","|faint|p1a: Magnezone","|","|","|switch|p1a: Thundurus|Thundurus, M|299/299","|turn|6","|","|move|p1a: Thundurus|Superpower|p2a: Magnezone","|-supereffective|p2a: Magnezone","|-damage|p2a: Magnezone|0 fnt","|-unboost|p1a: Thundurus|atk|1","|-unboost|p1a: Thundurus|def|1","|-damage|p1a: Thundurus|270/299|[from] item: Life Orb","|faint|p2a: Magnezone","|","|","|switch|p2a: Dedenne|Dedenne, F|276/276","|turn|7","|","|switch|p1a: Galvantula|Galvantula, F|281/281","|move|p2a: Dedenne|Discharge|p1a: Galvantula","|-crit|p1a: Galvantula","|-resisted|p1a: Galvantula","|-damage|p1a: Galvantula|171/281","|","|turn|8","|","|move|p1a: Galvantula|Sticky Web|p2a: Dedenne","|-sidestart|p2: Guard Darkrai|move: Sticky Web","|move|p2a: Dedenne|Discharge|p1a: Galvantula","|-resisted|p1a: Galvantula","|-damage|p1a: Galvantula|90/281","|","|turn|9","|","|move|p1a: Galvantula|Thunder|p2a: Dedenne","|-resisted|p2a: Dedenne","|-damage|p2a: Dedenne|157/276","|move|p2a: Dedenne|Discharge|p1a: Galvantula","|-resisted|p1a: Galvantula","|-damage|p1a: Galvantula|16/281","|","|turn|10","|","|move|p1a: Galvantula|Thunder|p2a: Dedenne","|-resisted|p2a: Dedenne","|-damage|p2a: Dedenne|40/276","|-heal|p2a: Dedenne|132/276|[from] ability: Cheek Pouch","|-enditem|p2a: Dedenne|Petaya Berry|[eat]","|-boost|p2a: Dedenne|spa|1|[from] item: Petaya Berry","|move|p2a: Dedenne|Recycle|p2a: Dedenne","|-item|p2a: Dedenne|Petaya Berry|[from] move: Recycle","|","|turn|11","|","|move|p1a: Galvantula|Volt Switch|p2a: Dedenne","|-resisted|p2a: Dedenne","|-damage|p2a: Dedenne|57/276","|-heal|p2a: Dedenne|149/276|[from] ability: Cheek Pouch","|-enditem|p2a: Dedenne|Petaya Berry|[eat]","|-boost|p2a: Dedenne|spa|1|[from] item: Petaya Berry","|","|switch|p1a: Zapdos|Zapdos|383/383","|-ability|p1a: Zapdos|Pressure","|move|p2a: Dedenne|Grass Knot|p1a: Zapdos","|-resisted|p1a: Zapdos","|-damage|p1a: Zapdos|309/383","|","|-heal|p1a: Zapdos|332/383|[from] item: Leftovers","|turn|12","|","|move|p2a: Dedenne|Discharge|p1a: Zapdos","|-damage|p1a: Zapdos|101/383","|move|p1a: Zapdos|Volt Switch|p2a: Dedenne","|-resisted|p2a: Dedenne","|-damage|p2a: Dedenne|74/276","|","|switch|p1a: Luxray|Luxray, F|301/301","|","|turn|13","|","|move|p2a: Dedenne|Recycle|p2a: Dedenne","|-item|p2a: Dedenne|Petaya Berry|[from] move: Recycle","|move|p1a: Luxray|Facade|p2a: Dedenne","|-damage|p2a: Dedenne|0 fnt","|faint|p2a: Dedenne","|","|","|switch|p2a: Luxray|Luxray, M|363/363","|-activate|p2a: Luxray|move: Sticky Web","|-unboost|p2a: Luxray|spe|1","|-ability|p2a: Luxray|Intimidate","|-unboost|p1a: Luxray|atk|1","|turn|14","|","|switch|p1a: Zapdos|Zapdos|101/383","|-ability|p1a: Zapdos|Pressure","|move|p2a: Luxray|Superpower|p1a: Zapdos","|-crit|p1a: Zapdos","|-resisted|p1a: Zapdos","|-damage|p1a: Zapdos|3/383","|-unboost|p2a: Luxray|atk|1","|-unboost|p2a: Luxray|def|1","|","|-heal|p1a: Zapdos|26/383|[from] item: Leftovers","|turn|15","|","|move|p1a: Zapdos|Roost|p1a: Zapdos","|-heal|p1a: Zapdos|218/383","|move|p2a: Luxray|Volt Switch|p1a: Zapdos","|-crit|p1a: Zapdos","|-resisted|p1a: Zapdos","|-damage|p1a: Zapdos|150/383","|","|switch|p2a: Rotom-Wash|Rotom-Wash|304/304","|","|-heal|p1a: Zapdos|173/383|[from] item: Leftovers","|turn|16","|","|move|p1a: Zapdos|Volt Switch|p2a: Rotom-Wash","|-damage|p2a: Rotom-Wash|231/304","|","|switch|p1a: Galvantula|Galvantula, F|16/281","|move|p2a: Rotom-Wash|Hydro Pump|p1a: Galvantula","|-damage|p1a: Galvantula|0 fnt","|faint|p1a: Galvantula","|","|-heal|p2a: Rotom-Wash|250/304|[from] item: Leftovers","|","|switch|p1a: Luxray|Luxray, F|301/301","|turn|17","|","|move|p1a: Luxray|Wild Charge|p2a: Rotom-Wash","|-damage|p2a: Rotom-Wash|24/304","|-damage|p1a: Luxray|244/301|[from] recoil|[of] p2a: Rotom-Wash","|move|p2a: Rotom-Wash|Pain Split|p1a: Luxray","|-sethp|p1a: Luxray|134/301|p2a: Rotom-Wash|134/304|[from] move: Pain Split","|","|-heal|p2a: Rotom-Wash|153/304|[from] item: Leftovers","|turn|18","|","|switch|p2a: Magneton|Magneton|303/303","|-activate|p2a: Magneton|move: Sticky Web","|-unboost|p2a: Magneton|spe|1","|move|p1a: Luxray|Wild Charge|p2a: Magneton","|-resisted|p2a: Magneton","|-damage|p2a: Magneton|223/303","|-damage|p1a: Luxray|114/301|[from] recoil|[of] p2a: Magneton","|","|turn|19","|","|switch|p1a: Zapdos|Zapdos|173/383","|-ability|p1a: Zapdos|Pressure","|move|p2a: Magneton|Flash Cannon|p1a: Zapdos","|-resisted|p1a: Zapdos","|-damage|p1a: Zapdos|72/383","|","|-heal|p1a: Zapdos|95/383|[from] item: Leftovers","|turn|20","|","|move|p1a: Zapdos|Volt Switch|p2a: Magneton","|-resisted|p2a: Magneton","|-damage|p2a: Magneton|181/303","|","|switch|p1a: Thundurus|Thundurus, M|270/299","|move|p2a: Magneton|Flash Cannon|p1a: Thundurus","|-resisted|p1a: Thundurus","|-damage|p1a: Thundurus|131/299","|","|turn|21","|","|move|p1a: Thundurus|Superpower|p2a: Magneton","|-supereffective|p2a: Magneton","|-damage|p2a: Magneton|0 fnt","|-unboost|p1a: Thundurus|atk|1","|-unboost|p1a: Thundurus|def|1","|-damage|p1a: Thundurus|102/299|[from] item: Life Orb","|faint|p2a: Magneton","|","|","|switch|p2a: Luxray|Luxray, M|363/363","|-activate|p2a: Luxray|move: Sticky Web","|-unboost|p2a: Luxray|spe|1","|-ability|p2a: Luxray|Intimidate","|-unboost|p1a: Thundurus|atk|1","|-boost|p1a: Thundurus|atk|2|[from] ability: Defiant","|turn|22","|","|move|p1a: Thundurus|Knock Off|p2a: Luxray","|-damage|p2a: Luxray|228/363","|-enditem|p2a: Luxray|Zap Plate|[from] move: Knock Off|[of] p1a: Thundurus","|-damage|p1a: Thundurus|73/299|[from] item: Life Orb","|move|p2a: Luxray|Volt Switch|p1a: Thundurus","|-damage|p1a: Thundurus|0 fnt","|faint|p1a: Thundurus","|","|switch|p2a: Rotom-Wash|Rotom-Wash|153/304","|","|-heal|p2a: Rotom-Wash|172/304|[from] item: Leftovers","|","|switch|p1a: Luxray|Luxray, F|114/301","|turn|23","|","|switch|p2a: Luxray|Luxray, M|228/363","|-activate|p2a: Luxray|move: Sticky Web","|-unboost|p2a: Luxray|spe|1","|-ability|p2a: Luxray|Intimidate","|-unboost|p1a: Luxray|atk|1","|move|p1a: Luxray|Wild Charge|p2a: Luxray","|-resisted|p2a: Luxray","|-damage|p2a: Luxray|121/363","|-damage|p1a: Luxray|87/301|[from] recoil|[of] p2a: Luxray","|","|turn|24","|","|move|p1a: Luxray|Wild Charge|p2a: Luxray","|-resisted|p2a: Luxray","|-damage|p2a: Luxray|28/363","|-damage|p1a: Luxray|64/301|[from] recoil|[of] p2a: Luxray","|move|p2a: Luxray|Crunch|p1a: Luxray","|-damage|p1a: Luxray|0 fnt","|faint|p1a: Luxray","|","|","|switch|p1a: Zapdos|Zapdos|95/383","|-ability|p1a: Zapdos|Pressure","|turn|25","|","|move|p1a: Zapdos|Volt Switch|p2a: Luxray","|-resisted|p2a: Luxray","|-damage|p2a: Luxray|0 fnt","|faint|p2a: Luxray","|","|switch|p1a: Ampharos|Ampharos-Mega, M|194/383","|-ability|p1a: Ampharos|Mold Breaker","|","|","|switch|p2a: Rotom-Wash|Rotom-Wash|172/304","|turn|26","|","|move|p2a: Rotom-Wash|Will-O-Wisp|p1a: Ampharos","|-status|p1a: Ampharos|brn","|move|p1a: Ampharos|Dragon Pulse|p2a: Rotom-Wash","|-damage|p2a: Rotom-Wash|57/304","|","|-heal|p2a: Rotom-Wash|76/304|[from] item: Leftovers","|-damage|p1a: Ampharos|147/383 brn|[from] brn","|turn|27","|","|move|p2a: Rotom-Wash|Pain Split|p1a: Ampharos","|-sethp|p1a: Ampharos|111/383 brn|p2a: Rotom-Wash|111/304|[from] move: Pain Split","|move|p1a: Ampharos|Discharge|p2a: Rotom-Wash","|-damage|p2a: Rotom-Wash|17/304","|","|-heal|p2a: Rotom-Wash|36/304|[from] item: Leftovers","|-damage|p1a: Ampharos|64/383 brn|[from] brn","|turn|28","|","|move|p2a: Rotom-Wash|Hydro Pump|p1a: Ampharos","|-resisted|p1a: Ampharos","|-damage|p1a: Ampharos|19/383 brn","|move|p1a: Ampharos|Discharge|p2a: Rotom-Wash","|-damage|p2a: Rotom-Wash|0 fnt","|faint|p2a: Rotom-Wash","|","|win|SWL ROCK"],"p1rating":{"entryid":"7496999","serverid":"eos","formatid":"monotype","userid":"swlrock","username":"SWL ROCK","w":14,"l":"4","t":"0","gxe":67,"r":"1509.6860829096","rd":"104.42198161743","sigma":"0","rptime":"1439629200","rpr":1635.8580432728,"rprd":72.480228037654,"rpsigma":"0","acre":1263.1245587707,"lacre":1263.1245587707,"oldacre":"1240.961139741"},"p2rating":{"entryid":"6034648","serverid":"eos","formatid":"monotype","userid":"guarddarkrai","username":"Guard Darkrai","w":"103","l":113,"t":"0","gxe":48.2,"r":"1488.38273777","rd":"28.285049762125","sigma":"0","rptime":"1439629200","rpr":1486.336189375,"rprd":28.201251982959,"rpsigma":"0","acre":1179.2060669101,"lacre":1179.2060669101,"oldacre":"1201.3694859398"},"endType":"normal"}