{"seed":[53968,48090,56929,24097],"turns":27,"p1":"emforbes","p2":"SL~Pixie","p1team":[{"name":"Ampharos","species":"Ampharos","item":"ampharosite","ability":"Static","moves":["voltswitch","dragonpulse","hiddenpowergrass","agility"],"nature":"Modest","evs":{"hp":0,"atk":0,"def":0,"spa":252,"spd":4,"spe":252},"ivs":{"hp":31,"atk":30,"def":31,"spa":30,"spd":31,"spe":31},"shiny":true},{"name":"Rotom-Wash","species":"Rotom-Wash","item":"leftovers","ability":"Levitate","moves":["hydropump","voltswitch","willowisp","painsplit"],"nature":"Calm","evs":{"hp":252,"atk":0,"def":0,"spa":4,"spd":252,"spe":0},"shiny":true,"ivs":{"hp":31,"atk":31,"def":31,"spa":31,"spd":31,"spe":31}},{"name":"Zapdos","species":"Zapdos","item":"leftovers","ability":"Pressure","moves":["defog","roost","heatwave","thunderbolt"],"nature":"Modest","evs":{"hp":252,"atk":0,"def":0,"spa":252,"spd":4,"spe":0},"ivs":{"hp":31,"atk":31,"def":31,"spa":31,"spd":31,"spe":31}},{"name":"Magnezone","species":"Magnezone","item":"choicescarf","ability":"Magnet Pull","moves":["voltswitch","flashcannon","hiddenpowerfire","thunderbolt"],"nature":"Timid","evs":{"hp":0,"atk":0,"def":0,"spa":252,"spd":4,"spe":252},"ivs":{"hp":31,"atk":30,"def":31,"spa":30,"spd":31,"spe":30},"shiny":true},{"name":"Thundurus","species":"Thundurus","item":"lifeorb","ability":"Prankster","moves":["thunderbolt","thunderwave","hiddenpowerice","grassknot"],"nature":"Timid","evs":{"hp":0,"atk":0,"def":0,"spa":252,"spd":4,"spe":252},"ivs":{"hp":31,"atk":30,"def":30,"spa":31,"spd":31,"spe":31}},{"name":"Electivire","species":"Electivire","item":"lifeorb","ability":"Motor Drive","moves":["wildcharge","crosschop","earthquake","icepunch"],"nature":"Adamant","evs":{"hp":0,"atk":252,"def":0,"spa":0,"spd":4,"spe":252},"ivs":{"hp":31,"atk":31,"def":31,"spa":31,"spd":31,"spe":31}}],"p2team":[{"name":"Reuniclus","species":"Reuniclus","item":"leftovers","ability":"Magic Guard","moves":["calmmind","recover","shadowball","psychic"],"nature":"Bold","evs":{"hp":252,"atk":0,"def":252,"spa":4,"spd":0,"spe":0},"ivs":{"hp":31,"atk":31,"def":31,"spa":31,"spd":31,"spe":31}},{"name":"Mr. Mime","species":"Mr. Mime","item":"lightclay","ability":"Filter","moves":["reflect","lightscreen","psyshock","toxic"],"nature":"Timid","evs":{"hp":248,"atk":0,"def":0,"spa":8,"spd":0,"spe":252},"ivs":{"hp":31,"atk":31,"def":31,"spa":31,"spd":31,"spe":31}},{"name":"Slowking","species":"Slowking","item":"leftovers","ability":"Regenerator","moves":["calmmind","scald","slackoff","flamethrower"],"nature":"Calm","evs":{"hp":252,"atk":0,"def":0,"spa":4,"spd":252,"spe":0},"ivs":{"hp":31,"atk":31,"def":31,"spa":31,"spd":31,"spe":31}},{"name":"Wobbuffet","species":"Wobbuffet","item":"","ability":"Shadow Tag","moves":["encore","counter","mirrorcoat","safeguard"],"nature":"Calm","evs":{"hp":248,"atk":0,"def":8,"spa":0,"spd":252,"spe":0},"ivs":{"hp":31,"atk":31,"def":31,"spa":31,"spd":31,"spe":31}},{"name":"Solrock","species":"Solrock","item":"focussash","ability":"Levitate","moves":["stealthrock","toxic","explosion","gyroball"],"nature":"Relaxed","evs":{"hp":248,"atk":8,"def":252,"spa":0,"spd":0,"spe":0},"ivs":{"hp":31,"atk":31,"def":31,"spa":31,"spd":31,"spe":0}},{"name":"Malamar","species":"Malamar","item":"choicescarf","ability":"Contrary","moves":["psychocut","superpower","knockoff","rockslide"],"nature":"Jolly","evs":{"hp":0,"atk":252,"def":0,"spa":0,"spd":4,"spe":252},"ivs":{"hp":31,"atk":31,"def":31,"spa":31,"spd":31,"spe":31}}],"log":["|player|p1|emforbes|143","|player|p2|SL~Pixie|138","|gametype|singles","|gen|6","|tier|Monotype","|rated","|rule|Baton Pass Clause: Limit one Baton Passer, can't pass Spe and other stats simultaneously","|rule|Swagger Clause: Swagger is banned","|rule|Same Type Clause: Pokémon in a team must share a type","|clearpoke","|poke|p1|Ampharos, M, shiny","|poke|p1|Rotom-Wash, shiny","|poke|p1|Zapdos","|poke|p1|Magnezone, shiny","|poke|p1|Thundurus, M","|poke|p1|Electivire, M","|poke|p2|Reuniclus, M","|poke|p2|Mr. Mime, M","|poke|p2|Slowking, F","|poke|p2|Wobbuffet, M","|poke|p2|Solrock","|poke|p2|Malamar, F","|rule|Sleep Clause Mod: Limit one foe put to sleep","|rule|Species Clause: Limit one of each Pokémon","|rule|OHKO Clause: OHKO moves are banned","|rule|Moody Clause: Moody is banned","|rule|Evasion Moves Clause: Evasion moves are banned","|rule|Endless Battle Clause: Forcing endless battles is banned","|rule|HP Percentage Mod: HP is shown in percentages","|teampreview","|","|start","|switch|p1a: Electivire|Electivire, M|291/291","|switch|p2a: Solrock|Solrock|343/343","|turn|1","|","|move|p1a: Electivire|Wild Charge|p2a: Solrock","|-damage|p2a: Solrock|151/343","|-damage|p1a: Electivire|243/291|[from] recoil|[of] p2a: Solrock","|-damage|p1a: Electivire|214/291|[from] item: Life Orb","|move|p2a: Solrock|Toxic|p1a: Electivire|[miss]","|-miss|p2a: Solrock|p1a: Electivire","|","|turn|2","|","|move|p1a: Electivire|Wild Charge|p2a: Solrock","|-damage|p2a: Solrock|0 fnt","|-damage|p1a: Electivire|176/291|[from] recoil|[of] p2a: Solrock","|-damage|p1a: Electivire|147/291|[from] item: Life Orb","|faint|p2a: Solrock","|","|","|switch|p2a: Wobbuffet|Wobbuffet, M|583/583","|turn|3","|","|move|p1a: Electivire|Wild Charge|p2a: Wobbuffet","|-damage|p2a: Wobbuffet|236/583","|-damage|p1a: Electivire|60/291|[from] recoil|[of] p2a: Wobbuffet","|-damage|p1a: Electivire|31/291|[from] item: Life Orb","|move|p2a: Wobbuffet|Mirror Coat|p1a: Electivire","|-fail|p1a: Electivire","|","|turn|4","|","|move|p1a: Electivire|Wild Charge|p2a: Wobbuffet","|-damage|p2a: Wobbuffet|0 fnt","|-damage|p1a: Electivire|0 fnt|[from] recoil|[of] p2a: Wobbuffet","|faint|p2a: Wobbuffet","|faint|p1a: Electivire","|","|","|switch|p2a: Mr. Mime|Mr. Mime, M|283/283","|switch|p1a: Rotom-Wash|Rotom-Wash, shiny|304/304","|turn|5","|","|move|p2a: Mr. Mime|Toxic|p1a: Rotom-Wash|[miss]","|-miss|p2a: Mr. Mime|p1a: Rotom-Wash","|move|p1a: Rotom-Wash|Will-O-Wisp|p2a: Mr. Mime","|-status|p2a: Mr. Mime|brn","|","|-damage|p2a: Mr. Mime|248/283 brn|[from] brn","|turn|6","|","|move|p2a: Mr. Mime|Toxic|p1a: Rotom-Wash|[miss]","|-miss|p2a: Mr. Mime|p1a: Rotom-Wash","|move|p1a: Rotom-Wash|Volt Switch|p2a: Mr. Mime","|-damage|p2a: Mr. Mime|170/283 brn","|","|switch|p1a: Thundurus|Thundurus, M|299/299","|","|-damage|p2a: Mr. Mime|135/283 brn|[from] brn","|turn|7","|","|move|p1a: Thundurus|Thunderbolt|p2a: Mr. Mime","|-damage|p2a: Mr. Mime|0 fnt","|-damage|p1a: Thundurus|270/299|[from] item: Life Orb","|faint|p2a: Mr. Mime","|","|","|switch|p2a: Reuniclus|Reuniclus, M|424/424","|turn|8","|","|move|p1a: Thundurus|Thunder Wave|p2a: Reuniclus","|-status|p2a: Reuniclus|par","|move|p2a: Reuniclus|Calm Mind|p2a: Reuniclus","|-boost|p2a: Reuniclus|spa|1","|-boost|p2a: Reuniclus|spd|1","|","|turn|9","|","|move|p1a: Thundurus|Thunderbolt|p2a: Reuniclus","|-damage|p2a: Reuniclus|275/424 par","|-damage|p1a: Thundurus|241/299|[from] item: Life Orb","|move|p2a: Reuniclus|Calm Mind|p2a: Reuniclus","|-boost|p2a: Reuniclus|spa|1","|-boost|p2a: Reuniclus|spd|1","|","|-heal|p2a: Reuniclus|301/424 par|[from] item: Leftovers","|turn|10","|","|move|p1a: Thundurus|Thunderbolt|p2a: Reuniclus","|-damage|p2a: Reuniclus|184/424 par","|-damage|p1a: Thundurus|212/299|[from] item: Life Orb","|move|p2a: Reuniclus|Recover|p2a: Reuniclus","|-heal|p2a: Reuniclus|396/424 par","|","|-heal|p2a: Reuniclus|422/424 par|[from] item: Leftovers","|turn|11","|","|move|p1a: Thundurus|Thunderbolt|p2a: Reuniclus","|-damage|p2a: Reuniclus|308/424 par","|-damage|p1a: Thundurus|183/299|[from] item: Life Orb","|move|p2a: Reuniclus|Psychic|p1a: Thundurus","|-crit|p1a: Thundurus","|-damage|p1a: Thundurus|0 fnt","|faint|p1a: Thundurus","|","|-heal|p2a: Reuniclus|334/424 par|[from] item: Leftovers","|","|switch|p1a: Ampharos|Ampharos, M, shiny|321/321","|turn|12","|","|detailschange|p1a: Ampharos|Ampharos-Mega, M, shiny","|-mega|p1a: Ampharos|Ampharos|Ampharosite","|-ability|p1a: Ampharos|Mold Breaker","|move|p1a: Ampharos|Dragon Pulse|p2a: Reuniclus","|-damage|p2a: Reuniclus|217/424 par","|cant|p2a: Reuniclus|par","|","|-heal|p2a: Reuniclus|243/424 par|[from] item: Leftovers","|turn|13","|","|move|p1a: Ampharos|Dragon Pulse|p2a: Reuniclus","|-damage|p2a: Reuniclus|132/424 par","|move|p2a: Reuniclus|Recover|p2a: Reuniclus","|-heal|p2a: Reuniclus|344/424 par","|","|-heal|p2a: Reuniclus|370/424 par|[from] item: Leftovers","|turn|14","|","|move|p1a: Ampharos|Dragon Pulse|p2a: Reuniclus","|-damage|p2a: Reuniclus|262/424 par","|move|p2a: Reuniclus|Calm Mind|p2a: Reuniclus","|-boost|p2a: Reuniclus|spa|1","|-boost|p2a: Reuniclus|spd|1","|","|-heal|p2a: Reuniclus|288/424 par|[from] item: Leftovers","|turn|15","|","|move|p1a: Ampharos|Dragon Pulse|p2a: Reuniclus","|-damage|p2a: Reuniclus|198/424 par","|move|p2a: Reuniclus|Recover|p2a: Reuniclus","|-heal|p2a: Reuniclus|410/424 par","|","|-heal|p2a: Reuniclus|424/424 par|[from] item: Leftovers","|turn|16","|","|move|p1a: Ampharos|Dragon Pulse|p2a: Reuniclus","|-damage|p2a: Reuniclus|331/424 par","|move|p2a: Reuniclus|Psychic|p1a: Ampharos","|-damage|p1a: Ampharos|51/321","|","|-heal|p2a: Reuniclus|357/424 par|[from] item: Leftovers","|turn|17","|","|move|p1a: Ampharos|Dragon Pulse|p2a: Reuniclus","|-damage|p2a: Reuniclus|261/424 par","|move|p2a: Reuniclus|Psychic|p1a: Ampharos","|-damage|p1a: Ampharos|0 fnt","|faint|p1a: Ampharos","|","|-heal|p2a: Reuniclus|287/424 par|[from] item: Leftovers","|","|switch|p1a: Magnezone|Magnezone, shiny|281/281","|turn|18","|","|move|p1a: Magnezone|Thunderbolt|p2a: Reuniclus","|-damage|p2a: Reuniclus|211/424 par","|cant|p2a: Reuniclus|par","|","|-heal|p2a: Reuniclus|237/424 par|[from] item: Leftovers","|turn|19","|","|move|p1a: Magnezone|Thunderbolt|p2a: Reuniclus","|-damage|p2a: Reuniclus|168/424 par","|cant|p2a: Reuniclus|par","|","|-heal|p2a: Reuniclus|194/424 par|[from] item: Leftovers","|turn|20","|","|move|p1a: Magnezone|Thunderbolt|p2a: Reuniclus","|-damage|p2a: Reuniclus|125/424 par","|move|p2a: Reuniclus|Recover|p2a: Reuniclus","|-heal|p2a: Reuniclus|337/424 par","|","|-heal|p2a: Reuniclus|363/424 par|[from] item: Leftovers","|turn|21","|","|move|p1a: Magnezone|Thunderbolt|p2a: Reuniclus","|-damage|p2a: Reuniclus|294/424 par","|cant|p2a: Reuniclus|par","|","|-heal|p2a: Reuniclus|320/424 par|[from] item: Leftovers","|turn|22","|","|move|p1a: Magnezone|Thunderbolt|p2a: Reuniclus","|-damage|p2a: Reuniclus|244/424 par","|move|p2a: Reuniclus|Shadow Ball|p1a: Magnezone","|-damage|p1a: Magnezone|64/281","|","|-heal|p2a: Reuniclus|270/424 par|[from] item: Leftovers","|turn|23","|","|move|p1a: Magnezone|Thunderbolt|p2a: Reuniclus","|-damage|p2a: Reuniclus|194/424 par","|move|p2a: Reuniclus|Recover|p2a: Reuniclus","|-heal|p2a: Reuniclus|406/424 par","|","|-heal|p2a: Reuniclus|424/424 par|[from] item: Leftovers","|turn|24","|","|move|p1a: Magnezone|Thunderbolt|p2a: Reuniclus","|-damage|p2a: Reuniclus|345/424 par","|cant|p2a: Reuniclus|par","|","|-heal|p2a: Reuniclus|371/424 par|[from] item: Leftovers","|turn|25","|","|move|p1a: Magnezone|Thunderbolt|p2a: Reuniclus","|-damage|p2a: Reuniclus|301/424 par","|move|p2a: Reuniclus|Psychic|p1a: Magnezone","|-resisted|p1a: Magnezone","|-damage|p1a: Magnezone|0 fnt","|faint|p1a: Magnezone","|","|-heal|p2a: Reuniclus|327/424 par|[from] item: Leftovers","|","|switch|p1a: Zapdos|Zapdos|384/384","|-ability|p1a: Zapdos|Pressure","|turn|26","|","|move|p1a: Zapdos|Thunderbolt|p2a: Reuniclus","|-damage|p2a: Reuniclus|251/424 par","|move|p2a: Reuniclus|Psychic|p1a: Zapdos","|-damage|p1a: Zapdos|47/384","|","|-heal|p1a: Zapdos|71/384|[from] item: Leftovers","|-heal|p2a: Reuniclus|277/424 par|[from] item: Leftovers","|turn|27","|","|win|SL~Pixie"],"p1rating":{"entryid":"7537626","serverid":"eos","formatid":"monotype","userid":"emforbes","username":"emforbes","w":"27","l":11,"t":"0","gxe":65.3,"r":"1630.8728776578","rd":"55.592711137055","sigma":"0","rptime":"1439629200","rpr":1620.7037896688,"rprd":54.963256645326,"rpsigma":"0","acre":1293.0888836703,"lacre":1293.0888836703,"oldacre":"1321.890028952"},"p2rating":{"entryid":"7506194","serverid":"eos","formatid":"monotype","userid":"slpixie","username":"SL~Pixie","w":9,"l":"6","t":"0","gxe":59.8,"r":"1555.8143963907","rd":"79.762329615344","sigma":"0","rptime":"1439629200","rpr":1576.6106304946,"rprd":77.882062208196,"rpsigma":"0","acre":1193.7970016492,"lacre":1193.7970016492,"oldacre":"1157.7955700471"},"endType":"forfeit"}