{"seed":[43655,8701,15209,43843],"turns":24,"p1":"Carnie Wight","p2":"Rain ☆ sidious","p1team":[{"name":"Peace","species":"victini","item":"choicescarf","ability":"Victory Star","moves":["boltstrike","vcreate","uturn","zenheadbutt"],"nature":"Jolly","evs":{"hp":0,"atk":252,"def":0,"spa":0,"spd":4,"spe":252},"ivs":{"hp":31,"atk":31,"def":31,"spa":31,"spd":31,"spe":31}},{"name":"Innocent","species":"jirachi","item":"choicescarf","ability":"Serene Grace","moves":["ironhead","firepunch","icepunch","healingwish"],"nature":"Adamant","evs":{"hp":224,"atk":252,"def":0,"spa":0,"spd":0,"spe":32},"ivs":{"hp":31,"atk":31,"def":31,"spa":31,"spd":31,"spe":31}},{"name":"Marry me","species":"gardevoir","item":"gardevoirite","ability":"Synchronize","moves":["calmmind","hyperbeam","focusblast","thunderbolt"],"nature":"Modest","evs":{"hp":248,"atk":0,"def":0,"spa":252,"spd":8,"spe":0},"gender":"F","shiny":true,"ivs":{"hp":31,"atk":31,"def":31,"spa":31,"spd":31,"spe":31}},{"name":"Celery","species":"celebi","item":"leftovers","ability":"Natural Cure","moves":["gigadrain","rest","leechseed","stealthrock"],"nature":"Calm","evs":{"hp":252,"atk":0,"def":0,"spa":0,"spd":220,"spe":36},"ivs":{"hp":31,"atk":31,"def":31,"spa":31,"spd":31,"spe":31}},{"name":"Latinos","species":"latios","item":"choicescarf","ability":"Levitate","moves":["defog","thunderbolt","dracometeor","psyshock"],"nature":"Modest","evs":{"hp":0,"atk":0,"def":0,"spa":252,"spd":4,"spe":252},"ivs":{"hp":31,"atk":31,"def":31,"spa":31,"spd":31,"spe":31}},{"name":"Kawaii","species":"reuniclus","item":"leftovers","ability":"Magic Guard","moves":["recover","calmmind","psyshock","shadowball"],"nature":"Bold","evs":{"hp":252,"atk":0,"def":252,"spa":4,"spd":0,"spe":0},"gender":"F","ivs":{"hp":31,"atk":31,"def":31,"spa":31,"spd":31,"spe":31}}],"p2team":[{"name":"Gardevoir","species":"Gardevoir","item":"gardevoirite","ability":"Synchronize","moves":["hypervoice","wish","willowisp","protect"],"nature":"Bold","evs":{"hp":108,"atk":0,"def":244,"spa":144,"spd":0,"spe":12},"ivs":{"hp":31,"atk":31,"def":31,"spa":31,"spd":31,"spe":31}},{"name":"Latias","species":"Latias","item":"leftovers","ability":"Levitate","moves":["tailwind","dragonpulse","psyshock","defog"],"nature":"Calm","evs":{"hp":252,"atk":0,"def":0,"spa":0,"spd":252,"spe":4},"ivs":{"hp":31,"atk":31,"def":31,"spa":31,"spd":31,"spe":31}},{"name":"Victini","species":"Victini","item":"choicescarf","ability":"Victory Star","moves":["boltstrike","flareblitz","uturn","zenheadbutt"],"nature":"Jolly","evs":{"hp":0,"atk":252,"def":0,"spa":0,"spd":4,"spe":252},"ivs":{"hp":31,"atk":31,"def":31,"spa":31,"spd":31,"spe":31}},{"name":"Jirachi","species":"Jirachi","item":"leftovers","ability":"Serene Grace","moves":["ironhead","thunderwave","stealthrock","firepunch"],"nature":"Impish","evs":{"hp":252,"atk":4,"def":252,"spa":0,"spd":0,"spe":0},"ivs":{"hp":31,"atk":31,"def":31,"spa":31,"spd":31,"spe":31}},{"name":"Reuniclus","species":"Reuniclus","item":"leftovers","ability":"Magic Guard","moves":["calmmind","psyshock","recover","shadowball"],"nature":"Bold","evs":{"hp":96,"atk":0,"def":160,"spa":252,"spd":0,"spe":0},"ivs":{"hp":31,"atk":31,"def":31,"spa":31,"spd":31,"spe":31}},{"name":"Starmie","species":"Starmie","item":"lifeorb","ability":"Natural Cure","moves":["icebeam","surf","psyshock","thunderbolt"],"nature":"Timid","evs":{"hp":0,"atk":0,"def":0,"spa":252,"spd":4,"spe":252},"ivs":{"hp":31,"atk":31,"def":31,"spa":31,"spd":31,"spe":31}}],"log":["|player|p1|Carnie Wight|106","|player|p2|Rain ☆ sidious|291","|gametype|singles","|gen|6","|tier|Monotype","|rated","|rule|Baton Pass Clause: Limit one Baton Passer, can't pass Spe and other stats simultaneously","|rule|Swagger Clause: Swagger is banned","|rule|Same Type Clause: Pokémon in a team must share a type","|clearpoke","|poke|p1|Victini","|poke|p1|Jirachi","|poke|p1|Gardevoir, F, shiny","|poke|p1|Celebi","|poke|p1|Latios, M","|poke|p1|Reuniclus, F","|poke|p2|Gardevoir, F","|poke|p2|Latias, F","|poke|p2|Victini","|poke|p2|Jirachi","|poke|p2|Reuniclus, F","|poke|p2|Starmie","|rule|Sleep Clause Mod: Limit one foe put to sleep","|rule|Species Clause: Limit one of each Pokémon","|rule|OHKO Clause: OHKO moves are banned","|rule|Moody Clause: Moody is banned","|rule|Evasion Moves Clause: Evasion moves are banned","|rule|Endless Battle Clause: Forcing endless battles is banned","|rule|HP Percentage Mod: HP is shown in percentages","|teampreview","|","|start","|switch|p1a: Innocent|Jirachi|397/397","|switch|p2a: Reuniclus|Reuniclus, F|385/385","|turn|1","|","|move|p1a: Innocent|Iron Head|p2a: Reuniclus","|-crit|p2a: Reuniclus","|-damage|p2a: Reuniclus|210/385","|cant|p2a: Reuniclus|flinch","|","|-heal|p2a: Reuniclus|234/385|[from] item: Leftovers","|turn|2","|","|move|p1a: Innocent|Iron Head|p2a: Reuniclus","|-damage|p2a: Reuniclus|119/385","|move|p2a: Reuniclus|Calm Mind|p2a: Reuniclus","|-boost|p2a: Reuniclus|spa|1","|-boost|p2a: Reuniclus|spd|1","|","|-heal|p2a: Reuniclus|143/385|[from] item: Leftovers","|turn|3","|","|move|p1a: Innocent|Iron Head|p2a: Reuniclus","|-damage|p2a: Reuniclus|17/385","|cant|p2a: Reuniclus|flinch","|","|-heal|p2a: Reuniclus|41/385|[from] item: Leftovers","|turn|4","|","|move|p1a: Innocent|Iron Head|p2a: Reuniclus","|-crit|p2a: Reuniclus","|-damage|p2a: Reuniclus|0 fnt","|faint|p2a: Reuniclus","|","|","|switch|p2a: Victini|Victini|341/341","|turn|5","|","|move|p2a: Victini|U-turn|p1a: Innocent","|-damage|p1a: Innocent|325/397","|","|switch|p2a: Jirachi|Jirachi|404/404","|move|p1a: Innocent|Iron Head|p2a: Jirachi","|-resisted|p2a: Jirachi","|-damage|p2a: Jirachi|353/404","|","|-heal|p2a: Jirachi|378/404|[from] item: Leftovers","|turn|6","|","|switch|p1a: Kawaii|Reuniclus, F|424/424","|move|p2a: Jirachi|Thunder Wave|p1a: Kawaii","|-status|p1a: Kawaii|par","|","|-heal|p2a: Jirachi|403/404|[from] item: Leftovers","|turn|7","|","|move|p2a: Jirachi|Stealth Rock|p1a: Kawaii","|-sidestart|p1: Carnie Wight|move: Stealth Rock","|cant|p1a: Kawaii|par","|","|-heal|p2a: Jirachi|404/404|[from] item: Leftovers","|turn|8","|","|move|p2a: Jirachi|Iron Head|p1a: Kawaii","|-damage|p1a: Kawaii|337/424 par","|move|p1a: Kawaii|Shadow Ball|p2a: Jirachi","|-supereffective|p2a: Jirachi","|-damage|p2a: Jirachi|240/404","|","|-heal|p2a: Jirachi|265/404|[from] item: Leftovers","|-heal|p1a: Kawaii|363/424 par|[from] item: Leftovers","|turn|9","|","|move|p2a: Jirachi|Iron Head|p1a: Kawaii","|-damage|p1a: Kawaii|276/424 par","|cant|p1a: Kawaii|flinch","|","|-heal|p2a: Jirachi|290/404|[from] item: Leftovers","|-heal|p1a: Kawaii|302/424 par|[from] item: Leftovers","|turn|10","|","|move|p2a: Jirachi|Iron Head|p1a: Kawaii","|-damage|p1a: Kawaii|224/424 par","|cant|p1a: Kawaii|par","|","|-heal|p2a: Jirachi|315/404|[from] item: Leftovers","|-heal|p1a: Kawaii|250/424 par|[from] item: Leftovers","|turn|11","|","|switch|p1a: Peace|Victini|341/341","|-damage|p1a: Peace|256/341|[from] Stealth Rock","|move|p2a: Jirachi|Iron Head|p1a: Peace","|-resisted|p1a: Peace","|-damage|p1a: Peace|206/341","|","|-heal|p2a: Jirachi|340/404|[from] item: Leftovers","|turn|12","|","|move|p1a: Peace|V-create|p2a: Jirachi","|-supereffective|p2a: Jirachi","|-damage|p2a: Jirachi|0 fnt","|-unboost|p1a: Peace|spe|1","|-unboost|p1a: Peace|def|1","|-unboost|p1a: Peace|spd|1","|faint|p2a: Jirachi","|","|","|switch|p2a: Starmie|Starmie|261/261","|turn|13","|","|switch|p1a: Latinos|Latios, M|301/301","|-damage|p1a: Latinos|264/301|[from] Stealth Rock","|move|p2a: Starmie|Surf|p1a: Latinos","|-resisted|p1a: Latinos","|-damage|p1a: Latinos|186/301","|-damage|p2a: Starmie|235/261|[from] item: Life Orb","|","|turn|14","|","|move|p1a: Latinos|Thunderbolt|p2a: Starmie","|-supereffective|p2a: Starmie","|-damage|p2a: Starmie|0 fnt","|faint|p2a: Starmie","|","|","|switch|p2a: Gardevoir|Gardevoir, F|304/304","|turn|15","|","|detailschange|p2a: Gardevoir|Gardevoir-Mega, F","|-mega|p2a: Gardevoir|Gardevoir|Gardevoirite","|move|p1a: Latinos|Thunderbolt|p2a: Gardevoir","|-damage|p2a: Gardevoir|216/304","|move|p2a: Gardevoir|Hyper Voice|p1a: Latinos","|-crit|p1a: Latinos","|-supereffective|p1a: Latinos","|-damage|p1a: Latinos|0 fnt","|faint|p1a: Latinos","|","|","|switch|p1a: Marry me|Gardevoir, F, shiny|339/339","|-damage|p1a: Marry me|297/339|[from] Stealth Rock","|turn|16","|","|detailschange|p1a: Marry me|Gardevoir-Mega, F, shiny","|-mega|p1a: Marry me|Gardevoir|Gardevoirite","|move|p2a: Gardevoir|Will-O-Wisp|p1a: Marry me","|-status|p1a: Marry me|brn","|move|p1a: Marry me|Hyper Beam|p2a: Gardevoir","|-damage|p2a: Gardevoir|0 fnt","|faint|p2a: Gardevoir","|","|-damage|p1a: Marry me|255/339 brn|[from] brn","|","|switch|p2a: Victini|Victini|341/341","|turn|17","|-mustrecharge|p1a: Marry me","|-mustrecharge|p1a: Marry me","|","|move|p2a: Victini|U-turn|p1a: Marry me","|-damage|p1a: Marry me|151/339 brn","|","|switch|p2a: Latias|Latias, F|364/364","|cant|p1a: Marry me|recharge","|","|-damage|p1a: Marry me|109/339 brn|[from] brn","|turn|18","|","|move|p2a: Latias|Psyshock|p1a: Marry me","|-resisted|p1a: Marry me","|-damage|p1a: Marry me|35/339 brn","|move|p1a: Marry me|Hyper Beam|p2a: Latias","|-supereffective|p2a: Latias","|-damage|p2a: Latias|0 fnt","|faint|p2a: Latias","|","|-damage|p1a: Marry me|0 fnt|[from] brn","|faint|p1a: Marry me","|","|switch|p2a: Victini|Victini|341/341","|switch|p1a: Peace|Victini|206/341","|-damage|p1a: Peace|121/341|[from] Stealth Rock","|turn|19","|","|move|p2a: Victini|Flare Blitz|p1a: Peace","|-resisted|p1a: Peace","|-damage|p1a: Peace|37/341","|-damage|p2a: Victini|313/341|[from] recoil|[of] p1a: Peace","|move|p1a: Peace|V-create|p2a: Victini","|-resisted|p2a: Victini","|-damage|p2a: Victini|170/341","|-unboost|p1a: Peace|spe|1","|-unboost|p1a: Peace|def|1","|-unboost|p1a: Peace|spd|1","|","|turn|20","|","|move|p2a: Victini|Flare Blitz|p1a: Peace","|-resisted|p1a: Peace","|-damage|p1a: Peace|0 fnt","|-damage|p2a: Victini|158/341|[from] recoil|[of] p1a: Peace","|faint|p1a: Peace","|","|","|switch|p1a: Kawaii|Reuniclus, F|250/424 par","|turn|21","|","|move|p2a: Victini|Flare Blitz|p1a: Kawaii","|-damage|p1a: Kawaii|88/424 par","|-damage|p2a: Victini|105/341|[from] recoil|[of] p1a: Kawaii","|move|p1a: Kawaii|Recover|p1a: Kawaii","|-heal|p1a: Kawaii|300/424 par","|","|-heal|p1a: Kawaii|326/424 par|[from] item: Leftovers","|turn|22","|","|move|p2a: Victini|Flare Blitz|p1a: Kawaii","|-damage|p1a: Kawaii|181/424 par","|-damage|p2a: Victini|57/341|[from] recoil|[of] p1a: Kawaii","|cant|p1a: Kawaii|par","|","|-heal|p1a: Kawaii|207/424 par|[from] item: Leftovers","|turn|23","|","|move|p2a: Victini|Flare Blitz|p1a: Kawaii","|-damage|p1a: Kawaii|65/424 par","|-damage|p2a: Victini|10/341|[from] recoil|[of] p1a: Kawaii","|move|p1a: Kawaii|Recover|p1a: Kawaii","|-heal|p1a: Kawaii|277/424 par","|","|-heal|p1a: Kawaii|303/424 par|[from] item: Leftovers","|turn|24","|","|move|p2a: Victini|Flare Blitz|p1a: Kawaii","|-damage|p1a: Kawaii|146/424 par","|-damage|p2a: Victini|0 fnt|[from] recoil|[of] p1a: Kawaii","|faint|p2a: Victini","|","|win|Carnie Wight"],"p1rating":{"entryid":"6265736","serverid":"eos","formatid":"monotype","userid":"carniewight","username":"Carnie Wight","w":57,"l":"46","t":"0","gxe":56.1,"r":"1541.582155056","rd":"44.738563916837","sigma":"0","rptime":"1439629200","rpr":1546.3106209461,"rprd":44.386562539245,"rpsigma":"0","acre":1213.070799551,"lacre":1213.070799551,"oldacre":"1187.3679895484"},"p2rating":{"entryid":"6395890","serverid":"eos","formatid":"monotype","userid":"rainsidious","username":"Rain ☆ sidious","w":"61","l":73,"t":"0","gxe":47.6,"r":"1485.076551991","rd":"38.091016764084","sigma":"0","rptime":"1439629200","rpr":1481.6414322657,"rprd":37.874202263135,"rpsigma":"0","acre":1171.4350019992,"lacre":1171.4350019992,"oldacre":"1197.1378120018"},"endType":"normal"}