{"seed":[14406,62159,31007,49522],"turns":36,"p1":"GTX♅Bzumzum","p2":"KGBeast","p1team":[{"name":"Striker","species":"raikou","item":"airballoon","ability":"Pressure","moves":["aurasphere","calmmind","hiddenpowergrass","substitute"],"nature":"Rash","evs":{"hp":4,"atk":0,"def":72,"spa":196,"spd":0,"spe":236},"ivs":{"hp":31,"atk":30,"def":31,"spa":30,"spd":31,"spe":31},"shiny":true},{"name":"Plugg-in Failure","species":"electivire","item":"choicescarf","ability":"Vital Spirit","moves":["crosschop","earthquake","firepunch","icepunch"],"nature":"Jolly","evs":{"hp":0,"atk":252,"def":0,"spa":0,"spd":4,"spe":252},"gender":"M","shiny":true,"ivs":{"hp":31,"atk":31,"def":31,"spa":31,"spd":31,"spe":31}},{"name":"Breezer","species":"rotomfrost","item":"rockyhelmet","ability":"Levitate","moves":["blizzard","protect","hiddenpowerfighting","trick"],"nature":"Calm","evs":{"hp":228,"atk":0,"def":120,"spa":8,"spd":152,"spe":0},"ivs":{"hp":31,"atk":31,"def":30,"spa":30,"spd":30,"spe":30},"shiny":true},{"name":"MY ZONE!!!","species":"magnezone","item":"choicescarf","ability":"Sturdy","moves":["flashcannon","triattack","hiddenpowerice","signalbeam"],"nature":"Modest","evs":{"hp":228,"atk":0,"def":0,"spa":252,"spd":28,"spe":0},"ivs":{"hp":31,"atk":30,"def":30,"spa":31,"spd":31,"spe":31},"shiny":true},{"name":"Zapz","species":"zapdos","item":"leftovers","ability":"Pressure","moves":["defog","heatwave","roost","extrasensory"],"nature":"Calm","evs":{"hp":16,"atk":0,"def":44,"spa":4,"spd":28,"spe":0},"shiny":true,"ivs":{"hp":31,"atk":31,"def":31,"spa":31,"spd":31,"spe":31}},{"name":"Flicker-Sparkz","species":"luxray","item":"assaultvest","ability":"Intimidate","moves":["wildcharge","firefang","superpower","quickattack"],"nature":"Adamant","evs":{"hp":248,"atk":252,"def":0,"spa":0,"spd":8,"spe":0},"gender":"M","shiny":true,"ivs":{"hp":31,"atk":31,"def":31,"spa":31,"spd":31,"spe":31}}],"p2team":[{"name":"Houndoom","species":"Houndoom","item":"houndoominite","ability":"Unnerve","moves":["nastyplot","flamethrower","darkpulse","hiddenpowersteel"],"nature":"Timid","evs":{"hp":0,"atk":0,"def":0,"spa":252,"spd":4,"spe":252},"ivs":{"hp":31,"atk":31,"def":31,"spa":31,"spd":30,"spe":31}},{"name":"Ninetales","species":"Ninetales","item":"leftovers","ability":"Drought","moves":["hypnosis","foulplay","toxic","painsplit"],"nature":"Calm","evs":{"hp":248,"atk":0,"def":0,"spa":0,"spd":252,"spe":8},"ivs":{"hp":31,"atk":0,"def":31,"spa":31,"spd":31,"spe":31}},{"name":"Darmanitan","species":"Darmanitan","item":"choicescarf","ability":"Sheer Force","moves":["flareblitz","uturn","rockslide","superpower"],"nature":"Jolly","evs":{"hp":0,"atk":252,"def":0,"spa":0,"spd":4,"spe":252},"ivs":{"hp":31,"atk":31,"def":31,"spa":31,"spd":31,"spe":31}},{"name":"Infernape","species":"Infernape","item":"focussash","ability":"Blaze","moves":["stealthrock","taunt","closecombat","fireblast"],"nature":"Naive","evs":{"hp":0,"atk":252,"def":0,"spa":4,"spd":0,"spe":252},"ivs":{"hp":31,"atk":31,"def":31,"spa":31,"spd":31,"spe":31}},{"name":"Arcanine","species":"Arcanine","item":"leftovers","ability":"Intimidate","moves":["willowisp","flareblitz","roar","morningsun"],"nature":"Impish","evs":{"hp":248,"atk":8,"def":252,"spa":0,"spd":0,"spe":0},"ivs":{"hp":31,"atk":31,"def":31,"spa":31,"spd":31,"spe":31}},{"name":"Heatran","species":"Heatran","item":"airballoon","ability":"Flash Fire","moves":["solarbeam","hiddenpowerice","earthpower","flashcannon"],"nature":"Modest","evs":{"hp":48,"atk":0,"def":0,"spa":252,"spd":0,"spe":208},"ivs":{"hp":31,"atk":30,"def":30,"spa":31,"spd":31,"spe":31}}],"log":["|player|p1|GTX♅Bzumzum|225","|player|p2|KGBeast|kgbeast.png","|gametype|singles","|gen|6","|tier|Monotype","|rated","|rule|Baton Pass Clause: Limit one Baton Passer, can't pass Spe and other stats simultaneously","|rule|Swagger Clause: Swagger is banned","|rule|Same Type Clause: Pokémon in a team must share a type","|clearpoke","|poke|p1|Raikou, shiny","|poke|p1|Electivire, M, shiny","|poke|p1|Rotom-Frost, shiny","|poke|p1|Magnezone, shiny","|poke|p1|Zapdos, shiny","|poke|p1|Luxray, M, shiny","|poke|p2|Houndoom, M","|poke|p2|Ninetales, M","|poke|p2|Darmanitan, F","|poke|p2|Infernape, F","|poke|p2|Arcanine, F","|poke|p2|Heatran, F","|rule|Sleep Clause Mod: Limit one foe put to sleep","|rule|Species Clause: Limit one of each Pokémon","|rule|OHKO Clause: OHKO moves are banned","|rule|Moody Clause: Moody is banned","|rule|Evasion Moves Clause: Evasion moves are banned","|rule|Endless Battle Clause: Forcing endless battles is banned","|rule|HP Percentage Mod: HP is shown in percentages","|teampreview","|","|start","|switch|p1a: Flicker-Sparkz|Luxray, M, shiny|363/363","|switch|p2a: Infernape|Infernape, F|293/293","|-ability|p1a: Flicker-Sparkz|Intimidate","|-unboost|p2a: Infernape|atk|1","|turn|1","|","|switch|p1a: Zapz|Zapdos, shiny|325/325","|-ability|p1a: Zapz|Pressure","|move|p2a: Infernape|Stealth Rock|p1a: Zapz","|-sidestart|p1: GTX♅Bzumzum|move: Stealth Rock","|","|turn|2","|","|move|p2a: Infernape|Taunt|p1a: Zapz","|-start|p1a: Zapz|move: Taunt","|move|p1a: Zapz|Extrasensory|p2a: Infernape","|-supereffective|p2a: Infernape","|-damage|p2a: Infernape|63/293","|","|turn|3","|","|switch|p2a: Ninetales|Ninetales, M|349/349","|-weather|SunnyDay","|move|p1a: Zapz|Extrasensory|p2a: Ninetales","|-damage|p2a: Ninetales|298/349","|","|-weather|SunnyDay|[upkeep]","|-heal|p2a: Ninetales|319/349|[from] item: Leftovers","|turn|4","|","|move|p2a: Ninetales|Hypnosis|p1a: Zapz|[miss]","|-miss|p2a: Ninetales|p1a: Zapz","|move|p1a: Zapz|Heat Wave|p2a: Ninetales","|-miss|p1a: Zapz|p2a: Ninetales","|","|-weather|SunnyDay|[upkeep]","|-heal|p2a: Ninetales|340/349|[from] item: Leftovers","|-end|p1a: Zapz|move: Taunt","|turn|5","|","|move|p2a: Ninetales|Hypnosis|p1a: Zapz","|-status|p1a: Zapz|slp","|cant|p1a: Zapz|slp","|","|-weather|SunnyDay|[upkeep]","|-heal|p2a: Ninetales|349/349|[from] item: Leftovers","|turn|6","|","|switch|p2a: Darmanitan|Darmanitan, F|351/351","|-curestatus|p1a: Zapz|slp","|move|p1a: Zapz|Defog|p2a: Darmanitan","|-unboost|p2a: Darmanitan|evasion|1","|-sideend|p1: GTX♅Bzumzum|Stealth Rock|[from] move: Defog|[of] p1a: Zapz","|","|-weather|SunnyDay|[upkeep]","|turn|7","|","|switch|p1a: Breezer|Rotom-Frost, shiny|298/298","|move|p2a: Darmanitan|Flare Blitz|p1a: Breezer","|-supereffective|p1a: Breezer","|-damage|p1a: Breezer|0 fnt","|-damage|p2a: Darmanitan|293/351|[from] item: Rocky Helmet|[of] p1a: Breezer","|-damage|p2a: Darmanitan|195/351|[from] recoil|[of] p1a: Breezer","|faint|p1a: Breezer","|","|-weather|none","|","|switch|p1a: Plugg-in Failure|Electivire, M, shiny|291/291","|turn|8","|","|switch|p2a: Arcanine|Arcanine, F|383/383","|-ability|p2a: Arcanine|Intimidate","|-unboost|p1a: Plugg-in Failure|atk|1","|move|p1a: Plugg-in Failure|Cross Chop|p2a: Arcanine|[miss]","|-miss|p1a: Plugg-in Failure|p2a: Arcanine","|","|turn|9","|","|switch|p1a: Zapz|Zapdos, shiny|325/325","|-ability|p1a: Zapz|Pressure","|move|p2a: Arcanine|Flare Blitz|p1a: Zapz","|-damage|p1a: Zapz|148/325","|-damage|p2a: Arcanine|325/383|[from] recoil|[of] p1a: Zapz","|","|-heal|p1a: Zapz|168/325|[from] item: Leftovers","|-heal|p2a: Arcanine|348/383|[from] item: Leftovers","|turn|10","|","|switch|p2a: Ninetales|Ninetales, M|349/349","|-weather|SunnyDay","|move|p1a: Zapz|Roost|p1a: Zapz","|-heal|p1a: Zapz|325/325","|","|-weather|SunnyDay|[upkeep]","|turn|11","|","|move|p2a: Ninetales|Toxic|p1a: Zapz","|-status|p1a: Zapz|tox","|move|p1a: Zapz|Extrasensory|p2a: Ninetales","|-damage|p2a: Ninetales|294/349","|","|-weather|SunnyDay|[upkeep]","|-heal|p2a: Ninetales|315/349|[from] item: Leftovers","|-damage|p1a: Zapz|305/325 tox|[from] psn","|turn|12","|","|move|p2a: Ninetales|Foul Play|p1a: Zapz","|-damage|p1a: Zapz|234/325 tox","|move|p1a: Zapz|Extrasensory|p2a: Ninetales","|-damage|p2a: Ninetales|259/349","|","|-weather|SunnyDay|[upkeep]","|-heal|p2a: Ninetales|280/349|[from] item: Leftovers","|-heal|p1a: Zapz|254/325 tox|[from] item: Leftovers","|-damage|p1a: Zapz|214/325 tox|[from] psn","|turn|13","|","|move|p2a: Ninetales|Foul Play|p1a: Zapz","|-damage|p1a: Zapz|144/325 tox","|move|p1a: Zapz|Extrasensory|p2a: Ninetales","|-damage|p2a: Ninetales|226/349","|","|-weather|SunnyDay|[upkeep]","|-heal|p2a: Ninetales|247/349|[from] item: Leftovers","|-heal|p1a: Zapz|164/325 tox|[from] item: Leftovers","|-damage|p1a: Zapz|104/325 tox|[from] psn","|turn|14","|","|move|p2a: Ninetales|Foul Play|p1a: Zapz","|-damage|p1a: Zapz|40/325 tox","|move|p1a: Zapz|Roost|p1a: Zapz","|-heal|p1a: Zapz|203/325 tox","|","|-weather|none","|-heal|p2a: Ninetales|268/349|[from] item: Leftovers","|-heal|p1a: Zapz|223/325 tox|[from] item: Leftovers","|-damage|p1a: Zapz|143/325 tox|[from] psn","|turn|15","|","|switch|p1a: Striker|Raikou, shiny|322/322","|-ability|p1a: Striker|Pressure","|-item|p1a: Striker|Air Balloon","|move|p2a: Ninetales|Foul Play|p1a: Striker","|-damage|p1a: Striker|251/322","|-enditem|p1a: Striker|Air Balloon","|","|-heal|p2a: Ninetales|289/349|[from] item: Leftovers","|turn|16","|","|move|p1a: Striker|Calm Mind|p1a: Striker","|-boost|p1a: Striker|spa|1","|-boost|p1a: Striker|spd|1","|move|p2a: Ninetales|Foul Play|p1a: Striker","|-damage|p1a: Striker|181/322","|","|-heal|p2a: Ninetales|310/349|[from] item: Leftovers","|turn|17","|","|move|p1a: Striker|Substitute|p1a: Striker","|-start|p1a: Striker|Substitute","|-damage|p1a: Striker|101/322","|move|p2a: Ninetales|Hypnosis|p1a: Striker|[miss]","|-miss|p2a: Ninetales|p1a: Striker","|","|-heal|p2a: Ninetales|331/349|[from] item: Leftovers","|turn|18","|","|move|p1a: Striker|Calm Mind|p1a: Striker","|-boost|p1a: Striker|spa|1","|-boost|p1a: Striker|spd|1","|move|p2a: Ninetales|Foul Play|p1a: Striker","|-activate|p1a: Striker|Substitute|[damage]","|","|-heal|p2a: Ninetales|349/349|[from] item: Leftovers","|turn|19","|","|move|p1a: Striker|Aura Sphere|p2a: Ninetales","|-crit|p2a: Ninetales","|-damage|p2a: Ninetales|153/349","|move|p2a: Ninetales|Foul Play|p1a: Striker","|-end|p1a: Striker|Substitute","|","|-heal|p2a: Ninetales|174/349|[from] item: Leftovers","|turn|20","|","|move|p1a: Striker|Substitute|p1a: Striker","|-start|p1a: Striker|Substitute","|-damage|p1a: Striker|21/322","|move|p2a: Ninetales|Foul Play|p1a: Striker","|-activate|p1a: Striker|Substitute|[damage]","|","|-heal|p2a: Ninetales|195/349|[from] item: Leftovers","|turn|21","|","|move|p1a: Striker|Calm Mind|p1a: Striker","|-boost|p1a: Striker|spa|1","|-boost|p1a: Striker|spd|1","|move|p2a: Ninetales|Foul Play|p1a: Striker","|-end|p1a: Striker|Substitute","|","|-heal|p2a: Ninetales|216/349|[from] item: Leftovers","|turn|22","|","|switch|p2a: Heatran|Heatran, F|335/335","|-item|p2a: Heatran|Air Balloon","|move|p1a: Striker|Aura Sphere|p2a: Heatran","|-supereffective|p2a: Heatran","|-damage|p2a: Heatran|0 fnt","|-enditem|p2a: Heatran|Air Balloon","|faint|p2a: Heatran","|","|","|switch|p2a: Darmanitan|Darmanitan, F|195/351","|turn|23","|","|move|p2a: Darmanitan|Flare Blitz|p1a: Striker","|-damage|p1a: Striker|0 fnt","|-damage|p2a: Darmanitan|188/351|[from] recoil|[of] p1a: Striker","|faint|p1a: Striker","|","|","|switch|p1a: Plugg-in Failure|Electivire, M, shiny|291/291","|turn|24","|","|switch|p2a: Arcanine|Arcanine, F|348/383","|-ability|p2a: Arcanine|Intimidate","|-unboost|p1a: Plugg-in Failure|atk|1","|move|p1a: Plugg-in Failure|Earthquake|p2a: Arcanine","|-supereffective|p2a: Arcanine","|-damage|p2a: Arcanine|222/383","|","|-heal|p2a: Arcanine|245/383|[from] item: Leftovers","|turn|25","|","|switch|p1a: Zapz|Zapdos, shiny|143/325 tox","|-ability|p1a: Zapz|Pressure","|move|p2a: Arcanine|Will-O-Wisp|p1a: Zapz","|-fail|p1a: Zapz","|","|-heal|p1a: Zapz|163/325 tox|[from] item: Leftovers","|-heal|p2a: Arcanine|268/383|[from] item: Leftovers","|-damage|p1a: Zapz|143/325 tox|[from] psn","|turn|26","|","|switch|p2a: Ninetales|Ninetales, M|216/349","|-weather|SunnyDay","|move|p1a: Zapz|Roost|p1a: Zapz","|-heal|p1a: Zapz|306/325 tox","|","|-weather|SunnyDay|[upkeep]","|-heal|p2a: Ninetales|237/349|[from] item: Leftovers","|-heal|p1a: Zapz|325/325 tox|[from] item: Leftovers","|-damage|p1a: Zapz|285/325 tox|[from] psn","|turn|27","|","|move|p2a: Ninetales|Pain Split|p1a: Zapz","|-sethp|p1a: Zapz|261/325 tox|p2a: Ninetales|261/349|[from] move: Pain Split","|move|p1a: Zapz|Heat Wave|p2a: Ninetales","|-resisted|p2a: Ninetales","|-damage|p2a: Ninetales|209/349","|","|-weather|SunnyDay|[upkeep]","|-heal|p2a: Ninetales|230/349|[from] item: Leftovers","|-heal|p1a: Zapz|281/325 tox|[from] item: Leftovers","|-damage|p1a: Zapz|221/325 tox|[from] psn","|turn|28","|","|switch|p2a: Houndoom|Houndoom, M|291/291","|-ability|p2a: Houndoom|Unnerve|p1: GTX♅Bzumzum","|move|p1a: Zapz|Extrasensory|p2a: Houndoom","|-immune|p2a: Houndoom|[msg]","|","|-weather|SunnyDay|[upkeep]","|-heal|p1a: Zapz|241/325 tox|[from] item: Leftovers","|-damage|p1a: Zapz|161/325 tox|[from] psn","|turn|29","|","|detailschange|p2a: Houndoom|Houndoom-Mega, M","|-mega|p2a: Houndoom|Houndoom|Houndoominite","|move|p2a: Houndoom|Flamethrower|p1a: Zapz","|-damage|p1a: Zapz|0 fnt","|faint|p1a: Zapz","|","|-weather|SunnyDay|[upkeep]","|-damage|p2a: Houndoom|255/291|[from] ability: Solar Power","|","|switch|p1a: Plugg-in Failure|Electivire, M, shiny|291/291","|turn|30","|","|switch|p2a: Infernape|Infernape, F|63/293","|move|p1a: Plugg-in Failure|Earthquake|p2a: Infernape","|-supereffective|p2a: Infernape","|-damage|p2a: Infernape|0 fnt","|faint|p2a: Infernape","|","|-weather|none","|","|switch|p2a: Arcanine|Arcanine, F|268/383","|-ability|p2a: Arcanine|Intimidate","|-unboost|p1a: Plugg-in Failure|atk|1","|turn|31","|","|switch|p1a: Flicker-Sparkz|Luxray, M, shiny|363/363","|-ability|p1a: Flicker-Sparkz|Intimidate","|-unboost|p2a: Arcanine|atk|1","|move|p2a: Arcanine|Flare Blitz|p1a: Flicker-Sparkz","|-crit|p1a: Flicker-Sparkz","|-damage|p1a: Flicker-Sparkz|74/363","|-damage|p2a: Arcanine|173/383|[from] recoil|[of] p1a: Flicker-Sparkz","|","|-heal|p2a: Arcanine|196/383|[from] item: Leftovers","|turn|32","|","|switch|p1a: Plugg-in Failure|Electivire, M, shiny|291/291","|move|p2a: Arcanine|Flare Blitz|p1a: Plugg-in Failure","|-crit|p1a: Plugg-in Failure","|-damage|p1a: Plugg-in Failure|0 fnt","|-damage|p2a: Arcanine|100/383|[from] recoil|[of] p1a: Plugg-in Failure","|faint|p1a: Plugg-in Failure","|","|-heal|p2a: Arcanine|123/383|[from] item: Leftovers","|","|switch|p1a: Flicker-Sparkz|Luxray, M, shiny|74/363","|-ability|p1a: Flicker-Sparkz|Intimidate","|-unboost|p2a: Arcanine|atk|1","|turn|33","|","|move|p1a: Flicker-Sparkz|Quick Attack|p2a: Arcanine","|-damage|p2a: Arcanine|83/383","|move|p2a: Arcanine|Flare Blitz|p1a: Flicker-Sparkz","|-damage|p1a: Flicker-Sparkz|0 fnt","|-damage|p2a: Arcanine|59/383|[from] recoil|[of] p1a: Flicker-Sparkz","|faint|p1a: Flicker-Sparkz","|","|-heal|p2a: Arcanine|82/383|[from] item: Leftovers","|","|switch|p1a: MY ZONE!!!|Magnezone, shiny|338/338","|turn|34","|","|move|p1a: MY ZONE!!!|Tri Attack|p2a: Arcanine","|-damage|p2a: Arcanine|0 fnt","|faint|p2a: Arcanine","|","|","|switch|p2a: Houndoom|Houndoom-Mega, M|255/291","|turn|35","|","|move|p2a: Houndoom|Dark Pulse|p1a: MY ZONE!!!","|-damage|p1a: MY ZONE!!!|172/338","|move|p1a: MY ZONE!!!|Tri Attack|p2a: Houndoom","|-damage|p2a: Houndoom|146/291","|-status|p2a: Houndoom|par","|","|turn|36","|","|move|p1a: MY ZONE!!!|Tri Attack|p2a: Houndoom","|-damage|p2a: Houndoom|32/291 par","|move|p2a: Houndoom|Flamethrower|p1a: MY ZONE!!!","|-supereffective|p1a: MY ZONE!!!","|-damage|p1a: MY ZONE!!!|0 fnt","|faint|p1a: MY ZONE!!!","|","|win|KGBeast"],"p1rating":{"entryid":"6857825","serverid":"eos","formatid":"monotype","userid":"gtxbzumzum","username":"GTX♅Bzumzum","w":"40","l":130,"t":"0","gxe":23.9,"r":"1274.4875731694","rd":"32.174632655966","sigma":"0","rptime":"1439629200","rpr":1281.2155081297,"rprd":31.535222195216,"rpsigma":"0","acre":1053.4002180436,"lacre":1053.4002180436,"oldacre":"1073.2735425718"},"p2rating":{"entryid":"6349485","serverid":"eos","formatid":"monotype","userid":"kgbeast","username":"KGBeast","w":74,"l":"45","t":"0","gxe":60.1,"r":"1580.9981388501","rd":"38.481320672037","sigma":"0","rptime":"1439629200","rpr":1577.3225963054,"rprd":38.163867970709,"rpsigma":"0","acre":1116.6255403901,"lacre":1116.6255403901,"oldacre":"1091.7909159034"},"endType":"normal"}