{"seed":[50719,48220,6681,1790],"turns":21,"p1":"Void KGBeast","p2":"GTX♅RyanRotom12","p1team":[{"name":"Charizard","species":"Charizard","item":"charizarditey","ability":"Blaze","moves":["defog","focusblast","fireblast","solarbeam"],"nature":"Timid","evs":{"hp":0,"atk":0,"def":0,"spa":252,"spd":4,"spe":252},"ivs":{"hp":31,"atk":0,"def":31,"spa":31,"spd":31,"spe":31}},{"name":"Infernape","species":"Infernape","item":"focussash","ability":"Blaze","moves":["stealthrock","taunt","closecombat","fireblast"],"nature":"Naive","evs":{"hp":0,"atk":252,"def":0,"spa":4,"spd":0,"spe":252},"ivs":{"hp":31,"atk":31,"def":31,"spa":31,"spd":31,"spe":31}},{"name":"Darmanitan","species":"Darmanitan","item":"choicescarf","ability":"Sheer Force","moves":["flareblitz","uturn","rockslide","superpower"],"nature":"Jolly","evs":{"hp":0,"atk":252,"def":0,"spa":0,"spd":4,"spe":252},"ivs":{"hp":31,"atk":31,"def":31,"spa":31,"spd":31,"spe":31}},{"name":"Heatran","species":"Heatran","item":"leftovers","ability":"Flash Fire","moves":["solarbeam","toxic","earthpower","flashcannon"],"nature":"Calm","evs":{"hp":248,"atk":0,"def":0,"spa":0,"spd":252,"spe":8},"ivs":{"hp":31,"atk":0,"def":31,"spa":31,"spd":31,"spe":31}},{"name":"Rotom-Heat","species":"Rotom-Heat","item":"choicescarf","ability":"Levitate","moves":["voltswitch","thunderbolt","hiddenpowerice","overheat"],"nature":"Timid","evs":{"hp":0,"atk":0,"def":0,"spa":252,"spd":4,"spe":252},"ivs":{"hp":31,"atk":0,"def":30,"spa":31,"spd":31,"spe":31}},{"name":"Arcanine","species":"Arcanine","item":"leftovers","ability":"Intimidate","moves":["willowisp","flareblitz","roar","morningsun"],"nature":"Impish","evs":{"hp":248,"atk":8,"def":252,"spa":0,"spd":0,"spe":0},"ivs":{"hp":31,"atk":31,"def":31,"spa":31,"spd":31,"spe":31}}],"p2team":[{"name":"Altaria","species":"Altaria","item":"altarianite","ability":"Natural Cure","moves":["return","dragondance","roost","earthquake"],"nature":"Adamant","evs":{"hp":0,"atk":252,"def":0,"spa":0,"spd":4,"spe":252},"ivs":{"hp":31,"atk":31,"def":31,"spa":31,"spd":31,"spe":31}},{"name":"Sigilyph","species":"Sigilyph","item":"lifeorb","ability":"Magic Guard","moves":["thunderwave","psychic","airslash","ancientpower"],"nature":"Timid","evs":{"hp":0,"atk":0,"def":0,"spa":252,"spd":36,"spe":220},"ivs":{"hp":31,"atk":31,"def":31,"spa":31,"spd":31,"spe":31}},{"name":"Gyarados","species":"Gyarados","item":"leftovers","ability":"Intimidate","moves":["dragondance","waterfall","icefang","substitute"],"nature":"Adamant","evs":{"hp":0,"atk":252,"def":0,"spa":0,"spd":4,"spe":252},"ivs":{"hp":31,"atk":31,"def":31,"spa":31,"spd":31,"spe":31}},{"name":"Skarmory","species":"Skarmory","item":"rockyhelmet","ability":"Sturdy","moves":["aerialace","steelwing","whirlwind","spikes"],"nature":"Adamant","evs":{"hp":232,"atk":252,"def":0,"spa":0,"spd":0,"spe":24},"ivs":{"hp":31,"atk":31,"def":31,"spa":31,"spd":31,"spe":31}},{"name":"Tropius","species":"Tropius","item":"yacheberry","ability":"Chlorophyll","moves":["sunnyday","attract","airslash","solarbeam"],"nature":"Modest","evs":{"hp":0,"atk":0,"def":0,"spa":252,"spd":4,"spe":252},"ivs":{"hp":31,"atk":31,"def":31,"spa":31,"spd":31,"spe":31}},{"name":"Honchkrow","species":"Honchkrow","item":"blackglasses","ability":"Moxie","moves":["drillpeck","suckerpunch","icywind","tailwind"],"nature":"Lonely","evs":{"hp":248,"atk":252,"def":0,"spa":8,"spd":0,"spe":0},"ivs":{"hp":31,"atk":31,"def":31,"spa":31,"spd":31,"spe":31}}],"log":["|player|p1|Void KGBeast|25","|player|p2|GTX♅RyanRotom12|161","|gametype|singles","|gen|6","|tier|Monotype","|rated","|rule|Baton Pass Clause: Limit one Baton Passer, can't pass Spe and other stats simultaneously","|rule|Swagger Clause: Swagger is banned","|rule|Same Type Clause: Pokémon in a team must share a type","|clearpoke","|poke|p1|Charizard, M","|poke|p1|Infernape, F","|poke|p1|Darmanitan, F","|poke|p1|Heatran, M","|poke|p1|Rotom-Heat","|poke|p1|Arcanine, F","|poke|p2|Altaria, M","|poke|p2|Sigilyph, F","|poke|p2|Gyarados, F","|poke|p2|Skarmory, F","|poke|p2|Tropius, M","|poke|p2|Honchkrow, M","|rule|Sleep Clause Mod: Limit one foe put to sleep","|rule|Species Clause: Limit one of each Pokémon","|rule|OHKO Clause: OHKO moves are banned","|rule|Moody Clause: Moody is banned","|rule|Evasion Moves Clause: Evasion moves are banned","|rule|Endless Battle Clause: Forcing endless battles is banned","|rule|HP Percentage Mod: HP is shown in percentages","|teampreview","|","|start","|switch|p1a: Infernape|Infernape, F|293/293","|switch|p2a: Sigilyph|Sigilyph, F|285/285","|turn|1","|","|move|p1a: Infernape|Taunt|p2a: Sigilyph","|-start|p2a: Sigilyph|move: Taunt","|cant|p2a: Sigilyph|move: Taunt|Thunder Wave","|","|turn|2","|","|move|p1a: Infernape|Stealth Rock|p2a: Sigilyph","|-sidestart|p2: GTX♅RyanRotom12|move: Stealth Rock","|move|p2a: Sigilyph|Psychic|p1a: Infernape","|-supereffective|p1a: Infernape","|-enditem|p1a: Infernape|Focus Sash","|-damage|p1a: Infernape|1/293","|","|turn|3","|","|move|p1a: Infernape|Fire Blast|p2a: Sigilyph","|-damage|p2a: Sigilyph|63/285","|move|p2a: Sigilyph|Ancient Power|p1a: Infernape","|-damage|p1a: Infernape|0 fnt","|faint|p1a: Infernape","|","|-end|p2a: Sigilyph|move: Taunt","|","|switch|p1a: Rotom-Heat|Rotom-Heat|241/241","|turn|4","|","|move|p1a: Rotom-Heat|Volt Switch|p2a: Sigilyph","|-supereffective|p2a: Sigilyph","|-damage|p2a: Sigilyph|0 fnt","|faint|p2a: Sigilyph","|","|switch|p1a: Charizard|Charizard, M|297/297","|","|","|switch|p2a: Altaria|Altaria, M|291/291","|-damage|p2a: Altaria|219/291|[from] Stealth Rock","|turn|5","|","|switch|p1a: Arcanine|Arcanine, F|383/383","|-ability|p1a: Arcanine|Intimidate","|-unboost|p2a: Altaria|atk|1","|detailschange|p2a: Altaria|Altaria-Mega, M","|-mega|p2a: Altaria|Altaria|Altarianite","|move|p2a: Altaria|Dragon Dance|p2a: Altaria","|-boost|p2a: Altaria|atk|1","|-boost|p2a: Altaria|spe|1","|","|turn|6","|","|move|p2a: Altaria|Dragon Dance|p2a: Altaria","|-boost|p2a: Altaria|atk|1","|-boost|p2a: Altaria|spe|1","|move|p1a: Arcanine|Will-O-Wisp|p2a: Altaria","|-status|p2a: Altaria|brn","|","|-damage|p2a: Altaria|183/291 brn|[from] brn","|turn|7","|","|move|p2a: Altaria|Earthquake|p1a: Arcanine","|-supereffective|p1a: Arcanine","|-damage|p1a: Arcanine|226/383","|move|p1a: Arcanine|Roar|p2a: Altaria","|drag|p2a: Skarmory|Skarmory, F|329/329","|-damage|p2a: Skarmory|288/329|[from] Stealth Rock","|","|-heal|p1a: Arcanine|249/383|[from] item: Leftovers","|turn|8","|","|switch|p1a: Charizard|Charizard, M|297/297","|move|p2a: Skarmory|Spikes|p1a: Charizard","|-sidestart|p1: Void KGBeast|Spikes","|","|turn|9","|","|detailschange|p1a: Charizard|Charizard-Mega-Y, M","|-mega|p1a: Charizard|Charizard|Charizardite Y","|-weather|SunnyDay","|move|p1a: Charizard|Fire Blast|p2a: Skarmory","|-supereffective|p2a: Skarmory","|-damage|p2a: Skarmory|0 fnt","|faint|p2a: Skarmory","|","|-weather|SunnyDay|[upkeep]","|","|switch|p2a: Honchkrow|Honchkrow, M|403/403","|-damage|p2a: Honchkrow|303/403|[from] Stealth Rock","|turn|10","|","|switch|p1a: Arcanine|Arcanine, F|249/383","|-damage|p1a: Arcanine|202/383|[from] Spikes","|-ability|p1a: Arcanine|Intimidate","|-unboost|p2a: Honchkrow|atk|1","|move|p2a: Honchkrow|Sucker Punch|p1a: Arcanine","|-fail|p2a: Honchkrow","|","|-weather|SunnyDay|[upkeep]","|-heal|p1a: Arcanine|225/383|[from] item: Leftovers","|turn|11","|","|move|p1a: Arcanine|Morning Sun|p1a: Arcanine","|-heal|p1a: Arcanine|383/383","|move|p2a: Honchkrow|Drill Peck|p1a: Arcanine","|-crit|p1a: Arcanine","|-damage|p1a: Arcanine|206/383","|","|-weather|SunnyDay|[upkeep]","|-heal|p1a: Arcanine|229/383|[from] item: Leftovers","|turn|12","|","|move|p1a: Arcanine|Flare Blitz|p2a: Honchkrow","|-damage|p2a: Honchkrow|0 fnt","|-damage|p1a: Arcanine|129/383|[from] recoil|[of] p2a: Honchkrow","|faint|p2a: Honchkrow","|","|-weather|SunnyDay|[upkeep]","|-heal|p1a: Arcanine|152/383|[from] item: Leftovers","|","|switch|p2a: Gyarados|Gyarados, F|331/331","|-damage|p2a: Gyarados|249/331|[from] Stealth Rock","|-ability|p2a: Gyarados|Intimidate","|-unboost|p1a: Arcanine|atk|1","|turn|13","|","|move|p2a: Gyarados|Waterfall|p1a: Arcanine","|-supereffective|p1a: Arcanine","|-damage|p1a: Arcanine|24/383","|cant|p1a: Arcanine|flinch","|","|-weather|none","|-heal|p2a: Gyarados|269/331|[from] item: Leftovers","|-heal|p1a: Arcanine|47/383|[from] item: Leftovers","|turn|14","|","|move|p2a: Gyarados|Waterfall|p1a: Arcanine","|-supereffective|p1a: Arcanine","|-damage|p1a: Arcanine|0 fnt","|faint|p1a: Arcanine","|","|-heal|p2a: Gyarados|289/331|[from] item: Leftovers","|","|switch|p1a: Rotom-Heat|Rotom-Heat|241/241","|turn|15","|","|move|p1a: Rotom-Heat|Thunderbolt|p2a: Gyarados","|-supereffective|p2a: Gyarados","|-damage|p2a: Gyarados|0 fnt","|faint|p2a: Gyarados","|","|","|switch|p2a: Tropius|Tropius, M|339/339","|-damage|p2a: Tropius|255/339|[from] Stealth Rock","|turn|16","|","|switch|p1a: Heatran|Heatran, M|385/385","|-damage|p1a: Heatran|337/385|[from] Spikes","|move|p2a: Tropius|Air Slash|p1a: Heatran","|-crit|p1a: Heatran","|-resisted|p1a: Heatran","|-damage|p1a: Heatran|283/385","|","|-heal|p1a: Heatran|307/385|[from] item: Leftovers","|turn|17","|","|move|p2a: Tropius|Air Slash|p1a: Heatran","|-resisted|p1a: Heatran","|-damage|p1a: Heatran|273/385","|move|p1a: Heatran|Flash Cannon|p2a: Tropius","|-damage|p2a: Tropius|111/339","|","|-heal|p1a: Heatran|297/385|[from] item: Leftovers","|turn|18","|","|move|p2a: Tropius|Air Slash|p1a: Heatran","|-resisted|p1a: Heatran","|-damage|p1a: Heatran|261/385","|cant|p1a: Heatran|flinch","|","|-heal|p1a: Heatran|285/385|[from] item: Leftovers","|turn|19","|","|move|p2a: Tropius|Air Slash|p1a: Heatran","|-resisted|p1a: Heatran","|-damage|p1a: Heatran|249/385","|cant|p1a: Heatran|flinch","|","|-heal|p1a: Heatran|273/385|[from] item: Leftovers","|turn|20","|","|move|p2a: Tropius|Air Slash|p1a: Heatran","|-resisted|p1a: Heatran","|-damage|p1a: Heatran|241/385","|move|p1a: Heatran|Flash Cannon|p2a: Tropius","|-damage|p2a: Tropius|0 fnt","|faint|p2a: Tropius","|","|-heal|p1a: Heatran|265/385|[from] item: Leftovers","|","|switch|p2a: Altaria|Altaria-Mega, M|183/291 brn","|-damage|p2a: Altaria|147/291 brn|[from] Stealth Rock","|turn|21","|","|move|p2a: Altaria|Earthquake|p1a: Heatran","|-supereffective|p1a: Heatran","|-damage|p1a: Heatran|49/385","|move|p1a: Heatran|Flash Cannon|p2a: Altaria","|-supereffective|p2a: Altaria","|-damage|p2a: Altaria|0 fnt","|faint|p2a: Altaria","|","|win|Void KGBeast"],"p1rating":{"entryid":"6841698","serverid":"eos","formatid":"monotype","userid":"voidkgbeast","username":"Void KGBeast","w":29,"l":"24","t":"0","gxe":54,"r":"1537.8806743883","rd":"51.423382445373","sigma":"0","rptime":"1439629200","rpr":1530.3968473762,"rprd":49.57445001588,"rpsigma":"0","acre":1111.8715060172,"lacre":1111.8715060172,"oldacre":"1089.7943830488"},"p2rating":{"entryid":"7561676","serverid":"eos","formatid":"monotype","userid":"gtxryanrotom12","username":"GTX♅RyanRotom12","w":"3","l":7,"t":"0","gxe":37.7,"r":1417.1263556022,"rd":89.559179824506,"sigma":"0","rptime":1439629200,"rpr":1402.6968124354,"rprd":87.083454015478,"rpsigma":"0","acre":1018.7333476478,"lacre":1018.7333476478,"oldacre":"1030.9132285279"},"endType":"normal"}