{"seed":[5172,7255,58265,46047],"turns":23,"p1":"Jake1079","p2":"Void KGBeast","p1team":[{"name":"Staraptor","species":"Staraptor","item":"choicescarf","ability":"Reckless","moves":["bravebird","closecombat","doubleedge","uturn"],"nature":"Adamant","evs":{"hp":0,"atk":252,"def":0,"spa":0,"spd":4,"spe":252},"ivs":{"hp":31,"atk":31,"def":31,"spa":31,"spd":31,"spe":31}},{"name":"Porygon2","species":"Porygon2","item":"eviolite","ability":"Download","moves":["icebeam","thunderbolt","recover","toxic"],"nature":"Calm","evs":{"hp":248,"atk":0,"def":0,"spa":8,"spd":252,"spe":0},"ivs":{"hp":31,"atk":31,"def":31,"spa":31,"spd":31,"spe":31}},{"name":"Cinccino","species":"Cinccino","item":"lifeorb","ability":"Skill Link","moves":["bulletseed","rockblast","tailslap","uturn"],"nature":"Adamant","evs":{"hp":0,"atk":252,"def":0,"spa":0,"spd":4,"spe":252},"ivs":{"hp":31,"atk":31,"def":31,"spa":31,"spd":31,"spe":31}},{"name":"Braviary","species":"Braviary","item":"leftovers","ability":"Sheer Force","moves":["superpower","defog","bravebird","roost"],"nature":"Careful","evs":{"hp":252,"atk":252,"def":0,"spa":0,"spd":4,"spe":0},"ivs":{"hp":31,"atk":31,"def":31,"spa":31,"spd":31,"spe":31}},{"name":"Chansey","species":"Chansey","item":"eviolite","ability":"Natural Cure","moves":["seismictoss","stealthrock","thunderwave","softboiled"],"nature":"Bold","evs":{"hp":248,"atk":0,"def":252,"spa":0,"spd":8,"spe":0},"ivs":{"hp":31,"atk":31,"def":31,"spa":31,"spd":31,"spe":31}},{"name":"Pidgeot","species":"Pidgeot","item":"pidgeotite","ability":"Big Pecks","moves":["heatwave","hurricane","whirlwind","hiddenpowerice"],"nature":"Modest","evs":{"hp":0,"atk":0,"def":0,"spa":252,"spd":4,"spe":252},"ivs":{"hp":31,"atk":30,"def":30,"spa":31,"spd":31,"spe":31}}],"p2team":[{"name":"Charizard","species":"Charizard","item":"charizarditey","ability":"Blaze","moves":["defog","focusblast","fireblast","solarbeam"],"nature":"Timid","evs":{"hp":0,"atk":0,"def":0,"spa":252,"spd":4,"spe":252},"ivs":{"hp":31,"atk":0,"def":31,"spa":31,"spd":31,"spe":31}},{"name":"Infernape","species":"Infernape","item":"focussash","ability":"Blaze","moves":["stealthrock","taunt","closecombat","fireblast"],"nature":"Naive","evs":{"hp":0,"atk":252,"def":0,"spa":4,"spd":0,"spe":252},"ivs":{"hp":31,"atk":31,"def":31,"spa":31,"spd":31,"spe":31}},{"name":"Darmanitan","species":"Darmanitan","item":"choicescarf","ability":"Sheer Force","moves":["flareblitz","uturn","rockslide","superpower"],"nature":"Jolly","evs":{"hp":0,"atk":252,"def":0,"spa":0,"spd":4,"spe":252},"ivs":{"hp":31,"atk":31,"def":31,"spa":31,"spd":31,"spe":31}},{"name":"Heatran","species":"Heatran","item":"leftovers","ability":"Flash Fire","moves":["solarbeam","toxic","earthpower","flashcannon"],"nature":"Calm","evs":{"hp":248,"atk":0,"def":0,"spa":0,"spd":252,"spe":8},"ivs":{"hp":31,"atk":0,"def":31,"spa":31,"spd":31,"spe":31}},{"name":"Rotom-Heat","species":"Rotom-Heat","item":"choicescarf","ability":"Levitate","moves":["voltswitch","thunderbolt","hiddenpowerice","overheat"],"nature":"Timid","evs":{"hp":26,"atk":0,"def":0,"spa":230,"spd":0,"spe":252},"ivs":{"hp":31,"atk":0,"def":30,"spa":31,"spd":31,"spe":31}},{"name":"Arcanine","species":"Arcanine","item":"leftovers","ability":"Intimidate","moves":["willowisp","flareblitz","roar","morningsun"],"nature":"Impish","evs":{"hp":248,"atk":8,"def":252,"spa":0,"spd":0,"spe":0},"ivs":{"hp":31,"atk":31,"def":31,"spa":31,"spd":31,"spe":31}}],"log":["|player|p1|Jake1079|281","|player|p2|Void KGBeast|25","|gametype|singles","|gen|6","|tier|Monotype","|rated","|rule|Baton Pass Clause: Limit one Baton Passer, can't pass Spe and other stats simultaneously","|rule|Swagger Clause: Swagger is banned","|rule|Same Type Clause: Pokémon in a team must share a type","|clearpoke","|poke|p1|Staraptor, M","|poke|p1|Porygon2","|poke|p1|Cinccino, M","|poke|p1|Braviary, M","|poke|p1|Chansey, F","|poke|p1|Pidgeot, F","|poke|p2|Charizard, F","|poke|p2|Infernape, M","|poke|p2|Darmanitan, F","|poke|p2|Heatran, F","|poke|p2|Rotom-Heat","|poke|p2|Arcanine, M","|rule|Sleep Clause Mod: Limit one foe put to sleep","|rule|Species Clause: Limit one of each Pokémon","|rule|OHKO Clause: OHKO moves are banned","|rule|Moody Clause: Moody is banned","|rule|Evasion Moves Clause: Evasion moves are banned","|rule|Endless Battle Clause: Forcing endless battles is banned","|rule|HP Percentage Mod: HP is shown in percentages","|teampreview","|","|start","|switch|p1a: Staraptor|Staraptor, M|311/311","|switch|p2a: Infernape|Infernape, M|293/293","|turn|1","|","|switch|p2a: Arcanine|Arcanine, M|383/383","|-ability|p2a: Arcanine|Intimidate","|-unboost|p1a: Staraptor|atk|1","|move|p1a: Staraptor|Brave Bird|p2a: Arcanine","|-damage|p2a: Arcanine|242/383","|-damage|p1a: Staraptor|264/311|[from] recoil|[of] p2a: Arcanine","|","|-heal|p2a: Arcanine|265/383|[from] item: Leftovers","|turn|2","|","|switch|p1a: Cinccino|Cinccino, M|291/291","|move|p2a: Arcanine|Morning Sun|p2a: Arcanine","|-heal|p2a: Arcanine|383/383","|","|turn|3","|","|move|p1a: Cinccino|Rock Blast|p2a: Arcanine","|-supereffective|p2a: Arcanine","|-damage|p2a: Arcanine|321/383","|-supereffective|p2a: Arcanine","|-damage|p2a: Arcanine|259/383","|-supereffective|p2a: Arcanine","|-damage|p2a: Arcanine|202/383","|-supereffective|p2a: Arcanine","|-damage|p2a: Arcanine|145/383","|-supereffective|p2a: Arcanine","|-damage|p2a: Arcanine|90/383","|-hitcount|p2a: Arcanine|5","|-damage|p1a: Cinccino|262/291|[from] item: Life Orb","|move|p2a: Arcanine|Will-O-Wisp|p1a: Cinccino","|-status|p1a: Cinccino|brn","|","|-heal|p2a: Arcanine|113/383|[from] item: Leftovers","|-damage|p1a: Cinccino|226/291 brn|[from] brn","|turn|4","|","|switch|p2a: Rotom-Heat|Rotom-Heat|247/247","|move|p1a: Cinccino|Rock Blast|p2a: Rotom-Heat|[miss]","|-miss|p1a: Cinccino|p2a: Rotom-Heat","|","|-damage|p1a: Cinccino|190/291 brn|[from] brn","|turn|5","|","|move|p2a: Rotom-Heat|Overheat|p1a: Cinccino","|-damage|p1a: Cinccino|0 fnt","|-unboost|p2a: Rotom-Heat|spa|2","|faint|p1a: Cinccino","|","|","|switch|p1a: Staraptor|Staraptor, M|264/311","|turn|6","|","|move|p1a: Staraptor|Brave Bird|p2a: Rotom-Heat","|-resisted|p2a: Rotom-Heat","|-damage|p2a: Rotom-Heat|119/247","|-damage|p1a: Staraptor|222/311|[from] recoil|[of] p2a: Rotom-Heat","|move|p2a: Rotom-Heat|Overheat|p1a: Staraptor","|-damage|p1a: Staraptor|84/311","|-unboost|p2a: Rotom-Heat|spa|2","|","|turn|7","|","|switch|p2a: Heatran|Heatran, F|385/385","|move|p1a: Staraptor|Brave Bird|p2a: Heatran","|-resisted|p2a: Heatran","|-damage|p2a: Heatran|256/385","|-damage|p1a: Staraptor|41/311|[from] recoil|[of] p2a: Heatran","|","|-heal|p2a: Heatran|280/385|[from] item: Leftovers","|turn|8","|","|switch|p1a: Porygon2|Porygon2|373/373","|-boost|p1a: Porygon2|atk|1|[from] ability: Download","|switch|p2a: Arcanine|Arcanine, M|113/383","|-ability|p2a: Arcanine|Intimidate","|-unboost|p1a: Porygon2|atk|1","|","|-heal|p2a: Arcanine|136/383|[from] item: Leftovers","|turn|9","|","|move|p2a: Arcanine|Will-O-Wisp|p1a: Porygon2","|-status|p1a: Porygon2|brn","|move|p1a: Porygon2|Toxic|p2a: Arcanine","|-status|p2a: Arcanine|tox","|","|-heal|p2a: Arcanine|159/383 tox|[from] item: Leftovers","|-damage|p2a: Arcanine|136/383 tox|[from] psn","|-damage|p1a: Porygon2|327/373 brn|[from] brn","|turn|10","|","|move|p2a: Arcanine|Morning Sun|p2a: Arcanine","|-heal|p2a: Arcanine|327/383 tox","|move|p1a: Porygon2|Thunderbolt|p2a: Arcanine","|-damage|p2a: Arcanine|244/383 tox","|","|-heal|p2a: Arcanine|267/383 tox|[from] item: Leftovers","|-damage|p2a: Arcanine|221/383 tox|[from] psn","|-damage|p1a: Porygon2|281/373 brn|[from] brn","|turn|11","|","|switch|p2a: Heatran|Heatran, F|280/385","|move|p1a: Porygon2|Thunderbolt|p2a: Heatran","|-damage|p2a: Heatran|226/385","|","|-heal|p2a: Heatran|250/385|[from] item: Leftovers","|-damage|p1a: Porygon2|235/373 brn|[from] brn","|turn|12","|","|move|p2a: Heatran|Flash Cannon|p1a: Porygon2","|-damage|p1a: Porygon2|181/373 brn","|-unboost|p1a: Porygon2|spd|1","|move|p1a: Porygon2|Recover|p1a: Porygon2","|-heal|p1a: Porygon2|368/373 brn","|","|-heal|p2a: Heatran|274/385|[from] item: Leftovers","|-damage|p1a: Porygon2|322/373 brn|[from] brn","|turn|13","|","|switch|p1a: Braviary|Braviary, M|404/404","|move|p2a: Heatran|Flash Cannon|p1a: Braviary","|-damage|p1a: Braviary|271/404","|","|-heal|p1a: Braviary|296/404|[from] item: Leftovers","|-heal|p2a: Heatran|298/385|[from] item: Leftovers","|turn|14","|","|switch|p2a: Arcanine|Arcanine, M|221/383 tox","|-ability|p2a: Arcanine|Intimidate","|-unboost|p1a: Braviary|atk|1","|move|p1a: Braviary|Superpower|p2a: Arcanine","|-damage|p2a: Arcanine|146/383 tox","|-unboost|p1a: Braviary|atk|1","|-unboost|p1a: Braviary|def|1","|","|-heal|p2a: Arcanine|169/383 tox|[from] item: Leftovers","|-heal|p1a: Braviary|321/404|[from] item: Leftovers","|-damage|p2a: Arcanine|146/383 tox|[from] psn","|turn|15","|","|switch|p1a: Chansey|Chansey, F|703/703","|move|p2a: Arcanine|Flare Blitz|p1a: Chansey","|-damage|p1a: Chansey|508/703","|-damage|p2a: Arcanine|82/383 tox|[from] recoil|[of] p1a: Chansey","|","|-heal|p2a: Arcanine|105/383 tox|[from] item: Leftovers","|-damage|p2a: Arcanine|59/383 tox|[from] psn","|turn|16","|","|move|p2a: Arcanine|Will-O-Wisp|p1a: Chansey","|-status|p1a: Chansey|brn","|move|p1a: Chansey|Stealth Rock|p2a: Arcanine","|-sidestart|p2: Void KGBeast|move: Stealth Rock","|","|-heal|p2a: Arcanine|82/383 tox|[from] item: Leftovers","|-damage|p2a: Arcanine|13/383 tox|[from] psn","|-damage|p1a: Chansey|421/703 brn|[from] brn","|turn|17","|","|move|p2a: Arcanine|Flare Blitz|p1a: Chansey","|-damage|p1a: Chansey|220/703 brn","|-damage|p2a: Arcanine|0 fnt|[from] recoil|[of] p1a: Chansey","|faint|p2a: Arcanine","|move|p1a: Chansey|Soft-Boiled|p1a: Chansey","|-heal|p1a: Chansey|572/703 brn","|","|-damage|p1a: Chansey|485/703 brn|[from] brn","|","|switch|p2a: Infernape|Infernape, M|293/293","|-damage|p2a: Infernape|257/293|[from] Stealth Rock","|turn|18","|","|move|p2a: Infernape|Taunt|p1a: Chansey","|-start|p1a: Chansey|move: Taunt","|cant|p1a: Chansey|move: Taunt|Thunder Wave","|","|-damage|p1a: Chansey|398/703 brn|[from] brn","|turn|19","|","|move|p2a: Infernape|Stealth Rock|p1a: Chansey","|-sidestart|p1: Jake1079|move: Stealth Rock","|move|p1a: Chansey|Seismic Toss|p2a: Infernape","|-damage|p2a: Infernape|157/293","|","|-damage|p1a: Chansey|311/703 brn|[from] brn","|turn|20","|","|move|p2a: Infernape|Close Combat|p1a: Chansey","|-supereffective|p1a: Chansey","|-damage|p1a: Chansey|0 fnt","|-unboost|p2a: Infernape|def|1","|-unboost|p2a: Infernape|spd|1","|faint|p1a: Chansey","|","|","|switch|p1a: Staraptor|Staraptor, M|41/311","|-damage|p1a: Staraptor|0 fnt|[from] Stealth Rock","|faint|p1a: Staraptor","|","|switch|p1a: Porygon2|Porygon2|322/373 brn","|-damage|p1a: Porygon2|276/373 brn|[from] Stealth Rock","|-boost|p1a: Porygon2|spa|1|[from] ability: Download","|turn|21","|","|move|p2a: Infernape|Close Combat|p1a: Porygon2","|-supereffective|p1a: Porygon2","|-damage|p1a: Porygon2|12/373 brn","|-unboost|p2a: Infernape|def|1","|-unboost|p2a: Infernape|spd|1","|move|p1a: Porygon2|Thunderbolt|p2a: Infernape","|-damage|p2a: Infernape|0 fnt","|faint|p2a: Infernape","|","|-damage|p1a: Porygon2|0 fnt|[from] brn","|faint|p1a: Porygon2","|","|switch|p2a: Rotom-Heat|Rotom-Heat|119/247","|switch|p1a: Braviary|Braviary, M|321/404","|-damage|p2a: Rotom-Heat|58/247|[from] Stealth Rock","|-damage|p1a: Braviary|220/404|[from] Stealth Rock","|turn|22","|","|move|p2a: Rotom-Heat|Thunderbolt|p1a: Braviary","|-supereffective|p1a: Braviary","|-damage|p1a: Braviary|0 fnt","|faint|p1a: Braviary","|","|","|switch|p1a: Pidgeot|Pidgeot, F|307/307","|-damage|p1a: Pidgeot|231/307|[from] Stealth Rock","|turn|23","|","|detailschange|p1a: Pidgeot|Pidgeot-Mega, F","|-mega|p1a: Pidgeot|Pidgeot|Pidgeotite","|move|p2a: Rotom-Heat|Thunderbolt|p1a: Pidgeot","|-supereffective|p1a: Pidgeot","|-damage|p1a: Pidgeot|0 fnt","|faint|p1a: Pidgeot","|","|win|Void KGBeast"],"p1rating":{"entryid":"7429437","serverid":"eos","formatid":"monotype","userid":"jake1079","username":"Jake1079","w":"51","l":59,"t":"0","gxe":48.3,"r":"1468.7630650162","rd":"38.042333974705","sigma":"0","rptime":"1439629200","rpr":1487.0434394182,"rprd":36.174083768226,"rpsigma":"0","acre":1187.5217640718,"lacre":1187.5217640718,"oldacre":"1219.2023155238"},"p2rating":{"entryid":"6841698","serverid":"eos","formatid":"monotype","userid":"voidkgbeast","username":"Void KGBeast","w":31,"l":"25","t":"0","gxe":54.1,"r":"1537.8806743883","rd":"51.423382445373","sigma":"0","rptime":"1439629200","rpr":1531.5692362248,"rprd":48.371360925137,"rpsigma":"0","acre":1155.7307324987,"lacre":1155.7307324987,"oldacre":"1124.0501810467"},"endType":"normal"}