{"seed":[11255,26481,38163,56842],"turns":22,"p1":"AllianceMxy","p2":"Raiteri","p1team":[{"name":"Diancie","species":"Diancie","item":"diancite","ability":"Clear Body","moves":["moonblast","diamondstorm","earthpower","protect"],"nature":"Naive","evs":{"hp":0,"atk":4,"def":0,"spa":252,"spd":0,"spe":252},"ivs":{"hp":31,"atk":31,"def":31,"spa":31,"spd":31,"spe":31}},{"name":"Cradily","species":"Cradily","item":"leftovers","ability":"Storm Drain","moves":["gigadrain","earthpower","recover","stealthrock"],"nature":"Calm","evs":{"hp":248,"atk":0,"def":0,"spa":8,"spd":252,"spe":0},"ivs":{"hp":31,"atk":31,"def":31,"spa":31,"spd":31,"spe":31}},{"name":"Aggron","species":"Aggron","item":"aggronite","ability":"Sturdy","moves":["firepunch","heavyslam","rest","thunderwave"],"nature":"Impish","evs":{"hp":248,"atk":0,"def":136,"spa":0,"spd":124,"spe":0},"ivs":{"hp":31,"atk":31,"def":31,"spa":31,"spd":31,"spe":31}},{"name":"Omastar","species":"Omastar","item":"focussash","ability":"Weak Armor","moves":["surf","ancientpower","icebeam","shellsmash"],"nature":"Timid","evs":{"hp":0,"atk":0,"def":0,"spa":252,"spd":4,"spe":252},"ivs":{"hp":31,"atk":31,"def":31,"spa":31,"spd":31,"spe":31}},{"name":"Shuckle","species":"Shuckle","item":"whiteherb","ability":"Sturdy","moves":["stickyweb","toxic","encore","knockoff"],"nature":"Sassy","evs":{"hp":248,"atk":0,"def":172,"spa":0,"spd":88,"spe":0},"ivs":{"hp":31,"atk":31,"def":31,"spa":31,"spd":31,"spe":31}},{"name":"Golem","species":"Golem","item":"weaknesspolicy","ability":"Sturdy","moves":["suckerpunch","firepunch","earthquake","stoneedge"],"nature":"Jolly","evs":{"hp":0,"atk":252,"def":4,"spa":0,"spd":0,"spe":252},"ivs":{"hp":31,"atk":31,"def":31,"spa":31,"spd":31,"spe":31}}],"p2team":[{"name":"Yanmega","species":"Yanmega","item":"choicespecs","ability":"Speed Boost","moves":["bugbuzz","whirlwind","aircutter","ancientpower"],"nature":"Modest","evs":{"hp":0,"atk":0,"def":0,"spa":252,"spd":4,"spe":252},"gender":"F","shiny":true,"ivs":{"hp":31,"atk":31,"def":31,"spa":31,"spd":31,"spe":31}},{"name":"Forretress","species":"Forretress","item":"rockyhelmet","ability":"Sturdy","moves":["rapidspin","toxicspikes","stealthrock","reflect"],"nature":"Bold","evs":{"hp":248,"atk":0,"def":252,"spa":0,"spd":8,"spe":0},"gender":"F","ivs":{"hp":31,"atk":31,"def":31,"spa":31,"spd":31,"spe":31}},{"name":"Pinsir","species":"Pinsir","item":"assaultvest","ability":"Moxie","moves":["xscissor","stoneedge","earthquake","swordsdance"],"nature":"Adamant","evs":{"hp":248,"atk":252,"def":0,"spa":0,"spd":8,"spe":0},"gender":"M","ivs":{"hp":31,"atk":31,"def":31,"spa":31,"spd":31,"spe":31}},{"name":"Genesect","species":"Genesect","item":"choicescarf","ability":"Download","moves":["bugbuzz","energyball","icebeam","psychic"],"nature":"Timid","evs":{"hp":0,"atk":0,"def":0,"spa":252,"spd":4,"spe":252},"shiny":true,"ivs":{"hp":31,"atk":31,"def":31,"spa":31,"spd":31,"spe":31}},{"name":"Volcarona","species":"Volcarona","item":"assaultvest","ability":"Flame Body","moves":["gigadrain","fierydance","bugbuzz","hiddenpowerice"],"nature":"Modest","evs":{"hp":0,"atk":0,"def":0,"spa":252,"spd":4,"spe":252},"ivs":{"hp":31,"atk":30,"def":30,"spa":31,"spd":31,"spe":31}},{"name":"Heracross","species":"Heracross","item":"heracronite","ability":"Moxie","moves":["bulletseed","rockblast","swordsdance","megahorn"],"nature":"Adamant","evs":{"hp":248,"atk":252,"def":0,"spa":0,"spd":8,"spe":0},"gender":"F","ivs":{"hp":31,"atk":31,"def":31,"spa":31,"spd":31,"spe":31}}],"log":["|player|p1|AllianceMxy|270","|player|p2|Raiteri|151","|gametype|singles","|gen|6","|tier|Monotype","|rated","|rule|Baton Pass Clause: Limit one Baton Passer, can't pass Spe and other stats simultaneously","|rule|Swagger Clause: Swagger is banned","|rule|Same Type Clause: Pokémon in a team must share a type","|clearpoke","|poke|p1|Diancie","|poke|p1|Cradily, M","|poke|p1|Aggron, F","|poke|p1|Omastar, M","|poke|p1|Shuckle, M","|poke|p1|Golem, F","|poke|p2|Yanmega, F, shiny","|poke|p2|Forretress, F","|poke|p2|Pinsir, M","|poke|p2|Genesect-*, shiny","|poke|p2|Volcarona, M","|poke|p2|Heracross, F","|rule|Sleep Clause Mod: Limit one foe put to sleep","|rule|Species Clause: Limit one of each Pokémon","|rule|OHKO Clause: OHKO moves are banned","|rule|Moody Clause: Moody is banned","|rule|Evasion Moves Clause: Evasion moves are banned","|rule|Endless Battle Clause: Forcing endless battles is banned","|rule|HP Percentage Mod: HP is shown in percentages","|teampreview","|","|start","|switch|p1a: Diancie|Diancie|241/241","|switch|p2a: Forretress|Forretress, F|353/353","|turn|1","|","|detailschange|p1a: Diancie|Diancie-Mega","|-mega|p1a: Diancie|Diancie|Diancite","|move|p1a: Diancie|Diamond Storm|p2a: Forretress","|-damage|p2a: Forretress|245/353","|move|p2a: Forretress|Reflect|p2a: Forretress","|-sidestart|p2: Raiteri|Reflect","|","|turn|2","|","|switch|p2a: Genesect|Genesect, shiny|283/283","|-boost|p2a: Genesect|spa|1|[from] ability: Download","|move|p1a: Diancie|Diamond Storm|p2a: Genesect","|-damage|p2a: Genesect|190/283","|","|turn|3","|","|move|p1a: Diancie|Protect|p1a: Diancie","|-singleturn|p1a: Diancie|Protect","|move|p2a: Genesect|Energy Ball|p1a: Diancie","|-activate|p1a: Diancie|Protect","|","|turn|4","|","|switch|p1a: Shuckle|Shuckle, M|243/243","|move|p2a: Genesect|Energy Ball|p1a: Shuckle","|-damage|p1a: Shuckle|180/243","|-unboost|p1a: Shuckle|spd|1","|-enditem|p1a: Shuckle|White Herb","|-restoreboost|p1a: Shuckle|[silent]","|","|turn|5","|","|switch|p2a: Pinsir|Pinsir, M|333/333","|move|p1a: Shuckle|Sticky Web|p2a: Pinsir","|-sidestart|p2: Raiteri|move: Sticky Web","|","|-sideend|p2: Raiteri|Reflect","|turn|6","|","|switch|p1a: Aggron|Aggron, F|343/343","|move|p2a: Pinsir|Earthquake|p1a: Aggron","|-supereffective|p1a: Aggron","|-damage|p1a: Aggron|107/343","|","|turn|7","|","|move|p2a: Pinsir|Earthquake|p1a: Aggron","|-supereffective|p1a: Aggron","|-damage|p1a: Aggron|0 fnt","|faint|p1a: Aggron","|-boost|p2a: Pinsir|atk|1|[from] ability: Moxie","|","|","|switch|p1a: Diancie|Diancie-Mega|241/241","|turn|8","|","|move|p1a: Diancie|Diamond Storm|p2a: Pinsir","|-supereffective|p2a: Pinsir","|-damage|p2a: Pinsir|0 fnt","|-boost|p1a: Diancie|def|1","|faint|p2a: Pinsir","|","|","|switch|p2a: Yanmega|Yanmega, F, shiny|313/313","|turn|9","|","|move|p1a: Diancie|Moonblast|p2a: Yanmega","|-damage|p2a: Yanmega|25/313","|move|p2a: Yanmega|Whirlwind|p1a: Diancie","|move|p1a: Diancie|Whirlwind|p2a: Yanmega|[from]Magic Bounce","|drag|p2a: Forretress|Forretress, F|245/353","|-activate|p2a: Forretress|move: Sticky Web","|-unboost|p2a: Forretress|spe|1","|","|turn|10","|","|move|p1a: Diancie|Earth Power|p2a: Forretress","|-damage|p2a: Forretress|74/353","|move|p2a: Forretress|Reflect|p2a: Forretress","|-sidestart|p2: Raiteri|Reflect","|","|turn|11","|","|move|p1a: Diancie|Earth Power|p2a: Forretress","|-damage|p2a: Forretress|0 fnt","|faint|p2a: Forretress","|","|","|switch|p2a: Volcarona|Volcarona, M|311/311","|-activate|p2a: Volcarona|move: Sticky Web","|-unboost|p2a: Volcarona|spe|1","|turn|12","|","|move|p1a: Diancie|Diamond Storm|p2a: Volcarona","|-supereffective|p2a: Volcarona","|-damage|p2a: Volcarona|0 fnt","|-boost|p1a: Diancie|def|1","|faint|p2a: Volcarona","|","|","|switch|p2a: Genesect|Genesect, shiny|190/283","|-activate|p2a: Genesect|move: Sticky Web","|-unboost|p2a: Genesect|spe|1","|-boost|p2a: Genesect|spa|1|[from] ability: Download","|turn|13","|","|move|p1a: Diancie|Earth Power|p2a: Genesect","|-damage|p2a: Genesect|55/283","|-unboost|p2a: Genesect|spd|1","|move|p2a: Genesect|Energy Ball|p1a: Diancie","|-supereffective|p1a: Diancie","|-damage|p1a: Diancie|0 fnt","|faint|p1a: Diancie","|","|","|switch|p1a: Omastar|Omastar, M|281/281","|turn|14","|","|move|p2a: Genesect|Energy Ball|p1a: Omastar","|-supereffective|p1a: Omastar","|-enditem|p1a: Omastar|Focus Sash","|-damage|p1a: Omastar|1/281","|move|p1a: Omastar|Shell Smash|p1a: Omastar","|-unboost|p1a: Omastar|def|1","|-unboost|p1a: Omastar|spd|1","|-boost|p1a: Omastar|atk|2","|-boost|p1a: Omastar|spa|2","|-boost|p1a: Omastar|spe|2","|","|-sideend|p2: Raiteri|Reflect","|turn|15","|","|move|p1a: Omastar|Surf|p2a: Genesect","|-damage|p2a: Genesect|0 fnt","|faint|p2a: Genesect","|","|","|switch|p2a: Yanmega|Yanmega, F, shiny|25/313","|turn|16","|","|move|p1a: Omastar|Shell Smash|p1a: Omastar","|-unboost|p1a: Omastar|def|1","|-unboost|p1a: Omastar|spd|1","|-boost|p1a: Omastar|atk|2","|-boost|p1a: Omastar|spa|2","|-boost|p1a: Omastar|spe|2","|move|p2a: Yanmega|Bug Buzz|p1a: Omastar","|-damage|p1a: Omastar|0 fnt","|faint|p1a: Omastar","|","|-boost|p2a: Yanmega|spe|1|[from] ability: Speed Boost","|","|switch|p1a: Golem|Golem, F|301/301","|turn|17","|","|move|p1a: Golem|Sucker Punch|p2a: Yanmega","|-damage|p2a: Yanmega|0 fnt","|faint|p2a: Yanmega","|","|","|switch|p2a: Heracross|Heracross, F|363/363","|-activate|p2a: Heracross|move: Sticky Web","|-unboost|p2a: Heracross|spe|1","|turn|18","|","|detailschange|p2a: Heracross|Heracross-Mega, F","|-mega|p2a: Heracross|Heracross|Heracronite","|move|p1a: Golem|Fire Punch|p2a: Heracross","|-supereffective|p2a: Heracross","|-damage|p2a: Heracross|225/363","|move|p2a: Heracross|Bullet Seed|p1a: Golem","|-supereffective|p1a: Golem","|-damage|p1a: Golem|173/301","|-enditem|p1a: Golem|Weakness Policy","|-boost|p1a: Golem|atk|2|[from] item: Weakness Policy","|-boost|p1a: Golem|spa|2|[from] item: Weakness Policy","|-supereffective|p1a: Golem","|-damage|p1a: Golem|45/301","|-supereffective|p1a: Golem","|-damage|p1a: Golem|0 fnt","|-hitcount|p1a: Golem|3","|faint|p1a: Golem","|","|","|switch|p1a: Shuckle|Shuckle, M|180/243","|turn|19","|","|move|p2a: Heracross|Swords Dance|p2a: Heracross","|-boost|p2a: Heracross|atk|2","|move|p1a: Shuckle|Toxic|p2a: Heracross","|-status|p2a: Heracross|tox","|","|-damage|p2a: Heracross|203/363 tox|[from] psn","|turn|20","|","|move|p2a: Heracross|Megahorn|p1a: Shuckle|[miss]","|-miss|p2a: Heracross|p1a: Shuckle","|move|p1a: Shuckle|Encore|p2a: Heracross","|-start|p2a: Heracross|Encore","|","|-damage|p2a: Heracross|159/363 tox|[from] psn","|turn|21","|","|move|p2a: Heracross|Megahorn|p1a: Shuckle","|-damage|p1a: Shuckle|0 fnt","|faint|p1a: Shuckle","|","|-damage|p2a: Heracross|93/363 tox|[from] psn","|","|switch|p1a: Cradily|Cradily, M|375/375","|turn|22","|","|move|p2a: Heracross|Megahorn|p1a: Cradily","|-supereffective|p1a: Cradily","|-damage|p1a: Cradily|0 fnt","|faint|p1a: Cradily","|","|win|Raiteri"],"p1rating":{"entryid":"6690851","serverid":"eos","formatid":"monotype","userid":"alliancemxy","username":"Alliance - Mxy","w":"85","l":55,"t":"0","gxe":59.8,"r":1579.4226279335,"rd":33.020456716177,"sigma":"0","rptime":1439629200,"rpr":1575.0425262209,"rprd":32.91442848182,"rpsigma":"0","acre":1141.1135922398,"lacre":1141.1135922398,"oldacre":"1177.0766139334"},"p2rating":{"entryid":"7623429","serverid":"eos","formatid":"monotype","userid":"raiteri","username":"Raiteri","w":3,"l":"6","t":"0","gxe":39.3,"r":"1394.9339877412","rd":"95.931417296512","sigma":"0","rptime":"1439629200","rpr":1415.7674954158,"rprd":90.703998522965,"rpsigma":"0","acre":1068.2404406286,"lacre":1068.2404406286,"oldacre":"1013.6435954293"},"endType":"normal"}