{"seed":[45959,41964,49786,46062],"turns":51,"p1":"Sjado","p2":"GTX♅Bzumzum","p1team":[{"name":"Sableye","species":"Sableye","item":"sablenite","ability":"Prankster","moves":["recover","willowisp","calmmind","darkpulse"],"nature":"Bold","evs":{"hp":252,"atk":0,"def":252,"spa":0,"spd":4,"spe":0},"ivs":{"hp":31,"atk":31,"def":31,"spa":31,"spd":31,"spe":31}},{"name":"Umbreon","species":"Umbreon","item":"leftovers","ability":"Synchronize","moves":["toxic","wish","protect","darkpulse"],"nature":"Calm","evs":{"hp":252,"atk":0,"def":0,"spa":4,"spd":252,"spe":0},"ivs":{"hp":31,"atk":31,"def":31,"spa":31,"spd":31,"spe":31}},{"name":"Bisharp","species":"Bisharp","item":"lifeorb","ability":"Defiant","moves":["ironhead","suckerpunch","knockoff","swordsdance"],"nature":"Adamant","evs":{"hp":0,"atk":252,"def":0,"spa":0,"spd":4,"spe":252},"shiny":true,"ivs":{"hp":31,"atk":31,"def":31,"spa":31,"spd":31,"spe":31}},{"name":"Mandibuzz","species":"Mandibuzz","item":"rockyhelmet","ability":"Overcoat","moves":["roost","foulplay","defog","toxic"],"nature":"Bold","evs":{"hp":252,"atk":0,"def":252,"spa":0,"spd":4,"spe":0},"ivs":{"hp":31,"atk":31,"def":31,"spa":31,"spd":31,"spe":31}},{"name":"Tyranitar","species":"Tyranitar","item":"leftovers","ability":"Sand Stream","moves":["stoneedge","stealthrock","earthquake","fireblast"],"nature":"Sassy","evs":{"hp":244,"atk":8,"def":0,"spa":4,"spd":252,"spe":0},"ivs":{"hp":31,"atk":31,"def":31,"spa":31,"spd":31,"spe":31}},{"name":"Hydreigon","species":"Hydreigon","item":"lifeorb","ability":"Levitate","moves":["darkpulse","dracometeor","fireblast","earthpower"],"nature":"Timid","evs":{"hp":0,"atk":0,"def":0,"spa":252,"spd":4,"spe":252},"ivs":{"hp":31,"atk":31,"def":31,"spa":31,"spd":31,"spe":31}}],"p2team":[{"name":"Striker","species":"raikou","item":"airballoon","ability":"Pressure","moves":["aurasphere","calmmind","hiddenpowergrass","substitute"],"nature":"Rash","evs":{"hp":4,"atk":0,"def":72,"spa":196,"spd":0,"spe":236},"ivs":{"hp":31,"atk":30,"def":31,"spa":30,"spd":31,"spe":31},"shiny":true},{"name":"Plugg-in Failure","species":"electivire","item":"choicescarf","ability":"Vital Spirit","moves":["crosschop","earthquake","firepunch","icepunch"],"nature":"Jolly","evs":{"hp":0,"atk":252,"def":0,"spa":0,"spd":4,"spe":252},"gender":"M","shiny":true,"ivs":{"hp":31,"atk":31,"def":31,"spa":31,"spd":31,"spe":31}},{"name":"Breezer","species":"rotomfrost","item":"rockyhelmet","ability":"Levitate","moves":["blizzard","protect","hiddenpowerfighting","trick"],"nature":"Calm","evs":{"hp":228,"atk":0,"def":120,"spa":8,"spd":152,"spe":0},"ivs":{"hp":31,"atk":31,"def":30,"spa":30,"spd":30,"spe":30},"shiny":true},{"name":"MY ZONE!!!","species":"magnezone","item":"choicescarf","ability":"Sturdy","moves":["flashcannon","triattack","hiddenpowerice","signalbeam"],"nature":"Modest","evs":{"hp":228,"atk":0,"def":0,"spa":252,"spd":28,"spe":0},"ivs":{"hp":31,"atk":30,"def":30,"spa":31,"spd":31,"spe":31},"shiny":true},{"name":"Zapz","species":"zapdos","item":"leftovers","ability":"Pressure","moves":["defog","heatwave","roost","extrasensory"],"nature":"Calm","evs":{"hp":16,"atk":0,"def":44,"spa":4,"spd":28,"spe":0},"shiny":true,"ivs":{"hp":31,"atk":31,"def":31,"spa":31,"spd":31,"spe":31}},{"name":"Flicker-Sparkz","species":"luxray","item":"assaultvest","ability":"Intimidate","moves":["wildcharge","firefang","superpower","quickattack"],"nature":"Adamant","evs":{"hp":248,"atk":252,"def":0,"spa":0,"spd":8,"spe":0},"gender":"M","shiny":true,"ivs":{"hp":31,"atk":31,"def":31,"spa":31,"spd":31,"spe":31}}],"log":["|player|p1|Sjado|168","|player|p2|GTX♅Bzumzum|225","|gametype|singles","|gen|6","|tier|Monotype","|rated","|rule|Baton Pass Clause: Limit one Baton Passer, can't pass Spe and other stats simultaneously","|rule|Swagger Clause: Swagger is banned","|rule|Same Type Clause: Pokémon in a team must share a type","|clearpoke","|poke|p1|Sableye, M","|poke|p1|Umbreon, M","|poke|p1|Bisharp, F, shiny","|poke|p1|Mandibuzz, F","|poke|p1|Tyranitar, M","|poke|p1|Hydreigon, M","|poke|p2|Raikou, shiny","|poke|p2|Electivire, M, shiny","|poke|p2|Rotom-Frost, shiny","|poke|p2|Magnezone, shiny","|poke|p2|Zapdos, shiny","|poke|p2|Luxray, M, shiny","|rule|Sleep Clause Mod: Limit one foe put to sleep","|rule|Species Clause: Limit one of each Pokémon","|rule|OHKO Clause: OHKO moves are banned","|rule|Moody Clause: Moody is banned","|rule|Evasion Moves Clause: Evasion moves are banned","|rule|Endless Battle Clause: Forcing endless battles is banned","|rule|HP Percentage Mod: HP is shown in percentages","|teampreview","|","|start","|switch|p1a: Hydreigon|Hydreigon, M|325/325","|switch|p2a: MY ZONE!!!|Magnezone, shiny|338/338","|turn|1","|","|move|p1a: Hydreigon|Draco Meteor|p2a: MY ZONE!!!","|-resisted|p2a: MY ZONE!!!","|-damage|p2a: MY ZONE!!!|177/338","|-unboost|p1a: Hydreigon|spa|2","|-damage|p1a: Hydreigon|293/325|[from] item: Life Orb","|move|p2a: MY ZONE!!!|Signal Beam|p1a: Hydreigon","|-supereffective|p1a: Hydreigon","|-damage|p1a: Hydreigon|81/325","|","|turn|2","|","|switch|p1a: Tyranitar|Tyranitar, M|402/402","|-weather|Sandstorm","|move|p2a: MY ZONE!!!|Signal Beam|p1a: Tyranitar","|-supereffective|p1a: Tyranitar","|-damage|p1a: Tyranitar|300/402","|","|-weather|Sandstorm|[upkeep]","|-heal|p1a: Tyranitar|325/402|[from] item: Leftovers","|turn|3","|","|switch|p2a: Breezer|Rotom-Frost, shiny|298/298","|move|p1a: Tyranitar|Earthquake|p2a: Breezer","|-immune|p2a: Breezer|[msg]","|","|-weather|Sandstorm|[upkeep]","|-damage|p2a: Breezer|280/298|[from] sandstorm","|-heal|p1a: Tyranitar|350/402|[from] item: Leftovers","|turn|4","|","|move|p2a: Breezer|Hidden Power|p1a: Tyranitar","|-supereffective|p1a: Tyranitar","|-damage|p1a: Tyranitar|258/402","|move|p1a: Tyranitar|Stone Edge|p2a: Breezer","|-supereffective|p2a: Breezer","|-damage|p2a: Breezer|16/298","|","|-weather|Sandstorm|[upkeep]","|-damage|p2a: Breezer|0 fnt|[from] sandstorm","|-heal|p1a: Tyranitar|283/402|[from] item: Leftovers","|faint|p2a: Breezer","|","|switch|p2a: Plugg-in Failure|Electivire, M, shiny|291/291","|turn|5","|","|move|p2a: Plugg-in Failure|Ice Punch|p1a: Tyranitar","|-damage|p1a: Tyranitar|204/402","|-status|p1a: Tyranitar|frz","|cant|p1a: Tyranitar|frz","|","|-weather|Sandstorm|[upkeep]","|-damage|p2a: Plugg-in Failure|273/291|[from] sandstorm","|-heal|p1a: Tyranitar|229/402 frz|[from] item: Leftovers","|turn|6","|","|switch|p2a: Striker|Raikou, shiny|322/322","|-ability|p2a: Striker|Pressure","|-item|p2a: Striker|Air Balloon","|cant|p1a: Tyranitar|frz","|","|-weather|none","|-heal|p1a: Tyranitar|254/402 frz|[from] item: Leftovers","|turn|7","|","|switch|p1a: Umbreon|Umbreon, M|394/394","|move|p2a: Striker|Calm Mind|p2a: Striker","|-boost|p2a: Striker|spa|1","|-boost|p2a: Striker|spd|1","|","|turn|8","|","|move|p2a: Striker|Substitute|p2a: Striker","|-start|p2a: Striker|Substitute","|-damage|p2a: Striker|242/322","|move|p1a: Umbreon|Dark Pulse|p2a: Striker","|-activate|p2a: Striker|Substitute|[damage]","|-enditem|p2a: Striker|Air Balloon","|","|turn|9","|","|move|p2a: Striker|Calm Mind|p2a: Striker","|-boost|p2a: Striker|spa|1","|-boost|p2a: Striker|spd|1","|move|p1a: Umbreon|Dark Pulse|p2a: Striker","|-crit|p2a: Striker","|-end|p2a: Striker|Substitute","|","|turn|10","|","|move|p2a: Striker|Substitute|p2a: Striker","|-start|p2a: Striker|Substitute","|-damage|p2a: Striker|162/322","|move|p1a: Umbreon|Wish|p1a: Umbreon","|","|turn|11","|","|switch|p1a: Tyranitar|Tyranitar, M|254/402 frz","|-weather|Sandstorm","|move|p2a: Striker|Aura Sphere|p1a: Tyranitar","|-supereffective|p1a: Tyranitar","|-damage|p1a: Tyranitar|0 fnt","|faint|p1a: Tyranitar","|","|-weather|Sandstorm|[upkeep]","|-damage|p2a: Striker|142/322|[from] sandstorm","|","|switch|p1a: Sableye|Sableye, M|304/304","|turn|12","|","|detailschange|p1a: Sableye|Sableye-Mega, M","|-mega|p1a: Sableye|Sableye|Sablenite","|move|p1a: Sableye|Calm Mind|p1a: Sableye","|-boost|p1a: Sableye|spa|1","|-boost|p1a: Sableye|spd|1","|move|p2a: Striker|Calm Mind|p2a: Striker","|-boost|p2a: Striker|spa|1","|-boost|p2a: Striker|spd|1","|","|-weather|Sandstorm|[upkeep]","|-damage|p2a: Striker|122/322|[from] sandstorm","|-damage|p1a: Sableye|285/304|[from] sandstorm","|turn|13","|","|move|p2a: Striker|Hidden Power|p1a: Sableye","|-damage|p1a: Sableye|185/304","|move|p1a: Sableye|Calm Mind|p1a: Sableye","|-boost|p1a: Sableye|spa|1","|-boost|p1a: Sableye|spd|1","|","|-weather|Sandstorm|[upkeep]","|-damage|p2a: Striker|102/322|[from] sandstorm","|-damage|p1a: Sableye|166/304|[from] sandstorm","|turn|14","|","|move|p2a: Striker|Hidden Power|p1a: Sableye","|-damage|p1a: Sableye|88/304","|move|p1a: Sableye|Recover|p1a: Sableye","|-heal|p1a: Sableye|240/304","|","|-weather|Sandstorm|[upkeep]","|-damage|p2a: Striker|82/322|[from] sandstorm","|-damage|p1a: Sableye|221/304|[from] sandstorm","|turn|15","|","|move|p2a: Striker|Calm Mind|p2a: Striker","|-boost|p2a: Striker|spa|1","|-boost|p2a: Striker|spd|1","|move|p1a: Sableye|Calm Mind|p1a: Sableye","|-boost|p1a: Sableye|spa|1","|-boost|p1a: Sableye|spd|1","|","|-weather|none","|turn|16","|","|move|p2a: Striker|Hidden Power|p1a: Sableye","|-damage|p1a: Sableye|153/304","|move|p1a: Sableye|Dark Pulse|p2a: Striker","|-activate|p2a: Striker|Substitute|[damage]","|","|turn|17","|","|move|p2a: Striker|Calm Mind|p2a: Striker","|-boost|p2a: Striker|spa|1","|-boost|p2a: Striker|spd|1","|move|p1a: Sableye|Recover|p1a: Sableye","|-heal|p1a: Sableye|304/304","|","|turn|18","|","|move|p2a: Striker|Hidden Power|p1a: Sableye","|-damage|p1a: Sableye|212/304","|move|p1a: Sableye|Calm Mind|p1a: Sableye","|-boost|p1a: Sableye|spa|1","|-boost|p1a: Sableye|spd|1","|","|turn|19","|","|move|p2a: Striker|Calm Mind|p2a: Striker","|-boost|p2a: Striker|spa|1","|-boost|p2a: Striker|spd|1","|move|p1a: Sableye|Calm Mind|p1a: Sableye","|-boost|p1a: Sableye|spa|1","|-boost|p1a: Sableye|spd|1","|","|turn|20","|","|move|p2a: Striker|Hidden Power|p1a: Sableye","|-damage|p1a: Sableye|143/304","|move|p1a: Sableye|Recover|p1a: Sableye","|-heal|p1a: Sableye|295/304","|","|turn|21","|","|move|p2a: Striker|Hidden Power|p1a: Sableye","|-damage|p1a: Sableye|222/304","|move|p1a: Sableye|Calm Mind|p1a: Sableye","|-boost|p1a: Sableye|spa|1","|-boost|p1a: Sableye|spd|1","|","|turn|22","|","|move|p2a: Striker|Hidden Power|p1a: Sableye","|-damage|p1a: Sableye|165/304","|move|p1a: Sableye|Recover|p1a: Sableye","|-heal|p1a: Sableye|304/304","|","|turn|23","|","|move|p2a: Striker|Hidden Power|p1a: Sableye","|-damage|p1a: Sableye|237/304","|move|p1a: Sableye|Dark Pulse|p2a: Striker","|-end|p2a: Striker|Substitute","|","|turn|24","|","|move|p2a: Striker|Substitute|p2a: Striker","|-start|p2a: Striker|Substitute","|-damage|p2a: Striker|2/322","|move|p1a: Sableye|Recover|p1a: Sableye","|-heal|p1a: Sableye|304/304","|","|turn|25","|","|move|p2a: Striker|Hidden Power|p1a: Sableye","|-crit|p1a: Sableye","|-damage|p1a: Sableye|0 fnt","|faint|p1a: Sableye","|","|","|switch|p1a: Hydreigon|Hydreigon, M|81/325","|turn|26","|","|move|p2a: Striker|Aura Sphere|p1a: Hydreigon","|-supereffective|p1a: Hydreigon","|-damage|p1a: Hydreigon|0 fnt","|faint|p1a: Hydreigon","|","|","|switch|p1a: Mandibuzz|Mandibuzz, F|424/424","|turn|27","|","|move|p2a: Striker|Aura Sphere|p1a: Mandibuzz","|-damage|p1a: Mandibuzz|14/424","|move|p1a: Mandibuzz|Foul Play|p2a: Striker","|-end|p2a: Striker|Substitute","|","|turn|28","|","|move|p2a: Striker|Hidden Power|p1a: Mandibuzz","|-resisted|p1a: Mandibuzz","|-damage|p1a: Mandibuzz|0 fnt","|faint|p1a: Mandibuzz","|","|","|switch|p1a: Bisharp|Bisharp, F, shiny|271/271","|turn|29","|","|move|p1a: Bisharp|Sucker Punch|p2a: Striker","|-fail|p1a: Bisharp","|move|p2a: Striker|Calm Mind|p2a: Striker","|-fail|p2a: Striker","|","|turn|30","|","|move|p1a: Bisharp|Sucker Punch|p2a: Striker","|-crit|p2a: Striker","|-damage|p2a: Striker|0 fnt","|-damage|p1a: Bisharp|244/271|[from] item: Life Orb","|faint|p2a: Striker","|","|","|switch|p2a: Flicker-Sparkz|Luxray, M, shiny|363/363","|-ability|p2a: Flicker-Sparkz|Intimidate","|-unboost|p1a: Bisharp|atk|1","|-boost|p1a: Bisharp|atk|2|[from] ability: Defiant","|turn|31","|","|move|p1a: Bisharp|Knock Off|p2a: Flicker-Sparkz","|-damage|p2a: Flicker-Sparkz|0 fnt","|-enditem|p2a: Flicker-Sparkz|Assault Vest|[from] move: Knock Off|[of] p1a: Bisharp","|-damage|p1a: Bisharp|217/271|[from] item: Life Orb","|faint|p2a: Flicker-Sparkz","|","|","|switch|p2a: Plugg-in Failure|Electivire, M, shiny|273/291","|turn|32","|","|move|p1a: Bisharp|Sucker Punch|p2a: Plugg-in Failure","|-damage|p2a: Plugg-in Failure|0 fnt","|-damage|p1a: Bisharp|190/271|[from] item: Life Orb","|faint|p2a: Plugg-in Failure","|","|","|switch|p2a: Zapz|Zapdos, shiny|325/325","|-ability|p2a: Zapz|Pressure","|turn|33","|","|switch|p1a: Umbreon|Umbreon, M|394/394","|move|p2a: Zapz|Defog|p1a: Umbreon","|-unboost|p1a: Umbreon|evasion|1","|","|turn|34","|","|move|p2a: Zapz|Heat Wave|p1a: Umbreon","|-damage|p1a: Umbreon|341/394","|move|p1a: Umbreon|Toxic|p2a: Zapz","|-status|p2a: Zapz|tox","|","|-heal|p1a: Umbreon|365/394|[from] item: Leftovers","|-damage|p2a: Zapz|305/325 tox|[from] psn","|turn|35","|","|move|p1a: Umbreon|Protect|p1a: Umbreon","|-singleturn|p1a: Umbreon|Protect","|move|p2a: Zapz|Heat Wave|p1a: Umbreon","|-activate|p1a: Umbreon|Protect","|","|-heal|p2a: Zapz|325/325 tox|[from] item: Leftovers","|-heal|p1a: Umbreon|389/394|[from] item: Leftovers","|-damage|p2a: Zapz|285/325 tox|[from] psn","|turn|36","|","|move|p2a: Zapz|Heat Wave|p1a: Umbreon","|-damage|p1a: Umbreon|333/394","|move|p1a: Umbreon|Wish|p1a: Umbreon","|","|-heal|p2a: Zapz|305/325 tox|[from] item: Leftovers","|-heal|p1a: Umbreon|357/394|[from] item: Leftovers","|-damage|p2a: Zapz|245/325 tox|[from] psn","|turn|37","|","|move|p2a: Zapz|Extrasensory|p1a: Umbreon","|-immune|p1a: Umbreon|[msg]","|move|p1a: Umbreon|Dark Pulse|p2a: Zapz","|-damage|p2a: Zapz|188/325 tox","|","|-heal|p1a: Umbreon|394/394|[from] move: Wish|[wisher] Umbreon","|-heal|p2a: Zapz|208/325 tox|[from] item: Leftovers","|-damage|p2a: Zapz|128/325 tox|[from] psn","|turn|38","|","|move|p1a: Umbreon|Protect|p1a: Umbreon","|-singleturn|p1a: Umbreon|Protect","|move|p2a: Zapz|Roost|p2a: Zapz","|-heal|p2a: Zapz|291/325 tox","|","|-heal|p2a: Zapz|311/325 tox|[from] item: Leftovers","|-damage|p2a: Zapz|211/325 tox|[from] psn","|turn|39","|","|move|p2a: Zapz|Heat Wave|p1a: Umbreon","|-damage|p1a: Umbreon|339/394","|move|p1a: Umbreon|Dark Pulse|p2a: Zapz","|-damage|p2a: Zapz|154/325 tox","|","|-heal|p2a: Zapz|174/325 tox|[from] item: Leftovers","|-heal|p1a: Umbreon|363/394|[from] item: Leftovers","|-damage|p2a: Zapz|54/325 tox|[from] psn","|turn|40","|","|move|p2a: Zapz|Roost|p2a: Zapz","|-heal|p2a: Zapz|217/325 tox","|move|p1a: Umbreon|Toxic|p2a: Zapz","|-fail|p2a: Zapz|tox","|","|-heal|p2a: Zapz|237/325 tox|[from] item: Leftovers","|-heal|p1a: Umbreon|387/394|[from] item: Leftovers","|-damage|p2a: Zapz|97/325 tox|[from] psn","|turn|41","|","|switch|p2a: MY ZONE!!!|Magnezone, shiny|177/338","|move|p1a: Umbreon|Wish|p1a: Umbreon","|","|-heal|p1a: Umbreon|394/394|[from] item: Leftovers","|turn|42","|","|move|p2a: MY ZONE!!!|Signal Beam|p1a: Umbreon","|-supereffective|p1a: Umbreon","|-damage|p1a: Umbreon|274/394","|move|p1a: Umbreon|Dark Pulse|p2a: MY ZONE!!!","|-damage|p2a: MY ZONE!!!|114/338","|","|-heal|p1a: Umbreon|394/394|[from] move: Wish|[wisher] Umbreon","|turn|43","|","|move|p2a: MY ZONE!!!|Signal Beam|p1a: Umbreon","|-supereffective|p1a: Umbreon","|-damage|p1a: Umbreon|280/394","|move|p1a: Umbreon|Wish|p1a: Umbreon","|","|-heal|p1a: Umbreon|304/394|[from] item: Leftovers","|turn|44","|","|switch|p2a: Zapz|Zapdos, shiny|97/325 tox","|-ability|p2a: Zapz|Pressure","|move|p1a: Umbreon|Dark Pulse|p2a: Zapz","|-damage|p2a: Zapz|33/325 tox","|","|-heal|p1a: Umbreon|394/394|[from] move: Wish|[wisher] Umbreon","|-heal|p2a: Zapz|53/325 tox|[from] item: Leftovers","|-damage|p2a: Zapz|33/325 tox|[from] psn","|turn|45","|","|move|p2a: Zapz|Roost|p2a: Zapz","|-heal|p2a: Zapz|196/325 tox","|move|p1a: Umbreon|Dark Pulse|p2a: Zapz","|-damage|p2a: Zapz|136/325 tox","|","|-heal|p2a: Zapz|156/325 tox|[from] item: Leftovers","|-damage|p2a: Zapz|116/325 tox|[from] psn","|turn|46","|","|move|p2a: Zapz|Roost|p2a: Zapz","|-heal|p2a: Zapz|279/325 tox","|move|p1a: Umbreon|Wish|p1a: Umbreon","|","|-heal|p2a: Zapz|299/325 tox|[from] item: Leftovers","|-damage|p2a: Zapz|239/325 tox|[from] psn","|turn|47","|","|move|p2a: Zapz|Heat Wave|p1a: Umbreon","|-damage|p1a: Umbreon|335/394","|move|p1a: Umbreon|Dark Pulse|p2a: Zapz","|-damage|p2a: Zapz|181/325 tox","|","|-heal|p1a: Umbreon|394/394|[from] move: Wish|[wisher] Umbreon","|-heal|p2a: Zapz|201/325 tox|[from] item: Leftovers","|-damage|p2a: Zapz|121/325 tox|[from] psn","|turn|48","|","|move|p2a: Zapz|Roost|p2a: Zapz","|-heal|p2a: Zapz|284/325 tox","|move|p1a: Umbreon|Dark Pulse|p2a: Zapz","|-crit|p2a: Zapz","|-damage|p2a: Zapz|194/325 tox","|","|-heal|p2a: Zapz|214/325 tox|[from] item: Leftovers","|-damage|p2a: Zapz|114/325 tox|[from] psn","|turn|49","|","|move|p2a: Zapz|Extrasensory|p1a: Umbreon","|-immune|p1a: Umbreon|[msg]","|move|p1a: Umbreon|Dark Pulse|p2a: Zapz","|-damage|p2a: Zapz|56/325 tox","|","|-heal|p2a: Zapz|76/325 tox|[from] item: Leftovers","|-damage|p2a: Zapz|0 fnt|[from] psn","|faint|p2a: Zapz","|","|switch|p2a: MY ZONE!!!|Magnezone, shiny|114/338","|turn|50","|","|switch|p1a: Bisharp|Bisharp, F, shiny|190/271","|move|p2a: MY ZONE!!!|Signal Beam|p1a: Bisharp","|-damage|p1a: Bisharp|68/271","|","|turn|51","|","|move|p1a: Bisharp|Sucker Punch|p2a: MY ZONE!!!","|-damage|p2a: MY ZONE!!!|0 fnt","|-damage|p1a: Bisharp|41/271|[from] item: Life Orb","|faint|p2a: MY ZONE!!!","|","|win|Sjado"],"p1rating":{"entryid":"6705129","serverid":"eos","formatid":"monotype","userid":"sjado","username":"Sjado","w":8,"l":"4","t":"0","gxe":55.1,"r":"1531.9582006908","rd":"88.065061542688","sigma":"0","rptime":"1439629200","rpr":1539.9237943201,"rprd":86.415135096683,"rpsigma":"0","acre":1165.6033745229,"lacre":1165.6033745229,"oldacre":"1144.1978802629"},"p2rating":{"entryid":"6857825","serverid":"eos","formatid":"monotype","userid":"gtxbzumzum","username":"GTX♅Bzumzum","w":"40","l":129,"t":"0","gxe":24,"r":"1274.4875731694","rd":"32.174632655966","sigma":"0","rptime":"1439629200","rpr":1282.0868583962,"rprd":31.599930634952,"rpsigma":"0","acre":1073.2735425718,"lacre":1073.2735425718,"oldacre":"1093.8949467362"},"endType":"normal"}