{"seed":[35966,25466,44646,31330],"turns":30,"p1":"Vgc15max","p2":"Jake1079","p1team":[{"name":"Aggron","species":"Aggron","item":"aggronite","ability":"Sturdy","moves":["heavyslam","curse","rest","sleeptalk"],"nature":"Careful","evs":{"hp":252,"atk":4,"def":0,"spa":0,"spd":252,"spe":0},"ivs":{"hp":31,"atk":31,"def":31,"spa":31,"spd":31,"spe":31}},{"name":"Klefki","species":"Klefki","item":"leftovers","ability":"Prankster","moves":["spikes","thunderwave","substitute","foulplay"],"nature":"Bold","evs":{"hp":252,"atk":0,"def":252,"spa":0,"spd":4,"spe":0},"ivs":{"hp":31,"atk":31,"def":31,"spa":31,"spd":31,"spe":31}},{"name":"Jirachi","species":"Jirachi","item":"choicescarf","ability":"Serene Grace","moves":["ironhead","zenheadbutt","icepunch","uturn"],"nature":"Jolly","evs":{"hp":0,"atk":252,"def":0,"spa":0,"spd":4,"spe":252},"ivs":{"hp":31,"atk":31,"def":31,"spa":31,"spd":31,"spe":31}},{"name":"Heatran","species":"Heatran","item":"airballoon","ability":"Flash Fire","moves":["lavaplume","flashcannon","earthpower","ancientpower"],"nature":"Timid","evs":{"hp":4,"atk":0,"def":0,"spa":252,"spd":0,"spe":252},"ivs":{"hp":31,"atk":31,"def":31,"spa":31,"spd":31,"spe":31}},{"name":"Excadrill","species":"Excadrill","item":"focussash","ability":"Mold Breaker","moves":["stealthrock","rapidspin","earthquake","ironhead"],"nature":"Jolly","evs":{"hp":4,"atk":252,"def":0,"spa":0,"spd":0,"spe":252},"ivs":{"hp":31,"atk":31,"def":31,"spa":31,"spd":31,"spe":31}},{"name":"Lucario","species":"Lucario","item":"lifeorb","ability":"Steadfast","moves":["nastyplot","aurasphere","flashcannon","shadowball"],"nature":"Timid","evs":{"hp":0,"atk":0,"def":0,"spa":252,"spd":4,"spe":252},"ivs":{"hp":31,"atk":31,"def":31,"spa":31,"spd":31,"spe":31}}],"p2team":[{"name":"Staraptor","species":"Staraptor","item":"choicescarf","ability":"Reckless","moves":["bravebird","closecombat","doubleedge","uturn"],"nature":"Adamant","evs":{"hp":0,"atk":252,"def":0,"spa":0,"spd":4,"spe":252},"ivs":{"hp":31,"atk":31,"def":31,"spa":31,"spd":31,"spe":31}},{"name":"Porygon2","species":"Porygon2","item":"eviolite","ability":"Download","moves":["icebeam","thunderbolt","recover","toxic"],"nature":"Calm","evs":{"hp":248,"atk":0,"def":0,"spa":8,"spd":252,"spe":0},"ivs":{"hp":31,"atk":31,"def":31,"spa":31,"spd":31,"spe":31}},{"name":"Cinccino","species":"Cinccino","item":"lifeorb","ability":"Skill Link","moves":["bulletseed","rockblast","tailslap","uturn"],"nature":"Adamant","evs":{"hp":0,"atk":252,"def":0,"spa":0,"spd":4,"spe":252},"ivs":{"hp":31,"atk":31,"def":31,"spa":31,"spd":31,"spe":31}},{"name":"Braviary","species":"Braviary","item":"leftovers","ability":"Sheer Force","moves":["superpower","defog","bravebird","roost"],"nature":"Careful","evs":{"hp":252,"atk":252,"def":0,"spa":0,"spd":4,"spe":0},"ivs":{"hp":31,"atk":31,"def":31,"spa":31,"spd":31,"spe":31}},{"name":"Chansey","species":"Chansey","item":"eviolite","ability":"Natural Cure","moves":["seismictoss","stealthrock","thunderwave","softboiled"],"nature":"Bold","evs":{"hp":248,"atk":0,"def":252,"spa":0,"spd":8,"spe":0},"ivs":{"hp":31,"atk":31,"def":31,"spa":31,"spd":31,"spe":31}},{"name":"Pidgeot","species":"Pidgeot","item":"pidgeotite","ability":"Big Pecks","moves":["heatwave","hurricane","whirlwind","protect"],"nature":"Modest","evs":{"hp":0,"atk":0,"def":0,"spa":252,"spd":4,"spe":252},"ivs":{"hp":31,"atk":30,"def":30,"spa":31,"spd":31,"spe":31}}],"log":["|player|p1|Vgc15max|169","|player|p2|Jake1079|281","|gametype|singles","|gen|6","|tier|Monotype","|rated","|rule|Baton Pass Clause: Limit one Baton Passer, can't pass Spe and other stats simultaneously","|rule|Swagger Clause: Swagger is banned","|rule|Same Type Clause: Pokémon in a team must share a type","|clearpoke","|poke|p1|Aggron, F","|poke|p1|Klefki, F","|poke|p1|Jirachi","|poke|p1|Heatran, M","|poke|p1|Excadrill, F","|poke|p1|Lucario, M","|poke|p2|Staraptor, M","|poke|p2|Porygon2","|poke|p2|Cinccino, M","|poke|p2|Braviary, M","|poke|p2|Chansey, F","|poke|p2|Pidgeot, M","|rule|Sleep Clause Mod: Limit one foe put to sleep","|rule|Species Clause: Limit one of each Pokémon","|rule|OHKO Clause: OHKO moves are banned","|rule|Moody Clause: Moody is banned","|rule|Evasion Moves Clause: Evasion moves are banned","|rule|Endless Battle Clause: Forcing endless battles is banned","|rule|HP Percentage Mod: HP is shown in percentages","|teampreview","|","|start","|switch|p1a: Klefki|Klefki, F|318/318","|switch|p2a: Staraptor|Staraptor, M|311/311","|turn|1","|","|move|p1a: Klefki|Spikes|p2a: Staraptor","|-sidestart|p2: Jake1079|Spikes","|move|p2a: Staraptor|U-turn|p1a: Klefki","|-resisted|p1a: Klefki","|-damage|p1a: Klefki|303/318","|","|switch|p2a: Porygon2|Porygon2|373/373","|-damage|p2a: Porygon2|327/373|[from] Spikes","|-boost|p2a: Porygon2|spa|1|[from] ability: Download","|","|-heal|p1a: Klefki|318/318|[from] item: Leftovers","|turn|2","|","|move|p1a: Klefki|Spikes|p2a: Porygon2","|-sidestart|p2: Jake1079|Spikes","|move|p2a: Porygon2|Thunderbolt|p1a: Klefki","|-crit|p1a: Klefki","|-damage|p1a: Klefki|125/318","|","|-heal|p1a: Klefki|144/318|[from] item: Leftovers","|turn|3","|","|switch|p1a: Excadrill|Excadrill, F|362/362","|-ability|p1a: Excadrill|Mold Breaker","|move|p2a: Porygon2|Thunderbolt|p1a: Excadrill","|-immune|p1a: Excadrill|[msg]","|","|turn|4","|","|move|p1a: Excadrill|Earthquake|p2a: Porygon2","|-damage|p2a: Porygon2|204/373","|move|p2a: Porygon2|Ice Beam|p1a: Excadrill","|-damage|p1a: Excadrill|217/362","|","|turn|5","|","|move|p1a: Excadrill|Stealth Rock|p2a: Porygon2","|-sidestart|p2: Jake1079|move: Stealth Rock","|move|p2a: Porygon2|Ice Beam|p1a: Excadrill","|-damage|p1a: Excadrill|67/362","|","|turn|6","|","|move|p1a: Excadrill|Iron Head|p2a: Porygon2","|-damage|p2a: Porygon2|99/373","|move|p2a: Porygon2|Ice Beam|p1a: Excadrill","|-damage|p1a: Excadrill|0 fnt","|faint|p1a: Excadrill","|","|","|switch|p1a: Jirachi|Jirachi|341/341","|turn|7","|","|move|p1a: Jirachi|Iron Head|p2a: Porygon2","|-damage|p2a: Porygon2|15/373","|cant|p2a: Porygon2|flinch","|","|turn|8","|","|move|p1a: Jirachi|Iron Head|p2a: Porygon2","|-damage|p2a: Porygon2|0 fnt","|faint|p2a: Porygon2","|","|","|switch|p2a: Braviary|Braviary, M|404/404","|-damage|p2a: Braviary|303/404|[from] Stealth Rock","|turn|9","|","|move|p1a: Jirachi|Iron Head|p2a: Braviary","|-damage|p2a: Braviary|147/404","|cant|p2a: Braviary|flinch","|","|-heal|p2a: Braviary|172/404|[from] item: Leftovers","|turn|10","|","|move|p1a: Jirachi|Iron Head|p2a: Braviary","|-damage|p2a: Braviary|19/404","|cant|p2a: Braviary|flinch","|","|-heal|p2a: Braviary|44/404|[from] item: Leftovers","|turn|11","|","|move|p1a: Jirachi|Iron Head|p2a: Braviary","|-damage|p2a: Braviary|0 fnt","|faint|p2a: Braviary","|","|","|switch|p2a: Pidgeot|Pidgeot, M|307/307","|-damage|p2a: Pidgeot|231/307|[from] Stealth Rock","|turn|12","|","|detailschange|p2a: Pidgeot|Pidgeot-Mega, M","|-mega|p2a: Pidgeot|Pidgeot|Pidgeotite","|move|p2a: Pidgeot|Protect|p2a: Pidgeot","|-singleturn|p2a: Pidgeot|Protect","|move|p1a: Jirachi|Iron Head|p2a: Pidgeot","|-activate|p2a: Pidgeot|Protect","|","|turn|13","|","|switch|p1a: Heatran|Heatran, M|324/324","|-item|p1a: Heatran|Air Balloon","|move|p2a: Pidgeot|Heat Wave|p1a: Heatran","|-start|p1a: Heatran|ability: Flash Fire","|","|turn|14","|","|-end|p1a: Heatran|ability: Flash Fire|[silent]","|switch|p1a: Aggron|Aggron, F|344/344","|move|p2a: Pidgeot|Whirlwind|p1a: Aggron","|drag|p1a: Klefki|Klefki, F|144/318","|","|-heal|p1a: Klefki|163/318|[from] item: Leftovers","|turn|15","|","|move|p1a: Klefki|Thunder Wave|p2a: Pidgeot","|-status|p2a: Pidgeot|par","|cant|p2a: Pidgeot|par","|","|-heal|p1a: Klefki|182/318|[from] item: Leftovers","|turn|16","|","|move|p1a: Klefki|Spikes|p2a: Pidgeot","|-sidestart|p2: Jake1079|Spikes","|move|p2a: Pidgeot|Hurricane|p1a: Klefki","|-resisted|p1a: Klefki","|-damage|p1a: Klefki|63/318","|-start|p1a: Klefki|confusion","|","|-heal|p1a: Klefki|82/318|[from] item: Leftovers","|turn|17","|","|-activate|p1a: Klefki|confusion","|move|p1a: Klefki|Foul Play|p2a: Pidgeot","|-damage|p2a: Pidgeot|161/307 par","|move|p2a: Pidgeot|Hurricane|p1a: Klefki","|-resisted|p1a: Klefki","|-damage|p1a: Klefki|0 fnt","|faint|p1a: Klefki","|","|","|switch|p1a: Jirachi|Jirachi|341/341","|turn|18","|","|move|p1a: Jirachi|Iron Head|p2a: Pidgeot","|-damage|p2a: Pidgeot|19/307 par","|cant|p2a: Pidgeot|flinch","|","|turn|19","|","|move|p1a: Jirachi|Iron Head|p2a: Pidgeot","|-damage|p2a: Pidgeot|0 fnt","|faint|p2a: Pidgeot","|","|","|switch|p2a: Chansey|Chansey, F|703/703","|-damage|p2a: Chansey|616/703|[from] Stealth Rock","|-damage|p2a: Chansey|441/703|[from] Spikes","|turn|20","|","|move|p1a: Jirachi|Iron Head|p2a: Chansey","|-damage|p2a: Chansey|285/703","|cant|p2a: Chansey|flinch","|","|turn|21","|","|move|p1a: Jirachi|Iron Head|p2a: Chansey","|-damage|p2a: Chansey|120/703","|move|p2a: Chansey|Soft-Boiled|p2a: Chansey","|-heal|p2a: Chansey|472/703","|","|turn|22","|","|switch|p1a: Aggron|Aggron, F|344/344","|move|p2a: Chansey|Stealth Rock|p1a: Aggron","|-sidestart|p1: Vgc15max|move: Stealth Rock","|","|turn|23","|","|detailschange|p1a: Aggron|Aggron-Mega, F","|-mega|p1a: Aggron|Aggron|Aggronite","|move|p2a: Chansey|Seismic Toss|p1a: Aggron","|-damage|p1a: Aggron|244/344","|move|p1a: Aggron|Curse|p1a: Aggron","|-unboost|p1a: Aggron|spe|1","|-boost|p1a: Aggron|atk|1","|-boost|p1a: Aggron|def|1","|","|turn|24","|","|move|p2a: Chansey|Seismic Toss|p1a: Aggron","|-damage|p1a: Aggron|144/344","|move|p1a: Aggron|Curse|p1a: Aggron","|-unboost|p1a: Aggron|spe|1","|-boost|p1a: Aggron|atk|1","|-boost|p1a: Aggron|def|1","|","|turn|25","|","|move|p2a: Chansey|Seismic Toss|p1a: Aggron","|-damage|p1a: Aggron|44/344","|move|p1a: Aggron|Rest|p1a: Aggron","|-status|p1a: Aggron|slp","|-heal|p1a: Aggron|344/344 slp|[silent]","|-status|p1a: Aggron|slp|[from] move: Rest","|","|turn|26","|","|move|p2a: Chansey|Seismic Toss|p1a: Aggron","|-damage|p1a: Aggron|244/344 slp","|cant|p1a: Aggron|slp","|move|p1a: Aggron|Sleep Talk|p1a: Aggron","|move|p1a: Aggron|Rest|p1a: Aggron|[from]Sleep Talk","|-fail|p1a: Aggron","|","|turn|27","|","|move|p2a: Chansey|Seismic Toss|p1a: Aggron","|-damage|p1a: Aggron|144/344 slp","|cant|p1a: Aggron|slp","|move|p1a: Aggron|Sleep Talk|p1a: Aggron","|move|p1a: Aggron|Heavy Slam|p2a: Chansey|[from]Sleep Talk","|-damage|p2a: Chansey|0 fnt","|faint|p2a: Chansey","|","|","|switch|p2a: Staraptor|Staraptor, M|311/311","|-damage|p2a: Staraptor|234/311|[from] Stealth Rock","|turn|28","|","|move|p2a: Staraptor|Close Combat|p1a: Aggron","|-supereffective|p1a: Aggron","|-damage|p1a: Aggron|92/344 slp","|-unboost|p2a: Staraptor|def|1","|-unboost|p2a: Staraptor|spd|1","|-curestatus|p1a: Aggron|slp","|move|p1a: Aggron|Rest|p1a: Aggron","|-status|p1a: Aggron|slp","|-heal|p1a: Aggron|344/344 slp|[silent]","|-status|p1a: Aggron|slp|[from] move: Rest","|","|turn|29","|","|move|p2a: Staraptor|Close Combat|p1a: Aggron","|-supereffective|p1a: Aggron","|-damage|p1a: Aggron|295/344 slp","|-unboost|p2a: Staraptor|def|1","|-unboost|p2a: Staraptor|spd|1","|cant|p1a: Aggron|slp","|move|p1a: Aggron|Sleep Talk|p1a: Aggron","|move|p1a: Aggron|Curse|p1a: Aggron|[from]Sleep Talk","|-unboost|p1a: Aggron|spe|1","|-boost|p1a: Aggron|atk|1","|-boost|p1a: Aggron|def|1","|","|turn|30","|","|win|Vgc15max"],"p1rating":{"entryid":"7654877","serverid":"eos","formatid":"monotype","userid":"vgc15max","username":"Vgc15max","w":6,"l":"2","t":"0","gxe":60.5,"r":"1500","rd":"130","sigma":"0","rptime":"1439629200","rpr":1582.9011179024,"rprd":92.569013930595,"rpsigma":"0","acre":1164.1807388974,"lacre":1164.1807388974,"oldacre":"1131.9317079477"},"p2rating":{"entryid":"7429437","serverid":"eos","formatid":"monotype","userid":"jake1079","username":"Jake1079","w":"53","l":60,"t":"0","gxe":48.6,"r":"1468.7630650162","rd":"38.042333974705","sigma":"0","rptime":"1439629200","rpr":1489.3720899477,"rprd":35.686473605737,"rpsigma":"0","acre":1203.4005179108,"lacre":1203.4005179108,"oldacre":"1235.6495488605"},"endType":"forfeit"}