{"seed":[19289,22994,23444,55327],"turns":29,"p1":"Prince Sky","p2":"PrAiSe GrOuDoNiSm","p1team":[{"name":"Galvantula","species":"Galvantula","item":"focussash","ability":"Compound Eyes","moves":["stickyweb","thunder","energyball","hiddenpowerice"],"nature":"Timid","evs":{"hp":0,"atk":0,"def":0,"spa":252,"spd":0,"spe":252},"ivs":{"hp":31,"atk":30,"def":30,"spa":31,"spd":31,"spe":31}},{"name":"Genesect","species":"Genesect","item":"choicescarf","ability":"Download","moves":["thunderbolt","flamethrower","uturn","icebeam"],"nature":"Naive","evs":{"hp":0,"atk":0,"def":0,"spa":252,"spd":0,"spe":252},"ivs":{"hp":31,"atk":31,"def":31,"spa":31,"spd":31,"spe":31}},{"name":"Volcarona","species":"Volcarona","item":"lumberry","ability":"Flame Body","moves":["bugbuzz","fierydance","quiverdance","roost"],"nature":"Timid","evs":{"hp":0,"atk":0,"def":0,"spa":252,"spd":0,"spe":252},"ivs":{"hp":31,"atk":31,"def":31,"spa":31,"spd":31,"spe":31}},{"name":"Forretress","species":"Forretress","item":"redcard","ability":"Sturdy","moves":["gyroball","voltswitch","rapidspin","stealthrock"],"nature":"Relaxed","evs":{"hp":252,"atk":0,"def":252,"spa":0,"spd":0,"spe":0},"ivs":{"hp":31,"atk":31,"def":31,"spa":31,"spd":31,"spe":0}},{"name":"Pinsir","species":"Pinsir","item":"pinsirite","ability":"Moxie","moves":["earthquake","frustration","quickattack","swordsdance"],"nature":"Jolly","evs":{"hp":0,"atk":252,"def":0,"spa":0,"spd":0,"spe":252},"happiness":0,"ivs":{"hp":31,"atk":31,"def":31,"spa":31,"spd":31,"spe":31}},{"name":"Scizor","species":"Scizor","item":"leftovers","ability":"Technician","moves":["bulletpunch","swordsdance","knockoff","superpower"],"nature":"Impish","evs":{"hp":4,"atk":252,"def":252,"spa":0,"spd":0,"spe":0},"ivs":{"hp":31,"atk":31,"def":31,"spa":31,"spd":31,"spe":31}}],"p2team":[{"name":"Hydreigon","species":"Hydreigon","item":"lifeorb","ability":"Levitate","moves":["darkpulse","flamethrower","dracometeor","earthpower"],"nature":"Timid","evs":{"hp":0,"atk":0,"def":0,"spa":252,"spd":4,"spe":252},"gender":"F","ivs":{"hp":31,"atk":0,"def":31,"spa":31,"spd":31,"spe":31},"shiny":true},{"name":"Tyranitar","species":"Tyranitar","item":"leftovers","ability":"Sand Stream","moves":["stealthrock","stoneedge","fireblast","icebeam"],"nature":"Brave","evs":{"hp":248,"atk":240,"def":0,"spa":16,"spd":4,"spe":0},"gender":"F","shiny":true,"ivs":{"hp":31,"atk":31,"def":31,"spa":31,"spd":31,"spe":31}},{"name":"Sableye","species":"Sableye","item":"sablenite","ability":"Prankster","moves":["willowisp","darkpulse","calmmind","recover"],"nature":"Calm","evs":{"hp":248,"atk":0,"def":0,"spa":8,"spd":252,"spe":0},"gender":"F","ivs":{"hp":31,"atk":0,"def":31,"spa":31,"spd":31,"spe":31},"shiny":true},{"name":"Mandibuzz","species":"Mandibuzz","item":"leftovers","ability":"Overcoat","moves":["toxic","taunt","roost","foulplay"],"nature":"Bold","evs":{"hp":248,"atk":0,"def":168,"spa":0,"spd":68,"spe":24},"ivs":{"hp":31,"atk":0,"def":31,"spa":31,"spd":31,"spe":31},"shiny":true},{"name":"Bisharp","species":"Bisharp","item":"focussash","ability":"Defiant","moves":["ironhead","suckerpunch","swordsdance","knockoff"],"nature":"Adamant","evs":{"hp":0,"atk":252,"def":4,"spa":0,"spd":0,"spe":252},"gender":"F","shiny":true,"ivs":{"hp":31,"atk":31,"def":31,"spa":31,"spd":31,"spe":31}},{"name":"Hoopa-Unbound","species":"Hoopa-Unbound","item":"choicescarf","ability":"Magician","moves":["firepunch","gunkshot","zenheadbutt","hyperspacefury"],"nature":"Adamant","evs":{"hp":0,"atk":252,"def":0,"spa":0,"spd":4,"spe":252},"ivs":{"hp":31,"atk":31,"def":31,"spa":31,"spd":31,"spe":31}}],"log":["|player|p1|Prince Sky|princesky.gif","|player|p2|PrAiSe GrOuDoNiSm|161","|gametype|singles","|gen|6","|tier|Monotype","|rated","|rule|Baton Pass Clause: Limit one Baton Passer, can't pass Spe and other stats simultaneously","|rule|Swagger Clause: Swagger is banned","|rule|Same Type Clause: Pokémon in a team must share a type","|clearpoke","|poke|p1|Galvantula, F","|poke|p1|Genesect-*","|poke|p1|Volcarona, F","|poke|p1|Forretress, F","|poke|p1|Pinsir, M","|poke|p1|Scizor, F","|poke|p2|Hydreigon, F, shiny","|poke|p2|Tyranitar, F, shiny","|poke|p2|Sableye, F, shiny","|poke|p2|Mandibuzz, F, shiny","|poke|p2|Bisharp, F, shiny","|poke|p2|Hoopa-Unbound","|rule|Sleep Clause Mod: Limit one foe put to sleep","|rule|Species Clause: Limit one of each Pokémon","|rule|OHKO Clause: OHKO moves are banned","|rule|Moody Clause: Moody is banned","|rule|Evasion Moves Clause: Evasion moves are banned","|rule|Endless Battle Clause: Forcing endless battles is banned","|rule|HP Percentage Mod: HP is shown in percentages","|teampreview","|","|start","|switch|p1a: Galvantula|Galvantula, F|281/281","|switch|p2a: Sableye|Sableye, F, shiny|303/303","|turn|1","|","|detailschange|p2a: Sableye|Sableye-Mega, F, shiny","|-mega|p2a: Sableye|Sableye|Sablenite","|move|p2a: Sableye|Will-O-Wisp|p1a: Galvantula","|-status|p1a: Galvantula|brn","|move|p1a: Galvantula|Thunder|p2a: Sableye","|-damage|p2a: Sableye|195/303","|","|-damage|p1a: Galvantula|246/281 brn|[from] brn","|turn|2","|","|move|p1a: Galvantula|Thunder|p2a: Sableye","|-damage|p2a: Sableye|90/303","|move|p2a: Sableye|Recover|p2a: Sableye","|-heal|p2a: Sableye|242/303","|","|-damage|p1a: Galvantula|211/281 brn|[from] brn","|turn|3","|","|switch|p1a: Volcarona|Volcarona, F|311/311","|move|p2a: Sableye|Calm Mind|p2a: Sableye","|-boost|p2a: Sableye|spa|1","|-boost|p2a: Sableye|spd|1","|","|turn|4","|","|switch|p2a: Tyranitar|Tyranitar, F, shiny|403/403","|-weather|Sandstorm","|move|p1a: Volcarona|Quiver Dance|p1a: Volcarona","|-boost|p1a: Volcarona|spa|1","|-boost|p1a: Volcarona|spd|1","|-boost|p1a: Volcarona|spe|1","|","|-weather|Sandstorm|[upkeep]","|-damage|p1a: Volcarona|292/311|[from] sandstorm","|turn|5","|","|move|p1a: Volcarona|Bug Buzz|p2a: Tyranitar","|-supereffective|p2a: Tyranitar","|-damage|p2a: Tyranitar|95/403","|move|p2a: Tyranitar|Stone Edge|p1a: Volcarona","|-supereffective|p1a: Volcarona","|-damage|p1a: Volcarona|0 fnt","|faint|p1a: Volcarona","|","|-weather|Sandstorm|[upkeep]","|-heal|p2a: Tyranitar|120/403|[from] item: Leftovers","|","|switch|p1a: Genesect|Genesect|283/283","|-boost|p1a: Genesect|spa|1|[from] ability: Download","|turn|6","|","|move|p1a: Genesect|U-turn|p2a: Tyranitar","|-supereffective|p2a: Tyranitar","|-damage|p2a: Tyranitar|0 fnt","|faint|p2a: Tyranitar","|","|switch|p1a: Galvantula|Galvantula, F|211/281 brn","|","|-weather|Sandstorm|[upkeep]","|-damage|p1a: Galvantula|194/281 brn|[from] sandstorm","|-damage|p1a: Galvantula|159/281 brn|[from] brn","|","|switch|p2a: Sableye|Sableye-Mega, F, shiny|242/303","|turn|7","|","|move|p1a: Galvantula|Thunder|p2a: Sableye","|-damage|p2a: Sableye|145/303","|move|p2a: Sableye|Recover|p2a: Sableye","|-heal|p2a: Sableye|297/303","|","|-weather|Sandstorm|[upkeep]","|-damage|p1a: Galvantula|142/281 brn|[from] sandstorm","|-damage|p2a: Sableye|279/303|[from] sandstorm","|-damage|p1a: Galvantula|107/281 brn|[from] brn","|turn|8","|","|move|p1a: Galvantula|Thunder|p2a: Sableye","|-damage|p2a: Sableye|180/303","|move|p2a: Sableye|Dark Pulse|p1a: Galvantula","|-damage|p1a: Galvantula|0 fnt","|faint|p1a: Galvantula","|","|-weather|none","|","|switch|p1a: Genesect|Genesect|283/283","|-boost|p1a: Genesect|atk|1|[from] ability: Download","|turn|9","|","|switch|p2a: Mandibuzz|Mandibuzz, F, shiny|423/423","|move|p1a: Genesect|U-turn|p2a: Mandibuzz","|-damage|p2a: Mandibuzz|321/423","|","|switch|p1a: Forretress|Forretress, F|354/354","|","|-heal|p2a: Mandibuzz|347/423|[from] item: Leftovers","|turn|10","|","|move|p2a: Mandibuzz|Taunt|p1a: Forretress","|-start|p1a: Forretress|move: Taunt","|cant|p1a: Forretress|move: Taunt|Stealth Rock","|","|-heal|p2a: Mandibuzz|373/423|[from] item: Leftovers","|turn|11","|","|move|p2a: Mandibuzz|Foul Play|p1a: Forretress","|-damage|p1a: Forretress|294/354","|-enditem|p1a: Forretress|Red Card|[of] p2a: Mandibuzz","|drag|p2a: Hoopa-Unbound|Hoopa-Unbound|301/301","|move|p1a: Forretress|Volt Switch|p2a: Hoopa-Unbound","|-damage|p2a: Hoopa-Unbound|270/301","|","|switch|p1a: Genesect|Genesect|283/283","|-boost|p1a: Genesect|atk|1|[from] ability: Download","|","|turn|12","|","|switch|p2a: Mandibuzz|Mandibuzz, F, shiny|373/423","|move|p1a: Genesect|U-turn|p2a: Mandibuzz","|-damage|p2a: Mandibuzz|265/423","|","|switch|p1a: Forretress|Forretress, F|294/354","|","|-heal|p2a: Mandibuzz|291/423|[from] item: Leftovers","|turn|13","|","|move|p2a: Mandibuzz|Roost|p2a: Mandibuzz","|-heal|p2a: Mandibuzz|423/423","|move|p1a: Forretress|Volt Switch|p2a: Mandibuzz","|-crit|p2a: Mandibuzz","|-damage|p2a: Mandibuzz|368/423","|","|switch|p1a: Genesect|Genesect|283/283","|-boost|p1a: Genesect|spa|1|[from] ability: Download","|","|-heal|p2a: Mandibuzz|394/423|[from] item: Leftovers","|turn|14","|","|switch|p2a: Sableye|Sableye-Mega, F, shiny|180/303","|move|p1a: Genesect|Ice Beam|p2a: Sableye","|-damage|p2a: Sableye|83/303","|","|turn|15","|","|switch|p2a: Bisharp|Bisharp, F, shiny|271/271","|move|p1a: Genesect|Ice Beam|p2a: Bisharp","|-resisted|p2a: Bisharp","|-damage|p2a: Bisharp|178/271","|","|turn|16","|","|switch|p1a: Scizor|Scizor, F|282/282","|move|p2a: Bisharp|Knock Off|p1a: Scizor","|-damage|p1a: Scizor|137/282","|-enditem|p1a: Scizor|Leftovers|[from] move: Knock Off|[of] p2a: Bisharp","|","|turn|17","|","|switch|p2a: Mandibuzz|Mandibuzz, F, shiny|394/423","|move|p1a: Scizor|Knock Off|p2a: Mandibuzz","|-resisted|p2a: Mandibuzz","|-damage|p2a: Mandibuzz|350/423","|-enditem|p2a: Mandibuzz|Leftovers|[from] move: Knock Off|[of] p1a: Scizor","|","|turn|18","|","|move|p1a: Scizor|Bullet Punch|p2a: Mandibuzz","|-damage|p2a: Mandibuzz|265/423","|move|p2a: Mandibuzz|Foul Play|p1a: Scizor","|-damage|p1a: Scizor|20/282","|","|turn|19","|","|move|p1a: Scizor|Bullet Punch|p2a: Mandibuzz","|-damage|p2a: Mandibuzz|184/423","|move|p2a: Mandibuzz|Roost|p2a: Mandibuzz","|-heal|p2a: Mandibuzz|396/423","|","|turn|20","|","|move|p1a: Scizor|Bullet Punch|p2a: Mandibuzz","|-damage|p2a: Mandibuzz|312/423","|move|p2a: Mandibuzz|Foul Play|p1a: Scizor","|-damage|p1a: Scizor|0 fnt","|faint|p1a: Scizor","|","|","|switch|p1a: Genesect|Genesect|283/283","|-boost|p1a: Genesect|spa|1|[from] ability: Download","|turn|21","|","|switch|p2a: Sableye|Sableye-Mega, F, shiny|83/303","|move|p1a: Genesect|U-turn|p2a: Sableye","|-damage|p2a: Sableye|5/303","|","|switch|p1a: Pinsir|Pinsir, M|271/271","|","|turn|22","|","|detailschange|p1a: Pinsir|Pinsir-Mega, M","|-mega|p1a: Pinsir|Pinsir|Pinsirite","|move|p1a: Pinsir|Frustration|p2a: Sableye","|-damage|p2a: Sableye|0 fnt","|faint|p2a: Sableye","|","|","|switch|p2a: Hydreigon|Hydreigon, F, shiny|325/325","|turn|23","|","|move|p1a: Pinsir|Frustration|p2a: Hydreigon","|-crit|p2a: Hydreigon","|-damage|p2a: Hydreigon|0 fnt","|faint|p2a: Hydreigon","|","|","|switch|p2a: Bisharp|Bisharp, F, shiny|178/271","|turn|24","|","|move|p2a: Bisharp|Sucker Punch|p1a: Pinsir","|-crit|p1a: Pinsir","|-damage|p1a: Pinsir|73/271","|move|p1a: Pinsir|Earthquake|p2a: Bisharp","|-supereffective|p2a: Bisharp","|-damage|p2a: Bisharp|0 fnt","|faint|p2a: Bisharp","|","|","|switch|p2a: Mandibuzz|Mandibuzz, F, shiny|312/423","|turn|25","|","|move|p1a: Pinsir|Frustration|p2a: Mandibuzz","|-damage|p2a: Mandibuzz|116/423","|move|p2a: Mandibuzz|Foul Play|p1a: Pinsir","|-damage|p1a: Pinsir|0 fnt","|faint|p1a: Pinsir","|","|","|switch|p1a: Genesect|Genesect|283/283","|-boost|p1a: Genesect|spa|1|[from] ability: Download","|turn|26","|","|move|p1a: Genesect|Ice Beam|p2a: Mandibuzz","|-supereffective|p2a: Mandibuzz","|-damage|p2a: Mandibuzz|0 fnt","|faint|p2a: Mandibuzz","|","|","|switch|p2a: Hoopa-Unbound|Hoopa-Unbound|270/301","|turn|27","|","|switch|p1a: Forretress|Forretress, F|294/354","|move|p2a: Hoopa-Unbound|Fire Punch|p1a: Forretress","|-supereffective|p1a: Forretress","|-damage|p1a: Forretress|18/354","|","|turn|28","|","|move|p2a: Hoopa-Unbound|Fire Punch|p1a: Forretress","|-supereffective|p1a: Forretress","|-damage|p1a: Forretress|0 fnt","|faint|p1a: Forretress","|","|","|switch|p1a: Genesect|Genesect|283/283","|-boost|p1a: Genesect|atk|1|[from] ability: Download","|turn|29","|","|move|p1a: Genesect|U-turn|p2a: Hoopa-Unbound","|-supereffective|p2a: Hoopa-Unbound","|-damage|p2a: Hoopa-Unbound|0 fnt","|faint|p2a: Hoopa-Unbound","|","|win|Prince Sky"],"p1rating":{"entryid":"7606450","serverid":"eos","formatid":"monotype","userid":"princesky","username":"Prince ♡ Sky","w":13,"l":"6","t":"0","gxe":62.8,"r":1589.2757808462,"rd":72.734171287493,"sigma":"0","rptime":1439629200,"rpr":1600.1374195473,"rprd":71.44059641627,"rpsigma":"0","acre":1155.0523587457,"lacre":1155.0523587457,"oldacre":"1137.0042734791"},"p2rating":{"entryid":"5836483","serverid":"eos","formatid":"monotype","userid":"praisegroudonism","username":"PrAiSe GrOuDoNiSm","w":"1","l":2,"t":"0","gxe":47.1,"r":"1510.7342906692","rd":130.39669401791,"sigma":"0","rptime":1439629200,"rpr":1476.9310590944,"rprd":123.03762327068,"rpsigma":"0","acre":1026.4678172551,"lacre":1026.4678172551,"oldacre":"1037.7779716869"},"endType":"normal"}