{"seed":[65170,6396,41591,38670],"turns":20,"p1":"Jake1079","p2":"SWL ROCK","p1team":[{"name":"Staraptor","species":"Staraptor","item":"choicescarf","ability":"Reckless","moves":["bravebird","closecombat","doubleedge","uturn"],"nature":"Adamant","evs":{"hp":0,"atk":252,"def":0,"spa":0,"spd":4,"spe":252},"ivs":{"hp":31,"atk":31,"def":31,"spa":31,"spd":31,"spe":31}},{"name":"Porygon2","species":"Porygon2","item":"eviolite","ability":"Download","moves":["icebeam","thunderbolt","recover","toxic"],"nature":"Calm","evs":{"hp":248,"atk":0,"def":0,"spa":8,"spd":252,"spe":0},"ivs":{"hp":31,"atk":31,"def":31,"spa":31,"spd":31,"spe":31}},{"name":"Cinccino","species":"Cinccino","item":"lifeorb","ability":"Skill Link","moves":["bulletseed","rockblast","tailslap","uturn"],"nature":"Adamant","evs":{"hp":0,"atk":252,"def":0,"spa":0,"spd":4,"spe":252},"ivs":{"hp":31,"atk":31,"def":31,"spa":31,"spd":31,"spe":31}},{"name":"Braviary","species":"Braviary","item":"leftovers","ability":"Sheer Force","moves":["superpower","defog","bravebird","roost"],"nature":"Careful","evs":{"hp":252,"atk":252,"def":0,"spa":0,"spd":4,"spe":0},"ivs":{"hp":31,"atk":31,"def":31,"spa":31,"spd":31,"spe":31}},{"name":"Chansey","species":"Chansey","item":"eviolite","ability":"Natural Cure","moves":["seismictoss","stealthrock","thunderwave","softboiled"],"nature":"Bold","evs":{"hp":248,"atk":0,"def":252,"spa":0,"spd":8,"spe":0},"ivs":{"hp":31,"atk":31,"def":31,"spa":31,"spd":31,"spe":31}},{"name":"Pidgeot","species":"Pidgeot","item":"pidgeotite","ability":"Big Pecks","moves":["heatwave","hurricane","whirlwind","protect"],"nature":"Modest","evs":{"hp":0,"atk":0,"def":0,"spa":252,"spd":4,"spe":252},"ivs":{"hp":31,"atk":30,"def":30,"spa":31,"spd":31,"spe":31}}],"p2team":[{"name":"Galvantula","species":"Galvantula","item":"focussash","ability":"Compound Eyes","moves":["thunder","bugbuzz","stickyweb","voltswitch"],"nature":"Timid","evs":{"hp":0,"atk":0,"def":0,"spa":252,"spd":4,"spe":252},"ivs":{"hp":31,"atk":31,"def":31,"spa":31,"spd":31,"spe":31}},{"name":"Magnezone","species":"Magnezone","item":"choicescarf","ability":"Magnet Pull","moves":["voltswitch","hiddenpowerfire","flashcannon","thunderbolt"],"nature":"Timid","evs":{"hp":4,"atk":0,"def":0,"spa":252,"spd":0,"spe":252},"ivs":{"hp":31,"atk":30,"def":31,"spa":30,"spd":31,"spe":30}},{"name":"Zapdos","species":"Zapdos","item":"leftovers","ability":"Pressure","moves":["voltswitch","roost","defog","heatwave"],"nature":"Bold","evs":{"hp":248,"atk":0,"def":176,"spa":68,"spd":0,"spe":16},"ivs":{"hp":31,"atk":31,"def":31,"spa":31,"spd":31,"spe":31}},{"name":"Thundurus","species":"Thundurus","item":"lifeorb","ability":"Defiant","moves":["thunderbolt","knockoff","superpower","hiddenpowerice"],"nature":"Naive","evs":{"hp":0,"atk":76,"def":0,"spa":180,"spd":0,"spe":252},"ivs":{"hp":31,"atk":30,"def":30,"spa":31,"spd":31,"spe":31}},{"name":"Ampharos","species":"Ampharos","item":"ampharosite","ability":"Static","moves":["discharge","dragonpulse","rest","cottonguard"],"nature":"Calm","evs":{"hp":250,"atk":0,"def":0,"spa":28,"spd":232,"spe":0},"ivs":{"hp":31,"atk":31,"def":31,"spa":31,"spd":31,"spe":31}},{"name":"Luxray","species":"Luxray","item":"choiceband","ability":"Guts","moves":["wildcharge","superpower","crunch","facade"],"nature":"Adamant","evs":{"hp":0,"atk":252,"def":0,"spa":0,"spd":4,"spe":252},"ivs":{"hp":31,"atk":31,"def":31,"spa":31,"spd":31,"spe":31}}],"log":["|player|p1|Jake1079|281","|player|p2|SWL ROCK|49","|gametype|singles","|gen|6","|tier|Monotype","|rated","|rule|Baton Pass Clause: Limit one Baton Passer, can't pass Spe and other stats simultaneously","|rule|Swagger Clause: Swagger is banned","|rule|Same Type Clause: Pokémon in a team must share a type","|clearpoke","|poke|p1|Staraptor, M","|poke|p1|Porygon2","|poke|p1|Cinccino, F","|poke|p1|Braviary, M","|poke|p1|Chansey, F","|poke|p1|Pidgeot, F","|poke|p2|Galvantula, F","|poke|p2|Magnezone","|poke|p2|Zapdos","|poke|p2|Thundurus, M","|poke|p2|Ampharos, M","|poke|p2|Luxray, F","|rule|Sleep Clause Mod: Limit one foe put to sleep","|rule|Species Clause: Limit one of each Pokémon","|rule|OHKO Clause: OHKO moves are banned","|rule|Moody Clause: Moody is banned","|rule|Evasion Moves Clause: Evasion moves are banned","|rule|Endless Battle Clause: Forcing endless battles is banned","|rule|HP Percentage Mod: HP is shown in percentages","|teampreview","|","|start","|switch|p1a: Staraptor|Staraptor, M|311/311","|switch|p2a: Galvantula|Galvantula, F|281/281","|turn|1","|","|move|p1a: Staraptor|Brave Bird|p2a: Galvantula","|-enditem|p2a: Galvantula|Focus Sash","|-damage|p2a: Galvantula|1/281","|-damage|p1a: Staraptor|219/311|[from] recoil|[of] p2a: Galvantula","|move|p2a: Galvantula|Sticky Web|p1a: Staraptor","|-sidestart|p1: Jake1079|move: Sticky Web","|","|turn|2","|","|move|p1a: Staraptor|Brave Bird|p2a: Galvantula","|-damage|p2a: Galvantula|0 fnt","|-damage|p1a: Staraptor|218/311|[from] recoil|[of] p2a: Galvantula","|faint|p2a: Galvantula","|","|","|switch|p2a: Magnezone|Magnezone|282/282","|turn|3","|","|switch|p1a: Chansey|Chansey, F|703/703","|-activate|p1a: Chansey|move: Sticky Web","|-unboost|p1a: Chansey|spe|1","|move|p2a: Magnezone|Volt Switch|p1a: Chansey","|-damage|p1a: Chansey|630/703","|","|switch|p2a: Thundurus|Thundurus, M|299/299","|","|turn|4","|","|move|p2a: Thundurus|Knock Off|p1a: Chansey","|-damage|p1a: Chansey|479/703","|-enditem|p1a: Chansey|Eviolite|[from] move: Knock Off|[of] p2a: Thundurus","|-damage|p2a: Thundurus|270/299|[from] item: Life Orb","|move|p1a: Chansey|Seismic Toss|p2a: Thundurus","|-damage|p2a: Thundurus|170/299","|","|turn|5","|","|move|p2a: Thundurus|Superpower|p1a: Chansey","|-supereffective|p1a: Chansey","|-damage|p1a: Chansey|0 fnt","|-unboost|p2a: Thundurus|atk|1","|-unboost|p2a: Thundurus|def|1","|-damage|p2a: Thundurus|141/299|[from] item: Life Orb","|faint|p1a: Chansey","|","|","|switch|p1a: Pidgeot|Pidgeot, F|307/307","|turn|6","|","|switch|p2a: Ampharos|Ampharos, M|383/383","|detailschange|p1a: Pidgeot|Pidgeot-Mega, F","|-mega|p1a: Pidgeot|Pidgeot|Pidgeotite","|move|p1a: Pidgeot|Protect|p1a: Pidgeot","|-fail|p1a: Pidgeot","|","|turn|7","|","|detailschange|p2a: Ampharos|Ampharos-Mega, M","|-mega|p2a: Ampharos|Ampharos|Ampharosite","|-ability|p2a: Ampharos|Mold Breaker","|move|p1a: Pidgeot|Hurricane|p2a: Ampharos","|-resisted|p2a: Ampharos","|-damage|p2a: Ampharos|305/383","|move|p2a: Ampharos|Discharge|p1a: Pidgeot","|-supereffective|p1a: Pidgeot","|-damage|p1a: Pidgeot|0 fnt","|faint|p1a: Pidgeot","|","|","|switch|p1a: Porygon2|Porygon2|373/373","|-activate|p1a: Porygon2|move: Sticky Web","|-unboost|p1a: Porygon2|spe|1","|-boost|p1a: Porygon2|atk|1|[from] ability: Download","|turn|8","|","|switch|p2a: Zapdos|Zapdos|383/383","|-ability|p2a: Zapdos|Pressure","|move|p1a: Porygon2|Toxic|p2a: Zapdos","|-status|p2a: Zapdos|tox","|","|-damage|p2a: Zapdos|360/383 tox|[from] psn","|turn|9","|","|move|p2a: Zapdos|Volt Switch|p1a: Porygon2","|-damage|p1a: Porygon2|319/373","|","|switch|p2a: Magnezone|Magnezone|282/282","|move|p1a: Porygon2|Ice Beam|p2a: Magnezone","|-resisted|p2a: Magnezone","|-damage|p2a: Magnezone|244/282","|-status|p2a: Magnezone|frz","|","|turn|10","|","|switch|p1a: Braviary|Braviary, M|404/404","|cant|p2a: Magnezone|frz","|","|turn|11","|","|cant|p2a: Magnezone|frz","|move|p1a: Braviary|Superpower|p2a: Magnezone","|-supereffective|p2a: Magnezone","|-damage|p2a: Magnezone|18/282 frz","|-unboost|p1a: Braviary|atk|1","|-unboost|p1a: Braviary|def|1","|","|turn|12","|","|cant|p2a: Magnezone|frz","|move|p1a: Braviary|Superpower|p2a: Magnezone","|-supereffective|p2a: Magnezone","|-damage|p2a: Magnezone|0 fnt","|-unboost|p1a: Braviary|atk|1","|-unboost|p1a: Braviary|def|1","|faint|p2a: Magnezone","|","|","|switch|p2a: Zapdos|Zapdos|360/383 tox","|-ability|p2a: Zapdos|Pressure","|turn|13","|","|switch|p1a: Porygon2|Porygon2|319/373","|-activate|p1a: Porygon2|move: Sticky Web","|-unboost|p1a: Porygon2|spe|1","|-boost|p1a: Porygon2|spa|1|[from] ability: Download","|move|p2a: Zapdos|Volt Switch|p1a: Porygon2","|-damage|p1a: Porygon2|267/373","|","|switch|p2a: Thundurus|Thundurus, M|141/299","|","|turn|14","|","|move|p2a: Thundurus|Knock Off|p1a: Porygon2","|-damage|p1a: Porygon2|180/373","|-enditem|p1a: Porygon2|Eviolite|[from] move: Knock Off|[of] p2a: Thundurus","|-damage|p2a: Thundurus|112/299|[from] item: Life Orb","|move|p1a: Porygon2|Ice Beam|p2a: Thundurus","|-supereffective|p2a: Thundurus","|-damage|p2a: Thundurus|0 fnt","|faint|p2a: Thundurus","|","|","|switch|p2a: Luxray|Luxray, F|301/301","|turn|15","|","|move|p2a: Luxray|Superpower|p1a: Porygon2","|-supereffective|p1a: Porygon2","|-damage|p1a: Porygon2|0 fnt","|-unboost|p2a: Luxray|atk|1","|-unboost|p2a: Luxray|def|1","|faint|p1a: Porygon2","|","|","|switch|p1a: Staraptor|Staraptor, M|218/311","|turn|16","|","|move|p1a: Staraptor|Double-Edge|p2a: Luxray","|-damage|p2a: Luxray|0 fnt","|-damage|p1a: Staraptor|119/311|[from] recoil|[of] p2a: Luxray","|faint|p2a: Luxray","|","|","|switch|p2a: Zapdos|Zapdos|360/383 tox","|-ability|p2a: Zapdos|Pressure","|turn|17","|","|move|p1a: Staraptor|Double-Edge|p2a: Zapdos","|-damage|p2a: Zapdos|116/383 tox","|-damage|p1a: Staraptor|38/311|[from] recoil|[of] p2a: Zapdos","|move|p2a: Zapdos|Volt Switch|p1a: Staraptor","|-supereffective|p1a: Staraptor","|-damage|p1a: Staraptor|0 fnt","|faint|p1a: Staraptor","|","|switch|p2a: Ampharos|Ampharos-Mega, M|305/383","|-ability|p2a: Ampharos|Mold Breaker","|","|","|switch|p1a: Cinccino|Cinccino, F|291/291","|-activate|p1a: Cinccino|move: Sticky Web","|-unboost|p1a: Cinccino|spe|1","|turn|18","|","|move|p1a: Cinccino|Tail Slap|p2a: Ampharos","|-damage|p2a: Ampharos|253/383","|-damage|p2a: Ampharos|197/383","|-damage|p2a: Ampharos|145/383","|-damage|p2a: Ampharos|98/383","|-damage|p2a: Ampharos|43/383","|-hitcount|p2a: Ampharos|5","|-damage|p1a: Cinccino|262/291|[from] item: Life Orb","|move|p2a: Ampharos|Cotton Guard|p2a: Ampharos","|-boost|p2a: Ampharos|def|3","|","|turn|19","|","|move|p1a: Cinccino|Tail Slap|p2a: Ampharos","|-damage|p2a: Ampharos|22/383","|-damage|p2a: Ampharos|1/383","|-damage|p2a: Ampharos|0 fnt","|-hitcount|p2a: Ampharos|3","|-damage|p1a: Cinccino|233/291|[from] item: Life Orb","|faint|p2a: Ampharos","|","|","|switch|p2a: Zapdos|Zapdos|116/383 tox","|-ability|p2a: Zapdos|Pressure","|turn|20","|","|move|p2a: Zapdos|Volt Switch|p1a: Cinccino","|-damage|p1a: Cinccino|86/291","|move|p1a: Cinccino|Tail Slap|p2a: Zapdos","|-damage|p2a: Zapdos|69/383 tox","|-damage|p2a: Zapdos|26/383 tox","|-damage|p2a: Zapdos|0 fnt","|-hitcount|p2a: Zapdos|3","|-damage|p1a: Cinccino|57/291|[from] item: Life Orb","|faint|p2a: Zapdos","|","|win|Jake1079"],"p1rating":{"entryid":"7429437","serverid":"eos","formatid":"monotype","userid":"jake1079","username":"Jake1079","w":55,"l":"62","t":"0","gxe":48.4,"r":"1468.7630650162","rd":"38.042333974705","sigma":"0","rptime":"1439629200","rpr":1488.1459308093,"rprd":35.031923494756,"rpsigma":"0","acre":1204.6440952702,"lacre":1204.6440952702,"oldacre":"1172.6161196778"},"p2rating":{"entryid":"7496999","serverid":"eos","formatid":"monotype","userid":"swlrock","username":"SWL ROCK","w":"13","l":4,"t":"0","gxe":65.9,"r":"1509.6860829096","rd":"104.42198161743","sigma":"0","rptime":"1439629200","rpr":1626.751913933,"rprd":74.091131179319,"rpsigma":"0","acre":1240.961139741,"lacre":1240.961139741,"oldacre":"1272.9891153334"},"endType":"normal"}