{"seed":[17235,39898,38495,32371],"turns":25,"p1":"Knight Dooms","p2":"SL~Pixie","p1team":[{"name":"Hippo","species":"hippowdon","item":"leftovers","ability":"Sand Stream","moves":["yawn","stealthrock","slackoff","icefang"],"nature":"Impish","evs":{"hp":252,"atk":4,"def":252,"spa":0,"spd":0,"spe":0},"gender":"M","shiny":true,"ivs":{"hp":31,"atk":31,"def":31,"spa":31,"spd":31,"spe":31}},{"name":"Scori","species":"gliscor","item":"toxicorb","ability":"Poison Heal","moves":["protect","facade","nightslash","uturn"],"nature":"Jolly","evs":{"hp":4,"atk":252,"def":0,"spa":0,"spd":0,"spe":252},"gender":"M","shiny":true,"ivs":{"hp":31,"atk":31,"def":31,"spa":31,"spd":31,"spe":31}},{"name":"Terra","species":"torterra","item":"leftovers","ability":"Overgrow","moves":["earthquake","seedbomb","stoneedge","swordsdance"],"nature":"Adamant","evs":{"hp":236,"atk":204,"def":0,"spa":0,"spd":68,"spe":0},"gender":"M","shiny":true,"ivs":{"hp":31,"atk":31,"def":31,"spa":31,"spd":31,"spe":31}},{"name":"Drill","species":"excadrill","item":"choicescarf","ability":"Sand Force","moves":["ironhead","xscissor","rockslide","earthquake"],"nature":"Jolly","evs":{"hp":0,"atk":252,"def":0,"spa":0,"spd":4,"spe":252},"gender":"M","shiny":true,"ivs":{"hp":31,"atk":31,"def":31,"spa":31,"spd":31,"spe":31}},{"name":"Gasto","species":"gastrodon","item":"leftovers","ability":"Storm Drain","moves":["earthpower","toxic","recover","scald"],"nature":"Bold","evs":{"hp":252,"atk":0,"def":252,"spa":0,"spd":4,"spe":0},"gender":"M","shiny":true,"ivs":{"hp":31,"atk":31,"def":31,"spa":31,"spd":31,"spe":31}},{"name":"Chomp","species":"garchomp","item":"garchompite","ability":"Sand Veil","moves":["swordsdance","dragonclaw","earthquake","poisonjab"],"nature":"Jolly","evs":{"hp":4,"atk":252,"def":0,"spa":0,"spd":0,"spe":252},"gender":"M","shiny":true,"ivs":{"hp":31,"atk":31,"def":31,"spa":31,"spd":31,"spe":31}}],"p2team":[{"name":"Reuniclus","species":"Reuniclus","item":"leftovers","ability":"Magic Guard","moves":["calmmind","recover","shadowball","psychic"],"nature":"Bold","evs":{"hp":252,"atk":0,"def":252,"spa":4,"spd":0,"spe":0},"ivs":{"hp":31,"atk":31,"def":31,"spa":31,"spd":31,"spe":31}},{"name":"Mr. Mime","species":"Mr. Mime","item":"lightclay","ability":"Filter","moves":["reflect","lightscreen","psyshock","toxic"],"nature":"Timid","evs":{"hp":248,"atk":0,"def":0,"spa":8,"spd":0,"spe":252},"ivs":{"hp":31,"atk":31,"def":31,"spa":31,"spd":31,"spe":31}},{"name":"Slowking","species":"Slowking","item":"leftovers","ability":"Regenerator","moves":["calmmind","scald","slackoff","flamethrower"],"nature":"Calm","evs":{"hp":252,"atk":0,"def":0,"spa":4,"spd":252,"spe":0},"ivs":{"hp":31,"atk":31,"def":31,"spa":31,"spd":31,"spe":31}},{"name":"Wobbuffet","species":"Wobbuffet","item":"","ability":"Shadow Tag","moves":["encore","counter","mirrorcoat","safeguard"],"nature":"Calm","evs":{"hp":248,"atk":0,"def":8,"spa":0,"spd":252,"spe":0},"ivs":{"hp":31,"atk":31,"def":31,"spa":31,"spd":31,"spe":31}},{"name":"Solrock","species":"Solrock","item":"focussash","ability":"Levitate","moves":["stealthrock","toxic","explosion","gyroball"],"nature":"Relaxed","evs":{"hp":248,"atk":8,"def":252,"spa":0,"spd":0,"spe":0},"ivs":{"hp":31,"atk":31,"def":31,"spa":31,"spd":31,"spe":0}},{"name":"Malamar","species":"Malamar","item":"choicescarf","ability":"Contrary","moves":["psychocut","superpower","knockoff","rockslide"],"nature":"Jolly","evs":{"hp":0,"atk":252,"def":0,"spa":0,"spd":4,"spe":252},"ivs":{"hp":31,"atk":31,"def":31,"spa":31,"spd":31,"spe":31}}],"log":["|player|p1|Knight Dooms|154","|player|p2|SL~Pixie|138","|gametype|singles","|gen|6","|tier|Monotype","|rated","|rule|Baton Pass Clause: Limit one Baton Passer, can't pass Spe and other stats simultaneously","|rule|Swagger Clause: Swagger is banned","|rule|Same Type Clause: Pokémon in a team must share a type","|clearpoke","|poke|p1|Hippowdon, M, shiny","|poke|p1|Gliscor, M, shiny","|poke|p1|Torterra, M, shiny","|poke|p1|Excadrill, M, shiny","|poke|p1|Gastrodon, M, shiny","|poke|p1|Garchomp, M, shiny","|poke|p2|Reuniclus, F","|poke|p2|Mr. Mime, F","|poke|p2|Slowking, M","|poke|p2|Wobbuffet, F","|poke|p2|Solrock","|poke|p2|Malamar, F","|rule|Sleep Clause Mod: Limit one foe put to sleep","|rule|Species Clause: Limit one of each Pokémon","|rule|OHKO Clause: OHKO moves are banned","|rule|Moody Clause: Moody is banned","|rule|Evasion Moves Clause: Evasion moves are banned","|rule|Endless Battle Clause: Forcing endless battles is banned","|rule|HP Percentage Mod: HP is shown in percentages","|teampreview","|","|start","|switch|p1a: Chomp|Garchomp, M, shiny|358/358","|switch|p2a: Solrock|Solrock|343/343","|turn|1","|","|detailschange|p1a: Chomp|Garchomp-Mega, M, shiny","|-mega|p1a: Chomp|Garchomp|Garchompite","|move|p1a: Chomp|Swords Dance|p1a: Chomp","|-boost|p1a: Chomp|atk|2","|move|p2a: Solrock|Toxic|p1a: Chomp","|-status|p1a: Chomp|tox","|","|-damage|p1a: Chomp|336/358 tox|[from] psn","|turn|2","|","|move|p1a: Chomp|Earthquake|p2a: Solrock","|-immune|p2a: Solrock|[msg]","|move|p2a: Solrock|Explosion|p1a: Chomp","|-damage|p1a: Chomp|165/358 tox","|faint|p2a: Solrock","|","|-damage|p1a: Chomp|121/358 tox|[from] psn","|","|switch|p2a: Malamar|Malamar, F|313/313","|turn|3","|","|move|p2a: Malamar|Superpower|p1a: Chomp","|-damage|p1a: Chomp|18/358 tox","|-boost|p2a: Malamar|atk|1","|-boost|p2a: Malamar|def|1","|move|p1a: Chomp|Earthquake|p2a: Malamar","|-damage|p2a: Malamar|0 fnt","|faint|p2a: Malamar","|","|-damage|p1a: Chomp|0 fnt|[from] psn","|faint|p1a: Chomp","|","|switch|p2a: Mr. Mime|Mr. Mime, F|283/283","|switch|p1a: Terra|Torterra, M, shiny|390/390","|turn|4","|","|move|p2a: Mr. Mime|Toxic|p1a: Terra","|-status|p1a: Terra|tox","|move|p1a: Terra|Swords Dance|p1a: Terra","|-boost|p1a: Terra|atk|2","|","|-damage|p1a: Terra|366/390 tox|[from] psn","|turn|5","|","|move|p2a: Mr. Mime|Reflect|p2a: Mr. Mime","|-sidestart|p2: SL~Pixie|Reflect","|move|p1a: Terra|Earthquake|p2a: Mr. Mime","|-damage|p2a: Mr. Mime|64/283","|","|-heal|p1a: Terra|390/390 tox|[from] item: Leftovers","|-damage|p1a: Terra|342/390 tox|[from] psn","|turn|6","|","|move|p2a: Mr. Mime|Psyshock|p1a: Terra","|-damage|p1a: Terra|258/390 tox","|move|p1a: Terra|Earthquake|p2a: Mr. Mime","|-damage|p2a: Mr. Mime|0 fnt","|faint|p2a: Mr. Mime","|","|-heal|p1a: Terra|282/390 tox|[from] item: Leftovers","|-damage|p1a: Terra|210/390 tox|[from] psn","|","|switch|p2a: Wobbuffet|Wobbuffet, F|583/583","|turn|7","|","|move|p1a: Terra|Earthquake|p2a: Wobbuffet","|-damage|p2a: Wobbuffet|334/583","|move|p2a: Wobbuffet|Encore|p1a: Terra","|-start|p1a: Terra|Encore","|","|-heal|p1a: Terra|234/390 tox|[from] item: Leftovers","|-damage|p1a: Terra|138/390 tox|[from] psn","|turn|8","|","|move|p1a: Terra|Earthquake|p2a: Wobbuffet","|-damage|p2a: Wobbuffet|82/583","|move|p2a: Wobbuffet|Counter|p1a: Terra","|-damage|p1a: Terra|0 fnt","|faint|p1a: Terra","|","|","|switch|p1a: Scori|Gliscor, M, shiny|292/292","|turn|9","|","|move|p1a: Scori|Night Slash|p2a: Wobbuffet","|-supereffective|p2a: Wobbuffet","|-damage|p2a: Wobbuffet|0 fnt","|faint|p2a: Wobbuffet","|","|-status|p1a: Scori|tox|[from] item: Toxic Orb","|","|switch|p2a: Slowking|Slowking, M|394/394","|turn|10","|","|move|p1a: Scori|Night Slash|p2a: Slowking","|-supereffective|p2a: Slowking","|-damage|p2a: Slowking|311/394","|move|p2a: Slowking|Calm Mind|p2a: Slowking","|-boost|p2a: Slowking|spa|1","|-boost|p2a: Slowking|spd|1","|","|-heal|p2a: Slowking|335/394|[from] item: Leftovers","|turn|11","|","|move|p1a: Scori|U-turn|p2a: Slowking","|-supereffective|p2a: Slowking","|-damage|p2a: Slowking|261/394","|","|switch|p1a: Gasto|Gastrodon, M, shiny|426/426","|move|p2a: Slowking|Calm Mind|p2a: Slowking","|-boost|p2a: Slowking|spa|1","|-boost|p2a: Slowking|spd|1","|","|-heal|p2a: Slowking|285/394|[from] item: Leftovers","|turn|12","|","|switch|p2a: Reuniclus|Reuniclus, F|424/424","|move|p1a: Gasto|Toxic|p2a: Reuniclus","|-status|p2a: Reuniclus|tox","|","|-sideend|p2: SL~Pixie|Reflect","|turn|13","|","|move|p1a: Gasto|Scald|p2a: Reuniclus","|-damage|p2a: Reuniclus|330/424 tox","|move|p2a: Reuniclus|Calm Mind|p2a: Reuniclus","|-boost|p2a: Reuniclus|spa|1","|-boost|p2a: Reuniclus|spd|1","|","|-heal|p2a: Reuniclus|356/424 tox|[from] item: Leftovers","|turn|14","|","|switch|p1a: Scori|Gliscor, M, shiny|292/292 tox","|move|p2a: Reuniclus|Calm Mind|p2a: Reuniclus","|-boost|p2a: Reuniclus|spa|1","|-boost|p2a: Reuniclus|spd|1","|","|-heal|p2a: Reuniclus|382/424 tox|[from] item: Leftovers","|turn|15","|","|move|p1a: Scori|Night Slash|p2a: Reuniclus","|-supereffective|p2a: Reuniclus","|-damage|p2a: Reuniclus|262/424 tox","|move|p2a: Reuniclus|Psychic|p1a: Scori","|-damage|p1a: Scori|0 fnt","|faint|p1a: Scori","|","|-heal|p2a: Reuniclus|288/424 tox|[from] item: Leftovers","|","|switch|p1a: Drill|Excadrill, M, shiny|361/361","|turn|16","|","|move|p1a: Drill|X-Scissor|p2a: Reuniclus","|-supereffective|p2a: Reuniclus","|-damage|p2a: Reuniclus|124/424 tox","|move|p2a: Reuniclus|Psychic|p1a: Drill","|-resisted|p1a: Drill","|-damage|p1a: Drill|170/361","|","|-heal|p2a: Reuniclus|150/424 tox|[from] item: Leftovers","|turn|17","|","|move|p1a: Drill|X-Scissor|p2a: Reuniclus","|-supereffective|p2a: Reuniclus","|-damage|p2a: Reuniclus|0 fnt","|faint|p2a: Reuniclus","|","|","|switch|p2a: Slowking|Slowking, M|394/394","|turn|18","|","|move|p1a: Drill|X-Scissor|p2a: Slowking","|-supereffective|p2a: Slowking","|-damage|p2a: Slowking|172/394","|move|p2a: Slowking|Scald|p1a: Drill","|-supereffective|p1a: Drill","|-damage|p1a: Drill|0 fnt","|faint|p1a: Drill","|","|-heal|p2a: Slowking|196/394|[from] item: Leftovers","|","|switch|p1a: Hippo|Hippowdon, M, shiny|420/420","|-weather|Sandstorm","|turn|19","|","|move|p1a: Hippo|Yawn|p2a: Slowking","|-start|p2a: Slowking|move: Yawn|[of] p1a: Hippo","|move|p2a: Slowking|Slack Off|p2a: Slowking","|-heal|p2a: Slowking|393/394","|","|-weather|Sandstorm|[upkeep]","|-damage|p2a: Slowking|369/394|[from] sandstorm","|-heal|p2a: Slowking|393/394|[from] item: Leftovers","|turn|20","|","|switch|p1a: Gasto|Gastrodon, M, shiny|426/426","|move|p2a: Slowking|Calm Mind|p2a: Slowking","|-boost|p2a: Slowking|spa|1","|-boost|p2a: Slowking|spd|1","|","|-end|p2a: Slowking|move: Yawn|[silent]","|-status|p2a: Slowking|slp","|-weather|Sandstorm|[upkeep]","|-damage|p2a: Slowking|369/394 slp|[from] sandstorm","|-heal|p2a: Slowking|393/394 slp|[from] item: Leftovers","|turn|21","|","|move|p1a: Gasto|Earth Power|p2a: Slowking","|-damage|p2a: Slowking|351/394 slp","|cant|p2a: Slowking|slp","|","|-weather|Sandstorm|[upkeep]","|-damage|p2a: Slowking|327/394 slp|[from] sandstorm","|-heal|p2a: Slowking|351/394 slp|[from] item: Leftovers","|turn|22","|","|move|p1a: Gasto|Earth Power|p2a: Slowking","|-crit|p2a: Slowking","|-damage|p2a: Slowking|246/394 slp","|-unboost|p2a: Slowking|spd|1","|-curestatus|p2a: Slowking|slp","|move|p2a: Slowking|Calm Mind|p2a: Slowking","|-boost|p2a: Slowking|spa|1","|-boost|p2a: Slowking|spd|1","|","|-weather|Sandstorm|[upkeep]","|-damage|p2a: Slowking|222/394|[from] sandstorm","|-heal|p2a: Slowking|246/394|[from] item: Leftovers","|turn|23","|","|move|p1a: Gasto|Toxic|p2a: Slowking|[miss]","|-miss|p1a: Gasto|p2a: Slowking","|move|p2a: Slowking|Flamethrower|p1a: Gasto","|-resisted|p1a: Gasto","|-damage|p1a: Gasto|339/426","|","|-weather|none","|-heal|p1a: Gasto|365/426|[from] item: Leftovers","|-heal|p2a: Slowking|270/394|[from] item: Leftovers","|turn|24","|","|move|p1a: Gasto|Toxic|p2a: Slowking","|-status|p2a: Slowking|tox","|move|p2a: Slowking|Flamethrower|p1a: Gasto","|-resisted|p1a: Gasto","|-damage|p1a: Gasto|282/426","|-status|p1a: Gasto|brn","|","|-heal|p1a: Gasto|308/426 brn|[from] item: Leftovers","|-heal|p2a: Slowking|294/394 tox|[from] item: Leftovers","|-damage|p1a: Gasto|255/426 brn|[from] brn","|-damage|p2a: Slowking|270/394 tox|[from] psn","|turn|25","|","|win|Knight Dooms"],"p1rating":{"entryid":"7580420","serverid":"eos","formatid":"monotype","userid":"knightdooms","username":"Knight Dooms","w":16,"l":"3","t":"0","gxe":71.5,"r":"1497.2967865232","rd":"98.587113429244","sigma":"0","rptime":"1439629200","rpr":1676.782663114,"rprd":70.586672417844,"rpsigma":"0","acre":1332.6550146794,"lacre":1332.6550146794,"oldacre":"1319.5958811914"},"p2rating":{"entryid":"7506194","serverid":"eos","formatid":"monotype","userid":"slpixie","username":"SL~Pixie","w":"9","l":7,"t":"0","gxe":57.4,"r":"1555.8143963907","rd":"79.762329615344","sigma":"0","rptime":"1439629200","rpr":1557.2303416926,"rprd":76.20109889985,"rpsigma":"0","acre":1177.4730847892,"lacre":1177.4730847892,"oldacre":"1193.7970016492"},"endType":"forfeit"}