{"seed":[43781,24218,48649,39625],"turns":41,"p1":"tboltrider","p2":"Twizz •~•","p1team":[{"name":"Altaria","species":"Altaria","item":"altarianite","ability":"Natural Cure","moves":["hypervoice","roost","flamethrower","healbell"],"nature":"Modest","evs":{"hp":0,"atk":0,"def":104,"spa":252,"spd":0,"spe":152},"gender":"F","ivs":{"hp":31,"atk":31,"def":31,"spa":31,"spd":31,"spe":31}},{"name":"Landorus-Therian","species":"Landorus-Therian","item":"assaultvest","ability":"Intimidate","moves":["earthquake","knockoff","uturn","stoneedge"],"nature":"Jolly","evs":{"hp":0,"atk":56,"def":0,"spa":0,"spd":200,"spe":252},"ivs":{"hp":31,"atk":31,"def":31,"spa":31,"spd":31,"spe":31}},{"name":"Skarmory","species":"Skarmory","item":"rockyhelmet","ability":"Sturdy","moves":["roost","swordsdance","stealthrock","ironhead"],"nature":"Jolly","evs":{"hp":0,"atk":128,"def":0,"spa":0,"spd":248,"spe":132},"gender":"M","ivs":{"hp":31,"atk":31,"def":31,"spa":31,"spd":31,"spe":31}},{"name":"Togekiss","species":"Togekiss","item":"leftovers","ability":"Serene Grace","moves":["aurasphere","airslash","softboiled","thunderwave"],"nature":"Modest","evs":{"hp":0,"atk":0,"def":148,"spa":108,"spd":0,"spe":252},"gender":"F","ivs":{"hp":31,"atk":31,"def":31,"spa":31,"spd":31,"spe":31}},{"name":"Mandibuzz","species":"Mandibuzz","item":"weaknesspolicy","ability":"Big Pecks","moves":["bravebird","defog","foulplay","taunt"],"nature":"Adamant","evs":{"hp":0,"atk":232,"def":0,"spa":0,"spd":156,"spe":120},"ivs":{"hp":31,"atk":31,"def":31,"spa":31,"spd":31,"spe":31}},{"name":"Hawlucha","species":"Hawlucha","item":"sitrusberry","ability":"Unburden","moves":["swordsdance","acrobatics","highjumpkick","substitute"],"nature":"Careful","evs":{"hp":12,"atk":252,"def":0,"spa":0,"spd":0,"spe":244},"ivs":{"hp":31,"atk":31,"def":31,"spa":31,"spd":31,"spe":31}}],"p2team":[{"name":"Magnezone","species":"Magnezone","item":"leftovers","ability":"Sturdy","moves":["flashcannon","thunderbolt","protect","hiddenpowerice"],"nature":"Modest","evs":{"hp":76,"atk":0,"def":180,"spa":252,"spd":0,"spe":0},"ivs":{"hp":31,"atk":30,"def":30,"spa":31,"spd":31,"spe":31}},{"name":"Zapdos","species":"Zapdos","item":"leftovers","ability":"Pressure","moves":["discharge","heatwave","toxic","roost"],"nature":"Bold","evs":{"hp":4,"atk":0,"def":252,"spa":56,"spd":196,"spe":0},"ivs":{"hp":31,"atk":31,"def":31,"spa":31,"spd":31,"spe":31}},{"name":"Ampharos","species":"Ampharos","item":"ampharosite","ability":"Static","moves":["cottonguard","rest","sleeptalk","dragonpulse"],"nature":"Bold","evs":{"hp":0,"atk":0,"def":252,"spa":136,"spd":120,"spe":0},"ivs":{"hp":31,"atk":31,"def":31,"spa":31,"spd":31,"spe":31}},{"name":"Raikou","species":"Raikou","item":"leftovers","ability":"Pressure","moves":["calmmind","substitute","thunderbolt","extrasensory"],"nature":"Timid","evs":{"hp":0,"atk":0,"def":0,"spa":252,"spd":4,"spe":252},"ivs":{"hp":31,"atk":31,"def":31,"spa":31,"spd":31,"spe":31}},{"name":"Rotom-Wash","species":"Rotom-Wash","item":"choicescarf","ability":"Levitate","moves":["voltswitch","hydropump","willowisp","trick"],"nature":"Timid","evs":{"hp":0,"atk":0,"def":0,"spa":252,"spd":4,"spe":252},"ivs":{"hp":31,"atk":31,"def":31,"spa":31,"spd":31,"spe":31}},{"name":"Condom","species":"eelektross","item":"assaultvest","ability":"Levitate","moves":["gigadrain","thunderbolt","drainpunch","knockoff"],"nature":"Quiet","evs":{"hp":3,"atk":136,"def":0,"spa":108,"spd":252,"spe":0},"ivs":{"hp":31,"atk":31,"def":31,"spa":31,"spd":31,"spe":31}}],"log":["|player|p1|tboltrider|93","|player|p2|Twizz •~•|264","|gametype|singles","|gen|6","|tier|Monotype","|rated","|rule|Baton Pass Clause: Limit one Baton Passer, can't pass Spe and other stats simultaneously","|rule|Swagger Clause: Swagger is banned","|rule|Same Type Clause: Pokémon in a team must share a type","|clearpoke","|poke|p1|Altaria, F","|poke|p1|Landorus-Therian, M","|poke|p1|Skarmory, M","|poke|p1|Togekiss, F","|poke|p1|Mandibuzz, F","|poke|p1|Hawlucha, F","|poke|p2|Magnezone","|poke|p2|Zapdos","|poke|p2|Ampharos, F","|poke|p2|Raikou","|poke|p2|Rotom-Wash","|poke|p2|Eelektross, F","|rule|Sleep Clause Mod: Limit one foe put to sleep","|rule|Species Clause: Limit one of each Pokémon","|rule|OHKO Clause: OHKO moves are banned","|rule|Moody Clause: Moody is banned","|rule|Evasion Moves Clause: Evasion moves are banned","|rule|Endless Battle Clause: Forcing endless battles is banned","|rule|HP Percentage Mod: HP is shown in percentages","|teampreview","|","|start","|switch|p1a: Skarmory|Skarmory, M|271/271","|switch|p2a: Rotom-Wash|Rotom-Wash|241/241","|turn|1","|","|move|p2a: Rotom-Wash|Volt Switch|p1a: Skarmory","|-supereffective|p1a: Skarmory","|-damage|p1a: Skarmory|43/271","|","|switch|p2a: Zapdos|Zapdos|322/322","|-ability|p2a: Zapdos|Pressure","|move|p1a: Skarmory|Stealth Rock|p2a: Zapdos","|-sidestart|p2: Twizz •~•|move: Stealth Rock","|","|turn|2","|","|move|p2a: Zapdos|Heat Wave|p1a: Skarmory","|-supereffective|p1a: Skarmory","|-damage|p1a: Skarmory|0 fnt","|faint|p1a: Skarmory","|","|","|switch|p1a: Landorus-Therian|Landorus-Therian, M|319/319","|-ability|p1a: Landorus-Therian|Intimidate","|-unboost|p2a: Zapdos|atk|1","|turn|3","|","|move|p1a: Landorus-Therian|Stone Edge|p2a: Zapdos|[miss]","|-miss|p1a: Landorus-Therian|p2a: Zapdos","|move|p2a: Zapdos|Roost|p2a: Zapdos","|-fail|p2a: Zapdos","|","|turn|4","|","|switch|p2a: Magnezone|Magnezone|300/300","|-damage|p2a: Magnezone|282/300|[from] Stealth Rock","|move|p1a: Landorus-Therian|Knock Off|p2a: Magnezone","|-damage|p2a: Magnezone|199/300","|-enditem|p2a: Magnezone|Leftovers|[from] move: Knock Off|[of] p1a: Landorus-Therian","|","|turn|5","|","|move|p1a: Landorus-Therian|Earthquake|p2a: Magnezone","|-supereffective|p2a: Magnezone","|-damage|p2a: Magnezone|0 fnt","|faint|p2a: Magnezone","|","|","|switch|p2a: Rotom-Wash|Rotom-Wash|241/241","|-damage|p2a: Rotom-Wash|211/241|[from] Stealth Rock","|turn|6","|","|move|p2a: Rotom-Wash|Will-O-Wisp|p1a: Landorus-Therian","|-status|p1a: Landorus-Therian|brn","|move|p1a: Landorus-Therian|U-turn|p2a: Rotom-Wash","|-damage|p2a: Rotom-Wash|175/241","|","|switch|p1a: Mandibuzz|Mandibuzz, F|361/361","|","|turn|7","|","|move|p2a: Rotom-Wash|Will-O-Wisp|p1a: Mandibuzz|[miss]","|-miss|p2a: Rotom-Wash|p1a: Mandibuzz","|move|p1a: Mandibuzz|Taunt|p2a: Rotom-Wash","|-start|p2a: Rotom-Wash|move: Taunt","|","|turn|8","|","|switch|p2a: Zapdos|Zapdos|322/322","|-damage|p2a: Zapdos|242/322|[from] Stealth Rock","|-ability|p2a: Zapdos|Pressure","|move|p1a: Mandibuzz|Foul Play|p2a: Zapdos","|-crit|p2a: Zapdos","|-damage|p2a: Zapdos|124/322","|","|-heal|p2a: Zapdos|144/322|[from] item: Leftovers","|turn|9","|","|move|p2a: Zapdos|Roost|p2a: Zapdos","|-heal|p2a: Zapdos|305/322","|move|p1a: Mandibuzz|Foul Play|p2a: Zapdos","|-damage|p2a: Zapdos|227/322","|","|-heal|p2a: Zapdos|247/322|[from] item: Leftovers","|turn|10","|","|move|p2a: Zapdos|Discharge|p1a: Mandibuzz","|-supereffective|p1a: Mandibuzz","|-damage|p1a: Mandibuzz|133/361","|-enditem|p1a: Mandibuzz|Weakness Policy","|-boost|p1a: Mandibuzz|atk|2|[from] item: Weakness Policy","|-boost|p1a: Mandibuzz|spa|2|[from] item: Weakness Policy","|-status|p1a: Mandibuzz|par","|move|p1a: Mandibuzz|Foul Play|p2a: Zapdos","|-damage|p2a: Zapdos|180/322","|","|-heal|p2a: Zapdos|200/322|[from] item: Leftovers","|turn|11","|","|move|p2a: Zapdos|Discharge|p1a: Mandibuzz","|-supereffective|p1a: Mandibuzz","|-damage|p1a: Mandibuzz|0 fnt","|faint|p1a: Mandibuzz","|","|-heal|p2a: Zapdos|220/322|[from] item: Leftovers","|","|switch|p1a: Landorus-Therian|Landorus-Therian, M|319/319 brn","|-ability|p1a: Landorus-Therian|Intimidate","|-unboost|p2a: Zapdos|atk|1","|turn|12","|","|move|p1a: Landorus-Therian|Stone Edge|p2a: Zapdos","|-crit|p2a: Zapdos","|-supereffective|p2a: Zapdos","|-damage|p2a: Zapdos|82/322","|move|p2a: Zapdos|Roost|p2a: Zapdos","|-heal|p2a: Zapdos|243/322","|","|-heal|p2a: Zapdos|263/322|[from] item: Leftovers","|-damage|p1a: Landorus-Therian|280/319 brn|[from] brn","|turn|13","|","|switch|p1a: Altaria|Altaria, F|291/291","|move|p2a: Zapdos|Roost|p2a: Zapdos","|-heal|p2a: Zapdos|322/322","|","|turn|14","|","|detailschange|p1a: Altaria|Altaria-Mega, F","|-mega|p1a: Altaria|Altaria|Altarianite","|move|p2a: Zapdos|Toxic|p1a: Altaria","|-status|p1a: Altaria|tox","|move|p1a: Altaria|Heal Bell|p1a: Altaria","|-cureteam|p1a: Altaria|[from] move: HealBell","|","|turn|15","|","|move|p2a: Zapdos|Toxic|p1a: Altaria","|-status|p1a: Altaria|tox","|move|p1a: Altaria|Hyper Voice|p2a: Zapdos","|-damage|p2a: Zapdos|150/322","|","|-heal|p2a: Zapdos|170/322|[from] item: Leftovers","|-damage|p1a: Altaria|273/291 tox|[from] psn","|turn|16","|","|move|p2a: Zapdos|Roost|p2a: Zapdos","|-heal|p2a: Zapdos|322/322","|move|p1a: Altaria|Hyper Voice|p2a: Zapdos","|-damage|p2a: Zapdos|148/322","|","|-heal|p2a: Zapdos|168/322|[from] item: Leftovers","|-damage|p1a: Altaria|237/291 tox|[from] psn","|turn|17","|","|move|p2a: Zapdos|Roost|p2a: Zapdos","|-heal|p2a: Zapdos|322/322","|move|p1a: Altaria|Hyper Voice|p2a: Zapdos","|-damage|p2a: Zapdos|154/322","|","|-heal|p2a: Zapdos|174/322|[from] item: Leftovers","|-damage|p1a: Altaria|183/291 tox|[from] psn","|turn|18","|","|move|p2a: Zapdos|Roost|p2a: Zapdos","|-heal|p2a: Zapdos|322/322","|move|p1a: Altaria|Roost|p1a: Altaria","|-heal|p1a: Altaria|291/291 tox","|","|-damage|p1a: Altaria|219/291 tox|[from] psn","|turn|19","|","|move|p2a: Zapdos|Discharge|p1a: Altaria","|-resisted|p1a: Altaria","|-damage|p1a: Altaria|167/291 tox","|move|p1a: Altaria|Roost|p1a: Altaria","|-heal|p1a: Altaria|291/291 tox","|","|-damage|p1a: Altaria|201/291 tox|[from] psn","|turn|20","|","|move|p2a: Zapdos|Discharge|p1a: Altaria","|-resisted|p1a: Altaria","|-damage|p1a: Altaria|139/291 tox","|move|p1a: Altaria|Heal Bell|p1a: Altaria","|-cureteam|p1a: Altaria|[from] move: HealBell","|","|turn|21","|","|move|p2a: Zapdos|Toxic|p1a: Altaria","|-status|p1a: Altaria|tox","|move|p1a: Altaria|Roost|p1a: Altaria","|-heal|p1a: Altaria|285/291 tox","|","|-damage|p1a: Altaria|267/291 tox|[from] psn","|turn|22","|","|move|p2a: Zapdos|Discharge|p1a: Altaria","|-resisted|p1a: Altaria","|-damage|p1a: Altaria|209/291 tox","|move|p1a: Altaria|Heal Bell|p1a: Altaria","|-cureteam|p1a: Altaria|[from] move: HealBell","|","|turn|23","|","|move|p2a: Zapdos|Toxic|p1a: Altaria","|-status|p1a: Altaria|tox","|move|p1a: Altaria|Hyper Voice|p2a: Zapdos","|-damage|p2a: Zapdos|135/322","|","|-heal|p2a: Zapdos|155/322|[from] item: Leftovers","|-damage|p1a: Altaria|191/291 tox|[from] psn","|turn|24","|","|move|p2a: Zapdos|Roost|p2a: Zapdos","|-heal|p2a: Zapdos|316/322","|move|p1a: Altaria|Hyper Voice|p2a: Zapdos","|-damage|p2a: Zapdos|138/322","|","|-heal|p2a: Zapdos|158/322|[from] item: Leftovers","|-damage|p1a: Altaria|155/291 tox|[from] psn","|turn|25","|","|switch|p1a: Landorus-Therian|Landorus-Therian, M|280/319","|-ability|p1a: Landorus-Therian|Intimidate","|-unboost|p2a: Zapdos|atk|1","|move|p2a: Zapdos|Roost|p2a: Zapdos","|-heal|p2a: Zapdos|319/322","|","|-heal|p2a: Zapdos|322/322|[from] item: Leftovers","|turn|26","|","|switch|p2a: Rotom-Wash|Rotom-Wash|175/241","|-damage|p2a: Rotom-Wash|145/241|[from] Stealth Rock","|move|p1a: Landorus-Therian|Knock Off|p2a: Rotom-Wash","|-damage|p2a: Rotom-Wash|42/241","|-enditem|p2a: Rotom-Wash|Choice Scarf|[from] move: Knock Off|[of] p1a: Landorus-Therian","|","|turn|27","|","|move|p1a: Landorus-Therian|Knock Off|p2a: Rotom-Wash","|-damage|p2a: Rotom-Wash|0 fnt","|faint|p2a: Rotom-Wash","|","|","|switch|p2a: Raikou|Raikou|321/321","|-damage|p2a: Raikou|281/321|[from] Stealth Rock","|-ability|p2a: Raikou|Pressure","|turn|28","|","|move|p2a: Raikou|Substitute|p2a: Raikou","|-start|p2a: Raikou|Substitute","|-damage|p2a: Raikou|201/321","|move|p1a: Landorus-Therian|Earthquake|p2a: Raikou","|-supereffective|p2a: Raikou","|-end|p2a: Raikou|Substitute","|","|-heal|p2a: Raikou|221/321|[from] item: Leftovers","|turn|29","|","|move|p2a: Raikou|Substitute|p2a: Raikou","|-start|p2a: Raikou|Substitute","|-damage|p2a: Raikou|141/321","|move|p1a: Landorus-Therian|Knock Off|p2a: Raikou","|-end|p2a: Raikou|Substitute","|","|-heal|p2a: Raikou|161/321|[from] item: Leftovers","|turn|30","|","|move|p2a: Raikou|Substitute|p2a: Raikou","|-start|p2a: Raikou|Substitute","|-damage|p2a: Raikou|81/321","|move|p1a: Landorus-Therian|Knock Off|p2a: Raikou","|-end|p2a: Raikou|Substitute","|","|-heal|p2a: Raikou|101/321|[from] item: Leftovers","|turn|31","|","|move|p2a: Raikou|Extrasensory|p1a: Landorus-Therian","|-damage|p1a: Landorus-Therian|225/319","|move|p1a: Landorus-Therian|Earthquake|p2a: Raikou","|-supereffective|p2a: Raikou","|-damage|p2a: Raikou|0 fnt","|faint|p2a: Raikou","|","|","|switch|p2a: Condom|Eelektross, F|311/311","|-damage|p2a: Condom|273/311|[from] Stealth Rock","|turn|32","|","|move|p1a: Landorus-Therian|Knock Off|p2a: Condom","|-damage|p2a: Condom|135/311","|-enditem|p2a: Condom|Assault Vest|[from] move: Knock Off|[of] p1a: Landorus-Therian","|move|p2a: Condom|Knock Off|p1a: Landorus-Therian","|-damage|p1a: Landorus-Therian|114/319","|-enditem|p1a: Landorus-Therian|Assault Vest|[from] move: Knock Off|[of] p2a: Condom","|","|turn|33","|","|move|p1a: Landorus-Therian|U-turn|p2a: Condom","|-damage|p2a: Condom|45/311","|","|switch|p1a: Altaria|Altaria-Mega, F|155/291 tox","|move|p2a: Condom|Giga Drain|p1a: Altaria","|-resisted|p1a: Altaria","|-damage|p1a: Altaria|117/291 tox","|-heal|p2a: Condom|64/311|[from] drain|[of] p1a: Altaria","|","|-damage|p1a: Altaria|99/291 tox|[from] psn","|turn|34","|","|switch|p2a: Zapdos|Zapdos|322/322","|-damage|p2a: Zapdos|242/322|[from] Stealth Rock","|-ability|p2a: Zapdos|Pressure","|move|p1a: Altaria|Heal Bell|p1a: Altaria","|-cureteam|p1a: Altaria|[from] move: HealBell","|","|-heal|p2a: Zapdos|262/322|[from] item: Leftovers","|turn|35","|","|move|p2a: Zapdos|Toxic|p1a: Altaria","|-status|p1a: Altaria|tox","|move|p1a: Altaria|Roost|p1a: Altaria","|-heal|p1a: Altaria|245/291 tox","|","|-heal|p2a: Zapdos|282/322|[from] item: Leftovers","|-damage|p1a: Altaria|227/291 tox|[from] psn","|turn|36","|","|switch|p1a: Landorus-Therian|Landorus-Therian, M|114/319","|-ability|p1a: Landorus-Therian|Intimidate","|-unboost|p2a: Zapdos|atk|1","|move|p2a: Zapdos|Discharge|p1a: Landorus-Therian","|-immune|p1a: Landorus-Therian|[msg]","|","|-heal|p2a: Zapdos|302/322|[from] item: Leftovers","|turn|37","|","|move|p1a: Landorus-Therian|Knock Off|p2a: Zapdos","|-damage|p2a: Zapdos|216/322","|-enditem|p2a: Zapdos|Leftovers|[from] move: Knock Off|[of] p1a: Landorus-Therian","|move|p2a: Zapdos|Roost|p2a: Zapdos","|-heal|p2a: Zapdos|322/322","|","|turn|38","|","|move|p1a: Landorus-Therian|Stone Edge|p2a: Zapdos","|-supereffective|p2a: Zapdos","|-damage|p2a: Zapdos|138/322","|move|p2a: Zapdos|Toxic|p1a: Landorus-Therian|[miss]","|-miss|p2a: Zapdos|p1a: Landorus-Therian","|","|turn|39","|","|move|p1a: Landorus-Therian|Stone Edge|p2a: Zapdos","|-supereffective|p2a: Zapdos","|-damage|p2a: Zapdos|0 fnt","|faint|p2a: Zapdos","|","|","|switch|p2a: Ampharos|Ampharos, F|321/321","|-damage|p2a: Ampharos|281/321|[from] Stealth Rock","|turn|40","|","|detailschange|p2a: Ampharos|Ampharos-Mega, F","|-mega|p2a: Ampharos|Ampharos|Ampharosite","|-ability|p2a: Ampharos|Mold Breaker","|move|p1a: Landorus-Therian|Earthquake|p2a: Ampharos","|-supereffective|p2a: Ampharos","|-damage|p2a: Ampharos|29/321","|move|p2a: Ampharos|Dragon Pulse|p1a: Landorus-Therian","|-damage|p1a: Landorus-Therian|0 fnt","|faint|p1a: Landorus-Therian","|","|","|switch|p1a: Togekiss|Togekiss, F|311/311","|turn|41","|","|move|p1a: Togekiss|Air Slash|p2a: Ampharos","|-resisted|p2a: Ampharos","|-damage|p2a: Ampharos|0 fnt","|faint|p2a: Ampharos","|","|","|win|tboltrider"],"p1rating":{"entryid":"6783929","serverid":"eos","formatid":"monotype","userid":"tboltrider","username":"tboltrider","w":25,"l":"33","t":"0","gxe":44.5,"r":"1451.2946731047","rd":"49.771706550988","sigma":"0","rptime":"1439629200","rpr":1458.4271809358,"rprd":49.281280675923,"rpsigma":"0","acre":1159.2059037413,"lacre":1159.2059037413,"oldacre":"1133.7040749942"},"p2rating":{"entryid":"6985408","serverid":"eos","formatid":"monotype","userid":"twizz","username":"Twizz","w":"28","l":37,"t":"0","gxe":43.5,"r":"1462.8941177899","rd":"49.686654244209","sigma":"0","rptime":"1439629200","rpr":1450.4363018838,"rprd":47.200230491201,"rpsigma":"0","acre":1115.1773097552,"lacre":1115.1773097552,"oldacre":"1140.6791385023"},"endType":"forfeit"}