{"seed":[35470,57922,12195,32985],"turns":49,"p1":"SWL ROCK","p2":"Doctor Vergi","p1team":[{"name":"Galvantula","species":"Galvantula","item":"focussash","ability":"Compound Eyes","moves":["thunder","bugbuzz","stickyweb","voltswitch"],"nature":"Timid","evs":{"hp":0,"atk":0,"def":0,"spa":252,"spd":4,"spe":252},"ivs":{"hp":31,"atk":31,"def":31,"spa":31,"spd":31,"spe":31}},{"name":"Magnezone","species":"Magnezone","item":"choicescarf","ability":"Magnet Pull","moves":["voltswitch","hiddenpowerfire","flashcannon","thunderbolt"],"nature":"Timid","evs":{"hp":4,"atk":0,"def":0,"spa":252,"spd":0,"spe":252},"ivs":{"hp":31,"atk":30,"def":31,"spa":30,"spd":31,"spe":30}},{"name":"Zapdos","species":"Zapdos","item":"leftovers","ability":"Pressure","moves":["voltswitch","roost","defog","discharge"],"nature":"Bold","evs":{"hp":248,"atk":0,"def":176,"spa":68,"spd":0,"spe":16},"ivs":{"hp":31,"atk":31,"def":31,"spa":31,"spd":31,"spe":31}},{"name":"Thundurus","species":"Thundurus","item":"lifeorb","ability":"Defiant","moves":["thunderbolt","knockoff","superpower","hiddenpowerice"],"nature":"Naive","evs":{"hp":0,"atk":76,"def":0,"spa":180,"spd":0,"spe":252},"ivs":{"hp":31,"atk":30,"def":30,"spa":31,"spd":31,"spe":31}},{"name":"Ampharos","species":"Ampharos","item":"ampharosite","ability":"Static","moves":["discharge","dragonpulse","rest","cottonguard"],"nature":"Calm","evs":{"hp":250,"atk":0,"def":0,"spa":28,"spd":232,"spe":0},"ivs":{"hp":31,"atk":31,"def":31,"spa":31,"spd":31,"spe":31}},{"name":"Luxray","species":"Luxray","item":"choiceband","ability":"Guts","moves":["wildcharge","superpower","crunch","facade"],"nature":"Adamant","evs":{"hp":0,"atk":252,"def":0,"spa":0,"spd":4,"spe":252},"ivs":{"hp":31,"atk":31,"def":31,"spa":31,"spd":31,"spe":31}}],"p2team":[{"name":"Klein","species":"excadrill","item":"choicescarf","ability":"Mold Breaker","moves":["rapidspin","earthquake","ironhead","rockslide"],"nature":"Jolly","evs":{"hp":0,"atk":252,"def":0,"spa":0,"spd":4,"spe":252},"ivs":{"hp":31,"atk":31,"def":31,"spa":31,"spd":31,"spe":31}},{"name":"Agil","species":"heatran","item":"airballoon","ability":"Flash Fire","moves":["flashcannon","lavaplume","stealthrock","toxic"],"nature":"Calm","evs":{"hp":252,"atk":0,"def":0,"spa":60,"spd":196,"spe":0},"ivs":{"hp":31,"atk":31,"def":31,"spa":31,"spd":31,"spe":31}},{"name":"Sinon","species":"empoleon","item":"assaultvest","ability":"Torrent","moves":["scald","flashcannon","icebeam","grassknot"],"nature":"Calm","evs":{"hp":248,"atk":0,"def":0,"spa":100,"spd":160,"spe":0},"ivs":{"hp":31,"atk":31,"def":31,"spa":31,"spd":31,"spe":31}},{"name":"Lisbeth","species":"skarmory","item":"leftovers","ability":"Sturdy","moves":["spikes","roost","drillpeck","whirlwind"],"nature":"Impish","evs":{"hp":252,"atk":0,"def":232,"spa":0,"spd":0,"spe":24},"ivs":{"hp":31,"atk":31,"def":31,"spa":31,"spd":31,"spe":31}},{"name":"Kirito","species":"ferrothorn","item":"leftovers","ability":"Iron Barbs","moves":["leechseed","protect","powerwhip","thunderwave"],"nature":"Sassy","evs":{"hp":216,"atk":0,"def":88,"spa":0,"spd":204,"spe":0},"ivs":{"hp":31,"atk":31,"def":31,"spa":31,"spd":31,"spe":0}},{"name":"Asuna","species":"scizor","item":"scizorite","ability":"Technician","moves":["knockoff","bulletpunch","swordsdance","roost"],"nature":"Impish","evs":{"hp":248,"atk":8,"def":252,"spa":0,"spd":0,"spe":0},"ivs":{"hp":31,"atk":31,"def":31,"spa":31,"spd":31,"spe":31}}],"log":["|player|p1|SWL ROCK|49","|player|p2|Doctor Vergi|doctorvergi.png","|gametype|singles","|gen|6","|tier|Monotype","|rated","|rule|Baton Pass Clause: Limit one Baton Passer, can't pass Spe and other stats simultaneously","|rule|Swagger Clause: Swagger is banned","|rule|Same Type Clause: Pokémon in a team must share a type","|clearpoke","|poke|p1|Galvantula, M","|poke|p1|Magnezone","|poke|p1|Zapdos","|poke|p1|Thundurus, M","|poke|p1|Ampharos, M","|poke|p1|Luxray, M","|poke|p2|Excadrill, M","|poke|p2|Heatran, M","|poke|p2|Empoleon, F","|poke|p2|Skarmory, F","|poke|p2|Ferrothorn, F","|poke|p2|Scizor, M","|rule|Sleep Clause Mod: Limit one foe put to sleep","|rule|Species Clause: Limit one of each Pokémon","|rule|OHKO Clause: OHKO moves are banned","|rule|Moody Clause: Moody is banned","|rule|Evasion Moves Clause: Evasion moves are banned","|rule|Endless Battle Clause: Forcing endless battles is banned","|rule|HP Percentage Mod: HP is shown in percentages","|teampreview","|","|start","|switch|p1a: Magnezone|Magnezone|282/282","|switch|p2a: Agil|Heatran, M|386/386","|-item|p2a: Agil|Air Balloon","|turn|1","|","|move|p1a: Magnezone|Volt Switch|p2a: Agil","|-damage|p2a: Agil|290/386","|-enditem|p2a: Agil|Air Balloon","|","|switch|p1a: Galvantula|Galvantula, M|281/281","|move|p2a: Agil|Stealth Rock|p1a: Galvantula","|-sidestart|p1: SWL ROCK|move: Stealth Rock","|","|turn|2","|","|move|p1a: Galvantula|Sticky Web|p2a: Agil","|-sidestart|p2: Doctor Vergi|move: Sticky Web","|move|p2a: Agil|Lava Plume|p1a: Galvantula","|-supereffective|p1a: Galvantula","|-enditem|p1a: Galvantula|Focus Sash","|-damage|p1a: Galvantula|1/281","|","|turn|3","|","|switch|p2a: Kirito|Ferrothorn, F|343/343","|-activate|p2a: Kirito|move: Sticky Web","|-unboost|p2a: Kirito|spe|1","|move|p1a: Galvantula|Thunder|p2a: Kirito","|-resisted|p2a: Kirito","|-damage|p2a: Kirito|292/343","|","|-heal|p2a: Kirito|313/343|[from] item: Leftovers","|turn|4","|","|move|p1a: Galvantula|Volt Switch|p2a: Kirito","|-resisted|p2a: Kirito","|-damage|p2a: Kirito|279/343","|","|switch|p1a: Magnezone|Magnezone|282/282","|-damage|p1a: Magnezone|265/282|[from] Stealth Rock","|move|p2a: Kirito|Leech Seed|p1a: Magnezone|[miss]","|-miss|p2a: Kirito|p1a: Magnezone","|","|-heal|p2a: Kirito|300/343|[from] item: Leftovers","|turn|5","|","|move|p2a: Kirito|Protect|p2a: Kirito","|-singleturn|p2a: Kirito|Protect","|move|p1a: Magnezone|Hidden Power|p2a: Kirito","|-activate|p2a: Kirito|Protect","|","|-heal|p2a: Kirito|321/343|[from] item: Leftovers","|turn|6","|","|move|p1a: Magnezone|Hidden Power|p2a: Kirito","|-supereffective|p2a: Kirito","|-damage|p2a: Kirito|109/343","|move|p2a: Kirito|Leech Seed|p1a: Magnezone","|-start|p1a: Magnezone|move: Leech Seed","|","|-heal|p2a: Kirito|130/343|[from] item: Leftovers","|-damage|p1a: Magnezone|230/282|[from] Leech Seed|[of] p2a: Kirito","|-heal|p2a: Kirito|165/343|[silent]","|turn|7","|","|move|p2a: Kirito|Protect|p2a: Kirito","|-singleturn|p2a: Kirito|Protect","|move|p1a: Magnezone|Hidden Power|p2a: Kirito","|-activate|p2a: Kirito|Protect","|","|-heal|p2a: Kirito|186/343|[from] item: Leftovers","|-damage|p1a: Magnezone|195/282|[from] Leech Seed|[of] p2a: Kirito","|-heal|p2a: Kirito|221/343|[silent]","|turn|8","|","|move|p2a: Kirito|Protect|p2a: Kirito","|-fail|p2a: Kirito","|move|p1a: Magnezone|Hidden Power|p2a: Kirito","|-supereffective|p2a: Kirito","|-damage|p2a: Kirito|37/343","|","|-heal|p2a: Kirito|58/343|[from] item: Leftovers","|-damage|p1a: Magnezone|160/282|[from] Leech Seed|[of] p2a: Kirito","|-heal|p2a: Kirito|93/343|[silent]","|turn|9","|","|move|p2a: Kirito|Protect|p2a: Kirito","|-singleturn|p2a: Kirito|Protect","|move|p1a: Magnezone|Hidden Power|p2a: Kirito","|-activate|p2a: Kirito|Protect","|","|-heal|p2a: Kirito|114/343|[from] item: Leftovers","|-damage|p1a: Magnezone|125/282|[from] Leech Seed|[of] p2a: Kirito","|-heal|p2a: Kirito|149/343|[silent]","|turn|10","|","|move|p2a: Kirito|Protect|p2a: Kirito","|-fail|p2a: Kirito","|move|p1a: Magnezone|Hidden Power|p2a: Kirito","|-crit|p2a: Kirito","|-supereffective|p2a: Kirito","|-damage|p2a: Kirito|0 fnt","|faint|p2a: Kirito","|","|","|switch|p2a: Sinon|Empoleon, F|371/371","|-activate|p2a: Sinon|move: Sticky Web","|-unboost|p2a: Sinon|spe|1","|turn|11","|","|switch|p1a: Galvantula|Galvantula, M|1/281","|-damage|p1a: Galvantula|0 fnt|[from] Stealth Rock","|faint|p1a: Galvantula","|move|p2a: Sinon|Scald|p1: Galvantula|[notarget]","|-notarget","|","|","|switch|p1a: Magnezone|Magnezone|125/282","|-damage|p1a: Magnezone|108/282|[from] Stealth Rock","|turn|12","|","|move|p1a: Magnezone|Thunderbolt|p2a: Sinon","|-supereffective|p2a: Sinon","|-damage|p2a: Sinon|189/371","|move|p2a: Sinon|Scald|p1a: Magnezone","|-damage|p1a: Magnezone|0 fnt","|faint|p1a: Magnezone","|","|","|switch|p1a: Ampharos|Ampharos, M|383/383","|-damage|p1a: Ampharos|336/383|[from] Stealth Rock","|turn|13","|","|switch|p2a: Klein|Excadrill, M|361/361","|-activate|p2a: Klein|move: Sticky Web","|-unboost|p2a: Klein|spe|1","|-ability|p2a: Klein|Mold Breaker","|detailschange|p1a: Ampharos|Ampharos-Mega, M","|-mega|p1a: Ampharos|Ampharos|Ampharosite","|-ability|p1a: Ampharos|Mold Breaker","|move|p1a: Ampharos|Cotton Guard|p1a: Ampharos","|-boost|p1a: Ampharos|def|3","|","|turn|14","|","|move|p2a: Klein|Rapid Spin|p1a: Ampharos","|-damage|p1a: Ampharos|325/383","|-sideend|p2: Doctor Vergi|Sticky Web|[from] move: Rapid Spin|[of] p2a: Klein","|move|p1a: Ampharos|Cotton Guard|p1a: Ampharos","|-boost|p1a: Ampharos|def|3","|","|turn|15","|","|switch|p2a: Agil|Heatran, M|290/386","|move|p1a: Ampharos|Dragon Pulse|p2a: Agil","|-resisted|p2a: Agil","|-damage|p2a: Agil|229/386","|","|turn|16","|","|move|p2a: Agil|Toxic|p1a: Ampharos","|-status|p1a: Ampharos|tox","|move|p1a: Ampharos|Discharge|p2a: Agil","|-damage|p2a: Agil|124/386","|-status|p2a: Agil|par","|","|-damage|p1a: Ampharos|302/383 tox|[from] psn","|turn|17","|","|switch|p2a: Sinon|Empoleon, F|189/371","|move|p1a: Ampharos|Dragon Pulse|p2a: Sinon","|-resisted|p2a: Sinon","|-damage|p2a: Sinon|147/371","|","|-damage|p1a: Ampharos|256/383 tox|[from] psn","|turn|18","|","|move|p2a: Sinon|Ice Beam|p1a: Ampharos","|-supereffective|p1a: Ampharos","|-damage|p1a: Ampharos|136/383 tox","|move|p1a: Ampharos|Rest|p1a: Ampharos","|-status|p1a: Ampharos|slp","|-heal|p1a: Ampharos|383/383 slp|[silent]","|-status|p1a: Ampharos|slp|[from] move: Rest","|","|turn|19","|","|switch|p1a: Luxray|Luxray, M|301/301","|-damage|p1a: Luxray|264/301|[from] Stealth Rock","|move|p2a: Sinon|Ice Beam|p1a: Luxray","|-damage|p1a: Luxray|158/301","|","|turn|20","|","|switch|p2a: Lisbeth|Skarmory, F|334/334","|move|p1a: Luxray|Superpower|p2a: Lisbeth","|-damage|p2a: Lisbeth|213/334","|-unboost|p1a: Luxray|atk|1","|-unboost|p1a: Luxray|def|1","|","|-heal|p2a: Lisbeth|233/334|[from] item: Leftovers","|turn|21","|","|switch|p1a: Zapdos|Zapdos|383/383","|-damage|p1a: Zapdos|288/383|[from] Stealth Rock","|-ability|p1a: Zapdos|Pressure","|move|p2a: Lisbeth|Drill Peck|p1a: Zapdos","|-resisted|p1a: Zapdos","|-damage|p1a: Zapdos|257/383","|","|-heal|p1a: Zapdos|280/383|[from] item: Leftovers","|-heal|p2a: Lisbeth|253/334|[from] item: Leftovers","|turn|22","|","|move|p1a: Zapdos|Defog|p2a: Lisbeth","|-unboost|p2a: Lisbeth|evasion|1","|-sideend|p1: SWL ROCK|Stealth Rock|[from] move: Defog|[of] p1a: Zapdos","|move|p2a: Lisbeth|Whirlwind|p1a: Zapdos","|drag|p1a: Luxray|Luxray, M|158/301","|","|-heal|p2a: Lisbeth|273/334|[from] item: Leftovers","|turn|23","|","|switch|p1a: Thundurus|Thundurus, M|299/299","|move|p2a: Lisbeth|Spikes|p1a: Thundurus","|-sidestart|p1: SWL ROCK|Spikes","|","|-heal|p2a: Lisbeth|293/334|[from] item: Leftovers","|turn|24","|","|switch|p2a: Sinon|Empoleon, F|147/371","|move|p1a: Thundurus|Thunderbolt|p2a: Sinon","|-supereffective|p2a: Sinon","|-damage|p2a: Sinon|0 fnt","|-damage|p1a: Thundurus|270/299|[from] item: Life Orb","|faint|p2a: Sinon","|","|","|switch|p2a: Klein|Excadrill, M|361/361","|-ability|p2a: Klein|Mold Breaker","|turn|25","|","|switch|p1a: Zapdos|Zapdos|280/383","|-ability|p1a: Zapdos|Pressure","|move|p2a: Klein|Rock Slide|p1a: Zapdos","|-supereffective|p1a: Zapdos","|-damage|p1a: Zapdos|128/383","|","|-heal|p1a: Zapdos|151/383|[from] item: Leftovers","|turn|26","|","|move|p2a: Klein|Rock Slide|p1a: Zapdos","|-supereffective|p1a: Zapdos","|-damage|p1a: Zapdos|0 fnt","|faint|p1a: Zapdos","|","|","|switch|p1a: Ampharos|Ampharos-Mega, M|383/383 slp","|-damage|p1a: Ampharos|336/383 slp|[from] Spikes","|-ability|p1a: Ampharos|Mold Breaker","|turn|27","|","|switch|p2a: Asuna|Scizor, M|343/343","|cant|p1a: Ampharos|slp","|","|turn|28","|","|detailschange|p2a: Asuna|Scizor-Mega, M","|-mega|p2a: Asuna|Scizor|Scizorite","|move|p2a: Asuna|Swords Dance|p2a: Asuna","|-boost|p2a: Asuna|atk|2","|cant|p1a: Ampharos|slp","|","|turn|29","|","|move|p2a: Asuna|Knock Off|p1a: Ampharos","|-damage|p1a: Ampharos|191/383 slp","|-curestatus|p1a: Ampharos|slp","|move|p1a: Ampharos|Cotton Guard|p1a: Ampharos","|-boost|p1a: Ampharos|def|3","|","|turn|30","|","|move|p2a: Asuna|Swords Dance|p2a: Asuna","|-boost|p2a: Asuna|atk|2","|move|p1a: Ampharos|Cotton Guard|p1a: Ampharos","|-boost|p1a: Ampharos|def|3","|","|turn|31","|","|move|p2a: Asuna|Swords Dance|p2a: Asuna","|-boost|p2a: Asuna|atk|2","|move|p1a: Ampharos|Discharge|p2a: Asuna","|-damage|p2a: Asuna|195/343","|","|turn|32","|","|move|p2a: Asuna|Knock Off|p1a: Ampharos","|-damage|p1a: Ampharos|118/383","|move|p1a: Ampharos|Discharge|p2a: Asuna","|-damage|p2a: Asuna|41/343","|-status|p2a: Asuna|par","|","|turn|33","|","|switch|p2a: Klein|Excadrill, M|361/361","|-ability|p2a: Klein|Mold Breaker","|move|p1a: Ampharos|Rest|p1a: Ampharos","|-status|p1a: Ampharos|slp","|-heal|p1a: Ampharos|383/383 slp|[silent]","|-status|p1a: Ampharos|slp|[from] move: Rest","|","|turn|34","|","|move|p2a: Klein|Earthquake|p1a: Ampharos","|-supereffective|p1a: Ampharos","|-damage|p1a: Ampharos|299/383 slp","|cant|p1a: Ampharos|slp","|","|turn|35","|","|switch|p2a: Agil|Heatran, M|124/386 par","|cant|p1a: Ampharos|slp","|","|turn|36","|","|-curestatus|p1a: Ampharos|slp","|move|p1a: Ampharos|Discharge|p2a: Agil","|-damage|p2a: Agil|18/386 par","|cant|p2a: Agil|par","|","|turn|37","|","|move|p1a: Ampharos|Discharge|p2a: Agil","|-damage|p2a: Agil|0 fnt","|faint|p2a: Agil","|","|","|switch|p2a: Lisbeth|Skarmory, F|293/334","|turn|38","|","|move|p1a: Ampharos|Discharge|p2a: Lisbeth","|-supereffective|p2a: Lisbeth","|-damage|p2a: Lisbeth|0 fnt","|faint|p2a: Lisbeth","|","|","|switch|p2a: Klein|Excadrill, M|361/361","|-ability|p2a: Klein|Mold Breaker","|turn|39","|","|move|p2a: Klein|Earthquake|p1a: Ampharos","|-supereffective|p1a: Ampharos","|-damage|p1a: Ampharos|209/383","|move|p1a: Ampharos|Dragon Pulse|p2a: Klein","|-resisted|p2a: Klein","|-damage|p2a: Klein|241/361","|","|turn|40","|","|move|p2a: Klein|Earthquake|p1a: Ampharos","|-supereffective|p1a: Ampharos","|-damage|p1a: Ampharos|117/383","|move|p1a: Ampharos|Dragon Pulse|p2a: Klein","|-resisted|p2a: Klein","|-damage|p2a: Klein|139/361","|","|turn|41","|","|move|p2a: Klein|Earthquake|p1a: Ampharos","|-supereffective|p1a: Ampharos","|-damage|p1a: Ampharos|33/383","|move|p1a: Ampharos|Rest|p1a: Ampharos","|-status|p1a: Ampharos|slp","|-heal|p1a: Ampharos|383/383 slp|[silent]","|-status|p1a: Ampharos|slp|[from] move: Rest","|","|turn|42","|","|move|p2a: Klein|Earthquake|p1a: Ampharos","|-supereffective|p1a: Ampharos","|-damage|p1a: Ampharos|291/383 slp","|cant|p1a: Ampharos|slp","|","|turn|43","|","|move|p2a: Klein|Earthquake|p1a: Ampharos","|-supereffective|p1a: Ampharos","|-damage|p1a: Ampharos|201/383 slp","|cant|p1a: Ampharos|slp","|","|turn|44","|","|move|p2a: Klein|Earthquake|p1a: Ampharos","|-supereffective|p1a: Ampharos","|-damage|p1a: Ampharos|115/383 slp","|-curestatus|p1a: Ampharos|slp","|move|p1a: Ampharos|Dragon Pulse|p2a: Klein","|-resisted|p2a: Klein","|-damage|p2a: Klein|25/361","|","|turn|45","|","|move|p2a: Klein|Earthquake|p1a: Ampharos","|-supereffective|p1a: Ampharos","|-damage|p1a: Ampharos|29/383","|move|p1a: Ampharos|Rest|p1a: Ampharos","|-status|p1a: Ampharos|slp","|-heal|p1a: Ampharos|383/383 slp|[silent]","|-status|p1a: Ampharos|slp|[from] move: Rest","|","|turn|46","|","|move|p2a: Klein|Earthquake|p1a: Ampharos","|-supereffective|p1a: Ampharos","|-damage|p1a: Ampharos|291/383 slp","|cant|p1a: Ampharos|slp","|","|turn|47","|","|move|p2a: Klein|Earthquake|p1a: Ampharos","|-supereffective|p1a: Ampharos","|-damage|p1a: Ampharos|201/383 slp","|cant|p1a: Ampharos|slp","|","|turn|48","|","|move|p2a: Klein|Earthquake|p1a: Ampharos","|-supereffective|p1a: Ampharos","|-damage|p1a: Ampharos|111/383 slp","|-curestatus|p1a: Ampharos|slp","|move|p1a: Ampharos|Dragon Pulse|p2a: Klein","|-resisted|p2a: Klein","|-damage|p2a: Klein|0 fnt","|faint|p2a: Klein","|","|","|switch|p2a: Asuna|Scizor-Mega, M|41/343 par","|turn|49","|","|move|p2a: Asuna|Bullet Punch|p1a: Ampharos","|-resisted|p1a: Ampharos","|-damage|p1a: Ampharos|99/383","|move|p1a: Ampharos|Discharge|p2a: Asuna","|-damage|p2a: Asuna|0 fnt","|faint|p2a: Asuna","|","|win|SWL ROCK"],"p1rating":{"entryid":"7496999","serverid":"eos","formatid":"monotype","userid":"swlrock","username":"SWL ROCK","w":11,"l":"3","t":"0","gxe":66.3,"r":"1509.6860829096","rd":"104.42198161743","sigma":"0","rptime":"1439629200","rpr":1630.9243500872,"rprd":79.150231966423,"rpsigma":"0","acre":1249.8496784289,"lacre":1249.8496784289,"oldacre":"1227.4264445632"},"p2rating":{"entryid":"6517225","serverid":"eos","formatid":"monotype","userid":"doctorvergi","username":"Doctor Vergi","w":"30","l":14,"t":"0","gxe":61.4,"r":"1601.4795132607","rd":"61.912492475515","sigma":"0","rptime":"1439629200","rpr":1588.7757625651,"rprd":61.096632423158,"rpsigma":"0","acre":1169.0651748532,"lacre":1169.0651748532,"oldacre":"1191.4884087189"},"endType":"normal"}