{"seed":[57204,58911,2316,438],"turns":23,"p1":"TRASCENDENT CURT","p2":"Emg Temsone","p1team":[{"name":"Metagross","species":"Metagross","item":"metagrossite","ability":"Clear Body","moves":["thunderpunch","icepunch","hammerarm","meteormash"],"nature":"Jolly","evs":{"hp":0,"atk":252,"def":0,"spa":0,"spd":4,"spe":252},"ivs":{"hp":31,"atk":31,"def":31,"spa":31,"spd":31,"spe":31}},{"name":"Manaphy","species":"Manaphy","item":"leftovers","ability":"Hydration","moves":["tailglow","icebeam","hiddenpowerfire","scald"],"nature":"Timid","evs":{"hp":64,"atk":0,"def":0,"spa":252,"spd":0,"spe":192},"ivs":{"hp":31,"atk":30,"def":31,"spa":30,"spd":31,"spe":30}},{"name":"Ferrothorn","species":"Ferrothorn","item":"leftovers","ability":"Iron Barbs","moves":["leechseed","spikes","protect","gyroball"],"nature":"Relaxed","evs":{"hp":252,"atk":0,"def":88,"spa":0,"spd":168,"spe":0},"gender":"M","ivs":{"hp":31,"atk":31,"def":31,"spa":31,"spd":31,"spe":0}},{"name":"Tyranitar","species":"Tyranitar","item":"choicescarf","ability":"Sand Stream","moves":["stoneedge","pursuit","crunch","superpower"],"nature":"Jolly","evs":{"hp":0,"atk":252,"def":0,"spa":0,"spd":4,"spe":252},"ivs":{"hp":31,"atk":31,"def":31,"spa":31,"spd":31,"spe":31}},{"name":"Tornadus-Therian","species":"Tornadus-Therian","item":"assaultvest","ability":"Regenerator","moves":["uturn","knockoff","hurricane","heatwave"],"nature":"Timid","evs":{"hp":136,"atk":0,"def":0,"spa":120,"spd":0,"spe":252},"ivs":{"hp":31,"atk":31,"def":31,"spa":31,"spd":31,"spe":31}},{"name":"Garchomp","species":"Garchomp","item":"rockyhelmet","ability":"Rough Skin","moves":["toxic","earthquake","dragontail","stealthrock"],"nature":"Impish","evs":{"hp":252,"atk":0,"def":148,"spa":0,"spd":0,"spe":108},"gender":"F","ivs":{"hp":31,"atk":31,"def":31,"spa":31,"spd":31,"spe":31}}],"p2team":[{"name":"Clefable","species":"Clefable","item":"choicespecs","ability":"Unaware","moves":["moonblast","psychic","flamethrower","trick"],"nature":"Modest","evs":{"hp":248,"atk":0,"def":0,"spa":252,"spd":8,"spe":0},"ivs":{"hp":31,"atk":0,"def":31,"spa":31,"spd":31,"spe":31},"shiny":true},{"name":"Heatran","species":"Heatran","item":"choicescarf","ability":"Flash Fire","moves":["flamethrower","darkpulse","earthpower","ancientpower"],"nature":"Timid","evs":{"hp":0,"atk":0,"def":0,"spa":252,"spd":4,"spe":252},"ivs":{"hp":31,"atk":0,"def":31,"spa":31,"spd":31,"spe":31},"shiny":true},{"name":"Rotom-Wash","species":"Rotom-Wash","item":"leftovers","ability":"Levitate","moves":["willowisp","hydropump","voltswitch","painsplit"],"nature":"Modest","evs":{"hp":128,"atk":0,"def":0,"spa":252,"spd":0,"spe":128},"ivs":{"hp":31,"atk":0,"def":31,"spa":31,"spd":31,"spe":31},"shiny":true},{"name":"You lose","species":"medicham","item":"medichamite","ability":"Pure Power","moves":["fakeout","highjumpkick","icepunch","zenheadbutt"],"nature":"Adamant","evs":{"hp":0,"atk":252,"def":0,"spa":0,"spd":4,"spe":252},"shiny":true,"ivs":{"hp":31,"atk":31,"def":31,"spa":31,"spd":31,"spe":31}},{"name":"Bisharp","species":"Bisharp","item":"focussash","ability":"Defiant","moves":["suckerpunch","ironhead","swordsdance","knockoff"],"nature":"Jolly","evs":{"hp":0,"atk":252,"def":0,"spa":0,"spd":4,"spe":252},"shiny":true,"ivs":{"hp":31,"atk":31,"def":31,"spa":31,"spd":31,"spe":31}},{"name":"Gengar","species":"Gengar","item":"blacksludge","ability":"Levitate","moves":["substitute","shadowball","energyball","sludgewave"],"nature":"Timid","evs":{"hp":0,"atk":0,"def":0,"spa":252,"spd":4,"spe":252},"ivs":{"hp":31,"atk":30,"def":30,"spa":31,"spd":31,"spe":31},"shiny":true}],"log":["|player|p1|TRASCENDENT CURT|99","|player|p2|Emg Temsone|220","|gametype|singles","|gen|6","|tier|OU","|rated","|clearpoke","|poke|p1|Metagross","|poke|p1|Manaphy","|poke|p1|Ferrothorn, M","|poke|p1|Tyranitar, M","|poke|p1|Tornadus-Therian, M","|poke|p1|Garchomp, F","|poke|p2|Clefable, M, shiny","|poke|p2|Heatran, M, shiny","|poke|p2|Rotom-Wash, shiny","|poke|p2|Medicham, M, shiny","|poke|p2|Bisharp, M, shiny","|poke|p2|Gengar, M, shiny","|rule|Swagger Clause: Swagger is banned","|rule|Baton Pass Clause: Limit one Baton Passer, can't pass Spe and other stats simultaneously","|rule|Sleep Clause Mod: Limit one foe put to sleep","|rule|Species Clause: Limit one of each Pokémon","|rule|OHKO Clause: OHKO moves are banned","|rule|Moody Clause: Moody is banned","|rule|Evasion Moves Clause: Evasion moves are banned","|rule|Endless Battle Clause: Forcing endless battles is banned","|rule|HP Percentage Mod: HP is shown in percentages","|teampreview","|","|start","|switch|p1a: Tornadus-Therian|Tornadus-Therian, M|333/333","|switch|p2a: You lose|Medicham, M, shiny|261/261","|turn|1","|","|detailschange|p2a: You lose|Medicham-Mega, M, shiny","|-mega|p2a: You lose|Medicham|Medichamite","|move|p2a: You lose|Fake Out|p1a: Tornadus-Therian","|-damage|p1a: Tornadus-Therian|227/333","|cant|p1a: Tornadus-Therian|flinch","|","|turn|2","|","|switch|p2a: Rotom-Wash|Rotom-Wash, shiny|273/273","|move|p1a: Tornadus-Therian|Knock Off|p2a: Rotom-Wash","|-damage|p2a: Rotom-Wash|212/273","|-enditem|p2a: Rotom-Wash|Leftovers|[from] move: Knock Off|[of] p1a: Tornadus-Therian","|","|turn|3","|","|move|p1a: Tornadus-Therian|U-turn|p2a: Rotom-Wash","|-damage|p2a: Rotom-Wash|163/273","|","|switch|p1a: Ferrothorn|Ferrothorn, M|352/352","|move|p2a: Rotom-Wash|Will-O-Wisp|p1a: Ferrothorn","|-status|p1a: Ferrothorn|brn","|","|-damage|p1a: Ferrothorn|308/352 brn|[from] brn","|turn|4","|","|move|p2a: Rotom-Wash|Volt Switch|p1a: Ferrothorn","|-resisted|p1a: Ferrothorn","|-damage|p1a: Ferrothorn|262/352 brn","|","|switch|p2a: You lose|Medicham-Mega, M, shiny|261/261","|move|p1a: Ferrothorn|Spikes|p2a: You lose","|-sidestart|p2: Emg Temsone|Spikes","|","|-heal|p1a: Ferrothorn|284/352 brn|[from] item: Leftovers","|-damage|p1a: Ferrothorn|240/352 brn|[from] brn","|turn|5","|","|move|p1a: Ferrothorn|Protect|p1a: Ferrothorn","|-singleturn|p1a: Ferrothorn|Protect","|move|p2a: You lose|High Jump Kick|p1a: Ferrothorn","|-activate|p1a: Ferrothorn|Protect","|-damage|p2a: You lose|131/261|[from] highjumpkick","|","|-heal|p1a: Ferrothorn|262/352 brn|[from] item: Leftovers","|-damage|p1a: Ferrothorn|218/352 brn|[from] brn","|turn|6","|","|switch|p1a: Tornadus-Therian|Tornadus-Therian, M|333/333","|move|p2a: You lose|High Jump Kick|p1a: Tornadus-Therian","|-crit|p1a: Tornadus-Therian","|-resisted|p1a: Tornadus-Therian","|-damage|p1a: Tornadus-Therian|0 fnt","|faint|p1a: Tornadus-Therian","|","|","|switch|p1a: Tyranitar|Tyranitar, M|341/341","|-weather|Sandstorm","|turn|7","|","|move|p1a: Tyranitar|Crunch|p2a: You lose","|-damage|p2a: You lose|0 fnt","|faint|p2a: You lose","|","|-weather|Sandstorm|[upkeep]","|","|switch|p2a: Clefable|Clefable, M, shiny|393/393","|-damage|p2a: Clefable|344/393|[from] Spikes","|turn|8","|","|switch|p1a: Ferrothorn|Ferrothorn, M|218/352 brn","|move|p2a: Clefable|Flamethrower|p1a: Ferrothorn","|-supereffective|p1a: Ferrothorn","|-damage|p1a: Ferrothorn|0 fnt","|faint|p1a: Ferrothorn","|","|-weather|Sandstorm|[upkeep]","|-damage|p2a: Clefable|320/393|[from] sandstorm","|","|switch|p1a: Metagross|Metagross|301/301","|turn|9","|","|detailschange|p1a: Metagross|Metagross-Mega","|-mega|p1a: Metagross|Metagross|Metagrossite","|move|p1a: Metagross|Meteor Mash|p2a: Clefable","|-supereffective|p2a: Clefable","|-damage|p2a: Clefable|0 fnt","|faint|p2a: Clefable","|","|-weather|Sandstorm|[upkeep]","|","|switch|p2a: Heatran|Heatran, M, shiny|323/323","|-damage|p2a: Heatran|283/323|[from] Spikes","|turn|10","|","|switch|p1a: Garchomp|Garchomp, F|420/420","|move|p2a: Heatran|Earth Power|p1a: Garchomp","|-damage|p1a: Garchomp|287/420","|","|-weather|Sandstorm|[upkeep]","|turn|11","|","|switch|p2a: Rotom-Wash|Rotom-Wash, shiny|163/273","|move|p1a: Garchomp|Stealth Rock|p2a: Rotom-Wash","|-sidestart|p2: Emg Temsone|move: Stealth Rock","|","|-weather|none","|turn|12","|","|move|p1a: Garchomp|Toxic|p2a: Rotom-Wash","|-status|p2a: Rotom-Wash|tox","|move|p2a: Rotom-Wash|Will-O-Wisp|p1a: Garchomp","|-status|p1a: Garchomp|brn","|","|-damage|p1a: Garchomp|235/420 brn|[from] brn","|-damage|p2a: Rotom-Wash|146/273 tox|[from] psn","|turn|13","|","|move|p2a: Rotom-Wash|Hydro Pump|p1a: Garchomp","|-damage|p1a: Garchomp|12/420 brn","|move|p1a: Garchomp|Dragon Tail|p2a: Rotom-Wash","|-damage|p2a: Rotom-Wash|102/273 tox","|drag|p2a: Gengar|Gengar, M, shiny|261/261","|-damage|p2a: Gengar|229/261|[from] Stealth Rock","|","|-heal|p2a: Gengar|245/261|[from] item: Black Sludge","|-damage|p1a: Garchomp|0 fnt|[from] brn","|faint|p1a: Garchomp","|","|switch|p1a: Tyranitar|Tyranitar, M|341/341","|-weather|Sandstorm","|turn|14","|","|switch|p2a: Heatran|Heatran, M, shiny|283/323","|-damage|p2a: Heatran|243/323|[from] Stealth Rock","|-damage|p2a: Heatran|203/323|[from] Spikes","|move|p1a: Tyranitar|Crunch|p2a: Heatran","|-damage|p2a: Heatran|68/323","|","|-weather|Sandstorm|[upkeep]","|turn|15","|","|switch|p1a: Manaphy|Manaphy|357/357","|move|p2a: Heatran|Earth Power|p1a: Manaphy","|-damage|p1a: Manaphy|255/357","|","|-weather|Sandstorm|[upkeep]","|-damage|p1a: Manaphy|233/357|[from] sandstorm","|-heal|p1a: Manaphy|255/357|[from] item: Leftovers","|turn|16","|","|switch|p2a: Rotom-Wash|Rotom-Wash, shiny|102/273 tox","|-damage|p2a: Rotom-Wash|68/273 tox|[from] Stealth Rock","|move|p1a: Manaphy|Scald|p2a: Rotom-Wash","|-resisted|p2a: Rotom-Wash","|-damage|p2a: Rotom-Wash|15/273 tox","|","|-weather|Sandstorm|[upkeep]","|-damage|p1a: Manaphy|233/357|[from] sandstorm","|-damage|p2a: Rotom-Wash|0 fnt|[from] sandstorm","|-heal|p1a: Manaphy|255/357|[from] item: Leftovers","|faint|p2a: Rotom-Wash","|","|switch|p2a: Gengar|Gengar, M, shiny|245/261","|-damage|p2a: Gengar|213/261|[from] Stealth Rock","|turn|17","|","|move|p2a: Gengar|Substitute|p2a: Gengar","|-start|p2a: Gengar|Substitute","|-damage|p2a: Gengar|148/261","|move|p1a: Manaphy|Scald|p2a: Gengar","|-end|p2a: Gengar|Substitute","|","|-weather|Sandstorm|[upkeep]","|-damage|p2a: Gengar|132/261|[from] sandstorm","|-damage|p1a: Manaphy|233/357|[from] sandstorm","|-heal|p2a: Gengar|148/261|[from] item: Black Sludge","|-heal|p1a: Manaphy|255/357|[from] item: Leftovers","|turn|18","|","|move|p2a: Gengar|Energy Ball|p1a: Manaphy","|-supereffective|p1a: Manaphy","|-damage|p1a: Manaphy|29/357","|move|p1a: Manaphy|Scald|p2a: Gengar","|-damage|p2a: Gengar|10/261","|","|-weather|none","|-heal|p2a: Gengar|26/261|[from] item: Black Sludge","|-heal|p1a: Manaphy|51/357|[from] item: Leftovers","|turn|19","|","|move|p2a: Gengar|Shadow Ball|p1a: Manaphy","|-damage|p1a: Manaphy|0 fnt","|faint|p1a: Manaphy","|","|-heal|p2a: Gengar|42/261|[from] item: Black Sludge","|","|switch|p1a: Tyranitar|Tyranitar, M|341/341","|-weather|Sandstorm","|turn|20","|","|move|p1a: Tyranitar|Crunch|p2a: Gengar","|-supereffective|p2a: Gengar","|-damage|p2a: Gengar|0 fnt","|faint|p2a: Gengar","|","|-weather|Sandstorm|[upkeep]","|","|switch|p2a: Bisharp|Bisharp, M, shiny|271/271","|-damage|p2a: Bisharp|238/271|[from] Spikes","|-damage|p2a: Bisharp|222/271|[from] Stealth Rock","|turn|21","|","|switch|p1a: Metagross|Metagross-Mega|301/301","|move|p2a: Bisharp|Swords Dance|p2a: Bisharp","|-boost|p2a: Bisharp|atk|2","|","|-weather|Sandstorm|[upkeep]","|turn|22","|","|move|p2a: Bisharp|Sucker Punch|p1a: Metagross","|-supereffective|p1a: Metagross","|-damage|p1a: Metagross|0 fnt","|faint|p1a: Metagross","|","|-weather|Sandstorm|[upkeep]","|","|switch|p1a: Tyranitar|Tyranitar, M|341/341","|turn|23","|","|move|p1a: Tyranitar|Superpower|p2a: Bisharp","|-supereffective|p2a: Bisharp","|-damage|p2a: Bisharp|0 fnt","|-unboost|p1a: Tyranitar|atk|1","|-unboost|p1a: Tyranitar|def|1","|faint|p2a: Bisharp","|","|-weather|Sandstorm|[upkeep]","|","|switch|p2a: Heatran|Heatran, M, shiny|68/323","|-damage|p2a: Heatran|28/323|[from] Spikes","|-damage|p2a: Heatran|0 fnt|[from] Stealth Rock","|faint|p2a: Heatran","|","|win|TRASCENDENT CURT"],"p1rating":{"entryid":"7077340","serverid":"eos","formatid":"ou","userid":"trascendentcurt","username":"TRASCENDENT CURT","w":21,"l":"0","t":"0","gxe":81.6,"r":"1778.6960967736","rd":"79.684700334442","sigma":"0","rptime":"1439542800","rpr":1786.9046782691,"rprd":78.346775462656,"rpsigma":"0","acre":1329.972984768,"lacre":1329.972984768,"oldacre":"1321.4809439773"},"p2rating":{"entryid":"7494881","serverid":"eos","formatid":"ou","userid":"emgtemsone","username":"Emg Temsone","w":"3","l":1,"t":"0","gxe":60.3,"r":"1572.963799924","rd":"117.46345912055","sigma":"0","rptime":"1439542800","rpr":1582.4536450784,"rprd":108.47211556743,"rpsigma":"0","acre":1083.5027357829,"lacre":1083.5027357829,"oldacre":"1093.7176627926"},"endType":"normal"}