{"seed":[29236,62596,25051,5416],"turns":25,"p1":"TRASCENDENT CURT","p2":"GTX♅Pyroar","p1team":[{"name":"Metagross","species":"Metagross","item":"metagrossite","ability":"Clear Body","moves":["thunderpunch","icepunch","hammerarm","meteormash"],"nature":"Jolly","evs":{"hp":0,"atk":252,"def":0,"spa":0,"spd":4,"spe":252},"ivs":{"hp":31,"atk":31,"def":31,"spa":31,"spd":31,"spe":31}},{"name":"Manaphy","species":"Manaphy","item":"leftovers","ability":"Hydration","moves":["tailglow","icebeam","hiddenpowerfire","scald"],"nature":"Timid","evs":{"hp":64,"atk":0,"def":0,"spa":252,"spd":0,"spe":192},"ivs":{"hp":31,"atk":30,"def":31,"spa":30,"spd":31,"spe":30}},{"name":"Ferrothorn","species":"Ferrothorn","item":"leftovers","ability":"Iron Barbs","moves":["leechseed","spikes","protect","gyroball"],"nature":"Relaxed","evs":{"hp":252,"atk":0,"def":88,"spa":0,"spd":168,"spe":0},"gender":"M","ivs":{"hp":31,"atk":31,"def":31,"spa":31,"spd":31,"spe":0}},{"name":"Tyranitar","species":"Tyranitar","item":"choicescarf","ability":"Sand Stream","moves":["stoneedge","pursuit","crunch","superpower"],"nature":"Jolly","evs":{"hp":0,"atk":252,"def":0,"spa":0,"spd":4,"spe":252},"ivs":{"hp":31,"atk":31,"def":31,"spa":31,"spd":31,"spe":31}},{"name":"Tornadus-Therian","species":"Tornadus-Therian","item":"assaultvest","ability":"Regenerator","moves":["uturn","knockoff","hurricane","heatwave"],"nature":"Timid","evs":{"hp":136,"atk":0,"def":0,"spa":120,"spd":0,"spe":252},"ivs":{"hp":31,"atk":31,"def":31,"spa":31,"spd":31,"spe":31}},{"name":"Garchomp","species":"Garchomp","item":"rockyhelmet","ability":"Rough Skin","moves":["toxic","earthquake","dragontail","stealthrock"],"nature":"Impish","evs":{"hp":252,"atk":0,"def":148,"spa":0,"spd":0,"spe":108},"gender":"F","ivs":{"hp":31,"atk":31,"def":31,"spa":31,"spd":31,"spe":31}}],"p2team":[{"name":"Jirachi Grill","species":"jirachi","item":"leftovers","ability":"Serene Grace","moves":["ironhead","wish","protect","poweruppunch"],"nature":"Careful","evs":{"hp":252,"atk":0,"def":0,"spa":0,"spd":224,"spe":32},"ivs":{"hp":31,"atk":31,"def":31,"spa":31,"spd":31,"spe":31}},{"name":"Thirsty","species":"slurpuff","item":"sitrusberry","ability":"Unburden","moves":["playrough","return","bellydrum","drainpunch"],"nature":"Adamant","evs":{"hp":4,"atk":252,"def":0,"spa":0,"spd":0,"spe":252},"ivs":{"hp":31,"atk":31,"def":31,"spa":31,"spd":31,"spe":31}},{"name":"Molassas","species":"slowbro","item":"slowbronite","ability":"Oblivious","moves":["calmmind","scald","slackoff","psyshock"],"nature":"Bold","evs":{"hp":252,"atk":0,"def":80,"spa":0,"spd":176,"spe":0},"shiny":true,"ivs":{"hp":31,"atk":31,"def":31,"spa":31,"spd":31,"spe":31}},{"name":"Icona","species":"volcarona","item":"lumberry","ability":"Flame Body","moves":["quiverdance","fierydance","gigadrain","bugbuzz"],"nature":"Timid","evs":{"hp":72,"atk":0,"def":0,"spa":252,"spd":0,"spe":184},"ivs":{"hp":31,"atk":31,"def":31,"spa":31,"spd":31,"spe":31}},{"name":"Cena","species":"hawlucha","item":"sitrusberry","ability":"Unburden","moves":["substitute","swordsdance","highjumpkick","acrobatics"],"nature":"Jolly","evs":{"hp":12,"atk":252,"def":0,"spa":0,"spd":0,"spe":244},"shiny":true,"ivs":{"hp":31,"atk":31,"def":31,"spa":31,"spd":31,"spe":31}},{"name":"Kitty","species":"landorustherian","item":"leftovers","ability":"Intimidate","moves":["earthquake","uturn","stoneedge","stealthrock"],"nature":"Impish","evs":{"hp":124,"atk":0,"def":0,"spa":128,"spd":0,"spe":128},"ivs":{"hp":31,"atk":31,"def":31,"spa":31,"spd":31,"spe":31}}],"log":["|player|p1|TRASCENDENT CURT|99","|player|p2|GTX♅Pyroar|170","|gametype|singles","|gen|6","|tier|OU","|rated","|clearpoke","|poke|p1|Metagross","|poke|p1|Manaphy","|poke|p1|Ferrothorn, M","|poke|p1|Tyranitar, M","|poke|p1|Tornadus-Therian, M","|poke|p1|Garchomp, F","|poke|p2|Jirachi","|poke|p2|Slurpuff, M","|poke|p2|Slowbro, F, shiny","|poke|p2|Volcarona, F","|poke|p2|Hawlucha, M, shiny","|poke|p2|Landorus-Therian, M","|rule|Swagger Clause: Swagger is banned","|rule|Baton Pass Clause: Limit one Baton Passer, can't pass Spe and other stats simultaneously","|rule|Sleep Clause Mod: Limit one foe put to sleep","|rule|Species Clause: Limit one of each Pokémon","|rule|OHKO Clause: OHKO moves are banned","|rule|Moody Clause: Moody is banned","|rule|Evasion Moves Clause: Evasion moves are banned","|rule|Endless Battle Clause: Forcing endless battles is banned","|rule|HP Percentage Mod: HP is shown in percentages","|teampreview","|","|start","|switch|p1a: Garchomp|Garchomp, F|420/420","|switch|p2a: Kitty|Landorus-Therian, M|350/350","|-ability|p2a: Kitty|Intimidate","|-unboost|p1a: Garchomp|atk|1","|turn|1","|","|move|p1a: Garchomp|Stealth Rock|p2a: Kitty","|-sidestart|p2: GTX♅Pyroar|move: Stealth Rock","|move|p2a: Kitty|Stealth Rock|p1a: Garchomp","|-sidestart|p1: TRASCENDENT CURT|move: Stealth Rock","|","|turn|2","|","|move|p1a: Garchomp|Toxic|p2a: Kitty","|-status|p2a: Kitty|tox","|move|p2a: Kitty|U-turn|p1a: Garchomp","|-damage|p1a: Garchomp|353/420","|-damage|p2a: Kitty|307/350 tox|[from] ability: Rough Skin|[of] p1a: Garchomp","|-damage|p2a: Kitty|249/350 tox|[from] item: Rocky Helmet|[of] p1a: Garchomp","|","|switch|p2a: Molassas|Slowbro, F, shiny|394/394","|-damage|p2a: Molassas|345/394|[from] Stealth Rock","|","|turn|3","|","|detailschange|p2a: Molassas|Slowbro-Mega, F, shiny","|-mega|p2a: Molassas|Slowbro|Slowbronite","|move|p1a: Garchomp|Toxic|p2a: Molassas","|-status|p2a: Molassas|tox","|move|p2a: Molassas|Scald|p1a: Garchomp","|-damage|p1a: Garchomp|218/420","|","|-damage|p2a: Molassas|321/394 tox|[from] psn","|turn|4","|","|switch|p1a: Ferrothorn|Ferrothorn, M|352/352","|-damage|p1a: Ferrothorn|330/352|[from] Stealth Rock","|move|p2a: Molassas|Calm Mind|p2a: Molassas","|-boost|p2a: Molassas|spa|1","|-boost|p2a: Molassas|spd|1","|","|-heal|p1a: Ferrothorn|352/352|[from] item: Leftovers","|-damage|p2a: Molassas|273/394 tox|[from] psn","|turn|5","|","|switch|p2a: Icona|Volcarona, F|329/329","|-damage|p2a: Icona|165/329|[from] Stealth Rock","|move|p1a: Ferrothorn|Leech Seed|p2a: Icona","|-start|p2a: Icona|move: Leech Seed","|","|-damage|p2a: Icona|124/329|[from] Leech Seed|[of] p1a: Ferrothorn","|turn|6","|","|switch|p1a: Tornadus-Therian|Tornadus-Therian, M|333/333","|-damage|p1a: Tornadus-Therian|250/333|[from] Stealth Rock","|move|p2a: Icona|Quiver Dance|p2a: Icona","|-boost|p2a: Icona|spa|1","|-boost|p2a: Icona|spd|1","|-boost|p2a: Icona|spe|1","|","|-damage|p2a: Icona|83/329|[from] Leech Seed|[of] p1a: Tornadus-Therian","|-heal|p1a: Tornadus-Therian|291/333|[silent]","|turn|7","|","|move|p2a: Icona|Fiery Dance|p1a: Tornadus-Therian","|-damage|p1a: Tornadus-Therian|126/333","|-boost|p2a: Icona|spa|1","|move|p1a: Tornadus-Therian|Knock Off|p2a: Icona","|-damage|p2a: Icona|0 fnt","|-enditem|p2a: Icona|Lum Berry|[from] move: Knock Off|[of] p1a: Tornadus-Therian","|faint|p2a: Icona","|","|","|switch|p2a: Kitty|Landorus-Therian, M|249/350 tox","|-damage|p2a: Kitty|206/350 tox|[from] Stealth Rock","|-ability|p2a: Kitty|Intimidate","|-unboost|p1a: Tornadus-Therian|atk|1","|turn|8","|","|move|p1a: Tornadus-Therian|Hurricane|p2a: Kitty","|-damage|p2a: Kitty|7/350 tox","|move|p2a: Kitty|Stone Edge|p1a: Tornadus-Therian","|-supereffective|p1a: Tornadus-Therian","|-damage|p1a: Tornadus-Therian|0 fnt","|faint|p1a: Tornadus-Therian","|","|-heal|p2a: Kitty|28/350 tox|[from] item: Leftovers","|-damage|p2a: Kitty|7/350 tox|[from] psn","|","|switch|p1a: Metagross|Metagross|301/301","|-damage|p1a: Metagross|283/301|[from] Stealth Rock","|turn|9","|","|detailschange|p1a: Metagross|Metagross-Mega","|-mega|p1a: Metagross|Metagross|Metagrossite","|move|p1a: Metagross|Ice Punch|p2a: Kitty","|-supereffective|p2a: Kitty","|-damage|p2a: Kitty|0 fnt","|faint|p2a: Kitty","|","|","|switch|p2a: Cena|Hawlucha, M, shiny|300/300","|-damage|p2a: Cena|263/300|[from] Stealth Rock","|turn|10","|","|move|p2a: Cena|Substitute|p2a: Cena","|-start|p2a: Cena|Substitute","|-damage|p2a: Cena|188/300","|move|p1a: Metagross|Ice Punch|p2a: Cena","|-supereffective|p2a: Cena","|-end|p2a: Cena|Substitute","|","|turn|11","|","|move|p2a: Cena|Substitute|p2a: Cena","|-start|p2a: Cena|Substitute","|-damage|p2a: Cena|113/300","|-enditem|p2a: Cena|Sitrus Berry|[eat]","|-heal|p2a: Cena|188/300|[from] item: Sitrus Berry","|move|p1a: Metagross|Ice Punch|p2a: Cena","|-supereffective|p2a: Cena","|-end|p2a: Cena|Substitute","|","|turn|12","|","|move|p2a: Cena|Substitute|p2a: Cena","|-start|p2a: Cena|Substitute","|-damage|p2a: Cena|113/300","|move|p1a: Metagross|Ice Punch|p2a: Cena","|-supereffective|p2a: Cena","|-end|p2a: Cena|Substitute","|","|turn|13","|","|move|p2a: Cena|Substitute|p2a: Cena","|-start|p2a: Cena|Substitute","|-damage|p2a: Cena|38/300","|move|p1a: Metagross|Ice Punch|p2a: Cena","|-supereffective|p2a: Cena","|-end|p2a: Cena|Substitute","|","|turn|14","|","|move|p2a: Cena|High Jump Kick|p1a: Metagross","|-damage|p1a: Metagross|150/301","|move|p1a: Metagross|Ice Punch|p2a: Cena","|-supereffective|p2a: Cena","|-damage|p2a: Cena|0 fnt","|faint|p2a: Cena","|","|","|switch|p2a: Thirsty|Slurpuff, M|306/306","|-damage|p2a: Thirsty|268/306|[from] Stealth Rock","|turn|15","|","|move|p1a: Metagross|Meteor Mash|p2a: Thirsty|[miss]","|-miss|p1a: Metagross|p2a: Thirsty","|move|p2a: Thirsty|Belly Drum|p2a: Thirsty","|-damage|p2a: Thirsty|115/306","|-setboost|p2a: Thirsty|atk|6|[from] move: Belly Drum","|-enditem|p2a: Thirsty|Sitrus Berry|[eat]","|-heal|p2a: Thirsty|191/306|[from] item: Sitrus Berry","|","|turn|16","|","|switch|p1a: Ferrothorn|Ferrothorn, M|352/352","|-damage|p1a: Ferrothorn|330/352|[from] Stealth Rock","|move|p2a: Thirsty|Drain Punch|p1a: Ferrothorn","|-crit|p1a: Ferrothorn","|-supereffective|p1a: Ferrothorn","|-damage|p1a: Ferrothorn|0 fnt","|-heal|p2a: Thirsty|306/306|[from] drain|[of] p1a: Ferrothorn","|-damage|p2a: Thirsty|268/306|[from] ability: Iron Barbs|[of] p1a: Ferrothorn","|faint|p1a: Ferrothorn","|","|","|switch|p1a: Garchomp|Garchomp, F|218/420","|-damage|p1a: Garchomp|192/420|[from] Stealth Rock","|turn|17","|","|move|p2a: Thirsty|Play Rough|p1a: Garchomp","|-supereffective|p1a: Garchomp","|-damage|p1a: Garchomp|0 fnt","|-damage|p2a: Thirsty|230/306|[from] ability: Rough Skin|[of] p1a: Garchomp","|-damage|p2a: Thirsty|179/306|[from] item: Rocky Helmet|[of] p1a: Garchomp","|faint|p1a: Garchomp","|","|","|switch|p1a: Manaphy|Manaphy|357/357","|-damage|p1a: Manaphy|313/357|[from] Stealth Rock","|turn|18","|","|move|p2a: Thirsty|Play Rough|p1a: Manaphy|[miss]","|-miss|p2a: Thirsty|p1a: Manaphy","|move|p1a: Manaphy|Scald|p2a: Thirsty","|-damage|p2a: Thirsty|38/306","|-status|p2a: Thirsty|brn","|","|-heal|p1a: Manaphy|335/357|[from] item: Leftovers","|-damage|p2a: Thirsty|0 fnt|[from] brn","|faint|p2a: Thirsty","|","|switch|p2a: Molassas|Slowbro-Mega, F, shiny|273/394 tox","|-damage|p2a: Molassas|224/394 tox|[from] Stealth Rock","|turn|19","|","|move|p1a: Manaphy|Tail Glow|p1a: Manaphy","|-boost|p1a: Manaphy|spa|3","|move|p2a: Molassas|Scald|p1a: Manaphy","|-resisted|p1a: Manaphy","|-damage|p1a: Manaphy|272/357","|","|-heal|p1a: Manaphy|294/357|[from] item: Leftovers","|-damage|p2a: Molassas|200/394 tox|[from] psn","|turn|20","|","|move|p1a: Manaphy|Scald|p2a: Molassas","|-resisted|p2a: Molassas","|-damage|p2a: Molassas|64/394 tox","|move|p2a: Molassas|Psyshock|p1a: Manaphy","|-damage|p1a: Manaphy|176/357","|","|-heal|p1a: Manaphy|198/357|[from] item: Leftovers","|-damage|p2a: Molassas|16/394 tox|[from] psn","|turn|21","|","|move|p1a: Manaphy|Scald|p2a: Molassas","|-resisted|p2a: Molassas","|-damage|p2a: Molassas|0 fnt","|faint|p2a: Molassas","|","|-heal|p1a: Manaphy|220/357|[from] item: Leftovers","|","|switch|p2a: Jirachi Grill|Jirachi|404/404","|-damage|p2a: Jirachi Grill|379/404|[from] Stealth Rock","|turn|22","|","|move|p1a: Manaphy|Scald|p2a: Jirachi Grill","|-damage|p2a: Jirachi Grill|175/404","|-status|p2a: Jirachi Grill|brn","|move|p2a: Jirachi Grill|Wish|p2a: Jirachi Grill","|","|-heal|p1a: Manaphy|242/357|[from] item: Leftovers","|-heal|p2a: Jirachi Grill|200/404 brn|[from] item: Leftovers","|-damage|p2a: Jirachi Grill|150/404 brn|[from] brn","|turn|23","|","|move|p2a: Jirachi Grill|Protect|p2a: Jirachi Grill","|-singleturn|p2a: Jirachi Grill|Protect","|move|p1a: Manaphy|Scald|p2a: Jirachi Grill","|-activate|p2a: Jirachi Grill|Protect","|","|-heal|p2a: Jirachi Grill|352/404 brn|[from] move: Wish|[wisher] Jirachi Grill","|-heal|p1a: Manaphy|264/357|[from] item: Leftovers","|-heal|p2a: Jirachi Grill|377/404 brn|[from] item: Leftovers","|-damage|p2a: Jirachi Grill|327/404 brn|[from] brn","|turn|24","|","|move|p1a: Manaphy|Hidden Power|p2a: Jirachi Grill","|-supereffective|p2a: Jirachi Grill","|-damage|p2a: Jirachi Grill|101/404 brn","|move|p2a: Jirachi Grill|Power-Up Punch|p1a: Manaphy","|-damage|p1a: Manaphy|249/357","|-boost|p2a: Jirachi Grill|atk|1","|","|-heal|p1a: Manaphy|271/357|[from] item: Leftovers","|-heal|p2a: Jirachi Grill|126/404 brn|[from] item: Leftovers","|-damage|p2a: Jirachi Grill|76/404 brn|[from] brn","|turn|25","|","|move|p1a: Manaphy|Scald|p2a: Jirachi Grill","|-damage|p2a: Jirachi Grill|0 fnt","|faint|p2a: Jirachi Grill","|","|win|TRASCENDENT CURT"],"p1rating":{"entryid":"7077340","serverid":"eos","formatid":"ou","userid":"trascendentcurt","username":"TRASCENDENT CURT","w":22,"l":"0","t":"0","gxe":82.1,"r":"1778.6960967736","rd":"79.684700334442","sigma":"0","rptime":"1439542800","rpr":1793.6216363975,"rprd":77.194904572435,"rpsigma":"0","acre":1336.8376590119,"lacre":1336.8376590119,"oldacre":"1329.972984768"},"p2rating":{"entryid":"7598890","serverid":"eos","formatid":"ou","userid":"gtxpyroar","username":"GTX♅Pyroar","w":"2","l":2,"t":"0","gxe":52.5,"r":"1540.1606143388","rd":"122.8583080769","sigma":"0","rptime":"1439542800","rpr":1519.871727621,"rprd":108.21294386634,"rpsigma":"0","acre":1050.1629877136,"lacre":1050.1629877136,"oldacre":"1056.504460179"},"endType":"normal"}