{"seed":[11032,9707,38671,28737],"turns":28,"p1":"Mardanitan","p2":"Kaiyda","p1team":[{"name":"Latias","species":"Latias","item":"choicescarf","ability":"Levitate","moves":["psyshock","dracometeor","thunderwave","defog"],"nature":"Timid","evs":{"hp":0,"atk":0,"def":0,"spa":252,"spd":4,"spe":252},"shiny":true,"ivs":{"hp":31,"atk":31,"def":31,"spa":31,"spd":31,"spe":31}},{"name":"Volcarona","species":"Volcarona","item":"lifeorb","ability":"Flame Body","moves":["quiverdance","fierydance","bugbuzz","hiddenpowerground"],"nature":"Modest","evs":{"hp":0,"atk":0,"def":0,"spa":252,"spd":4,"spe":252},"ivs":{"hp":31,"atk":31,"def":31,"spa":30,"spd":30,"spe":31}},{"name":"Lopunny","species":"Lopunny","item":"lopunnite","ability":"Limber","moves":["fakeout","highjumpkick","return","poweruppunch"],"nature":"Jolly","evs":{"hp":0,"atk":252,"def":0,"spa":0,"spd":4,"spe":252},"ivs":{"hp":31,"atk":31,"def":31,"spa":31,"spd":31,"spe":31}},{"name":"Dragonite","species":"Dragonite","item":"weaknesspolicy","ability":"Multiscale","moves":["dragondance","extremespeed","firepunch","dragonclaw"],"nature":"Adamant","evs":{"hp":0,"atk":252,"def":0,"spa":0,"spd":4,"spe":252},"ivs":{"hp":31,"atk":31,"def":31,"spa":31,"spd":31,"spe":31}},{"name":"Diancie","species":"Diancie","item":"airballoon","ability":"Clear Body","moves":["diamondstorm","healbell","stealthrock","moonblast"],"nature":"Gentle","evs":{"hp":248,"atk":8,"def":0,"spa":0,"spd":252,"spe":0},"ivs":{"hp":31,"atk":31,"def":31,"spa":31,"spd":31,"spe":31}},{"name":"Quagsire","species":"Quagsire","item":"leftovers","ability":"Unaware","moves":["scald","encore","curse","recover"],"nature":"Bold","evs":{"hp":252,"atk":0,"def":252,"spa":0,"spd":4,"spe":0},"ivs":{"hp":31,"atk":31,"def":31,"spa":31,"spd":31,"spe":31}}],"p2team":[{"name":"OMG SPIDER!","species":"galvantula","item":"focussash","ability":"Compound Eyes","moves":["bugbuzz","gigadrain","thunder","stickyweb"],"nature":"Timid","evs":{"hp":0,"atk":0,"def":0,"spa":252,"spd":4,"spe":252},"gender":"M","ivs":{"hp":31,"atk":31,"def":31,"spa":31,"spd":31,"spe":31}},{"name":"Thunder Cloud","species":"thundurus","item":"leftovers","ability":"Prankster","moves":["thunderwave","nastyplot","thunderbolt","focusblast"],"nature":"Timid","evs":{"hp":0,"atk":0,"def":0,"spa":252,"spd":4,"spe":252},"shiny":true,"ivs":{"hp":31,"atk":31,"def":31,"spa":31,"spd":31,"spe":31}},{"name":"Mr.Washingmashine","species":"rotomwash","item":"leftovers","ability":"Levitate","moves":["voltswitch","hydropump","willowisp","painsplit"],"nature":"Calm","evs":{"hp":0,"atk":0,"def":0,"spa":252,"spd":4,"spe":252},"ivs":{"hp":31,"atk":31,"def":31,"spa":31,"spd":31,"spe":31}},{"name":"Bolts","species":"magnezone","item":"choicescarf","ability":"Sturdy","moves":["voltswitch","hiddenpowerfire","flashcannon","thunderbolt"],"nature":"Timid","evs":{"hp":0,"atk":0,"def":0,"spa":252,"spd":4,"spe":252},"ivs":{"hp":31,"atk":30,"def":31,"spa":30,"spd":31,"spe":30}},{"name":"Penetrate","species":"excadrill","item":"leftovers","ability":"Mold Breaker","moves":["earthquake","ironhead","rapidspin","stealthrock"],"nature":"Adamant","evs":{"hp":0,"atk":0,"def":0,"spa":252,"spd":4,"spe":252},"gender":"M","shiny":true,"ivs":{"hp":31,"atk":31,"def":31,"spa":31,"spd":31,"spe":31}},{"name":"RedTails","species":"gyarados","item":"gyaradosite","ability":"Moxie","moves":["earthquake","waterfall","dragondance","substitute"],"nature":"","gender":"F","shiny":true,"evs":{"hp":0,"atk":0,"def":0,"spa":0,"spd":0,"spe":0},"ivs":{"hp":31,"atk":31,"def":31,"spa":31,"spd":31,"spe":31}}],"log":["|player|p1|Mardanitan|257","|player|p2|Kaiyda|217","|gametype|singles","|gen|6","|tier|OU","|rated","|clearpoke","|poke|p1|Latias, F, shiny","|poke|p1|Volcarona, F","|poke|p1|Lopunny, M","|poke|p1|Dragonite, F","|poke|p1|Diancie","|poke|p1|Quagsire, M","|poke|p2|Galvantula, M","|poke|p2|Thundurus, M, shiny","|poke|p2|Rotom-Wash","|poke|p2|Magnezone","|poke|p2|Excadrill, M, shiny","|poke|p2|Gyarados, F, shiny","|rule|Swagger Clause: Swagger is banned","|rule|Baton Pass Clause: Limit one Baton Passer, can't pass Spe and other stats simultaneously","|rule|Sleep Clause Mod: Limit one foe put to sleep","|rule|Species Clause: Limit one of each Pokémon","|rule|OHKO Clause: OHKO moves are banned","|rule|Moody Clause: Moody is banned","|rule|Evasion Moves Clause: Evasion moves are banned","|rule|Endless Battle Clause: Forcing endless battles is banned","|rule|HP Percentage Mod: HP is shown in percentages","|teampreview","|","|start","|switch|p1a: Lopunny|Lopunny, M|271/271","|switch|p2a: OMG SPIDER!|Galvantula, M|281/281","|turn|1","|","|detailschange|p1a: Lopunny|Lopunny-Mega, M","|-mega|p1a: Lopunny|Lopunny|Lopunnite","|move|p1a: Lopunny|Fake Out|p2a: OMG SPIDER!","|-damage|p2a: OMG SPIDER!|172/281","|cant|p2a: OMG SPIDER!|flinch","|","|turn|2","|","|move|p1a: Lopunny|Return|p2a: OMG SPIDER!","|-damage|p2a: OMG SPIDER!|0 fnt","|faint|p2a: OMG SPIDER!","|","|","|switch|p2a: Thunder Cloud|Thundurus, M, shiny|299/299","|turn|3","|","|switch|p1a: Quagsire|Quagsire, M|394/394","|move|p2a: Thunder Cloud|Thunder Wave|p1a: Quagsire","|-immune|p1a: Quagsire|[msg]","|","|turn|4","|","|switch|p2a: Mr.Washingmashine|Rotom-Wash|241/241","|move|p1a: Quagsire|Scald|p2a: Mr.Washingmashine","|-resisted|p2a: Mr.Washingmashine","|-damage|p2a: Mr.Washingmashine|212/241","|","|-heal|p2a: Mr.Washingmashine|227/241|[from] item: Leftovers","|turn|5","|","|move|p2a: Mr.Washingmashine|Will-O-Wisp|p1a: Quagsire","|-status|p1a: Quagsire|brn","|move|p1a: Quagsire|Encore|p2a: Mr.Washingmashine","|-start|p2a: Mr.Washingmashine|Encore","|","|-heal|p2a: Mr.Washingmashine|241/241|[from] item: Leftovers","|-damage|p1a: Quagsire|345/394 brn|[from] brn","|turn|6","|","|switch|p2a: Bolts|Magnezone|281/281","|switch|p1a: Volcarona|Volcarona, F|311/311","|","|turn|7","|","|move|p2a: Bolts|Volt Switch|p1a: Volcarona","|-damage|p1a: Volcarona|184/311","|","|switch|p2a: Mr.Washingmashine|Rotom-Wash|241/241","|move|p1a: Volcarona|Quiver Dance|p1a: Volcarona","|-boost|p1a: Volcarona|spa|1","|-boost|p1a: Volcarona|spd|1","|-boost|p1a: Volcarona|spe|1","|","|turn|8","|","|move|p1a: Volcarona|Bug Buzz|p2a: Mr.Washingmashine","|-crit|p2a: Mr.Washingmashine","|-damage|p2a: Mr.Washingmashine|0 fnt","|-damage|p1a: Volcarona|153/311|[from] item: Life Orb","|faint|p2a: Mr.Washingmashine","|","|","|switch|p2a: Thunder Cloud|Thundurus, M, shiny|299/299","|turn|9","|","|switch|p1a: Quagsire|Quagsire, M|345/394 brn","|move|p2a: Thunder Cloud|Thunder Wave|p1a: Quagsire","|-immune|p1a: Quagsire|[msg]","|","|-heal|p1a: Quagsire|369/394 brn|[from] item: Leftovers","|-damage|p1a: Quagsire|320/394 brn|[from] brn","|turn|10","|","|switch|p2a: Bolts|Magnezone|281/281","|move|p1a: Quagsire|Scald|p2a: Bolts","|-damage|p2a: Bolts|208/281","|-status|p2a: Bolts|brn","|","|-heal|p1a: Quagsire|344/394 brn|[from] item: Leftovers","|-damage|p2a: Bolts|173/281 brn|[from] brn","|-damage|p1a: Quagsire|295/394 brn|[from] brn","|turn|11","|","|move|p2a: Bolts|Flash Cannon|p1a: Quagsire","|-resisted|p1a: Quagsire","|-damage|p1a: Quagsire|187/394 brn","|move|p1a: Quagsire|Encore|p2a: Bolts","|-start|p2a: Bolts|Encore","|","|-heal|p1a: Quagsire|211/394 brn|[from] item: Leftovers","|-damage|p2a: Bolts|138/281 brn|[from] brn","|-damage|p1a: Quagsire|162/394 brn|[from] brn","|turn|12","|","|switch|p1a: Volcarona|Volcarona, F|153/311","|move|p2a: Bolts|Flash Cannon|p1a: Volcarona","|-resisted|p1a: Volcarona","|-damage|p1a: Volcarona|84/311","|-unboost|p1a: Volcarona|spd|1","|","|-damage|p2a: Bolts|103/281 brn|[from] brn","|turn|13","|","|move|p2a: Bolts|Flash Cannon|p1a: Volcarona","|-resisted|p1a: Volcarona","|-damage|p1a: Volcarona|0 fnt","|faint|p1a: Volcarona","|","|-damage|p2a: Bolts|68/281 brn|[from] brn","|","|switch|p1a: Lopunny|Lopunny-Mega, M|271/271","|turn|14","|","|move|p1a: Lopunny|Power-Up Punch|p2a: Bolts","|-supereffective|p2a: Bolts","|-damage|p2a: Bolts|0 fnt","|-boost|p1a: Lopunny|atk|1","|faint|p2a: Bolts","|","|","|switch|p2a: Thunder Cloud|Thundurus, M, shiny|299/299","|turn|15","|","|switch|p1a: Quagsire|Quagsire, M|162/394 brn","|move|p2a: Thunder Cloud|Nasty Plot|p2a: Thunder Cloud","|-boost|p2a: Thunder Cloud|spa|2","|","|-heal|p1a: Quagsire|186/394 brn|[from] item: Leftovers","|-damage|p1a: Quagsire|137/394 brn|[from] brn","|turn|16","|","|move|p2a: Thunder Cloud|Focus Blast|p1a: Quagsire","|-damage|p1a: Quagsire|0 fnt","|faint|p1a: Quagsire","|","|","|switch|p1a: Lopunny|Lopunny-Mega, M|271/271","|turn|17","|","|move|p1a: Lopunny|Fake Out|p2a: Thunder Cloud","|-damage|p2a: Thunder Cloud|208/299","|cant|p2a: Thunder Cloud|flinch","|","|-heal|p2a: Thunder Cloud|226/299|[from] item: Leftovers","|turn|18","|","|switch|p1a: Latias|Latias, F, shiny|301/301","|move|p2a: Thunder Cloud|Thunder Wave|p1a: Latias","|-status|p1a: Latias|par","|","|-heal|p2a: Thunder Cloud|244/299|[from] item: Leftovers","|turn|19","|","|move|p2a: Thunder Cloud|Thunderbolt|p1a: Latias","|-resisted|p1a: Latias","|-damage|p1a: Latias|174/301 par","|cant|p1a: Latias|par","|","|-heal|p2a: Thunder Cloud|262/299|[from] item: Leftovers","|turn|20","|","|move|p2a: Thunder Cloud|Nasty Plot|p2a: Thunder Cloud","|-boost|p2a: Thunder Cloud|spa|2","|move|p1a: Latias|Draco Meteor|p2a: Thunder Cloud","|-damage|p2a: Thunder Cloud|9/299","|-unboost|p1a: Latias|spa|2","|","|-heal|p2a: Thunder Cloud|27/299|[from] item: Leftovers","|turn|21","|","|move|p2a: Thunder Cloud|Thunderbolt|p1a: Latias","|-resisted|p1a: Latias","|-damage|p1a: Latias|0 fnt","|faint|p1a: Latias","|","|-heal|p2a: Thunder Cloud|45/299|[from] item: Leftovers","|","|switch|p1a: Lopunny|Lopunny-Mega, M|271/271","|turn|22","|","|move|p1a: Lopunny|Fake Out|p2a: Thunder Cloud","|-damage|p2a: Thunder Cloud|0 fnt","|faint|p2a: Thunder Cloud","|","|","|switch|p2a: RedTails|Gyarados, F, shiny|331/331","|turn|23","|","|switch|p1a: Diancie|Diancie|303/303","|-item|p1a: Diancie|Air Balloon","|move|p2a: RedTails|Substitute|p2a: RedTails","|-start|p2a: RedTails|Substitute","|-damage|p2a: RedTails|249/331","|","|turn|24","|","|detailschange|p2a: RedTails|Gyarados-Mega, F, shiny","|-mega|p2a: RedTails|Gyarados|Gyaradosite","|-ability|p2a: RedTails|Mold Breaker","|move|p2a: RedTails|Dragon Dance|p2a: RedTails","|-boost|p2a: RedTails|atk|1","|-boost|p2a: RedTails|spe|1","|move|p1a: Diancie|Diamond Storm|p2a: RedTails","|-end|p2a: RedTails|Substitute","|-boost|p1a: Diancie|def|1","|","|turn|25","|","|move|p2a: RedTails|Dragon Dance|p2a: RedTails","|-boost|p2a: RedTails|atk|1","|-boost|p2a: RedTails|spe|1","|move|p1a: Diancie|Moonblast|p2a: RedTails","|-supereffective|p2a: RedTails","|-damage|p2a: RedTails|63/331","|","|turn|26","|","|move|p2a: RedTails|Waterfall|p1a: Diancie","|-supereffective|p1a: Diancie","|-damage|p1a: Diancie|0 fnt","|-enditem|p1a: Diancie|Air Balloon","|faint|p1a: Diancie","|","|","|switch|p1a: Lopunny|Lopunny-Mega, M|271/271","|turn|27","|","|move|p1a: Lopunny|Fake Out|p2a: RedTails","|-damage|p2a: RedTails|0 fnt","|faint|p2a: RedTails","|","|","|switch|p2a: Penetrate|Excadrill, M, shiny|361/361","|-ability|p2a: Penetrate|Mold Breaker","|turn|28","|","|move|p1a: Lopunny|High Jump Kick|p2a: Penetrate","|-supereffective|p2a: Penetrate","|-damage|p2a: Penetrate|0 fnt","|faint|p2a: Penetrate","|","|win|Mardanitan"],"p1rating":{"entryid":"7320962","serverid":"eos","formatid":"ou","userid":"mardanitan","username":"Mardanitan","w":1,"l":"2","t":"0","gxe":45.8,"r":"1500","rd":"130","sigma":"0","rptime":"1438419600","rpr":1466.8864146159,"rprd":111.38129060149,"rpsigma":"0","acre":1040,"lacre":1040,"oldacre":"1000"},"p2rating":{"entryid":7321290,"formatid":"ou","userid":"kaiyda","username":"Kaiyda","r":1500,"rd":130,"sigma":0,"rpr":1459.8393856612,"rprd":122.8583080769,"rpsigma":0,"rptime":1438419600,"w":0,"l":1,"t":0,"gxe":45,"acre":1000,"lacre":1000,"oldacre":1000},"endType":"normal"}