{"seed":[16315,14312,39085,58403],"turns":23,"p1":"Chillie102","p2":"hcgjgjgj","p1team":[{"name":"Altaria","species":"Altaria","item":"altarianite","ability":"Natural Cure","moves":["dragondance","return","fireblast","earthquake"],"nature":"Lonely","evs":{"hp":0,"atk":252,"def":0,"spa":4,"spd":0,"spe":252},"ivs":{"hp":31,"atk":31,"def":31,"spa":31,"spd":31,"spe":31}},{"name":"Gothitelle","species":"Gothitelle","item":"choicescarf","ability":"Shadow Tag","moves":["trick","healbell","psyshock","shadowball"],"nature":"Bold","evs":{"hp":0,"atk":0,"def":252,"spa":76,"spd":180,"spe":0},"ivs":{"hp":31,"atk":31,"def":31,"spa":31,"spd":31,"spe":31}},{"name":"Heatran","species":"Heatran","item":"airballoon","ability":"Flash Fire","moves":["lavaplume","flashcannon","stealthrock","toxic"],"nature":"Calm","evs":{"hp":248,"atk":0,"def":0,"spa":8,"spd":252,"spe":0},"ivs":{"hp":31,"atk":31,"def":31,"spa":31,"spd":31,"spe":31}},{"name":"Keldeo-Resolute","species":"Keldeo-Resolute","item":"choicespecs","ability":"Justified","moves":["scald","secretsword","icywind","hiddenpowerelectric"],"nature":"Timid","evs":{"hp":0,"atk":0,"def":0,"spa":252,"spd":4,"spe":252},"ivs":{"hp":31,"atk":31,"def":31,"spa":30,"spd":31,"spe":31}},{"name":"Scizor","species":"Scizor","item":"rockyhelmet","ability":"Technician","moves":["defog","roost","bulletpunch","uturn"],"nature":"Impish","evs":{"hp":248,"atk":8,"def":252,"spa":0,"spd":0,"spe":0},"ivs":{"hp":31,"atk":31,"def":31,"spa":31,"spd":31,"spe":31}},{"name":"Bisharp","species":"Bisharp","item":"focussash","ability":"Defiant","moves":["swordsdance","knockoff","suckerpunch","ironhead"],"nature":"Adamant","evs":{"hp":248,"atk":252,"def":0,"spa":0,"spd":8,"spe":0},"ivs":{"hp":31,"atk":31,"def":31,"spa":31,"spd":31,"spe":31}}],"p2team":[{"name":"Sableye","species":"Sableye","item":"sablenite","ability":"Prankster","moves":["willowisp","taunt","knockoff","recover"],"nature":"Careful","evs":{"hp":248,"atk":8,"def":0,"spa":0,"spd":252,"spe":0},"shiny":true,"ivs":{"hp":31,"atk":31,"def":31,"spa":31,"spd":31,"spe":31}},{"name":"Ferrothorn","species":"Ferrothorn","item":"rockyhelmet","ability":"Iron Barbs","moves":["leechseed","spikes","powerwhip","protect"],"nature":"Careful","evs":{"hp":248,"atk":8,"def":88,"spa":0,"spd":164,"spe":0},"ivs":{"hp":31,"atk":31,"def":31,"spa":31,"spd":31,"spe":31}},{"name":"Clefable","species":"Clefable","item":"leftovers","ability":"Unaware","moves":["moonblast","wish","healbell","protect"],"nature":"Bold","evs":{"hp":248,"atk":0,"def":252,"spa":8,"spd":0,"spe":0},"ivs":{"hp":31,"atk":31,"def":31,"spa":31,"spd":31,"spe":31}},{"name":"Latias","species":"Latias","item":"lifeorb","ability":"Levitate","moves":["dracometeor","psyshock","hiddenpowerfighting","defog"],"nature":"Calm","evs":{"hp":248,"atk":0,"def":212,"spa":48,"spd":0,"spe":0},"ivs":{"hp":31,"atk":31,"def":30,"spa":30,"spd":30,"spe":30},"shiny":true},{"name":"Heatran","species":"Heatran","item":"airballoon","ability":"Flash Fire","moves":["lavaplume","earthpower","flashcannon","stealthrock"],"nature":"Calm","evs":{"hp":248,"atk":0,"def":0,"spa":68,"spd":192,"spe":0},"shiny":true,"ivs":{"hp":31,"atk":31,"def":31,"spa":31,"spd":31,"spe":31}},{"name":"Tyranitar","species":"Tyranitar","item":"assaultvest","ability":"Sand Stream","moves":["crunch","pursuit","earthquake","icepunch"],"nature":"Impish","evs":{"hp":100,"atk":128,"def":150,"spa":0,"spd":130,"spe":0},"shiny":true,"ivs":{"hp":31,"atk":31,"def":31,"spa":31,"spd":31,"spe":31}}],"log":["|player|p1|Chillie102|150","|player|p2|hcgjgjgj|269","|gametype|singles","|gen|6","|tier|OU","|rated","|clearpoke","|poke|p1|Altaria, M","|poke|p1|Gothitelle, F","|poke|p1|Heatran, F","|poke|p1|Keldeo-Resolute","|poke|p1|Scizor, M","|poke|p1|Bisharp, M","|poke|p2|Sableye, M, shiny","|poke|p2|Ferrothorn, M","|poke|p2|Clefable, F","|poke|p2|Latias, F, shiny","|poke|p2|Heatran, F, shiny","|poke|p2|Tyranitar, M, shiny","|rule|Swagger Clause: Swagger is banned","|rule|Baton Pass Clause: Limit one Baton Passer, can't pass Spe and other stats simultaneously","|rule|Sleep Clause Mod: Limit one foe put to sleep","|rule|Species Clause: Limit one of each Pokémon","|rule|OHKO Clause: OHKO moves are banned","|rule|Moody Clause: Moody is banned","|rule|Evasion Moves Clause: Evasion moves are banned","|rule|Endless Battle Clause: Forcing endless battles is banned","|rule|HP Percentage Mod: HP is shown in percentages","|teampreview","|","|start","|switch|p1a: Keldeo-Resolute|Keldeo-Resolute|323/323","|switch|p2a: Sableye|Sableye, M, shiny|303/303","|turn|1","|","|detailschange|p2a: Sableye|Sableye-Mega, M, shiny","|-mega|p2a: Sableye|Sableye|Sablenite","|move|p1a: Keldeo-Resolute|Scald|p2a: Sableye","|-damage|p2a: Sableye|168/303","|move|p2a: Sableye|Knock Off|p1a: Keldeo-Resolute","|-resisted|p1a: Keldeo-Resolute","|-damage|p1a: Keldeo-Resolute|267/323","|-boost|p1a: Keldeo-Resolute|atk|1|[from] ability: Justified","|-enditem|p1a: Keldeo-Resolute|Choice Specs|[from] move: Knock Off|[of] p2a: Sableye","|","|turn|2","|","|move|p1a: Keldeo-Resolute|Scald|p2a: Sableye","|-damage|p2a: Sableye|80/303","|move|p2a: Sableye|Recover|p2a: Sableye","|-heal|p2a: Sableye|232/303","|","|turn|3","|","|switch|p1a: Altaria|Altaria, M|291/291","|move|p2a: Sableye|Will-O-Wisp|p1a: Altaria","|-status|p1a: Altaria|brn","|","|-damage|p1a: Altaria|255/291 brn|[from] brn","|turn|4","|","|switch|p1a: Heatran|Heatran, F|385/385","|-item|p1a: Heatran|Air Balloon","|switch|p2a: Clefable|Clefable, F|393/393","|","|turn|5","|","|move|p1a: Heatran|Flash Cannon|p2a: Clefable","|-supereffective|p2a: Clefable","|-damage|p2a: Clefable|157/393","|move|p2a: Clefable|Wish|p2a: Clefable","|","|-heal|p2a: Clefable|181/393|[from] item: Leftovers","|turn|6","|","|switch|p2a: Tyranitar|Tyranitar, M, shiny|366/366","|-weather|Sandstorm","|move|p1a: Heatran|Flash Cannon|p2a: Tyranitar","|-crit|p2a: Tyranitar","|-supereffective|p2a: Tyranitar","|-damage|p2a: Tyranitar|228/366","|","|-weather|Sandstorm|[upkeep]","|-heal|p2a: Tyranitar|366/366|[from] move: Wish|[wisher] Clefable","|turn|7","|","|move|p1a: Heatran|Stealth Rock|p2a: Tyranitar","|-sidestart|p2: hcgjgjgj|move: Stealth Rock","|move|p2a: Tyranitar|Crunch|p1a: Heatran","|-damage|p1a: Heatran|261/385","|-enditem|p1a: Heatran|Air Balloon","|-unboost|p1a: Heatran|def|1","|","|-weather|Sandstorm|[upkeep]","|turn|8","|","|switch|p1a: Keldeo-Resolute|Keldeo-Resolute|267/323","|move|p2a: Tyranitar|Crunch|p1a: Keldeo-Resolute","|-resisted|p1a: Keldeo-Resolute","|-damage|p1a: Keldeo-Resolute|199/323","|-boost|p1a: Keldeo-Resolute|atk|1|[from] ability: Justified","|","|-weather|Sandstorm|[upkeep]","|-damage|p1a: Keldeo-Resolute|179/323|[from] sandstorm","|turn|9","|","|switch|p2a: Ferrothorn|Ferrothorn, M|351/351","|-damage|p2a: Ferrothorn|330/351|[from] Stealth Rock","|move|p1a: Keldeo-Resolute|Scald|p2a: Ferrothorn","|-resisted|p2a: Ferrothorn","|-damage|p2a: Ferrothorn|280/351","|-status|p2a: Ferrothorn|brn","|","|-weather|Sandstorm|[upkeep]","|-damage|p1a: Keldeo-Resolute|159/323|[from] sandstorm","|-damage|p2a: Ferrothorn|237/351 brn|[from] brn","|turn|10","|","|move|p1a: Keldeo-Resolute|Secret Sword|p2a: Ferrothorn","|-supereffective|p2a: Ferrothorn","|-damage|p2a: Ferrothorn|1/351 brn","|move|p2a: Ferrothorn|Spikes|p1a: Keldeo-Resolute","|-sidestart|p1: Chillie102|Spikes","|","|-weather|none","|-damage|p2a: Ferrothorn|0 fnt|[from] brn","|faint|p2a: Ferrothorn","|","|switch|p2a: Latias|Latias, F, shiny|363/363","|-damage|p2a: Latias|318/363|[from] Stealth Rock","|turn|11","|","|move|p1a: Keldeo-Resolute|Icy Wind|p2a: Latias","|-supereffective|p2a: Latias","|-damage|p2a: Latias|222/363","|-unboost|p2a: Latias|spe|1","|move|p2a: Latias|Psyshock|p1a: Keldeo-Resolute","|-supereffective|p1a: Keldeo-Resolute","|-damage|p1a: Keldeo-Resolute|0 fnt","|-damage|p2a: Latias|186/363|[from] item: Life Orb","|faint|p1a: Keldeo-Resolute","|","|","|switch|p1a: Bisharp|Bisharp, M|333/333","|-damage|p1a: Bisharp|292/333|[from] Spikes","|turn|12","|","|move|p1a: Bisharp|Swords Dance|p1a: Bisharp","|-boost|p1a: Bisharp|atk|2","|move|p2a: Latias|Hidden Power|p1a: Bisharp","|-supereffective|p1a: Bisharp","|-damage|p1a: Bisharp|0 fnt","|-damage|p2a: Latias|150/363|[from] item: Life Orb","|faint|p1a: Bisharp","|","|","|switch|p1a: Gothitelle|Gothitelle, F|281/281","|-damage|p1a: Gothitelle|246/281|[from] Spikes","|turn|13","|","|move|p1a: Gothitelle|Shadow Ball|p2a: Latias","|-supereffective|p2a: Latias","|-damage|p2a: Latias|60/363","|-unboost|p2a: Latias|spd|1","|move|p2a: Latias|Defog|p1a: Gothitelle","|-unboost|p1a: Gothitelle|evasion|1","|-sideend|p1: Chillie102|Spikes|[from] move: Defog|[of] p1a: Gothitelle","|-sideend|p2: hcgjgjgj|Stealth Rock|[from] move: Defog|[of] p2a: Latias","|","|turn|14","|","|move|p1a: Gothitelle|Shadow Ball|p2a: Latias","|-supereffective|p2a: Latias","|-damage|p2a: Latias|0 fnt","|faint|p2a: Latias","|","|","|switch|p2a: Tyranitar|Tyranitar, M, shiny|366/366","|-weather|Sandstorm","|turn|15","|","|move|p2a: Tyranitar|Pursuit|p1a: Gothitelle|[from]Pursuit","|-supereffective|p1a: Gothitelle","|-damage|p1a: Gothitelle|28/281","|switch|p1a: Scizor|Scizor, M|343/343","|","|-weather|Sandstorm|[upkeep]","|turn|16","|","|switch|p2a: Clefable|Clefable, F|181/393","|move|p1a: Scizor|U-turn|p2a: Clefable","|-resisted|p2a: Clefable","|-damage|p2a: Clefable|133/393","|","|switch|p1a: Altaria|Altaria, M|255/291","|","|-weather|Sandstorm|[upkeep]","|-damage|p1a: Altaria|237/291|[from] sandstorm","|-damage|p2a: Clefable|109/393|[from] sandstorm","|-heal|p2a: Clefable|133/393|[from] item: Leftovers","|turn|17","|","|detailschange|p1a: Altaria|Altaria-Mega, M","|-mega|p1a: Altaria|Altaria|Altarianite","|move|p1a: Altaria|Return|p2a: Clefable","|-damage|p2a: Clefable|0 fnt","|faint|p2a: Clefable","|","|-weather|Sandstorm|[upkeep]","|-damage|p1a: Altaria|219/291|[from] sandstorm","|","|switch|p2a: Sableye|Sableye-Mega, M, shiny|232/303","|turn|18","|","|move|p1a: Altaria|Return|p2a: Sableye","|-crit|p2a: Sableye","|-supereffective|p2a: Sableye","|-damage|p2a: Sableye|0 fnt","|faint|p2a: Sableye","|","|-weather|Sandstorm|[upkeep]","|-damage|p1a: Altaria|201/291|[from] sandstorm","|","|switch|p2a: Heatran|Heatran, F, shiny|385/385","|-item|p2a: Heatran|Air Balloon","|turn|19","|","|switch|p1a: Gothitelle|Gothitelle, F|28/281","|move|p2a: Heatran|Flash Cannon|p1a: Gothitelle","|-damage|p1a: Gothitelle|0 fnt","|faint|p1a: Gothitelle","|","|-weather|none","|","|switch|p1a: Scizor|Scizor, M|343/343","|turn|20","|","|move|p1a: Scizor|Bullet Punch|p2a: Heatran","|-resisted|p2a: Heatran","|-damage|p2a: Heatran|364/385","|-enditem|p2a: Heatran|Air Balloon","|move|p2a: Heatran|Earth Power|p1a: Scizor","|-damage|p1a: Scizor|224/343","|","|turn|21","|","|move|p2a: Heatran|Lava Plume|p1a: Scizor","|-supereffective|p1a: Scizor","|-damage|p1a: Scizor|0 fnt","|faint|p1a: Scizor","|","|","|switch|p1a: Altaria|Altaria-Mega, M|201/291","|turn|22","|","|move|p1a: Altaria|Earthquake|p2a: Heatran","|-supereffective|p2a: Heatran","|-damage|p2a: Heatran|0 fnt","|faint|p2a: Heatran","|","|","|switch|p2a: Tyranitar|Tyranitar, M, shiny|366/366","|-weather|Sandstorm","|turn|23","|","|move|p1a: Altaria|Return|p2a: Tyranitar","|-supereffective|p2a: Tyranitar","|-damage|p2a: Tyranitar|0 fnt","|faint|p2a: Tyranitar","|","|win|Chillie102"],"p1rating":{"entryid":"7259286","serverid":"eos","formatid":"ou","userid":"chillie102","username":"Chillie102","w":1,"l":"1","t":"0","gxe":51.7,"r":1473.9257806256,"rd":123.87034060582,"sigma":"0","rptime":1438419600,"rpr":1513.3199173417,"rprd":117.67323893448,"rpsigma":"0","acre":1040,"lacre":1040,"oldacre":"1000"},"p2rating":{"entryid":7328188,"formatid":"ou","userid":"hcgjgjgj","username":"hcgjgjgj","r":1500,"rd":130,"sigma":0,"rpr":1459.8393856612,"rprd":122.8583080769,"rpsigma":0,"rptime":1438419600,"w":0,"l":1,"t":0,"gxe":45,"acre":1000,"lacre":1000,"oldacre":1000},"endType":"normal"}