{"seed":[37948,4161,22774,62398],"turns":18,"p1":"Sovereign♕Genesect","p2":"DJ Gible - ⒶⓌⒶⓎ","p1team":[{"name":"Keldeo","species":"Keldeo","item":"choicespecs","ability":"Justified","moves":["hydropump","focusblast","secretsword","hiddenpowerghost"],"nature":"Timid","evs":{"hp":0,"atk":0,"def":0,"spa":252,"spd":4,"spe":252},"ivs":{"hp":31,"atk":31,"def":30,"spa":31,"spd":30,"spe":31}},{"name":"Azumarill","species":"Azumarill","item":"leftovers","ability":"Sap Sipper","moves":["substitute","focuspunch","icepunch","playrough"],"nature":"Adamant","evs":{"hp":248,"atk":252,"def":0,"spa":0,"spd":8,"spe":0},"ivs":{"hp":31,"atk":31,"def":31,"spa":31,"spd":31,"spe":31}},{"name":"Gyarados","species":"Gyarados","item":"gyaradosite","ability":"Intimidate","moves":["dragondance","crunch","waterfall","earthquake"],"nature":"Adamant","evs":{"hp":0,"atk":252,"def":0,"spa":0,"spd":4,"spe":252},"ivs":{"hp":31,"atk":31,"def":31,"spa":31,"spd":31,"spe":31}},{"name":"Starmie","species":"Starmie","item":"lifeorb","ability":"Natural Cure","moves":["dazzlinggleam","icebeam","hydropump","psyshock"],"nature":"Timid","evs":{"hp":0,"atk":0,"def":0,"spa":252,"spd":4,"spe":252},"ivs":{"hp":31,"atk":31,"def":31,"spa":31,"spd":31,"spe":31}},{"name":"Manaphy","species":"Manaphy","item":"lifeorb","ability":"Hydration","moves":["tailglow","shadowball","energyball","surf"],"nature":"Timid","evs":{"hp":0,"atk":0,"def":0,"spa":252,"spd":4,"spe":252},"ivs":{"hp":31,"atk":31,"def":31,"spa":31,"spd":31,"spe":31}},{"name":"Rotom-Wash","species":"Rotom-Wash","item":"choicescarf","ability":"Levitate","moves":["trick","willowisp","hydropump","voltswitch"],"nature":"Timid","evs":{"hp":0,"atk":0,"def":0,"spa":252,"spd":4,"spe":252},"ivs":{"hp":31,"atk":31,"def":31,"spa":31,"spd":31,"spe":31}}],"p2team":[{"name":"Diancie","species":"Diancie","item":"diancite","ability":"Clear Body","moves":["earthpower","moonblast","ancientpower","toxic"],"nature":"Timid","evs":{"hp":0,"atk":0,"def":0,"spa":252,"spd":4,"spe":252},"ivs":{"hp":31,"atk":31,"def":31,"spa":31,"spd":31,"spe":31}},{"name":"Cradily","species":"Cradily","item":"leftovers","ability":"Storm Drain","moves":["stealthrock","rockslide","recover","gigadrain"],"nature":"Careful","evs":{"hp":252,"atk":4,"def":0,"spa":0,"spd":252,"spe":0},"ivs":{"hp":31,"atk":31,"def":31,"spa":31,"spd":31,"spe":31}},{"name":"Tyranitar","species":"Tyranitar","item":"choicescarf","ability":"Sand Stream","moves":["stoneedge","pursuit","superpower","crunch"],"nature":"Jolly","evs":{"hp":0,"atk":252,"def":4,"spa":0,"spd":0,"spe":252},"ivs":{"hp":31,"atk":31,"def":31,"spa":31,"spd":31,"spe":31}},{"name":"Omastar","species":"Omastar","item":"focussash","ability":"Weak Armor","moves":["shellsmash","icebeam","scald","ancientpower"],"nature":"Modest","evs":{"hp":0,"atk":0,"def":0,"spa":252,"spd":4,"spe":252},"ivs":{"hp":31,"atk":31,"def":31,"spa":31,"spd":31,"spe":31}},{"name":"Rhyperior","species":"Rhyperior","item":"weaknesspolicy","ability":"Solid Rock","moves":["earthquake","ironhead","poisonjab","stoneedge"],"nature":"Adamant","evs":{"hp":184,"atk":252,"def":64,"spa":0,"spd":8,"spe":0},"ivs":{"hp":31,"atk":31,"def":31,"spa":31,"spd":31,"spe":31}},{"name":"Terrakion","species":"Terrakion","item":"choicescarf","ability":"Justified","moves":["closecombat","stoneedge","zenheadbutt","poisonjab"],"nature":"Jolly","evs":{"hp":0,"atk":252,"def":0,"spa":0,"spd":4,"spe":252},"ivs":{"hp":31,"atk":31,"def":31,"spa":31,"spd":31,"spe":31}}],"log":["|player|p1|Sovereign♕Genesect|56","|player|p2|DJ Gible - ⒶⓌⒶⓎ|198","|gametype|singles","|gen|6","|tier|Monotype","|rated","|rule|Baton Pass Clause: Limit one Baton Passer, can't pass Spe and other stats simultaneously","|rule|Swagger Clause: Swagger is banned","|rule|Same Type Clause: Pokémon in a team must share a type","|clearpoke","|poke|p1|Keldeo","|poke|p1|Azumarill, M","|poke|p1|Gyarados, F","|poke|p1|Starmie","|poke|p1|Manaphy","|poke|p1|Rotom-Wash","|poke|p2|Diancie","|poke|p2|Cradily, M","|poke|p2|Tyranitar, F","|poke|p2|Omastar, M","|poke|p2|Rhyperior, F","|poke|p2|Terrakion","|rule|Sleep Clause Mod: Limit one foe put to sleep","|rule|Species Clause: Limit one of each Pokémon","|rule|OHKO Clause: OHKO moves are banned","|rule|Moody Clause: Moody is banned","|rule|Evasion Moves Clause: Evasion moves are banned","|rule|Endless Battle Clause: Forcing endless battles is banned","|rule|HP Percentage Mod: HP is shown in percentages","|teampreview","|","|start","|switch|p1a: Rotom-Wash|Rotom-Wash|241/241","|switch|p2a: Diancie|Diancie|241/241","|turn|1","|","|detailschange|p2a: Diancie|Diancie-Mega","|-mega|p2a: Diancie|Diancie|Diancite","|move|p1a: Rotom-Wash|Volt Switch|p2a: Diancie","|-damage|p2a: Diancie|150/241","|","|switch|p1a: Starmie|Starmie|261/261","|move|p2a: Diancie|Toxic|p1a: Starmie","|-status|p1a: Starmie|tox","|","|-damage|p1a: Starmie|245/261 tox|[from] psn","|turn|2","|","|move|p1a: Starmie|Psyshock|p2a: Diancie","|-damage|p2a: Diancie|10/241","|-damage|p1a: Starmie|219/261 tox|[from] item: Life Orb","|move|p2a: Diancie|Moonblast|p1a: Starmie","|-damage|p1a: Starmie|0 fnt","|faint|p1a: Starmie","|","|","|switch|p1a: Gyarados|Gyarados, F|331/331","|-ability|p1a: Gyarados|Intimidate","|-unboost|p2a: Diancie|atk|1","|turn|3","|","|move|p2a: Diancie|Moonblast|p1a: Gyarados","|-damage|p1a: Gyarados|148/331","|-unboost|p1a: Gyarados|spa|1","|move|p1a: Gyarados|Dragon Dance|p1a: Gyarados","|-boost|p1a: Gyarados|atk|1","|-boost|p1a: Gyarados|spe|1","|","|turn|4","|","|detailschange|p1a: Gyarados|Gyarados-Mega, F","|-mega|p1a: Gyarados|Gyarados|Gyaradosite","|-ability|p1a: Gyarados|Mold Breaker","|move|p1a: Gyarados|Earthquake|p2a: Diancie","|-supereffective|p2a: Diancie","|-damage|p2a: Diancie|0 fnt","|faint|p2a: Diancie","|","|","|switch|p2a: Terrakion|Terrakion|323/323","|turn|5","|","|move|p2a: Terrakion|Close Combat|p1a: Gyarados","|-supereffective|p1a: Gyarados","|-damage|p1a: Gyarados|0 fnt","|-unboost|p2a: Terrakion|def|1","|-unboost|p2a: Terrakion|spd|1","|faint|p1a: Gyarados","|","|","|switch|p1a: Azumarill|Azumarill, M|403/403","|turn|6","|","|switch|p2a: Cradily|Cradily, M|376/376","|move|p1a: Azumarill|Substitute|p1a: Azumarill","|-start|p1a: Azumarill|Substitute","|-damage|p1a: Azumarill|303/403","|","|-heal|p1a: Azumarill|328/403|[from] item: Leftovers","|turn|7","|","|-singleturn|p1a: Azumarill|move: Focus Punch","|move|p2a: Cradily|Giga Drain|p1a: Azumarill","|-boost|p1a: Azumarill|atk|1|[from] ability: Sap Sipper","|move|p1a: Azumarill|Focus Punch|p2a: Cradily","|-supereffective|p2a: Cradily","|-damage|p2a: Cradily|36/376","|","|-heal|p1a: Azumarill|353/403|[from] item: Leftovers","|-heal|p2a: Cradily|59/376|[from] item: Leftovers","|turn|8","|","|move|p1a: Azumarill|Ice Punch|p2a: Cradily","|-supereffective|p2a: Cradily","|-damage|p2a: Cradily|0 fnt","|faint|p2a: Cradily","|","|-heal|p1a: Azumarill|378/403|[from] item: Leftovers","|","|switch|p2a: Tyranitar|Tyranitar, F|341/341","|-weather|Sandstorm","|turn|9","|","|-singleturn|p1a: Azumarill|move: Focus Punch","|move|p2a: Tyranitar|Stone Edge|p1a: Azumarill","|-end|p1a: Azumarill|Substitute","|move|p1a: Azumarill|Focus Punch|p2a: Tyranitar","|-supereffective|p2a: Tyranitar","|-damage|p2a: Tyranitar|0 fnt","|faint|p2a: Tyranitar","|","|-weather|Sandstorm|[upkeep]","|-damage|p1a: Azumarill|353/403|[from] sandstorm","|-heal|p1a: Azumarill|378/403|[from] item: Leftovers","|","|switch|p2a: Terrakion|Terrakion|323/323","|turn|10","|","|move|p2a: Terrakion|Poison Jab|p1a: Azumarill","|-supereffective|p1a: Azumarill","|-damage|p1a: Azumarill|158/403","|move|p1a: Azumarill|Play Rough|p2a: Terrakion","|-supereffective|p2a: Terrakion","|-damage|p2a: Terrakion|11/323","|","|-weather|Sandstorm|[upkeep]","|-damage|p1a: Azumarill|133/403|[from] sandstorm","|-heal|p1a: Azumarill|158/403|[from] item: Leftovers","|turn|11","|","|-singleturn|p1a: Azumarill|move: Focus Punch","|move|p2a: Terrakion|Poison Jab|p1a: Azumarill","|-crit|p1a: Azumarill","|-supereffective|p1a: Azumarill","|-damage|p1a: Azumarill|0 fnt","|faint|p1a: Azumarill","|","|-weather|Sandstorm|[upkeep]","|","|switch|p1a: Keldeo|Keldeo|323/323","|turn|12","|","|switch|p2a: Rhyperior|Rhyperior, F|417/417","|move|p1a: Keldeo|Hydro Pump|p2a: Rhyperior","|-supereffective|p2a: Rhyperior","|-damage|p2a: Rhyperior|0 fnt","|faint|p2a: Rhyperior","|","|-weather|Sandstorm|[upkeep]","|-damage|p1a: Keldeo|303/323|[from] sandstorm","|","|switch|p2a: Omastar|Omastar, M|281/281","|turn|13","|","|move|p1a: Keldeo|Hydro Pump|p2a: Omastar","|-damage|p2a: Omastar|23/281","|move|p2a: Omastar|Shell Smash|p2a: Omastar","|-unboost|p2a: Omastar|def|1","|-unboost|p2a: Omastar|spd|1","|-boost|p2a: Omastar|atk|2","|-boost|p2a: Omastar|spa|2","|-boost|p2a: Omastar|spe|2","|","|-weather|none","|turn|14","|","|move|p2a: Omastar|Scald|p1a: Keldeo","|-resisted|p1a: Keldeo","|-damage|p1a: Keldeo|144/323","|-status|p1a: Keldeo|brn","|move|p1a: Keldeo|Hydro Pump|p2a: Omastar","|-crit|p2a: Omastar","|-damage|p2a: Omastar|0 fnt","|faint|p2a: Omastar","|","|-damage|p1a: Keldeo|104/323 brn|[from] brn","|","|switch|p2a: Terrakion|Terrakion|11/323","|turn|15","|","|move|p2a: Terrakion|Close Combat|p1a: Keldeo","|-damage|p1a: Keldeo|0 fnt","|-unboost|p2a: Terrakion|def|1","|-unboost|p2a: Terrakion|spd|1","|faint|p1a: Keldeo","|","|","|switch|p1a: Rotom-Wash|Rotom-Wash|241/241","|turn|16","|","|move|p2a: Terrakion|Close Combat|p1a: Rotom-Wash","|-damage|p1a: Rotom-Wash|55/241","|-unboost|p2a: Terrakion|def|1","|-unboost|p2a: Terrakion|spd|1","|move|p1a: Rotom-Wash|Will-O-Wisp|p2a: Terrakion|[miss]","|-miss|p1a: Rotom-Wash|p2a: Terrakion","|","|turn|17","|","|move|p2a: Terrakion|Close Combat|p1a: Rotom-Wash","|-damage|p1a: Rotom-Wash|0 fnt","|-unboost|p2a: Terrakion|def|1","|-unboost|p2a: Terrakion|spd|1","|faint|p1a: Rotom-Wash","|","|","|switch|p1a: Manaphy|Manaphy|341/341","|turn|18","|","|move|p2a: Terrakion|Close Combat|p1a: Manaphy","|-damage|p1a: Manaphy|127/341","|-unboost|p2a: Terrakion|def|1","|-unboost|p2a: Terrakion|spd|1","|move|p1a: Manaphy|Shadow Ball|p2a: Terrakion","|-damage|p2a: Terrakion|0 fnt","|-damage|p1a: Manaphy|93/341|[from] item: Life Orb","|faint|p2a: Terrakion","|","|win|Sovereign♕Genesect"],"p1rating":{"entryid":631432,"formatid":"monotype","userid":"sovereigngenesect","username":"Sovereign♕Genesect","r":1500,"rd":130,"sigma":0,"rpr":1537.5167647046,"rprd":122.10794825922,"rpsigma":0,"rptime":1440838800,"w":1,"l":0,"t":0,"gxe":54.7,"acre":1050.5526192243,"lacre":1050.5526192243,"oldacre":1000},"p2rating":{"entryid":"166635","serverid":"eos","formatid":"monotype","userid":"djgible","username":"DJ Gible","w":"15","l":21,"t":"0","gxe":44.5,"r":"1460.9355392512","rd":"60.185634988392","sigma":"0","rptime":"1440838800","rpr":1458.1136671251,"rprd":56.557983424831,"rpsigma":"0","acre":1063.4438198369,"lacre":1063.4438198369,"oldacre":"1093.8787959948"},"endType":"normal"}