{"seed":[21889,15122,30633,18049],"turns":26,"p1":"SWL Nocturne","p2":"Apex Salamence","p1team":[{"name":"Slowbro","species":"Slowbro","item":"rockyhelmet","ability":"Regenerator","moves":["trickroom","scald","icebeam","slackoff"],"nature":"Relaxed","evs":{"hp":248,"atk":0,"def":252,"spa":8,"spd":0,"spe":0},"ivs":{"hp":31,"atk":31,"def":31,"spa":31,"spd":31,"spe":0}},{"name":"Reuniclus","species":"Reuniclus","item":"lifeorb","ability":"Magic Guard","moves":["trickroom","psyshock","calmmind","energyball"],"nature":"Quiet","evs":{"hp":248,"atk":0,"def":0,"spa":252,"spd":8,"spe":0},"ivs":{"hp":31,"atk":31,"def":31,"spa":31,"spd":31,"spe":0}},{"name":"Victini","species":"Victini","item":"lifeorb","ability":"Victory Star","moves":["vcreate","boltstrike","brickbreak","zenheadbutt"],"nature":"Adamant","evs":{"hp":252,"atk":252,"def":0,"spa":0,"spd":4,"spe":0},"ivs":{"hp":31,"atk":31,"def":31,"spa":31,"spd":31,"spe":31}},{"name":"Gallade","species":"Gallade","item":"galladite","ability":"Justified","moves":["swordsdance","closecombat","shadowsneak","knockoff"],"nature":"Adamant","evs":{"hp":0,"atk":252,"def":0,"spa":0,"spd":4,"spe":252},"ivs":{"hp":31,"atk":31,"def":31,"spa":31,"spd":31,"spe":31}},{"name":"Gardevoir","species":"Gardevoir","item":"lifeorb","ability":"Trace","moves":["moonblast","psychic","healingwish","focusblast"],"nature":"Modest","evs":{"hp":252,"atk":0,"def":0,"spa":252,"spd":0,"spe":0},"ivs":{"hp":31,"atk":31,"def":31,"spa":31,"spd":31,"spe":31}},{"name":"Meloetta","species":"Meloetta","item":"lifeorb","ability":"Serene Grace","moves":["shadowball","dazzlinggleam","psychic","hypervoice"],"nature":"Modest","evs":{"hp":252,"atk":0,"def":4,"spa":252,"spd":0,"spe":0},"ivs":{"hp":31,"atk":31,"def":31,"spa":31,"spd":31,"spe":31}}],"p2team":[{"name":"Typhoon","species":"gyarados","item":"gyaradosite","ability":"Intimidate","moves":["crunch","dragondance","earthquake","waterfall"],"nature":"Adamant","evs":{"hp":0,"atk":252,"def":0,"spa":0,"spd":4,"spe":252},"gender":"M","shiny":true,"ivs":{"hp":31,"atk":31,"def":31,"spa":31,"spd":31,"spe":31}},{"name":"Porunga","species":"dragonite","item":"weaknesspolicy","ability":"Multiscale","moves":["dragonclaw","dragondance","extremespeed","fly"],"nature":"Adamant","evs":{"hp":0,"atk":252,"def":0,"spa":0,"spd":4,"spe":252},"gender":"M","shiny":true,"ivs":{"hp":31,"atk":31,"def":31,"spa":31,"spd":31,"spe":31}},{"name":"Nightwing","species":"gliscor","item":"toxicorb","ability":"Poison Heal","moves":["earthquake","toxic","protect","aerialace"],"nature":"Impish","evs":{"hp":248,"atk":0,"def":188,"spa":0,"spd":0,"spe":72},"gender":"M","shiny":true,"ivs":{"hp":31,"atk":31,"def":31,"spa":31,"spd":31,"spe":31}},{"name":"Jupiter","species":"thundurus","item":"leftovers","ability":"Prankster","moves":["nastyplot","thunderbolt","hiddenpowerice","thunderwave"],"nature":"Timid","evs":{"hp":0,"atk":0,"def":0,"spa":252,"spd":4,"spe":252},"ivs":{"hp":31,"atk":30,"def":30,"spa":31,"spd":31,"spe":31},"shiny":true},{"name":"Cherokee","species":"xatu","item":"lifeorb","ability":"Magic Bounce","moves":["toxic","psyshock","heatwave","roost"],"nature":"Calm","evs":{"hp":248,"atk":0,"def":0,"spa":8,"spd":252,"spe":0},"gender":"M","shiny":true,"ivs":{"hp":31,"atk":31,"def":31,"spa":31,"spd":31,"spe":31}},{"name":"DEATH","species":"togekiss","item":"leftovers","ability":"Serene Grace","moves":["airslash","thunderwave","nastyplot","wish"],"nature":"Calm","evs":{"hp":252,"atk":0,"def":0,"spa":4,"spd":252,"spe":0},"gender":"F","shiny":true,"ivs":{"hp":31,"atk":31,"def":31,"spa":31,"spd":31,"spe":31}}],"log":["|player|p1|SWL Nocturne|39","|player|p2|Apex Salamence|1","|gametype|singles","|gen|6","|tier|Monotype","|rated","|rule|Baton Pass Clause: Limit one Baton Passer, can't pass Spe and other stats simultaneously","|rule|Swagger Clause: Swagger is banned","|rule|Same Type Clause: Pokémon in a team must share a type","|clearpoke","|poke|p1|Slowbro, F","|poke|p1|Reuniclus, F","|poke|p1|Victini","|poke|p1|Gallade, M","|poke|p1|Gardevoir, F","|poke|p1|Meloetta","|poke|p2|Gyarados, M, shiny","|poke|p2|Dragonite, M, shiny","|poke|p2|Gliscor, M, shiny","|poke|p2|Thundurus, M, shiny","|poke|p2|Xatu, M, shiny","|poke|p2|Togekiss, F, shiny","|rule|Sleep Clause Mod: Limit one foe put to sleep","|rule|Species Clause: Limit one of each Pokémon","|rule|OHKO Clause: OHKO moves are banned","|rule|Moody Clause: Moody is banned","|rule|Evasion Moves Clause: Evasion moves are banned","|rule|Endless Battle Clause: Forcing endless battles is banned","|rule|HP Percentage Mod: HP is shown in percentages","|teampreview","|","|start","|switch|p1a: Slowbro|Slowbro, F|393/393","|switch|p2a: Jupiter|Thundurus, M, shiny|299/299","|turn|1","|","|move|p2a: Jupiter|Nasty Plot|p2a: Jupiter","|-boost|p2a: Jupiter|spa|2","|move|p1a: Slowbro|Trick Room|p1a: Slowbro","|-fieldstart|move: Trick Room|[of] p1a: Slowbro","|","|turn|2","|","|move|p1a: Slowbro|Ice Beam|p2a: Jupiter","|-supereffective|p2a: Jupiter","|-damage|p2a: Jupiter|141/299","|move|p2a: Jupiter|Thunderbolt|p1a: Slowbro","|-supereffective|p1a: Slowbro","|-damage|p1a: Slowbro|0 fnt","|faint|p1a: Slowbro","|","|-heal|p2a: Jupiter|159/299|[from] item: Leftovers","|","|switch|p1a: Reuniclus|Reuniclus, F|423/423","|turn|3","|","|move|p1a: Reuniclus|Psyshock|p2a: Jupiter","|-damage|p2a: Jupiter|0 fnt","|faint|p2a: Jupiter","|","|","|switch|p2a: Nightwing|Gliscor, M, shiny|353/353","|turn|4","|","|move|p2a: Nightwing|Protect|p2a: Nightwing","|-singleturn|p2a: Nightwing|Protect","|move|p1a: Reuniclus|Psyshock|p2a: Nightwing","|-activate|p2a: Nightwing|Protect","|","|-status|p2a: Nightwing|tox|[from] item: Toxic Orb","|turn|5","|","|move|p1a: Reuniclus|Calm Mind|p1a: Reuniclus","|-boost|p1a: Reuniclus|spa|1","|-boost|p1a: Reuniclus|spd|1","|move|p2a: Nightwing|Toxic|p1a: Reuniclus","|-status|p1a: Reuniclus|tox","|","|-fieldend|move: Trick Room","|turn|6","|","|move|p2a: Nightwing|Earthquake|p1a: Reuniclus","|-damage|p1a: Reuniclus|284/423 tox","|move|p1a: Reuniclus|Trick Room|p1a: Reuniclus","|-fieldstart|move: Trick Room|[of] p1a: Reuniclus","|","|turn|7","|","|move|p2a: Nightwing|Protect|p2a: Nightwing","|-singleturn|p2a: Nightwing|Protect","|move|p1a: Reuniclus|Psyshock|p2a: Nightwing","|-activate|p2a: Nightwing|Protect","|","|turn|8","|","|move|p1a: Reuniclus|Psyshock|p2a: Nightwing","|-damage|p2a: Nightwing|149/353 tox","|move|p2a: Nightwing|Earthquake|p1a: Reuniclus","|-damage|p1a: Reuniclus|149/423 tox","|","|-heal|p2a: Nightwing|193/353 tox|[from] ability: Poison Heal","|turn|9","|","|move|p2a: Nightwing|Protect|p2a: Nightwing","|-singleturn|p2a: Nightwing|Protect","|move|p1a: Reuniclus|Energy Ball|p2a: Nightwing","|-activate|p2a: Nightwing|Protect","|","|-heal|p2a: Nightwing|237/353 tox|[from] ability: Poison Heal","|turn|10","|","|move|p1a: Reuniclus|Energy Ball|p2a: Nightwing","|-damage|p2a: Nightwing|0 fnt","|faint|p2a: Nightwing","|","|-fieldend|move: Trick Room","|","|switch|p2a: DEATH|Togekiss, F, shiny|374/374","|turn|11","|","|move|p2a: DEATH|Air Slash|p1a: Reuniclus","|-damage|p1a: Reuniclus|68/423 tox","|move|p1a: Reuniclus|Psyshock|p2a: DEATH","|-damage|p2a: DEATH|53/374","|","|-heal|p2a: DEATH|76/374|[from] item: Leftovers","|turn|12","|","|move|p2a: DEATH|Air Slash|p1a: Reuniclus","|-damage|p1a: Reuniclus|0 fnt","|faint|p1a: Reuniclus","|","|-heal|p2a: DEATH|99/374|[from] item: Leftovers","|","|switch|p1a: Meloetta|Meloetta|404/404","|turn|13","|","|move|p1a: Meloetta|Psychic|p2a: DEATH","|-damage|p2a: DEATH|0 fnt","|-damage|p1a: Meloetta|364/404|[from] item: Life Orb","|faint|p2a: DEATH","|","|","|switch|p2a: Cherokee|Xatu, M, shiny|333/333","|turn|14","|","|move|p2a: Cherokee|Toxic|p1a: Meloetta","|-status|p1a: Meloetta|tox","|move|p1a: Meloetta|Shadow Ball|p2a: Cherokee","|-supereffective|p2a: Cherokee","|-damage|p2a: Cherokee|83/333","|-unboost|p2a: Cherokee|spd|1","|-damage|p1a: Meloetta|324/404 tox|[from] item: Life Orb","|","|-damage|p1a: Meloetta|299/404 tox|[from] psn","|turn|15","|","|move|p2a: Cherokee|Roost|p2a: Cherokee","|-heal|p2a: Cherokee|250/333","|move|p1a: Meloetta|Psychic|p2a: Cherokee","|-resisted|p2a: Cherokee","|-damage|p2a: Cherokee|94/333","|-unboost|p2a: Cherokee|spd|1","|-damage|p1a: Meloetta|259/404 tox|[from] item: Life Orb","|","|-damage|p1a: Meloetta|209/404 tox|[from] psn","|turn|16","|","|move|p2a: Cherokee|Roost|p2a: Cherokee","|-heal|p2a: Cherokee|261/333","|move|p1a: Meloetta|Shadow Ball|p2a: Cherokee","|-supereffective|p2a: Cherokee","|-damage|p2a: Cherokee|0 fnt","|-damage|p1a: Meloetta|169/404 tox|[from] item: Life Orb","|faint|p2a: Cherokee","|","|-damage|p1a: Meloetta|94/404 tox|[from] psn","|","|switch|p2a: Porunga|Dragonite, M, shiny|323/323","|turn|17","|","|move|p2a: Porunga|Extreme Speed|p1a: Meloetta","|-crit|p1a: Meloetta","|-damage|p1a: Meloetta|0 fnt","|faint|p1a: Meloetta","|","|","|switch|p1a: Gallade|Gallade, M|277/277","|turn|18","|","|move|p2a: Porunga|Dragon Dance|p2a: Porunga","|-boost|p2a: Porunga|atk|1","|-boost|p2a: Porunga|spe|1","|move|p1a: Gallade|Knock Off|p2a: Porunga","|-damage|p2a: Porunga|264/323","|-enditem|p2a: Porunga|Weakness Policy|[from] move: Knock Off|[of] p1a: Gallade","|","|turn|19","|","|detailschange|p1a: Gallade|Gallade-Mega, M","|-mega|p1a: Gallade|Gallade|Galladite","|move|p1a: Gallade|Shadow Sneak|p2a: Porunga","|-damage|p2a: Porunga|198/323","|move|p2a: Porunga|Fly|p1a: Gallade|[still]","|-prepare|p2a: Porunga|Fly|p1a: Gallade","|","|turn|20","|","|move|p2a: Porunga|Fly|p1a: Gallade|[from]lockedmove|[miss]","|-miss|p2a: Porunga|p1a: Gallade","|move|p1a: Gallade|Swords Dance|p1a: Gallade","|-boost|p1a: Gallade|atk|2","|","|turn|21","|","|move|p1a: Gallade|Shadow Sneak|p2a: Porunga","|-damage|p2a: Porunga|75/323","|move|p2a: Porunga|Fly|p1a: Gallade|[still]","|-prepare|p2a: Porunga|Fly|p1a: Gallade","|","|turn|22","|","|move|p1a: Gallade|Shadow Sneak|p2a: Porunga|[miss]","|-miss|p1a: Gallade|p2a: Porunga","|move|p2a: Porunga|Fly|p1a: Gallade|[from]lockedmove","|-supereffective|p1a: Gallade","|-damage|p1a: Gallade|0 fnt","|faint|p1a: Gallade","|","|","|switch|p1a: Victini|Victini|404/404","|turn|23","|","|move|p2a: Porunga|Extreme Speed|p1a: Victini","|-damage|p1a: Victini|254/404","|move|p1a: Victini|Bolt Strike|p2a: Porunga","|-damage|p2a: Porunga|0 fnt","|-damage|p1a: Victini|214/404|[from] item: Life Orb","|faint|p2a: Porunga","|","|","|switch|p2a: Typhoon|Gyarados, M, shiny|331/331","|-ability|p2a: Typhoon|Intimidate","|-unboost|p1a: Victini|atk|1","|turn|24","|","|detailschange|p2a: Typhoon|Gyarados-Mega, M, shiny","|-mega|p2a: Typhoon|Gyarados|Gyaradosite","|-ability|p2a: Typhoon|Mold Breaker","|move|p2a: Typhoon|Dragon Dance|p2a: Typhoon","|-boost|p2a: Typhoon|atk|1","|-boost|p2a: Typhoon|spe|1","|move|p1a: Victini|Bolt Strike|p2a: Typhoon","|-supereffective|p2a: Typhoon","|-damage|p2a: Typhoon|97/331","|-damage|p1a: Victini|174/404|[from] item: Life Orb","|","|turn|25","|","|move|p2a: Typhoon|Waterfall|p1a: Victini","|-supereffective|p1a: Victini","|-damage|p1a: Victini|0 fnt","|faint|p1a: Victini","|","|","|switch|p1a: Gardevoir|Gardevoir, F|340/340","|-ability|p1a: Gardevoir|Mold Breaker|[from] ability: Trace|[of] p2a: Typhoon","|-ability|p1a: Gardevoir|Mold Breaker","|turn|26","|","|move|p2a: Typhoon|Waterfall|p1a: Gardevoir","|-damage|p1a: Gardevoir|0 fnt","|faint|p1a: Gardevoir","|","|win|Apex Salamence"],"p1rating":{"entryid":"101951","serverid":"eos","formatid":"monotype","userid":"swlnocturne","username":"SWL Nocturne","w":"12","l":7,"t":"0","gxe":57.4,"r":"1579.8397691924","rd":"78.444764184269","sigma":"0","rptime":"1440838800","rpr":1557.4666121685,"rprd":73.469007342909,"rpsigma":"0","acre":1102.4840903883,"lacre":1102.4840903883,"oldacre":"1124.9221621997"},"p2rating":{"entryid":"1755","serverid":"eos","formatid":"monotype","userid":"apexsalamence","username":"Apex Salamence","w":44,"l":"33","t":"0","gxe":57.9,"r":"1555.6840687601","rd":"41.251758621134","sigma":"0","rptime":"1440838800","rpr":1560.6909061754,"rprd":40.981873880699,"rpsigma":"0","acre":1183.0898593039,"lacre":1183.0898593039,"oldacre":"1160.6517874925"},"endType":"normal"}