{"seed":[22901,33165,19038,25533],"turns":23,"p1":"Nefertum","p2":"Void Who","p1team":[{"name":"Chansey","species":"Chansey","item":"eviolite","ability":"Natural Cure","moves":["thunderwave","stealthrock","softboiled","seismictoss"],"nature":"Bold","evs":{"hp":248,"atk":0,"def":252,"spa":0,"spd":8,"spe":0},"ivs":{"hp":31,"atk":0,"def":31,"spa":31,"spd":31,"spe":31}},{"name":"Porygon2","species":"Porygon2","item":"eviolite","ability":"Trace","moves":["icebeam","discharge","toxic","recover"],"nature":"Bold","evs":{"hp":248,"atk":0,"def":252,"spa":8,"spd":0,"spe":0},"ivs":{"hp":31,"atk":0,"def":31,"spa":31,"spd":31,"spe":31}},{"name":"Staraptor","species":"Staraptor","item":"choicescarf","ability":"Reckless","moves":["bravebird","closecombat","uturn","steelwing"],"nature":"Jolly","evs":{"hp":0,"atk":252,"def":0,"spa":0,"spd":4,"spe":252},"ivs":{"hp":31,"atk":31,"def":31,"spa":31,"spd":31,"spe":31}},{"name":"Pidgeot","species":"Pidgeot","item":"pidgeotite","ability":"Keen Eye","moves":["hurricane","defog","heatwave","roost"],"nature":"Timid","evs":{"hp":0,"atk":0,"def":4,"spa":252,"spd":0,"spe":252},"ivs":{"hp":31,"atk":31,"def":31,"spa":31,"spd":31,"spe":31}},{"name":"Diggersby","species":"Diggersby","item":"choiceband","ability":"Huge Power","moves":["earthquake","knockoff","return","quickattack"],"nature":"Adamant","evs":{"hp":0,"atk":252,"def":0,"spa":0,"spd":4,"spe":252},"ivs":{"hp":31,"atk":31,"def":31,"spa":31,"spd":31,"spe":31}},{"name":"Ditto","species":"Ditto","item":"choicescarf","ability":"Imposter","moves":["transform"],"nature":"Bold","evs":{"hp":248,"atk":0,"def":252,"spa":0,"spd":8,"spe":0},"ivs":{"hp":31,"atk":31,"def":31,"spa":31,"spd":31,"spe":31}}],"p2team":[{"name":"KFC & Kool-Aid","species":"magnezone","item":"choicescarf","ability":"Sturdy","moves":["flashcannon","voltswitch","hiddenpowerice","thunderbolt"],"nature":"Timid","evs":{"hp":0,"atk":0,"def":0,"spa":252,"spd":4,"spe":252},"ivs":{"hp":31,"atk":30,"def":30,"spa":31,"spd":31,"spe":31}},{"name":"Spilt Coffee","species":"rotomwash","item":"leftovers","ability":"Levitate","moves":["willowisp","hydropump","voltswitch","painsplit"],"nature":"Calm","evs":{"hp":252,"atk":0,"def":0,"spa":4,"spd":252,"spe":0},"ivs":{"hp":31,"atk":31,"def":31,"spa":31,"spd":31,"spe":31}},{"name":"Ricky Suave","species":"thundurus","item":"lifeorb","ability":"Prankster","moves":["thunderwave","knockoff","superpower","voltswitch"],"nature":"Jolly","evs":{"hp":0,"atk":252,"def":0,"spa":0,"spd":4,"spe":252},"ivs":{"hp":31,"atk":31,"def":31,"spa":31,"spd":31,"spe":31}},{"name":"Amped up","species":"ampharos","item":"ampharosite","ability":"Static","moves":["dragonpulse","discharge","powergem","toxic"],"nature":"Modest","evs":{"hp":248,"atk":0,"def":0,"spa":252,"spd":8,"spe":0},"ivs":{"hp":31,"atk":31,"def":31,"spa":31,"spd":31,"spe":31}},{"name":"Bird Flu","species":"zapdos","item":"leftovers","ability":"Pressure","moves":["defog","roost","heatwave","discharge"],"nature":"Calm","evs":{"hp":252,"atk":0,"def":0,"spa":4,"spd":252,"spe":0},"ivs":{"hp":31,"atk":31,"def":31,"spa":31,"spd":31,"spe":31}},{"name":"Fighting/Electric","species":"electivire","item":"choicescarf","ability":"Vital Spirit","moves":["wildcharge","crosschop","earthquake","icepunch"],"nature":"Jolly","evs":{"hp":0,"atk":252,"def":0,"spa":0,"spd":4,"spe":252},"ivs":{"hp":31,"atk":31,"def":31,"spa":31,"spd":31,"spe":31}}],"log":["|player|p1|Nefertum|248","|player|p2|Void Who|voidwho.gif","|gametype|singles","|gen|6","|tier|Monotype","|rated","|rule|Baton Pass Clause: Limit one Baton Passer, can't pass Spe and other stats simultaneously","|rule|Swagger Clause: Swagger is banned","|rule|Same Type Clause: Pokémon in a team must share a type","|clearpoke","|poke|p1|Chansey, F","|poke|p1|Porygon2","|poke|p1|Staraptor, M","|poke|p1|Pidgeot, F","|poke|p1|Diggersby, M","|poke|p1|Ditto","|poke|p2|Magnezone","|poke|p2|Rotom-Wash","|poke|p2|Thundurus, M","|poke|p2|Ampharos, M","|poke|p2|Zapdos","|poke|p2|Electivire, F","|rule|Sleep Clause Mod: Limit one foe put to sleep","|rule|Species Clause: Limit one of each Pokémon","|rule|OHKO Clause: OHKO moves are banned","|rule|Moody Clause: Moody is banned","|rule|Evasion Moves Clause: Evasion moves are banned","|rule|Endless Battle Clause: Forcing endless battles is banned","|rule|HP Percentage Mod: HP is shown in percentages","|teampreview","|","|start","|switch|p1a: Diggersby|Diggersby, M|311/311","|switch|p2a: Spilt Coffee|Rotom-Wash|304/304","|turn|1","|","|move|p1a: Diggersby|Return|p2a: Spilt Coffee","|-damage|p2a: Spilt Coffee|0 fnt","|faint|p2a: Spilt Coffee","|","|","|switch|p2a: Fighting/Electric|Electivire, F|291/291","|turn|2","|","|move|p2a: Fighting/Electric|Cross Chop|p1a: Diggersby","|-supereffective|p1a: Diggersby","|-damage|p1a: Diggersby|35/311","|move|p1a: Diggersby|Return|p2a: Fighting/Electric","|-damage|p2a: Fighting/Electric|0 fnt","|faint|p2a: Fighting/Electric","|","|","|switch|p2a: KFC & Kool-Aid|Magnezone|281/281","|turn|3","|","|move|p2a: KFC & Kool-Aid|Flash Cannon|p1a: Diggersby","|-damage|p1a: Diggersby|0 fnt","|faint|p1a: Diggersby","|","|","|switch|p1a: Staraptor|Staraptor, M|311/311","|turn|4","|","|switch|p2a: Bird Flu|Zapdos|384/384","|-ability|p2a: Bird Flu|Pressure","|move|p1a: Staraptor|Close Combat|p2a: Bird Flu","|-resisted|p2a: Bird Flu","|-damage|p2a: Bird Flu|310/384","|-unboost|p1a: Staraptor|def|1","|-unboost|p1a: Staraptor|spd|1","|","|-heal|p2a: Bird Flu|334/384|[from] item: Leftovers","|turn|5","|","|switch|p1a: Chansey|Chansey, F|703/703","|move|p2a: Bird Flu|Discharge|p1a: Chansey","|-damage|p1a: Chansey|634/703","|","|-heal|p2a: Bird Flu|358/384|[from] item: Leftovers","|turn|6","|","|switch|p2a: Ricky Suave|Thundurus, M|299/299","|move|p1a: Chansey|Stealth Rock|p2a: Ricky Suave","|-sidestart|p2: Void Who|move: Stealth Rock","|","|turn|7","|","|move|p2a: Ricky Suave|Knock Off|p1a: Chansey","|-damage|p1a: Chansey|443/703","|-enditem|p1a: Chansey|Eviolite|[from] move: Knock Off|[of] p2a: Ricky Suave","|-damage|p2a: Ricky Suave|270/299|[from] item: Life Orb","|move|p1a: Chansey|Soft-Boiled|p1a: Chansey","|-heal|p1a: Chansey|703/703","|","|turn|8","|","|move|p2a: Ricky Suave|Superpower|p1a: Chansey","|-supereffective|p1a: Chansey","|-damage|p1a: Chansey|19/703","|-unboost|p2a: Ricky Suave|atk|1","|-unboost|p2a: Ricky Suave|def|1","|-damage|p2a: Ricky Suave|241/299|[from] item: Life Orb","|move|p1a: Chansey|Seismic Toss|p2a: Ricky Suave","|-damage|p2a: Ricky Suave|141/299","|","|turn|9","|","|move|p2a: Ricky Suave|Volt Switch|p1a: Chansey","|-damage|p1a: Chansey|0 fnt","|-damage|p2a: Ricky Suave|112/299|[from] item: Life Orb","|faint|p1a: Chansey","|","|switch|p2a: Bird Flu|Zapdos|358/384","|-damage|p2a: Bird Flu|262/384|[from] Stealth Rock","|-ability|p2a: Bird Flu|Pressure","|","|-heal|p2a: Bird Flu|286/384|[from] item: Leftovers","|","|switch|p1a: Porygon2|Porygon2|373/373","|-ability|p1a: Porygon2|Pressure|[from] ability: Trace|[of] p2a: Bird Flu","|-ability|p1a: Porygon2|Pressure","|turn|10","|","|move|p2a: Bird Flu|Defog|p1a: Porygon2","|-unboost|p1a: Porygon2|evasion|1","|-sideend|p2: Void Who|Stealth Rock|[from] move: Defog|[of] p2a: Bird Flu","|move|p1a: Porygon2|Ice Beam|p2a: Bird Flu","|-crit|p2a: Bird Flu","|-supereffective|p2a: Bird Flu","|-damage|p2a: Bird Flu|124/384","|-status|p2a: Bird Flu|frz","|","|-heal|p2a: Bird Flu|148/384 frz|[from] item: Leftovers","|turn|11","|","|cant|p2a: Bird Flu|frz","|move|p1a: Porygon2|Ice Beam|p2a: Bird Flu","|-supereffective|p2a: Bird Flu","|-damage|p2a: Bird Flu|26/384 frz","|","|-heal|p2a: Bird Flu|50/384 frz|[from] item: Leftovers","|turn|12","|","|cant|p2a: Bird Flu|frz","|move|p1a: Porygon2|Ice Beam|p2a: Bird Flu","|-supereffective|p2a: Bird Flu","|-damage|p2a: Bird Flu|0 fnt","|faint|p2a: Bird Flu","|","|","|switch|p2a: Ricky Suave|Thundurus, M|112/299","|turn|13","|","|move|p2a: Ricky Suave|Knock Off|p1a: Porygon2","|-damage|p1a: Porygon2|298/373","|-enditem|p1a: Porygon2|Eviolite|[from] move: Knock Off|[of] p2a: Ricky Suave","|-damage|p2a: Ricky Suave|83/299|[from] item: Life Orb","|move|p1a: Porygon2|Ice Beam|p2a: Ricky Suave","|-crit|p2a: Ricky Suave","|-supereffective|p2a: Ricky Suave","|-damage|p2a: Ricky Suave|0 fnt","|faint|p2a: Ricky Suave","|","|","|switch|p2a: Amped up|Ampharos, M|383/383","|turn|14","|","|move|p1a: Porygon2|Toxic|p2a: Amped up","|-status|p2a: Amped up|tox","|move|p2a: Amped up|Discharge|p1a: Porygon2","|-damage|p1a: Porygon2|148/373","|-status|p1a: Porygon2|par","|","|-damage|p2a: Amped up|360/383 tox|[from] psn","|turn|15","|","|move|p2a: Amped up|Discharge|p1a: Porygon2","|-damage|p1a: Porygon2|0 fnt","|faint|p1a: Porygon2","|","|-damage|p2a: Amped up|314/383 tox|[from] psn","|","|switch|p1a: Ditto|Ditto|299/299","|-transform|p1a: Ditto|p2a: Amped up","|turn|16","|","|switch|p2a: KFC & Kool-Aid|Magnezone|281/281","|move|p1a: Ditto|Power Gem|p2a: KFC & Kool-Aid","|-resisted|p2a: KFC & Kool-Aid","|-damage|p2a: KFC & Kool-Aid|231/281","|","|turn|17","|","|move|p2a: KFC & Kool-Aid|Flash Cannon|p1a: Ditto","|-resisted|p1a: Ditto","|-damage|p1a: Ditto|224/299","|move|p1a: Ditto|Power Gem|p2a: KFC & Kool-Aid","|-resisted|p2a: KFC & Kool-Aid","|-damage|p2a: KFC & Kool-Aid|175/281","|","|turn|18","|","|move|p2a: KFC & Kool-Aid|Flash Cannon|p1a: Ditto","|-resisted|p1a: Ditto","|-damage|p1a: Ditto|143/299","|move|p1a: Ditto|Power Gem|p2a: KFC & Kool-Aid","|-resisted|p2a: KFC & Kool-Aid","|-damage|p2a: KFC & Kool-Aid|124/281","|","|turn|19","|","|move|p2a: KFC & Kool-Aid|Flash Cannon|p1a: Ditto","|-resisted|p1a: Ditto","|-damage|p1a: Ditto|70/299","|move|p1a: Ditto|Power Gem|p2a: KFC & Kool-Aid","|-resisted|p2a: KFC & Kool-Aid","|-damage|p2a: KFC & Kool-Aid|76/281","|","|turn|20","|","|move|p2a: KFC & Kool-Aid|Flash Cannon|p1a: Ditto","|-resisted|p1a: Ditto","|-damage|p1a: Ditto|0 fnt","|faint|p1a: Ditto","|","|","|switch|p1a: Staraptor|Staraptor, M|311/311","|turn|21","|","|move|p1a: Staraptor|Close Combat|p2a: KFC & Kool-Aid","|-supereffective|p2a: KFC & Kool-Aid","|-damage|p2a: KFC & Kool-Aid|0 fnt","|-unboost|p1a: Staraptor|def|1","|-unboost|p1a: Staraptor|spd|1","|faint|p2a: KFC & Kool-Aid","|","|","|switch|p2a: Amped up|Ampharos, M|314/383 tox","|turn|22","|","|detailschange|p2a: Amped up|Ampharos-Mega, M","|-mega|p2a: Amped up|Ampharos|Ampharosite","|-ability|p2a: Amped up|Mold Breaker","|move|p1a: Staraptor|Close Combat|p2a: Amped up","|-damage|p2a: Amped up|186/383 tox","|-unboost|p1a: Staraptor|def|1","|-unboost|p1a: Staraptor|spd|1","|move|p2a: Amped up|Discharge|p1a: Staraptor","|-supereffective|p1a: Staraptor","|-damage|p1a: Staraptor|0 fnt","|faint|p1a: Staraptor","|","|-damage|p2a: Amped up|163/383 tox|[from] psn","|","|switch|p1a: Pidgeot|Pidgeot, F|307/307","|turn|23","|","|detailschange|p1a: Pidgeot|Pidgeot-Mega, F","|-mega|p1a: Pidgeot|Pidgeot|Pidgeotite","|move|p1a: Pidgeot|Hurricane|p2a: Amped up","|-resisted|p2a: Amped up","|-damage|p2a: Amped up|64/383 tox","|-start|p2a: Amped up|confusion","|-activate|p2a: Amped up|confusion","|-damage|p2a: Amped up|37/383 tox|[from] confusion","|","|-damage|p2a: Amped up|0 fnt|[from] psn","|faint|p2a: Amped up","|","|win|Nefertum"],"p1rating":{"entryid":"577436","serverid":"eos","formatid":"monotype","userid":"nefertum","username":"Nefertum","w":2,"l":"1","t":"0","gxe":54,"r":"1500.513834028","rd":"116.34546821057","sigma":"0","rptime":"1440838800","rpr":1532.0298480254,"rprd":110.52070177871,"rpsigma":"0","acre":1068.1731010482,"lacre":1068.1731010482,"oldacre":"1036.282388428"},"p2rating":{"entryid":"114352","serverid":"eos","formatid":"monotype","userid":"voidwho","username":"Void Who","w":"20","l":24,"t":"0","gxe":45,"r":"1468.323746656","rd":"52.667821805589","sigma":"0","rptime":"1440838800","rpr":1461.6180063361,"rprd":52.147114610657,"rpsigma":"0","acre":1000,"lacre":1000,"oldacre":"1009.4161981623"},"endType":"normal"}