{"seed":[3727,19629,3228,8317],"turns":20,"p1":"Union Beerus","p2":"Hm Narwhal","p1team":[{"name":"Tyranitar","species":"Tyranitar","item":"tyranitarite","ability":"Sand Stream","moves":["dragondance","earthquake","stoneedge","thunderpunch"],"nature":"Adamant","evs":{"hp":0,"atk":252,"def":0,"spa":0,"spd":4,"spe":252},"ivs":{"hp":31,"atk":31,"def":31,"spa":31,"spd":31,"spe":31}},{"name":"Archeops","species":"Archeops","item":"","ability":"Defeatist","moves":["acrobatics","earthquake","rockslide","uturn"],"nature":"Jolly","evs":{"hp":0,"atk":252,"def":0,"spa":0,"spd":4,"spe":252},"ivs":{"hp":31,"atk":31,"def":31,"spa":31,"spd":31,"spe":31}},{"name":"Aerodactyl","species":"Aerodactyl","item":"choicescarf","ability":"Rock Head","moves":["doubleedge","dragonclaw","earthquake","stoneedge"],"nature":"Jolly","evs":{"hp":0,"atk":252,"def":0,"spa":0,"spd":4,"spe":252},"ivs":{"hp":31,"atk":31,"def":31,"spa":31,"spd":31,"spe":31}},{"name":"Regirock","species":"Regirock","item":"leftovers","ability":"Clear Body","moves":["curse","stoneedge","hammerarm","stealthrock"],"nature":"Adamant","evs":{"hp":252,"atk":252,"def":0,"spa":0,"spd":4,"spe":0},"ivs":{"hp":31,"atk":31,"def":31,"spa":31,"spd":31,"spe":31}},{"name":"Omastar","species":"Omastar","item":"focussash","ability":"Swift Swim","moves":["shellsmash","icebeam","scald","earthpower"],"nature":"Modest","evs":{"hp":0,"atk":0,"def":0,"spa":252,"spd":4,"spe":252},"ivs":{"hp":31,"atk":31,"def":31,"spa":31,"spd":31,"spe":31}},{"name":"Cradily","species":"Cradily","item":"leftovers","ability":"Suction Cups","moves":["recover","gigadrain","infestation","stockpile"],"nature":"Calm","evs":{"hp":252,"atk":0,"def":0,"spa":4,"spd":252,"spe":0},"ivs":{"hp":31,"atk":31,"def":31,"spa":31,"spd":31,"spe":31}}],"p2team":[{"name":"Yanmega","species":"Yanmega","item":"leftovers","ability":"Speed Boost","moves":["protect","hiddenpowerground","airslash","bugbuzz"],"nature":"Modest","ivs":{"spa":30,"spd":30,"hp":31,"atk":31,"def":31,"spe":31},"evs":{"hp":0,"atk":0,"def":0,"spa":0,"spd":0,"spe":0}},{"name":"Scizor","species":"Scizor","item":"scizorite","ability":"Light Metal","moves":["swordsdance","roost","bulletpunch","uturn"],"nature":"Impish","evs":{"hp":248,"atk":44,"def":16,"spa":0,"spd":200,"spe":0},"ivs":{"hp":31,"atk":31,"def":31,"spa":31,"spd":31,"spe":31}},{"name":"Volcarona","species":"Volcarona","item":"sitrusberry","ability":"Flame Body","moves":["quiverdance","flamethrower","bugbuzz","gigadrain"],"nature":"Timid","evs":{"hp":50,"atk":0,"def":0,"spa":252,"spd":4,"spe":202},"ivs":{"hp":31,"atk":31,"def":31,"spa":31,"spd":31,"spe":31}},{"name":"Shuckle","species":"Shuckle","item":"mentalherb","ability":"Sturdy","moves":["stickyweb","stealthrock","encore","infestation"],"nature":"Bold","evs":{"hp":252,"atk":0,"def":252,"spa":0,"spd":4,"spe":0},"ivs":{"hp":31,"atk":31,"def":31,"spa":31,"spd":31,"spe":31}},{"name":"Pinsir","species":"Pinsir","item":"choicescarf","ability":"Moxie","moves":["knockoff","xscissor","earthquake","stoneedge"],"nature":"Adamant","evs":{"hp":0,"atk":252,"def":4,"spa":0,"spd":0,"spe":252},"ivs":{"hp":31,"atk":31,"def":31,"spa":31,"spd":31,"spe":31}},{"name":"Galvantula","species":"Galvantula","item":"choicespecs","ability":"Compound Eyes","moves":["thunder","energyball","bugbuzz","voltswitch"],"nature":"Timid","evs":{"hp":0,"atk":0,"def":0,"spa":252,"spd":4,"spe":252},"ivs":{"hp":31,"atk":31,"def":31,"spa":31,"spd":31,"spe":31}}],"log":["|player|p1|Union Beerus|169","|player|p2|Hm Narwhal|266","|gametype|singles","|gen|6","|tier|Monotype","|rated","|rule|Baton Pass Clause: Limit one Baton Passer, can't pass Spe and other stats simultaneously","|rule|Swagger Clause: Swagger is banned","|rule|Same Type Clause: Pokémon in a team must share a type","|clearpoke","|poke|p1|Tyranitar, F","|poke|p1|Archeops, F","|poke|p1|Aerodactyl, F","|poke|p1|Regirock","|poke|p1|Omastar, F","|poke|p1|Cradily, F","|poke|p2|Yanmega, F","|poke|p2|Scizor, M","|poke|p2|Volcarona, M","|poke|p2|Shuckle, M","|poke|p2|Pinsir, M","|poke|p2|Galvantula, M","|rule|Sleep Clause Mod: Limit one foe put to sleep","|rule|Species Clause: Limit one of each Pokémon","|rule|OHKO Clause: OHKO moves are banned","|rule|Moody Clause: Moody is banned","|rule|Evasion Moves Clause: Evasion moves are banned","|rule|Endless Battle Clause: Forcing endless battles is banned","|rule|HP Percentage Mod: HP is shown in percentages","|teampreview","|","|start","|switch|p1a: Regirock|Regirock|364/364","|switch|p2a: Shuckle|Shuckle, M|244/244","|turn|1","|","|move|p1a: Regirock|Stealth Rock|p2a: Shuckle","|-sidestart|p2: Hm Narwhal|move: Stealth Rock","|move|p2a: Shuckle|Sticky Web|p1a: Regirock","|-sidestart|p1: Union Beerus|move: Sticky Web","|","|turn|2","|","|move|p1a: Regirock|Curse|p1a: Regirock","|-unboost|p1a: Regirock|spe|1","|-boost|p1a: Regirock|atk|1","|-boost|p1a: Regirock|def|1","|move|p2a: Shuckle|Stealth Rock|p1a: Regirock","|-sidestart|p1: Union Beerus|move: Stealth Rock","|","|turn|3","|","|move|p1a: Regirock|Curse|p1a: Regirock","|-unboost|p1a: Regirock|spe|1","|-boost|p1a: Regirock|atk|1","|-boost|p1a: Regirock|def|1","|move|p2a: Shuckle|Encore|p1a: Regirock","|-start|p1a: Regirock|Encore","|","|turn|4","|","|switch|p2a: Galvantula|Galvantula, M|281/281","|-damage|p2a: Galvantula|211/281|[from] Stealth Rock","|move|p1a: Regirock|Curse|p1a: Regirock","|-unboost|p1a: Regirock|spe|1","|-boost|p1a: Regirock|atk|1","|-boost|p1a: Regirock|def|1","|","|turn|5","|","|move|p2a: Galvantula|Energy Ball|p1a: Regirock","|-supereffective|p1a: Regirock","|-damage|p1a: Regirock|86/364","|move|p1a: Regirock|Curse|p1a: Regirock","|-unboost|p1a: Regirock|spe|1","|-boost|p1a: Regirock|atk|1","|-boost|p1a: Regirock|def|1","|","|-heal|p1a: Regirock|108/364|[from] item: Leftovers","|turn|6","|","|move|p2a: Galvantula|Energy Ball|p1a: Regirock","|-supereffective|p1a: Regirock","|-damage|p1a: Regirock|0 fnt","|faint|p1a: Regirock","|","|","|switch|p1a: Aerodactyl|Aerodactyl, F|301/301","|-damage|p1a: Aerodactyl|226/301|[from] Stealth Rock","|turn|7","|","|move|p1a: Aerodactyl|Stone Edge|p2a: Galvantula","|-supereffective|p2a: Galvantula","|-damage|p2a: Galvantula|0 fnt","|faint|p2a: Galvantula","|","|","|switch|p2a: Scizor|Scizor, M|343/343","|-damage|p2a: Scizor|301/343|[from] Stealth Rock","|turn|8","|","|detailschange|p2a: Scizor|Scizor-Mega, M","|-mega|p2a: Scizor|Scizor|Scizorite","|move|p2a: Scizor|Bullet Punch|p1a: Aerodactyl","|-supereffective|p1a: Aerodactyl","|-damage|p1a: Aerodactyl|0 fnt","|faint|p1a: Aerodactyl","|","|","|switch|p1a: Omastar|Omastar, F|281/281","|-activate|p1a: Omastar|move: Sticky Web","|-unboost|p1a: Omastar|spe|1","|-damage|p1a: Omastar|246/281|[from] Stealth Rock","|turn|9","|","|move|p2a: Scizor|Bullet Punch|p1a: Omastar","|-damage|p1a: Omastar|155/281","|move|p1a: Omastar|Scald|p2a: Scizor","|-damage|p2a: Scizor|189/343","|","|turn|10","|","|move|p2a: Scizor|U-turn|p1a: Omastar","|-damage|p1a: Omastar|47/281","|","|switch|p2a: Shuckle|Shuckle, M|244/244","|-damage|p2a: Shuckle|183/244|[from] Stealth Rock","|move|p1a: Omastar|Scald|p2a: Shuckle","|-supereffective|p2a: Shuckle","|-damage|p2a: Shuckle|45/244","|-status|p2a: Shuckle|brn","|","|-damage|p2a: Shuckle|15/244 brn|[from] brn","|turn|11","|","|move|p1a: Omastar|Scald|p2a: Shuckle","|-supereffective|p2a: Shuckle","|-damage|p2a: Shuckle|0 fnt","|faint|p2a: Shuckle","|","|","|switch|p2a: Pinsir|Pinsir, M|271/271","|-damage|p2a: Pinsir|204/271|[from] Stealth Rock","|turn|12","|","|move|p2a: Pinsir|Knock Off|p1a: Omastar","|-damage|p1a: Omastar|0 fnt","|-enditem|p1a: Omastar|Focus Sash|[from] move: Knock Off|[of] p2a: Pinsir","|faint|p1a: Omastar","|-boost|p2a: Pinsir|atk|1|[from] ability: Moxie","|","|","|switch|p1a: Archeops|Archeops, F|291/291","|-damage|p1a: Archeops|219/291|[from] Stealth Rock","|turn|13","|","|move|p2a: Pinsir|Knock Off|p1a: Archeops","|-damage|p1a: Archeops|35/291","|move|p1a: Archeops|Rock Slide|p2a: Pinsir","|-supereffective|p2a: Pinsir","|-damage|p2a: Pinsir|52/271","|","|turn|14","|","|move|p2a: Pinsir|Knock Off|p1a: Archeops","|-damage|p1a: Archeops|0 fnt","|faint|p1a: Archeops","|-boost|p2a: Pinsir|atk|1|[from] ability: Moxie","|","|","|switch|p1a: Cradily|Cradily, F|376/376","|-damage|p1a: Cradily|329/376|[from] Stealth Rock","|-activate|p1a: Cradily|move: Sticky Web","|-unboost|p1a: Cradily|spe|1","|turn|15","|","|move|p2a: Pinsir|Knock Off|p1a: Cradily","|-damage|p1a: Cradily|84/376","|-enditem|p1a: Cradily|Leftovers|[from] move: Knock Off|[of] p2a: Pinsir","|move|p1a: Cradily|Infestation|p2a: Pinsir","|-damage|p2a: Pinsir|33/271","|-activate|p2a: Pinsir|move: Infestation|[of] p1a: Cradily","|","|-damage|p2a: Pinsir|0 fnt|[from] move: Infestation|[partiallytrapped]","|faint|p2a: Pinsir","|","|switch|p2a: Scizor|Scizor-Mega, M|189/343","|-damage|p2a: Scizor|147/343|[from] Stealth Rock","|turn|16","|","|move|p2a: Scizor|Bullet Punch|p1a: Cradily","|-supereffective|p1a: Cradily","|-damage|p1a: Cradily|0 fnt","|faint|p1a: Cradily","|","|","|switch|p1a: Tyranitar|Tyranitar, F|341/341","|-damage|p1a: Tyranitar|299/341|[from] Stealth Rock","|-activate|p1a: Tyranitar|move: Sticky Web","|-unboost|p1a: Tyranitar|spe|1","|-weather|Sandstorm","|turn|17","|","|detailschange|p1a: Tyranitar|Tyranitar-Mega, F","|-mega|p1a: Tyranitar|Tyranitar|Tyranitarite","|move|p2a: Scizor|Bullet Punch|p1a: Tyranitar","|-supereffective|p1a: Tyranitar","|-damage|p1a: Tyranitar|141/341","|move|p1a: Tyranitar|Stone Edge|p2a: Scizor","|-damage|p2a: Scizor|0 fnt","|faint|p2a: Scizor","|","|-weather|Sandstorm|[upkeep]","|","|switch|p2a: Yanmega|Yanmega, F|313/313","|-damage|p2a: Yanmega|157/313|[from] Stealth Rock","|turn|18","|","|move|p2a: Yanmega|Protect|p2a: Yanmega","|-singleturn|p2a: Yanmega|Protect","|move|p1a: Tyranitar|Dragon Dance|p1a: Tyranitar","|-boost|p1a: Tyranitar|atk|1","|-boost|p1a: Tyranitar|spe|1","|","|-weather|Sandstorm|[upkeep]","|-damage|p2a: Yanmega|138/313|[from] sandstorm","|-heal|p2a: Yanmega|157/313|[from] item: Leftovers","|-boost|p2a: Yanmega|spe|1|[from] ability: Speed Boost","|turn|19","|","|move|p2a: Yanmega|Hidden Power|p1a: Tyranitar","|-supereffective|p1a: Tyranitar","|-damage|p1a: Tyranitar|73/341","|move|p1a: Tyranitar|Dragon Dance|p1a: Tyranitar","|-boost|p1a: Tyranitar|atk|1","|-boost|p1a: Tyranitar|spe|1","|","|-weather|Sandstorm|[upkeep]","|-damage|p2a: Yanmega|138/313|[from] sandstorm","|-heal|p2a: Yanmega|157/313|[from] item: Leftovers","|-boost|p2a: Yanmega|spe|1|[from] ability: Speed Boost","|turn|20","|","|move|p2a: Yanmega|Bug Buzz|p1a: Tyranitar","|-supereffective|p1a: Tyranitar","|-damage|p1a: Tyranitar|0 fnt","|faint|p1a: Tyranitar","|","|win|Hm Narwhal"],"p1rating":{"entryid":"577945","serverid":"eos","formatid":"monotype","userid":"unionbeerus","username":"Union Beerus","w":"4","l":4,"t":"0","gxe":49.7,"r":"1500.513834028","rd":"116.34546821057","sigma":"0","rptime":"1440838800","rpr":1497.5133370935,"rprd":92.650686452335,"rpsigma":"0","acre":1049.1003311146,"lacre":1049.1003311146,"oldacre":"1074.8256913167"},"p2rating":{"entryid":"633873","serverid":"eos","formatid":"monotype","userid":"hmnarwhal","username":"Hm Narwhal","w":1,"l":"1","t":"0","gxe":50.1,"r":"1500","rd":"130","sigma":"0","rptime":"1440838800","rpr":1500.5863332183,"rprd":116.60984806126,"rpsigma":"0","acre":1048.4838626741,"lacre":1048.4838626741,"oldacre":"1000"},"endType":"normal"}