{"seed":[9128,18388,3397,15916],"turns":24,"p1":"Hm Sableye","p2":"Aрex✦Rеbоrn","p1team":[{"name":"Breloom","species":"Breloom","item":"focussash","ability":"Technician","moves":["bulletseed","machpunch","rocktomb","swordsdance"],"nature":"Adamant","evs":{"hp":0,"atk":252,"def":0,"spa":0,"spd":4,"spe":252},"ivs":{"hp":29,"atk":31,"def":31,"spa":31,"spd":31,"spe":31}},{"name":"Hawlucha","species":"Hawlucha","item":"sitrusberry","ability":"Unburden","moves":["acrobatics","highjumpkick","substitute","swordsdance"],"nature":"Jolly","evs":{"hp":12,"atk":244,"def":0,"spa":0,"spd":0,"spe":252},"ivs":{"hp":31,"atk":31,"def":31,"spa":31,"spd":31,"spe":31}},{"name":"Keldeo-Resolute","species":"Keldeo-Resolute","item":"choicescarf","ability":"Justified","moves":["icywind","hiddenpowerelectric","scald","secretsword"],"nature":"Timid","evs":{"hp":0,"atk":0,"def":0,"spa":252,"spd":4,"spe":252},"ivs":{"hp":31,"atk":31,"def":31,"spa":30,"spd":31,"spe":31}},{"name":"Medicham","species":"Medicham","item":"medichamite","ability":"Pure Power","moves":["highjumpkick","zenheadbutt","fakeout","bulletpunch"],"nature":"Jolly","evs":{"hp":0,"atk":252,"def":0,"spa":0,"spd":4,"spe":252},"ivs":{"hp":31,"atk":31,"def":31,"spa":31,"spd":31,"spe":31}},{"name":"Terrakion","species":"Terrakion","item":"choicescarf","ability":"Justified","moves":["closecombat","stoneedge","earthquake","ironhead"],"nature":"Jolly","evs":{"hp":4,"atk":252,"def":0,"spa":0,"spd":0,"spe":252},"ivs":{"hp":31,"atk":31,"def":31,"spa":31,"spd":31,"spe":31}},{"name":"Conkeldurr","species":"Conkeldurr","item":"assaultvest","ability":"Guts","moves":["knockoff","icepunch","machpunch","drainpunch"],"nature":"Adamant","evs":{"hp":248,"atk":252,"def":0,"spa":0,"spd":0,"spe":8},"ivs":{"hp":31,"atk":31,"def":31,"spa":31,"spd":31,"spe":31}}],"p2team":[{"name":"HardNope","species":"scizor","item":"choiceband","ability":"Technician","moves":["bulletpunch","uturn","aerialace","pursuit"],"nature":"Adamant","evs":{"hp":176,"atk":164,"def":156,"spa":0,"spd":12,"spe":0},"ivs":{"hp":31,"atk":31,"def":31,"spa":31,"spd":31,"spe":31}},{"name":"BuggyNope","species":"volcarona","item":"leftovers","ability":"Flame Body","moves":["fierydance","roost","bugbuzz","quiverdance"],"nature":"Timid","evs":{"hp":56,"atk":0,"def":176,"spa":252,"spd":8,"spe":16},"ivs":{"hp":31,"atk":31,"def":31,"spa":30,"spd":30,"spe":31}},{"name":"SpikyNope","species":"pinsir","item":"pinsirite","ability":"Moxie","moves":["earthquake","stoneedge","frustration","quickattack"],"nature":"Jolly","evs":{"hp":0,"atk":252,"def":0,"spa":0,"spd":4,"spe":252},"happiness":0,"ivs":{"hp":31,"atk":31,"def":31,"spa":31,"spd":31,"spe":31}},{"name":"HeraclesNope","species":"heracross","item":"assaultvest","ability":"Guts","moves":["closecombat","rockslide","knockoff","megahorn"],"nature":"Adamant","evs":{"hp":124,"atk":148,"def":0,"spa":0,"spd":236,"spe":0},"ivs":{"hp":31,"atk":31,"def":31,"spa":31,"spd":31,"spe":31}},{"name":"SpineyNope","species":"forretress","item":"custapberry","ability":"Sturdy","moves":["explosion","rapidspin","payback","stealthrock"],"nature":"Adamant","evs":{"hp":180,"atk":224,"def":104,"spa":0,"spd":0,"spe":0},"ivs":{"hp":31,"atk":31,"def":31,"spa":31,"spd":31,"spe":31}},{"name":"YellowNope","species":"galvantula","item":"focussash","ability":"Compound Eyes","moves":["stickyweb","thunder","thunderwave","bugbuzz"],"nature":"Timid","evs":{"hp":76,"atk":0,"def":0,"spa":176,"spd":4,"spe":252},"ivs":{"hp":31,"atk":31,"def":31,"spa":31,"spd":31,"spe":31}}],"log":["|player|p1|Hm Sableye|2","|player|p2|Aрex✦Rеbоrn|142","|gametype|singles","|gen|6","|tier|Monotype","|rated","|rule|Baton Pass Clause: Limit one Baton Passer, can't pass Spe and other stats simultaneously","|rule|Swagger Clause: Swagger is banned","|rule|Same Type Clause: Pokémon in a team must share a type","|clearpoke","|poke|p1|Breloom, F","|poke|p1|Hawlucha, F","|poke|p1|Keldeo-Resolute","|poke|p1|Medicham, F","|poke|p1|Terrakion","|poke|p1|Conkeldurr, M","|poke|p2|Scizor, M","|poke|p2|Volcarona, M","|poke|p2|Pinsir, M","|poke|p2|Heracross, F","|poke|p2|Forretress, M","|poke|p2|Galvantula, F","|rule|Sleep Clause Mod: Limit one foe put to sleep","|rule|Species Clause: Limit one of each Pokémon","|rule|OHKO Clause: OHKO moves are banned","|rule|Moody Clause: Moody is banned","|rule|Evasion Moves Clause: Evasion moves are banned","|rule|Endless Battle Clause: Forcing endless battles is banned","|rule|HP Percentage Mod: HP is shown in percentages","|teampreview","|","|start","|switch|p1a: Breloom|Breloom, F|259/259","|switch|p2a: YellowNope|Galvantula, F|300/300","|turn|1","|","|move|p2a: YellowNope|Thunder Wave|p1a: Breloom","|-status|p1a: Breloom|par","|move|p1a: Breloom|Rock Tomb|p2a: YellowNope","|-supereffective|p2a: YellowNope","|-enditem|p2a: YellowNope|Focus Sash","|-damage|p2a: YellowNope|1/300","|-unboost|p2a: YellowNope|spe|1","|","|turn|2","|","|cant|p1a: Breloom|par","|move|p2a: YellowNope|Sticky Web|p1a: Breloom","|-sidestart|p1: Hm Sableye|move: Sticky Web","|","|turn|3","|","|cant|p1a: Breloom|par","|move|p2a: YellowNope|Bug Buzz|p1a: Breloom","|-damage|p1a: Breloom|76/259 par","|","|turn|4","|","|move|p1a: Breloom|Mach Punch|p2a: YellowNope","|-resisted|p2a: YellowNope","|-damage|p2a: YellowNope|0 fnt","|faint|p2a: YellowNope","|","|","|switch|p2a: SpikyNope|Pinsir, M|271/271","|turn|5","|","|move|p2a: SpikyNope|Frustration|p1a: Breloom","|-damage|p1a: Breloom|0 fnt","|faint|p1a: Breloom","|-boost|p2a: SpikyNope|atk|1|[from] ability: Moxie","|","|","|switch|p1a: Terrakion|Terrakion|324/324","|-activate|p1a: Terrakion|move: Sticky Web","|-unboost|p1a: Terrakion|spe|1","|turn|6","|","|switch|p2a: HardNope|Scizor, M|325/325","|move|p1a: Terrakion|Stone Edge|p2a: HardNope|[miss]","|-miss|p1a: Terrakion|p2a: HardNope","|","|turn|7","|","|switch|p1a: Keldeo-Resolute|Keldeo-Resolute|323/323","|-activate|p1a: Keldeo-Resolute|move: Sticky Web","|-unboost|p1a: Keldeo-Resolute|spe|1","|move|p2a: HardNope|Bullet Punch|p1a: Keldeo-Resolute","|-resisted|p1a: Keldeo-Resolute","|-damage|p1a: Keldeo-Resolute|239/323","|","|turn|8","|","|switch|p2a: HeraclesNope|Heracross, F|332/332","|move|p1a: Keldeo-Resolute|Scald|p2a: HeraclesNope","|-damage|p2a: HeraclesNope|248/332","|","|turn|9","|","|switch|p1a: Hawlucha|Hawlucha, F|300/300","|move|p2a: HeraclesNope|Close Combat|p1a: Hawlucha","|-resisted|p1a: Hawlucha","|-damage|p1a: Hawlucha|170/300","|-unboost|p2a: HeraclesNope|def|1","|-unboost|p2a: HeraclesNope|spd|1","|","|turn|10","|","|switch|p2a: HardNope|Scizor, M|325/325","|move|p1a: Hawlucha|Substitute|p1a: Hawlucha","|-start|p1a: Hawlucha|Substitute","|-damage|p1a: Hawlucha|95/300","|-enditem|p1a: Hawlucha|Sitrus Berry|[eat]","|-heal|p1a: Hawlucha|170/300|[from] item: Sitrus Berry","|","|turn|11","|","|move|p2a: HardNope|Bullet Punch|p1a: Hawlucha","|-end|p1a: Hawlucha|Substitute","|move|p1a: Hawlucha|High Jump Kick|p2a: HardNope|[miss]","|-miss|p1a: Hawlucha|p2a: HardNope","|-damage|p1a: Hawlucha|20/300|[from] highjumpkick","|","|turn|12","|","|move|p2a: HardNope|Bullet Punch|p1a: Hawlucha","|-damage|p1a: Hawlucha|0 fnt","|faint|p1a: Hawlucha","|","|","|switch|p1a: Keldeo-Resolute|Keldeo-Resolute|239/323","|-activate|p1a: Keldeo-Resolute|move: Sticky Web","|-unboost|p1a: Keldeo-Resolute|spe|1","|turn|13","|","|move|p2a: HardNope|Bullet Punch|p1a: Keldeo-Resolute","|-crit|p1a: Keldeo-Resolute","|-resisted|p1a: Keldeo-Resolute","|-damage|p1a: Keldeo-Resolute|107/323","|move|p1a: Keldeo-Resolute|Scald|p2a: HardNope","|-damage|p2a: HardNope|163/325","|","|turn|14","|","|switch|p2a: HeraclesNope|Heracross, F|248/332","|move|p1a: Keldeo-Resolute|Scald|p2a: HeraclesNope","|-damage|p2a: HeraclesNope|161/332","|","|turn|15","|","|switch|p1a: Medicham|Medicham, F|261/261","|-activate|p1a: Medicham|move: Sticky Web","|-unboost|p1a: Medicham|spe|1","|move|p2a: HeraclesNope|Close Combat|p1a: Medicham","|-resisted|p1a: Medicham","|-damage|p1a: Medicham|132/261","|-unboost|p2a: HeraclesNope|def|1","|-unboost|p2a: HeraclesNope|spd|1","|","|turn|16","|","|switch|p2a: SpineyNope|Forretress, M|336/336","|detailschange|p1a: Medicham|Medicham-Mega, F","|-mega|p1a: Medicham|Medicham|Medichamite","|move|p1a: Medicham|High Jump Kick|p2a: SpineyNope","|-damage|p2a: SpineyNope|78/336","|","|turn|17","|-enditem|p2a: SpineyNope|Custap Berry|[eat]","|-activate|p2a: SpineyNope|Custap Berry","|","|move|p2a: SpineyNope|Explosion|p1a: Medicham","|-damage|p1a: Medicham|0 fnt","|faint|p2a: SpineyNope","|faint|p1a: Medicham","|","|","|switch|p1a: Keldeo-Resolute|Keldeo-Resolute|107/323","|switch|p2a: HardNope|Scizor, M|163/325","|-activate|p1a: Keldeo-Resolute|move: Sticky Web","|-unboost|p1a: Keldeo-Resolute|spe|1","|turn|18","|","|move|p2a: HardNope|Bullet Punch|p1a: Keldeo-Resolute","|-crit|p1a: Keldeo-Resolute","|-resisted|p1a: Keldeo-Resolute","|-damage|p1a: Keldeo-Resolute|0 fnt","|faint|p1a: Keldeo-Resolute","|","|","|switch|p1a: Conkeldurr|Conkeldurr, M|413/413","|-activate|p1a: Conkeldurr|move: Sticky Web","|-unboost|p1a: Conkeldurr|spe|1","|turn|19","|","|switch|p2a: HeraclesNope|Heracross, F|161/332","|move|p1a: Conkeldurr|Knock Off|p2a: HeraclesNope","|-resisted|p2a: HeraclesNope","|-damage|p2a: HeraclesNope|83/332","|-enditem|p2a: HeraclesNope|Assault Vest|[from] move: Knock Off|[of] p1a: Conkeldurr","|","|turn|20","|","|move|p2a: HeraclesNope|Close Combat|p1a: Conkeldurr","|-damage|p1a: Conkeldurr|205/413","|-unboost|p2a: HeraclesNope|def|1","|-unboost|p2a: HeraclesNope|spd|1","|move|p1a: Conkeldurr|Ice Punch|p2a: HeraclesNope","|-damage|p2a: HeraclesNope|0 fnt","|faint|p2a: HeraclesNope","|","|","|switch|p2a: SpikyNope|Pinsir, M|271/271","|turn|21","|","|detailschange|p2a: SpikyNope|Pinsir-Mega, M","|-mega|p2a: SpikyNope|Pinsir|Pinsirite","|move|p2a: SpikyNope|Frustration|p1a: Conkeldurr","|-supereffective|p1a: Conkeldurr","|-damage|p1a: Conkeldurr|0 fnt","|faint|p1a: Conkeldurr","|","|","|switch|p1a: Terrakion|Terrakion|324/324","|-activate|p1a: Terrakion|move: Sticky Web","|-unboost|p1a: Terrakion|spe|1","|turn|22","|","|move|p2a: SpikyNope|Quick Attack|p1a: Terrakion","|-damage|p1a: Terrakion|207/324","|move|p1a: Terrakion|Stone Edge|p2a: SpikyNope|[miss]","|-miss|p1a: Terrakion|p2a: SpikyNope","|","|turn|23","|","|move|p2a: SpikyNope|Quick Attack|p1a: Terrakion","|-damage|p1a: Terrakion|99/324","|move|p1a: Terrakion|Stone Edge|p2a: SpikyNope|[miss]","|-miss|p1a: Terrakion|p2a: SpikyNope","|","|turn|24","|","|move|p2a: SpikyNope|Quick Attack|p1a: Terrakion","|-damage|p1a: Terrakion|0 fnt","|faint|p1a: Terrakion","|","|win|Aрex✦Rеbоrn"],"p1rating":{"entryid":"538896","serverid":"eos","formatid":"monotype","userid":"hmsableye","username":"Hm Sableye","w":"4","l":2,"t":"0","gxe":54.9,"r":"1540.1606143388","rd":"122.8583080769","sigma":"0","rptime":"1440752400","rpr":1538.3625796265,"rprd":99.323134993204,"rpsigma":"0","acre":1085.7747219402,"lacre":1085.7747219402,"oldacre":"1119.0188283716"},"p2rating":{"entryid":598392,"formatid":"monotype","userid":"aexrbrn","username":"Aрex✦Rеbоrn","r":1500,"rd":130,"sigma":0,"rpr":1544.7991079654,"rprd":122.83141802352,"rpsigma":0,"rptime":1440752400,"w":1,"l":0,"t":0,"gxe":55.6,"acre":1053.1905702903,"lacre":1053.1905702903,"oldacre":1000},"endType":"normal"}