{"seed":[480,4799,5093,4607],"turns":29,"p1":"Hm Sableye","p2":"GTX♅PBR","p1team":[{"name":"Diancie","species":"Diancie","item":"leftovers","ability":"Clear Body","moves":["stealthrock","trickroom","diamondstorm","explosion"],"nature":"Brave","evs":{"hp":248,"atk":252,"def":8,"spa":0,"spd":0,"spe":0},"ivs":{"hp":31,"atk":31,"def":31,"spa":31,"spd":31,"spe":0}},{"name":"Sylveon","species":"Sylveon","item":"choicespecs","ability":"Pixilate","moves":["hypervoice","hiddenpowerfire","psyshock","shadowball"],"nature":"Quiet","evs":{"hp":248,"atk":0,"def":8,"spa":252,"spd":0,"spe":0},"gender":"M","ivs":{"hp":31,"atk":0,"def":31,"spa":30,"spd":31,"spe":0}},{"name":"Azumarill","species":"Azumarill","item":"lifeorb","ability":"Huge Power","moves":["playrough","waterfall","superpower","aquajet"],"nature":"Brave","evs":{"hp":248,"atk":252,"def":8,"spa":0,"spd":0,"spe":0},"gender":"M","ivs":{"hp":31,"atk":31,"def":31,"spa":31,"spd":31,"spe":0}},{"name":"Gardevoir","species":"Gardevoir","item":"gardevoirite","ability":"Trace","moves":["hypervoice","focusblast","trickroom","healingwish"],"nature":"Quiet","evs":{"hp":248,"atk":0,"def":8,"spa":252,"spd":0,"spe":0},"gender":"M","ivs":{"hp":31,"atk":0,"def":31,"spa":31,"spd":31,"spe":0},"shiny":true},{"name":"Klefki","species":"Klefki","item":"lightclay","ability":"Prankster","moves":["reflect","lightscreen","foulplay","spikes"],"nature":"Bold","evs":{"hp":248,"atk":0,"def":204,"spa":0,"spd":0,"spe":56},"ivs":{"hp":31,"atk":0,"def":31,"spa":31,"spd":31,"spe":31}},{"name":"Togekiss","species":"Togekiss","item":"choicescarf","ability":"Serene Grace","moves":["airslash","fireblast","dazzlinggleam","trick"],"nature":"Timid","evs":{"hp":0,"atk":0,"def":0,"spa":252,"spd":4,"spe":252},"ivs":{"hp":31,"atk":0,"def":31,"spa":31,"spd":31,"spe":31}}],"p2team":[{"name":"Skarmory","species":"Skarmory","item":"rockyhelmet","ability":"Sturdy","moves":["stealthrock","drillpeck","roost","whirlwind"],"nature":"Impish","evs":{"hp":248,"atk":0,"def":236,"spa":0,"spd":0,"spe":24},"gender":"M","shiny":true,"ivs":{"hp":31,"atk":31,"def":31,"spa":31,"spd":31,"spe":31}},{"name":"Excadrill","species":"Excadrill","item":"choicescarf","ability":"Mold Breaker","moves":["earthquake","ironhead","aerialace","rockslide"],"nature":"Jolly","evs":{"hp":0,"atk":252,"def":0,"spa":0,"spd":4,"spe":252},"gender":"F","shiny":true,"ivs":{"hp":31,"atk":31,"def":31,"spa":31,"spd":31,"spe":31}},{"name":"Scizor","species":"Scizor","item":"scizorite","ability":"Technician","moves":["swordsdance","bugbite","bulletpunch","roost"],"nature":"Adamant","evs":{"hp":248,"atk":252,"def":0,"spa":0,"spd":8,"spe":0},"gender":"M","shiny":true,"ivs":{"hp":31,"atk":31,"def":31,"spa":31,"spd":31,"spe":31}},{"name":"Empoleon","species":"Empoleon","item":"leftovers","ability":"Torrent","moves":["toxic","defog","scald","roar"],"nature":"Calm","evs":{"hp":252,"atk":0,"def":4,"spa":0,"spd":252,"spe":0},"gender":"M","shiny":true,"ivs":{"hp":31,"atk":31,"def":31,"spa":31,"spd":31,"spe":31}},{"name":"Jirachi","species":"Jirachi","item":"choicescarf","ability":"Serene Grace","moves":["ironhead","icepunch","uturn","thunderpunch"],"nature":"Jolly","evs":{"hp":4,"atk":252,"def":0,"spa":0,"spd":0,"spe":252},"shiny":true,"ivs":{"hp":31,"atk":31,"def":31,"spa":31,"spd":31,"spe":31}},{"name":"Heatran","species":"Heatran","item":"airballoon","ability":"Flash Fire","moves":["lavaplume","earthpower","ancientpower","roar"],"nature":"Modest","evs":{"hp":248,"atk":0,"def":0,"spa":252,"spd":8,"spe":0},"gender":"M","ivs":{"hp":31,"atk":30,"def":30,"spa":31,"spd":31,"spe":31},"shiny":true}],"log":["|player|p1|Hm Sableye|2","|player|p2|GTX♅PBR|267","|gametype|singles","|gen|6","|tier|Monotype","|rated","|rule|Baton Pass Clause: Limit one Baton Passer, can't pass Spe and other stats simultaneously","|rule|Swagger Clause: Swagger is banned","|rule|Same Type Clause: Pokémon in a team must share a type","|clearpoke","|poke|p1|Diancie","|poke|p1|Sylveon, M","|poke|p1|Azumarill, M","|poke|p1|Gardevoir, M, shiny","|poke|p1|Klefki, F","|poke|p1|Togekiss, F","|poke|p2|Skarmory, M, shiny","|poke|p2|Excadrill, F, shiny","|poke|p2|Scizor, M, shiny","|poke|p2|Empoleon, M, shiny","|poke|p2|Jirachi, shiny","|poke|p2|Heatran, M, shiny","|rule|Sleep Clause Mod: Limit one foe put to sleep","|rule|Species Clause: Limit one of each Pokémon","|rule|OHKO Clause: OHKO moves are banned","|rule|Moody Clause: Moody is banned","|rule|Evasion Moves Clause: Evasion moves are banned","|rule|Endless Battle Clause: Forcing endless battles is banned","|rule|HP Percentage Mod: HP is shown in percentages","|teampreview","|","|start","|switch|p1a: Togekiss|Togekiss, F|311/311","|switch|p2a: Excadrill|Excadrill, F, shiny|361/361","|-ability|p2a: Excadrill|Mold Breaker","|turn|1","|","|move|p2a: Excadrill|Iron Head|p1a: Togekiss","|-supereffective|p1a: Togekiss","|-damage|p1a: Togekiss|0 fnt","|faint|p1a: Togekiss","|","|","|switch|p1a: Azumarill|Azumarill, M|403/403","|turn|2","|","|switch|p2a: Empoleon|Empoleon, M, shiny|372/372","|move|p1a: Azumarill|Superpower|p2a: Empoleon","|-supereffective|p2a: Empoleon","|-damage|p2a: Empoleon|0 fnt","|-unboost|p1a: Azumarill|atk|1","|-unboost|p1a: Azumarill|def|1","|-damage|p1a: Azumarill|363/403|[from] item: Life Orb","|faint|p2a: Empoleon","|","|","|switch|p2a: Jirachi|Jirachi, shiny|342/342","|turn|3","|","|switch|p1a: Klefki|Klefki, F|317/317","|move|p2a: Jirachi|U-turn|p1a: Klefki","|-resisted|p1a: Klefki","|-damage|p1a: Klefki|303/317","|","|switch|p2a: Excadrill|Excadrill, F, shiny|361/361","|-ability|p2a: Excadrill|Mold Breaker","|","|turn|4","|","|move|p1a: Klefki|Reflect|p1a: Klefki","|-sidestart|p1: Hm Sableye|Reflect","|move|p2a: Excadrill|Earthquake|p1a: Klefki","|-supereffective|p1a: Klefki","|-damage|p1a: Klefki|146/317","|","|turn|5","|","|switch|p1a: Azumarill|Azumarill, M|363/403","|move|p2a: Excadrill|Earthquake|p1a: Azumarill","|-damage|p1a: Azumarill|251/403","|","|turn|6","|","|switch|p2a: Skarmory|Skarmory, M, shiny|333/333","|move|p1a: Azumarill|Superpower|p2a: Skarmory","|-damage|p2a: Skarmory|202/333","|-damage|p1a: Azumarill|184/403|[from] item: Rocky Helmet|[of] p2a: Skarmory","|-unboost|p1a: Azumarill|atk|1","|-unboost|p1a: Azumarill|def|1","|-damage|p1a: Azumarill|144/403|[from] item: Life Orb","|","|turn|7","|","|switch|p1a: Gardevoir|Gardevoir, M, shiny|339/339","|-ability|p1a: Gardevoir|Sturdy|[from] ability: Trace|[of] p2a: Skarmory","|move|p2a: Skarmory|Roost|p2a: Skarmory","|-heal|p2a: Skarmory|333/333","|","|turn|8","|","|switch|p2a: Scizor|Scizor, M, shiny|343/343","|detailschange|p1a: Gardevoir|Gardevoir-Mega, M, shiny","|-mega|p1a: Gardevoir|Gardevoir|Gardevoirite","|move|p1a: Gardevoir|Trick Room|p1a: Gardevoir","|-fieldstart|move: Trick Room|[of] p1a: Gardevoir","|","|turn|9","|","|detailschange|p2a: Scizor|Scizor-Mega, M, shiny","|-mega|p2a: Scizor|Scizor|Scizorite","|move|p2a: Scizor|Swords Dance|p2a: Scizor","|-boost|p2a: Scizor|atk|2","|move|p1a: Gardevoir|Healing Wish|p1a: Gardevoir","|faint|p1a: Gardevoir","|","|","|switch|p1a: Klefki|Klefki, F|146/317","|-heal|p1a: Klefki|317/317|[from] move: Healing Wish","|turn|10","|","|switch|p2a: Excadrill|Excadrill, F, shiny|361/361","|-ability|p2a: Excadrill|Mold Breaker","|move|p1a: Klefki|Foul Play|p2a: Excadrill","|-damage|p2a: Excadrill|185/361","|","|turn|11","|","|switch|p2a: Skarmory|Skarmory, M, shiny|333/333","|move|p1a: Klefki|Foul Play|p2a: Skarmory","|-damage|p2a: Skarmory|298/333","|-damage|p1a: Klefki|265/317|[from] item: Rocky Helmet|[of] p2a: Skarmory","|","|-sideend|p1: Hm Sableye|Reflect","|turn|12","|","|move|p1a: Klefki|Reflect|p1a: Klefki","|-sidestart|p1: Hm Sableye|Reflect","|move|p2a: Skarmory|Stealth Rock|p1a: Klefki","|-sidestart|p1: Hm Sableye|move: Stealth Rock","|","|-fieldend|move: Trick Room","|turn|13","|","|move|p1a: Klefki|Spikes|p2a: Skarmory","|-sidestart|p2: GTX♅PBR|Spikes","|move|p2a: Skarmory|Whirlwind|p1a: Klefki","|drag|p1a: Diancie|Diancie|303/303","|-damage|p1a: Diancie|266/303|[from] Stealth Rock","|","|-heal|p1a: Diancie|284/303|[from] item: Leftovers","|turn|14","|","|move|p1a: Diancie|Stealth Rock|p2a: Skarmory","|-sidestart|p2: GTX♅PBR|move: Stealth Rock","|move|p2a: Skarmory|Whirlwind|p1a: Diancie","|drag|p1a: Azumarill|Azumarill, M|144/403","|-damage|p1a: Azumarill|94/403|[from] Stealth Rock","|","|turn|15","|","|move|p2a: Skarmory|Drill Peck|p1a: Azumarill","|-damage|p1a: Azumarill|46/403","|move|p1a: Azumarill|Waterfall|p2a: Skarmory","|-damage|p2a: Skarmory|162/333","|-damage|p1a: Azumarill|0 fnt|[from] item: Rocky Helmet|[of] p2a: Skarmory","|faint|p1a: Azumarill","|","|","|switch|p1a: Sylveon|Sylveon, M|393/393","|-damage|p1a: Sylveon|344/393|[from] Stealth Rock","|turn|16","|","|move|p2a: Skarmory|Roost|p2a: Skarmory","|-heal|p2a: Skarmory|329/333","|move|p1a: Sylveon|Hyper Voice|p2a: Skarmory","|-resisted|p2a: Skarmory","|-damage|p2a: Skarmory|143/333","|","|turn|17","|","|switch|p2a: Heatran|Heatran, M, shiny|385/385","|-damage|p2a: Heatran|337/385|[from] Stealth Rock","|-item|p2a: Heatran|Air Balloon","|move|p1a: Sylveon|Hyper Voice|p2a: Heatran","|-crit|p2a: Heatran","|-resisted|p2a: Heatran","|-damage|p2a: Heatran|226/385","|-enditem|p2a: Heatran|Air Balloon","|","|turn|18","|","|switch|p1a: Diancie|Diancie|284/303","|-damage|p1a: Diancie|247/303|[from] Stealth Rock","|move|p2a: Heatran|Lava Plume|p1a: Diancie","|-resisted|p1a: Diancie","|-damage|p1a: Diancie|190/303","|","|-heal|p1a: Diancie|208/303|[from] item: Leftovers","|turn|19","|","|switch|p2a: Skarmory|Skarmory, M, shiny|143/333","|-damage|p2a: Skarmory|102/333|[from] Stealth Rock","|move|p1a: Diancie|Trick Room|p1a: Diancie","|-fieldstart|move: Trick Room|[of] p1a: Diancie","|","|-heal|p1a: Diancie|226/303|[from] item: Leftovers","|-sideend|p1: Hm Sableye|Reflect","|turn|20","|","|move|p1a: Diancie|Diamond Storm|p2a: Skarmory","|-damage|p2a: Skarmory|14/333","|-boost|p1a: Diancie|def|1","|move|p2a: Skarmory|Roost|p2a: Skarmory","|-heal|p2a: Skarmory|181/333","|","|-heal|p1a: Diancie|244/303|[from] item: Leftovers","|turn|21","|","|move|p1a: Diancie|Diamond Storm|p2a: Skarmory","|-damage|p2a: Skarmory|81/333","|-boost|p1a: Diancie|def|1","|move|p2a: Skarmory|Whirlwind|p1a: Diancie","|drag|p1a: Sylveon|Sylveon, M|344/393","|-damage|p1a: Sylveon|295/393|[from] Stealth Rock","|","|turn|22","|","|move|p1a: Sylveon|Hyper Voice|p2a: Skarmory","|-resisted|p2a: Skarmory","|-damage|p2a: Skarmory|0 fnt","|faint|p2a: Skarmory","|","|","|switch|p2a: Heatran|Heatran, M, shiny|226/385","|-damage|p2a: Heatran|178/385|[from] Spikes","|-damage|p2a: Heatran|130/385|[from] Stealth Rock","|turn|23","|","|switch|p1a: Diancie|Diancie|244/303","|-damage|p1a: Diancie|207/303|[from] Stealth Rock","|move|p2a: Heatran|Lava Plume|p1a: Diancie","|-crit|p1a: Diancie","|-resisted|p1a: Diancie","|-damage|p1a: Diancie|120/303","|-status|p1a: Diancie|brn","|","|-heal|p1a: Diancie|138/303 brn|[from] item: Leftovers","|-damage|p1a: Diancie|101/303 brn|[from] brn","|-fieldend|move: Trick Room","|turn|24","|","|move|p2a: Heatran|Earth Power|p1a: Diancie","|-supereffective|p1a: Diancie","|-damage|p1a: Diancie|0 fnt","|faint|p1a: Diancie","|","|","|switch|p1a: Klefki|Klefki, F|265/317","|-damage|p1a: Klefki|246/317|[from] Stealth Rock","|turn|25","|","|move|p1a: Klefki|Light Screen|p1a: Klefki","|-sidestart|p1: Hm Sableye|move: Light Screen","|move|p2a: Heatran|Lava Plume|p1a: Klefki","|-supereffective|p1a: Klefki","|-damage|p1a: Klefki|80/317","|","|turn|26","|","|move|p1a: Klefki|Reflect|p1a: Klefki","|-sidestart|p1: Hm Sableye|Reflect","|move|p2a: Heatran|Lava Plume|p1a: Klefki","|-supereffective|p1a: Klefki","|-damage|p1a: Klefki|0 fnt","|faint|p1a: Klefki","|","|","|switch|p1a: Sylveon|Sylveon, M|295/393","|-damage|p1a: Sylveon|246/393|[from] Stealth Rock","|turn|27","|","|move|p2a: Heatran|Lava Plume|p1a: Sylveon","|-damage|p1a: Sylveon|185/393","|move|p1a: Sylveon|Shadow Ball|p2a: Heatran","|-damage|p2a: Heatran|0 fnt","|faint|p2a: Heatran","|","|","|switch|p2a: Jirachi|Jirachi, shiny|342/342","|-damage|p2a: Jirachi|300/342|[from] Spikes","|-damage|p2a: Jirachi|279/342|[from] Stealth Rock","|turn|28","|","|move|p2a: Jirachi|Iron Head|p1a: Sylveon","|-supereffective|p1a: Sylveon","|-damage|p1a: Sylveon|26/393","|cant|p1a: Sylveon|flinch","|","|turn|29","|","|move|p2a: Jirachi|Iron Head|p1a: Sylveon","|-supereffective|p1a: Sylveon","|-damage|p1a: Sylveon|0 fnt","|faint|p1a: Sylveon","|","|win|GTX♅PBR"],"p1rating":{"entryid":"538896","serverid":"eos","formatid":"monotype","userid":"hmsableye","username":"Hm Sableye","w":"4","l":3,"t":"0","gxe":51,"r":"1540.1606143388","rd":"122.8583080769","sigma":"0","rptime":"1440752400","rpr":1507.5143316663,"rprd":96.171592119221,"rpsigma":"0","acre":1057.3752775113,"lacre":1057.3752775113,"oldacre":"1085.7747219402"},"p2rating":{"entryid":"555355","serverid":"eos","formatid":"monotype","userid":"gtxpbr","username":"GTX♅PBR","w":1,"l":"1","t":"0","gxe":48.9,"r":"1445.7481189574","rd":"122.60319579298","sigma":"0","rptime":"1440752400","rpr":1491.4162105225,"rprd":116.82068413608,"rpsigma":"0","acre":1049.6793242981,"lacre":1049.6793242981,"oldacre":"1000"},"endType":"normal"}