{"seed":[26,23196,39203,54406],"turns":25,"p1":"DJ Mexican","p2":"Hm Narwhal","p1team":[{"name":"Gyarados","species":"Gyarados","item":"gyaradosite","ability":"Intimidate","moves":["crunch","dragondance","waterfall","earthquake"],"nature":"Adamant","evs":{"hp":0,"atk":252,"def":0,"spa":0,"spd":4,"spe":252},"shiny":true,"ivs":{"hp":31,"atk":31,"def":31,"spa":31,"spd":31,"spe":31}},{"name":"Skarmory","species":"Skarmory","item":"leftovers","ability":"Sturdy","moves":["stealthrock","whirlwind","roost","ironhead"],"nature":"Impish","evs":{"hp":252,"atk":0,"def":232,"spa":0,"spd":0,"spe":24},"ivs":{"hp":31,"atk":31,"def":31,"spa":31,"spd":31,"spe":31}},{"name":"Zapdos","species":"Zapdos","item":"leftovers","ability":"Pressure","moves":["defog","roost","heatwave","discharge"],"nature":"Modest","evs":{"hp":252,"atk":0,"def":0,"spa":252,"spd":4,"spe":0},"ivs":{"hp":31,"atk":31,"def":31,"spa":31,"spd":31,"spe":31}},{"name":"Landorus-Therian","species":"Landorus-Therian","item":"choicescarf","ability":"Intimidate","moves":["earthquake","knockoff","stoneedge","uturn"],"nature":"Jolly","evs":{"hp":0,"atk":252,"def":0,"spa":0,"spd":4,"spe":252},"ivs":{"hp":31,"atk":31,"def":31,"spa":31,"spd":31,"spe":31}},{"name":"Tornadus-Therian","species":"Tornadus-Therian","item":"lifeorb","ability":"Regenerator","moves":["hurricane","focusblast","uturn","psychic"],"nature":"Timid","evs":{"hp":0,"atk":0,"def":0,"spa":252,"spd":4,"spe":252},"ivs":{"hp":31,"atk":31,"def":31,"spa":31,"spd":31,"spe":31}},{"name":"Togekiss","species":"Togekiss","item":"leftovers","ability":"Serene Grace","moves":["airslash","thunderwave","dazzlinggleam","healbell"],"nature":"Modest","evs":{"hp":252,"atk":0,"def":0,"spa":252,"spd":4,"spe":0},"ivs":{"hp":31,"atk":31,"def":31,"spa":31,"spd":31,"spe":31}}],"p2team":[{"name":"Crustling","species":"crustle","item":"liechiberry","ability":"Sturdy","moves":["xscissor","rockslide","earthquake","shellsmash"],"nature":"Adamant","evs":{"hp":4,"atk":252,"def":0,"spa":0,"spd":0,"spe":252},"shiny":true,"ivs":{"hp":31,"atk":31,"def":31,"spa":31,"spd":31,"spe":31}},{"name":"Scizor","species":"Scizor","item":"leftovers","ability":"Light Metal","moves":["swordsdance","roost","bulletpunch","uturn"],"nature":"Impish","evs":{"hp":248,"atk":44,"def":16,"spa":0,"spd":200,"spe":0},"ivs":{"hp":31,"atk":31,"def":31,"spa":31,"spd":31,"spe":31}},{"name":"Volcarona","species":"Volcarona","item":"sitrusberry","ability":"Flame Body","moves":["quiverdance","flamethrower","bugbuzz","gigadrain"],"nature":"Timid","evs":{"hp":50,"atk":0,"def":0,"spa":252,"spd":4,"spe":202},"ivs":{"hp":31,"atk":31,"def":31,"spa":31,"spd":31,"spe":31}},{"name":"Shuckle","species":"Shuckle","item":"mentalherb","ability":"Sturdy","moves":["stickyweb","stealthrock","encore","infestation"],"nature":"Bold","evs":{"hp":252,"atk":0,"def":252,"spa":0,"spd":4,"spe":0},"ivs":{"hp":31,"atk":31,"def":31,"spa":31,"spd":31,"spe":31}},{"name":"Beedrill","species":"Beedrill","item":"beedrillite","ability":"Sniper","moves":["poisonjab","uturn","knockoff","protect"],"nature":"Jolly","evs":{"hp":0,"atk":252,"def":0,"spa":0,"spd":4,"spe":252},"ivs":{"hp":31,"atk":31,"def":31,"spa":31,"spd":31,"spe":31}},{"name":"Galvantula","species":"Galvantula","item":"choicespecs","ability":"Compound Eyes","moves":["thunder","energyball","bugbuzz","voltswitch"],"nature":"Timid","evs":{"hp":0,"atk":0,"def":0,"spa":252,"spd":4,"spe":252},"ivs":{"hp":31,"atk":31,"def":31,"spa":31,"spd":31,"spe":31}}],"log":["|player|p1|DJ Mexican|99","|player|p2|Hm Narwhal|266","|gametype|singles","|gen|6","|tier|Monotype","|rated","|rule|Baton Pass Clause: Limit one Baton Passer, can't pass Spe and other stats simultaneously","|rule|Swagger Clause: Swagger is banned","|rule|Same Type Clause: Pokémon in a team must share a type","|clearpoke","|poke|p1|Gyarados, F, shiny","|poke|p1|Skarmory, F","|poke|p1|Zapdos","|poke|p1|Landorus-Therian, M","|poke|p1|Tornadus-Therian, M","|poke|p1|Togekiss, F","|poke|p2|Crustle, M, shiny","|poke|p2|Scizor, M","|poke|p2|Volcarona, M","|poke|p2|Shuckle, M","|poke|p2|Beedrill, M","|poke|p2|Galvantula, F","|rule|Sleep Clause Mod: Limit one foe put to sleep","|rule|Species Clause: Limit one of each Pokémon","|rule|OHKO Clause: OHKO moves are banned","|rule|Moody Clause: Moody is banned","|rule|Evasion Moves Clause: Evasion moves are banned","|rule|Endless Battle Clause: Forcing endless battles is banned","|rule|HP Percentage Mod: HP is shown in percentages","|teampreview","|","|start","|switch|p1a: Skarmory|Skarmory, F|334/334","|switch|p2a: Crustling|Crustle, M, shiny|282/282","|turn|1","|","|move|p2a: Crustling|Shell Smash|p2a: Crustling","|-unboost|p2a: Crustling|def|1","|-unboost|p2a: Crustling|spd|1","|-boost|p2a: Crustling|atk|2","|-boost|p2a: Crustling|spa|2","|-boost|p2a: Crustling|spe|2","|move|p1a: Skarmory|Whirlwind|p2a: Crustling","|drag|p2a: Volcarona|Volcarona, M|323/323","|","|turn|2","|","|move|p2a: Volcarona|Flamethrower|p1a: Skarmory","|-supereffective|p1a: Skarmory","|-ability|p1a: Skarmory|Sturdy","|-damage|p1a: Skarmory|1/334","|move|p1a: Skarmory|Stealth Rock|p2a: Volcarona","|-sidestart|p2: Hm Narwhal|move: Stealth Rock","|","|-heal|p1a: Skarmory|21/334|[from] item: Leftovers","|turn|3","|","|move|p2a: Volcarona|Quiver Dance|p2a: Volcarona","|-boost|p2a: Volcarona|spa|1","|-boost|p2a: Volcarona|spd|1","|-boost|p2a: Volcarona|spe|1","|move|p1a: Skarmory|Roost|p1a: Skarmory","|-heal|p1a: Skarmory|188/334","|","|-heal|p1a: Skarmory|208/334|[from] item: Leftovers","|turn|4","|","|move|p2a: Volcarona|Flamethrower|p1a: Skarmory","|-supereffective|p1a: Skarmory","|-damage|p1a: Skarmory|0 fnt","|faint|p1a: Skarmory","|","|","|switch|p1a: Togekiss|Togekiss, F|374/374","|turn|5","|","|move|p2a: Volcarona|Flamethrower|p1a: Togekiss","|-damage|p1a: Togekiss|173/374","|-status|p1a: Togekiss|brn","|move|p1a: Togekiss|Thunder Wave|p2a: Volcarona","|-status|p2a: Volcarona|par","|","|-heal|p1a: Togekiss|196/374 brn|[from] item: Leftovers","|-damage|p1a: Togekiss|150/374 brn|[from] brn","|turn|6","|","|move|p1a: Togekiss|Heal Bell|p1a: Togekiss","|-cureteam|p1a: Togekiss|[from] move: HealBell","|move|p2a: Volcarona|Flamethrower|p1a: Togekiss","|-damage|p1a: Togekiss|0 fnt","|faint|p1a: Togekiss","|","|","|switch|p1a: Gyarados|Gyarados, F, shiny|331/331","|-ability|p1a: Gyarados|Intimidate","|-unboost|p2a: Volcarona|atk|1","|turn|7","|","|detailschange|p1a: Gyarados|Gyarados-Mega, F, shiny","|-mega|p1a: Gyarados|Gyarados|Gyaradosite","|-ability|p1a: Gyarados|Mold Breaker","|move|p1a: Gyarados|Dragon Dance|p1a: Gyarados","|-boost|p1a: Gyarados|atk|1","|-boost|p1a: Gyarados|spe|1","|move|p2a: Volcarona|Giga Drain|p1a: Gyarados","|-supereffective|p1a: Gyarados","|-damage|p1a: Gyarados|93/331","|","|turn|8","|","|move|p1a: Gyarados|Waterfall|p2a: Volcarona","|-supereffective|p2a: Volcarona","|-damage|p2a: Volcarona|0 fnt","|faint|p2a: Volcarona","|","|","|switch|p2a: Galvantula|Galvantula, F|281/281","|-damage|p2a: Galvantula|211/281|[from] Stealth Rock","|turn|9","|","|move|p1a: Gyarados|Waterfall|p2a: Galvantula","|-damage|p2a: Galvantula|0 fnt","|faint|p2a: Galvantula","|","|","|switch|p2a: Beedrill|Beedrill, M|271/271","|-damage|p2a: Beedrill|204/271|[from] Stealth Rock","|turn|10","|","|detailschange|p2a: Beedrill|Beedrill-Mega, M","|-mega|p2a: Beedrill|Beedrill|Beedrillite","|move|p1a: Gyarados|Dragon Dance|p1a: Gyarados","|-boost|p1a: Gyarados|atk|1","|-boost|p1a: Gyarados|spe|1","|move|p2a: Beedrill|Poison Jab|p1a: Gyarados","|-damage|p1a: Gyarados|0 fnt","|faint|p1a: Gyarados","|","|","|switch|p1a: Landorus-Therian|Landorus-Therian, M|319/319","|-ability|p1a: Landorus-Therian|Intimidate","|-unboost|p2a: Beedrill|atk|1","|turn|11","|","|move|p1a: Landorus-Therian|Earthquake|p2a: Beedrill","|-damage|p2a: Beedrill|0 fnt","|faint|p2a: Beedrill","|","|","|switch|p2a: Scizor|Scizor, M|343/343","|-damage|p2a: Scizor|301/343|[from] Stealth Rock","|turn|12","|","|switch|p1a: Zapdos|Zapdos|384/384","|-ability|p1a: Zapdos|Pressure","|move|p2a: Scizor|Swords Dance|p2a: Scizor","|-boost|p2a: Scizor|atk|2","|","|-heal|p2a: Scizor|322/343|[from] item: Leftovers","|turn|13","|","|move|p1a: Zapdos|Heat Wave|p2a: Scizor","|-supereffective|p2a: Scizor","|-damage|p2a: Scizor|0 fnt","|faint|p2a: Scizor","|","|","|switch|p2a: Crustling|Crustle, M, shiny|282/282","|-damage|p2a: Crustling|212/282|[from] Stealth Rock","|turn|14","|","|move|p1a: Zapdos|Heat Wave|p2a: Crustling","|-damage|p2a: Crustling|71/282","|move|p2a: Crustling|Rock Slide|p1a: Zapdos","|-supereffective|p1a: Zapdos","|-damage|p1a: Zapdos|118/384","|","|-heal|p1a: Zapdos|142/384|[from] item: Leftovers","|turn|15","|","|move|p1a: Zapdos|Heat Wave|p2a: Crustling","|-damage|p2a: Crustling|0 fnt","|faint|p2a: Crustling","|","|-heal|p1a: Zapdos|166/384|[from] item: Leftovers","|","|switch|p2a: Shuckle|Shuckle, M|244/244","|-damage|p2a: Shuckle|183/244|[from] Stealth Rock","|turn|16","|","|move|p1a: Zapdos|Heat Wave|p2a: Shuckle","|-damage|p2a: Shuckle|120/244","|move|p2a: Shuckle|Infestation|p1a: Zapdos","|-resisted|p1a: Zapdos","|-damage|p1a: Zapdos|163/384","|-activate|p1a: Zapdos|move: Infestation|[of] p2a: Shuckle","|","|-heal|p1a: Zapdos|187/384|[from] item: Leftovers","|-damage|p1a: Zapdos|139/384|[from] move: Infestation|[partiallytrapped]","|turn|17","|","|move|p1a: Zapdos|Roost|p1a: Zapdos","|-heal|p1a: Zapdos|331/384","|move|p2a: Shuckle|Encore|p1a: Zapdos","|-start|p1a: Zapdos|Encore","|","|-heal|p1a: Zapdos|355/384|[from] item: Leftovers","|-damage|p1a: Zapdos|307/384|[from] move: Infestation|[partiallytrapped]","|turn|18","|","|move|p1a: Zapdos|Roost|p1a: Zapdos","|-heal|p1a: Zapdos|384/384","|move|p2a: Shuckle|Infestation|p1a: Zapdos","|-damage|p1a: Zapdos|377/384","|","|-heal|p1a: Zapdos|384/384|[from] item: Leftovers","|-damage|p1a: Zapdos|336/384|[from] move: Infestation|[partiallytrapped]","|turn|19","|","|move|p1a: Zapdos|Roost|p1a: Zapdos","|-heal|p1a: Zapdos|384/384","|move|p2a: Shuckle|Infestation|p1a: Zapdos","|-damage|p1a: Zapdos|377/384","|","|-heal|p1a: Zapdos|384/384|[from] item: Leftovers","|-damage|p1a: Zapdos|336/384|[from] move: Infestation|[partiallytrapped]","|turn|20","|","|move|p1a: Zapdos|Roost|p1a: Zapdos","|-heal|p1a: Zapdos|384/384","|move|p2a: Shuckle|Infestation|p1a: Zapdos","|-damage|p1a: Zapdos|377/384","|","|-heal|p1a: Zapdos|384/384|[from] item: Leftovers","|-damage|p1a: Zapdos|336/384|[from] move: Infestation|[partiallytrapped]","|-end|p1a: Zapdos|Encore","|turn|21","|","|move|p1a: Zapdos|Heat Wave|p2a: Shuckle","|-miss|p1a: Zapdos|p2a: Shuckle","|move|p2a: Shuckle|Infestation|p1a: Zapdos","|-resisted|p1a: Zapdos","|-damage|p1a: Zapdos|333/384","|","|-heal|p1a: Zapdos|357/384|[from] item: Leftovers","|-end|p1a: Zapdos|Infestation|[partiallytrapped]","|turn|22","|","|move|p1a: Zapdos|Heat Wave|p2a: Shuckle","|-damage|p2a: Shuckle|61/244","|move|p2a: Shuckle|Infestation|p1a: Zapdos","|-resisted|p1a: Zapdos","|-damage|p1a: Zapdos|354/384","|-activate|p1a: Zapdos|move: Infestation|[of] p2a: Shuckle","|","|-heal|p1a: Zapdos|378/384|[from] item: Leftovers","|-damage|p1a: Zapdos|330/384|[from] move: Infestation|[partiallytrapped]","|turn|23","|","|move|p1a: Zapdos|Heat Wave|p2a: Shuckle","|-miss|p1a: Zapdos|p2a: Shuckle","|move|p2a: Shuckle|Infestation|p1a: Zapdos","|-resisted|p1a: Zapdos","|-damage|p1a: Zapdos|327/384","|","|-heal|p1a: Zapdos|351/384|[from] item: Leftovers","|-damage|p1a: Zapdos|303/384|[from] move: Infestation|[partiallytrapped]","|turn|24","|","|move|p1a: Zapdos|Heat Wave|p2a: Shuckle","|-damage|p2a: Shuckle|4/244","|move|p2a: Shuckle|Infestation|p1a: Zapdos","|-resisted|p1a: Zapdos","|-damage|p1a: Zapdos|300/384","|","|-heal|p1a: Zapdos|324/384|[from] item: Leftovers","|-damage|p1a: Zapdos|276/384|[from] move: Infestation|[partiallytrapped]","|turn|25","|","|move|p1a: Zapdos|Heat Wave|p2a: Shuckle","|-damage|p2a: Shuckle|0 fnt","|faint|p2a: Shuckle","|","|win|DJ Mexican"],"p1rating":{"entryid":"593684","serverid":"eos","formatid":"monotype","userid":"djmexican","username":"DJ Mexican","w":3,"l":"1","t":"0","gxe":56.8,"r":"1567.0857550466","rd":"116.10700535498","sigma":"0","rptime":"1440838800","rpr":1554.1945608095,"rprd":106.54522062419,"rpsigma":"0","acre":1084.1335914883,"lacre":1084.1335914883,"oldacre":"1057.4581013579"},"p2rating":{"entryid":"633873","serverid":"eos","formatid":"monotype","userid":"hmnarwhal","username":"Hm Narwhal","w":"1","l":6,"t":"0","gxe":35.9,"r":"1500","rd":"130","sigma":"0","rptime":"1440838800","rpr":1387.1846659672,"rprd":95.238695330782,"rpsigma":"0","acre":1000,"lacre":1000,"oldacre":"1004.9623701222"},"endType":"normal"}