{"seed":[7583,32474,36572,18618],"turns":25,"p1":"worst mono ladder","p2":"OkamiNine","p1team":[{"name":"Scizor","species":"Scizor","item":"scizorite","ability":"Technician","moves":["swordsdance","bulletpunch","bugbite","roost"],"nature":"Impish","evs":{"hp":248,"atk":44,"def":16,"spa":0,"spd":200,"spe":0},"ivs":{"hp":31,"atk":31,"def":31,"spa":31,"spd":31,"spe":31}},{"name":"Skarmory","species":"Skarmory","item":"custapberry","ability":"Sturdy","moves":["ironhead","bravebird","roost","spikes"],"nature":"Impish","evs":{"hp":248,"atk":0,"def":236,"spa":0,"spd":0,"spe":24},"ivs":{"hp":31,"atk":31,"def":31,"spa":31,"spd":31,"spe":31}},{"name":"Bisharp","species":"Bisharp","item":"assaultvest","ability":"Defiant","moves":["pursuit","suckerpunch","knockoff","ironhead"],"nature":"Adamant","evs":{"hp":192,"atk":220,"def":0,"spa":0,"spd":0,"spe":96},"ivs":{"hp":31,"atk":31,"def":31,"spa":31,"spd":31,"spe":31}},{"name":"Heatran","species":"Heatran","item":"airballoon","ability":"Flash Fire","moves":["lavaplume","earthpower","flashcannon","stealthrock"],"nature":"Modest","evs":{"hp":0,"atk":0,"def":0,"spa":252,"spd":4,"spe":252},"ivs":{"hp":31,"atk":31,"def":31,"spa":31,"spd":31,"spe":31}},{"name":"Excadrill","species":"Excadrill","item":"choicescarf","ability":"Mold Breaker","moves":["earthquake","rockslide","rapidspin","ironhead"],"nature":"Jolly","evs":{"hp":0,"atk":252,"def":0,"spa":0,"spd":4,"spe":252},"ivs":{"hp":31,"atk":31,"def":31,"spa":31,"spd":31,"spe":31}},{"name":"Doublade","species":"Doublade","item":"eviolite","ability":"No Guard","moves":["swordsdance","shadowsneak","sacredsword","ironhead"],"nature":"Adamant","evs":{"hp":248,"atk":252,"def":0,"spa":0,"spd":8,"spe":0},"ivs":{"hp":31,"atk":31,"def":31,"spa":31,"spd":31,"spe":31}}],"p2team":[{"name":"Escavalier","species":"Escavalier","item":"leftovers","ability":"Overcoat","moves":["swordsdance","knockoff","megahorn","aerialace"],"nature":"Adamant","evs":{"hp":248,"atk":196,"def":58,"spa":0,"spd":0,"spe":6},"ivs":{"hp":31,"atk":31,"def":31,"spa":31,"spd":31,"spe":31}},{"name":"Heatran","species":"Heatran","item":"leftovers","ability":"Flash Fire","moves":["lavaplume","stealthrock","protect","earthpower"],"nature":"Calm","evs":{"hp":250,"atk":0,"def":0,"spa":4,"spd":248,"spe":6},"ivs":{"hp":31,"atk":31,"def":31,"spa":31,"spd":31,"spe":31}},{"name":"Skarmory","species":"Skarmory","item":"rockyhelmet","ability":"Sturdy","moves":["drillpeck","roost","toxic","whirlwind"],"nature":"Impish","evs":{"hp":248,"atk":0,"def":236,"spa":0,"spd":0,"spe":24},"ivs":{"hp":31,"atk":31,"def":31,"spa":31,"spd":31,"spe":31}},{"name":"Empoleon","species":"Empoleon","item":"assaultvest","ability":"Torrent","moves":["surf","grassknot","icebeam","aquajet"],"nature":"Mild","evs":{"hp":248,"atk":8,"def":0,"spa":252,"spd":0,"spe":0},"ivs":{"hp":31,"atk":31,"def":31,"spa":31,"spd":31,"spe":31}},{"name":"Excadrill","species":"Excadrill","item":"choicescarf","ability":"Mold Breaker","moves":["earthquake","rapidspin","rockslide","ironhead"],"nature":"Jolly","evs":{"hp":0,"atk":252,"def":0,"spa":0,"spd":4,"spe":252},"ivs":{"hp":31,"atk":31,"def":31,"spa":31,"spd":31,"spe":31}},{"name":"Magnezone","species":"Magnezone","item":"choicescarf","ability":"Magnet Pull","moves":["hiddenpowerice","flashcannon","voltswitch","thunderbolt"],"nature":"Timid","evs":{"hp":0,"atk":0,"def":0,"spa":252,"spd":4,"spe":252},"ivs":{"hp":31,"atk":30,"def":30,"spa":31,"spd":31,"spe":31}}],"log":["|player|p1|worst mono ladder|41","|player|p2|OkamiNine|146","|gametype|singles","|gen|6","|tier|Monotype","|rated","|rule|Baton Pass Clause: Limit one Baton Passer, can't pass Spe and other stats simultaneously","|rule|Swagger Clause: Swagger is banned","|rule|Same Type Clause: Pokémon in a team must share a type","|clearpoke","|poke|p1|Scizor, M","|poke|p1|Skarmory, F","|poke|p1|Bisharp, F","|poke|p1|Heatran, M","|poke|p1|Excadrill, M","|poke|p1|Doublade, F","|poke|p2|Escavalier, M","|poke|p2|Heatran, F","|poke|p2|Skarmory, F","|poke|p2|Empoleon, F","|poke|p2|Excadrill, F","|poke|p2|Magnezone","|rule|Sleep Clause Mod: Limit one foe put to sleep","|rule|Species Clause: Limit one of each Pokémon","|rule|OHKO Clause: OHKO moves are banned","|rule|Moody Clause: Moody is banned","|rule|Evasion Moves Clause: Evasion moves are banned","|rule|Endless Battle Clause: Forcing endless battles is banned","|rule|HP Percentage Mod: HP is shown in percentages","|teampreview","|","|start","|switch|p1a: Heatran|Heatran, M|323/323","|switch|p2a: Escavalier|Escavalier, M|343/343","|-item|p1a: Heatran|Air Balloon","|turn|1","|","|switch|p2a: Empoleon|Empoleon, F|371/371","|move|p1a: Heatran|Stealth Rock|p2a: Empoleon","|-sidestart|p2: OkamiNine|move: Stealth Rock","|","|turn|2","|","|switch|p1a: Skarmory|Skarmory, F|333/333","|move|p2a: Empoleon|Surf|p1a: Skarmory","|-damage|p1a: Skarmory|116/333","|","|turn|3","|","|move|p1a: Skarmory|Spikes|p2a: Empoleon","|-sidestart|p2: OkamiNine|Spikes","|move|p2a: Empoleon|Surf|p1a: Skarmory","|-damage|p1a: Skarmory|0 fnt","|faint|p1a: Skarmory","|","|","|switch|p1a: Bisharp|Bisharp, F|319/319","|turn|4","|","|move|p1a: Bisharp|Knock Off|p2a: Empoleon","|-damage|p2a: Empoleon|134/371","|-enditem|p2a: Empoleon|Assault Vest|[from] move: Knock Off|[of] p1a: Bisharp","|move|p2a: Empoleon|Surf|p1a: Bisharp","|-damage|p1a: Bisharp|177/319","|","|turn|5","|","|move|p1a: Bisharp|Sucker Punch|p2a: Empoleon","|-damage|p2a: Empoleon|0 fnt","|faint|p2a: Empoleon","|","|","|switch|p2a: Excadrill|Excadrill, F|361/361","|-damage|p2a: Excadrill|350/361|[from] Stealth Rock","|-damage|p2a: Excadrill|305/361|[from] Spikes","|-ability|p2a: Excadrill|Mold Breaker","|turn|6","|","|move|p1a: Bisharp|Sucker Punch|p2a: Excadrill","|-damage|p2a: Excadrill|83/361","|move|p2a: Excadrill|Rapid Spin|p1a: Bisharp","|-resisted|p1a: Bisharp","|-damage|p1a: Bisharp|165/319","|-sideend|p2: OkamiNine|Spikes|[from] move: Rapid Spin|[of] p2a: Excadrill","|-sideend|p2: OkamiNine|Stealth Rock|[from] move: Rapid Spin|[of] p2a: Excadrill","|","|turn|7","|","|move|p1a: Bisharp|Pursuit|p2a: Excadrill|[from]Pursuit","|-damage|p2a: Excadrill|0 fnt","|faint|p2a: Excadrill","|","|","|switch|p2a: Escavalier|Escavalier, M|343/343","|turn|8","|","|move|p1a: Bisharp|Knock Off|p2a: Escavalier","|-damage|p2a: Escavalier|172/343","|-enditem|p2a: Escavalier|Leftovers|[from] move: Knock Off|[of] p1a: Bisharp","|move|p2a: Escavalier|Megahorn|p1a: Bisharp","|-damage|p1a: Bisharp|0 fnt","|faint|p1a: Bisharp","|","|","|switch|p1a: Heatran|Heatran, M|323/323","|-item|p1a: Heatran|Air Balloon","|turn|9","|","|move|p1a: Heatran|Earth Power|p2a: Escavalier","|-damage|p2a: Escavalier|49/343","|move|p2a: Escavalier|Knock Off|p1a: Heatran","|-damage|p1a: Heatran|197/323","|-enditem|p1a: Heatran|Air Balloon","|","|turn|10","|","|switch|p2a: Heatran|Heatran, F|385/385","|move|p1a: Heatran|Lava Plume|p2a: Heatran","|-start|p2a: Heatran|ability: Flash Fire","|","|turn|11","|","|switch|p1a: Doublade|Doublade, F|321/321","|move|p2a: Heatran|Earth Power|p1a: Doublade","|-supereffective|p1a: Doublade","|-damage|p1a: Doublade|113/321","|","|turn|12","|","|move|p1a: Doublade|Shadow Sneak|p2a: Heatran","|-damage|p2a: Heatran|313/385","|move|p2a: Heatran|Earth Power|p1a: Doublade","|-supereffective|p1a: Doublade","|-damage|p1a: Doublade|0 fnt","|faint|p1a: Doublade","|","|-heal|p2a: Heatran|337/385|[from] item: Leftovers","|","|switch|p1a: Excadrill|Excadrill, M|361/361","|-ability|p1a: Excadrill|Mold Breaker","|turn|13","|","|switch|p1a: Scizor|Scizor, M|343/343","|move|p2a: Heatran|Protect|p2a: Heatran","|-fail|p2a: Heatran","|","|-heal|p2a: Heatran|361/385|[from] item: Leftovers","|turn|14","|","|detailschange|p1a: Scizor|Scizor-Mega, M","|-mega|p1a: Scizor|Scizor|Scizorite","|move|p1a: Scizor|Bullet Punch|p2a: Heatran","|-resisted|p2a: Heatran","|-damage|p2a: Heatran|336/385","|move|p2a: Heatran|Lava Plume|p1a: Scizor","|-supereffective|p1a: Scizor","|-damage|p1a: Scizor|0 fnt","|faint|p1a: Scizor","|","|-heal|p2a: Heatran|360/385|[from] item: Leftovers","|","|switch|p1a: Excadrill|Excadrill, M|361/361","|-ability|p1a: Excadrill|Mold Breaker","|turn|15","|","|move|p2a: Heatran|Protect|p2a: Heatran","|-singleturn|p2a: Heatran|Protect","|move|p1a: Excadrill|Earthquake|p2a: Heatran","|-activate|p2a: Heatran|Protect","|","|-heal|p2a: Heatran|384/385|[from] item: Leftovers","|turn|16","|","|-end|p2a: Heatran|ability: Flash Fire|[silent]","|switch|p2a: Escavalier|Escavalier, M|49/343","|move|p1a: Excadrill|Earthquake|p2a: Escavalier","|-damage|p2a: Escavalier|0 fnt","|faint|p2a: Escavalier","|","|","|switch|p2a: Skarmory|Skarmory, F|333/333","|turn|17","|","|switch|p1a: Heatran|Heatran, M|197/323","|move|p2a: Skarmory|Drill Peck|p1a: Heatran","|-resisted|p1a: Heatran","|-damage|p1a: Heatran|161/323","|","|turn|18","|","|move|p1a: Heatran|Earth Power|p2a: Skarmory","|-immune|p2a: Skarmory|[msg]","|move|p2a: Skarmory|Drill Peck|p1a: Heatran","|-resisted|p1a: Heatran","|-damage|p1a: Heatran|121/323","|","|turn|19","|","|move|p1a: Heatran|Flash Cannon|p2a: Skarmory","|-resisted|p2a: Skarmory","|-damage|p2a: Skarmory|236/333","|move|p2a: Skarmory|Drill Peck|p1a: Heatran","|-crit|p1a: Heatran","|-resisted|p1a: Heatran","|-damage|p1a: Heatran|64/323","|","|turn|20","|","|switch|p2a: Magnezone|Magnezone|281/281","|move|p1a: Heatran|Lava Plume|p2a: Magnezone","|-supereffective|p2a: Magnezone","|-damage|p2a: Magnezone|0 fnt","|faint|p2a: Magnezone","|","|","|switch|p2a: Heatran|Heatran, F|384/385","|turn|21","|","|move|p1a: Heatran|Earth Power|p2a: Heatran","|-supereffective|p2a: Heatran","|-damage|p2a: Heatran|48/385","|move|p2a: Heatran|Earth Power|p1a: Heatran","|-supereffective|p1a: Heatran","|-damage|p1a: Heatran|0 fnt","|faint|p1a: Heatran","|","|-heal|p2a: Heatran|72/385|[from] item: Leftovers","|","|switch|p1a: Excadrill|Excadrill, M|361/361","|-ability|p1a: Excadrill|Mold Breaker","|turn|22","|","|move|p2a: Heatran|Protect|p2a: Heatran","|-singleturn|p2a: Heatran|Protect","|move|p1a: Excadrill|Rock Slide|p2a: Heatran","|-activate|p2a: Heatran|Protect","|","|-heal|p2a: Heatran|96/385|[from] item: Leftovers","|turn|23","|","|move|p1a: Excadrill|Rock Slide|p2a: Heatran","|-damage|p2a: Heatran|3/385","|move|p2a: Heatran|Lava Plume|p1a: Excadrill","|-supereffective|p1a: Excadrill","|-damage|p1a: Excadrill|31/361","|","|-heal|p2a: Heatran|27/385|[from] item: Leftovers","|turn|24","|","|move|p1a: Excadrill|Rock Slide|p2a: Heatran","|-damage|p2a: Heatran|0 fnt","|faint|p2a: Heatran","|","|","|switch|p2a: Skarmory|Skarmory, F|236/333","|turn|25","|","|move|p1a: Excadrill|Rock Slide|p2a: Skarmory","|-damage|p2a: Skarmory|187/333","|move|p2a: Skarmory|Drill Peck|p1a: Excadrill","|-resisted|p1a: Excadrill","|-damage|p1a: Excadrill|0 fnt","|faint|p1a: Excadrill","|","|win|OkamiNine"],"p1rating":{"entryid":"633448","serverid":"eos","formatid":"monotype","userid":"worstmonoladder","username":"worst mono ladder","w":"2","l":1,"t":"0","gxe":53.6,"r":"1500","rd":"130","sigma":"0","rptime":"1440838800","rpr":1528.1448227881,"rprd":110.4047024023,"rpsigma":"0","acre":1062.0513071241,"lacre":1062.0513071241,"oldacre":"1083.6831486865"},"p2rating":{"entryid":"629886","serverid":"eos","formatid":"monotype","userid":"okaminine","username":"OkamiNine","w":4,"l":"0","t":"0","gxe":64.4,"r":"1500","rd":"130","sigma":"0","rptime":"1440838800","rpr":1616.4645084666,"rprd":106.34438204991,"rpsigma":"0","acre":1122.159299057,"lacre":1122.159299057,"oldacre":"1097.8739534392"},"endType":"normal"}