{"seed":[1010,44014,10311,9175],"turns":36,"p1":"Rain Tyranitar","p2":"DSV","p1team":[{"name":"Bootcheeks-Unbound","species":"hoopaunbound","item":"choicescarf","ability":"Magician","moves":["hyperspacehole","hyperspacefury","gunkshot","focusblast"],"nature":"Hasty","evs":{"hp":0,"atk":60,"def":0,"spa":196,"spd":0,"spe":252},"ivs":{"hp":31,"atk":31,"def":31,"spa":31,"spd":31,"spe":31}},{"name":"Twin Diamond","species":"sableye","item":"sablenite","ability":"Prankster","moves":["calmmind","willowisp","recover","darkpulse"],"nature":"Calm","evs":{"hp":200,"atk":0,"def":152,"spa":0,"spd":156,"spe":0},"gender":"M","ivs":{"hp":31,"atk":0,"def":31,"spa":31,"spd":31,"spe":31},"shiny":true},{"name":"Buzzkill","species":"mandibuzz","item":"leftovers","ability":"Overcoat","moves":["taunt","foulplay","bravebird","roost"],"nature":"Impish","evs":{"hp":252,"atk":0,"def":252,"spa":0,"spd":4,"spe":0},"shiny":true,"ivs":{"hp":31,"atk":31,"def":31,"spa":31,"spd":31,"spe":31}},{"name":"General S.C.A.T.","species":"bisharp","item":"assaultvest","ability":"Defiant","moves":["ironhead","knockoff","suckerpunch","pursuit"],"nature":"Adamant","evs":{"hp":192,"atk":220,"def":0,"spa":0,"spd":0,"spe":96},"gender":"M","shiny":true,"ivs":{"hp":31,"atk":31,"def":31,"spa":31,"spd":31,"spe":31}},{"name":"High Dry Gun","species":"hydreigon","item":"lifeorb","ability":"Levitate","moves":["darkpulse","flamethrower","flashcannon","dragonpulse"],"nature":"Timid","evs":{"hp":0,"atk":0,"def":0,"spa":252,"spd":4,"spe":252},"gender":"F","ivs":{"hp":31,"atk":0,"def":31,"spa":31,"spd":31,"spe":31},"shiny":true},{"name":"Physical Tyranitar","species":"tyranitar","item":"choiceband","ability":"Sand Stream","moves":["stoneedge","ironhead","crunch","earthquake"],"nature":"Adamant","evs":{"hp":200,"atk":252,"def":0,"spa":0,"spd":0,"spe":56},"gender":"M","shiny":true,"ivs":{"hp":31,"atk":31,"def":31,"spa":31,"spd":31,"spe":31}}],"p2team":[{"name":"Escavalier","species":"Escavalier","item":"leftovers","ability":"Overcoat","moves":["swordsdance","knockoff","twineedle","aerialace"],"nature":"Adamant","evs":{"hp":248,"atk":196,"def":64,"spa":0,"spd":0,"spe":0},"ivs":{"hp":31,"atk":31,"def":31,"spa":31,"spd":31,"spe":31}},{"name":"Heatran","species":"Heatran","item":"leftovers","ability":"Flash Fire","moves":["lavaplume","stealthrock","protect","earthpower"],"nature":"Calm","evs":{"hp":250,"atk":0,"def":0,"spa":4,"spd":248,"spe":6},"ivs":{"hp":31,"atk":31,"def":31,"spa":31,"spd":31,"spe":31}},{"name":"Skarmory","species":"Skarmory","item":"rockyhelmet","ability":"Sturdy","moves":["drillpeck","roost","toxic","whirlwind"],"nature":"Impish","evs":{"hp":248,"atk":0,"def":236,"spa":0,"spd":0,"spe":24},"ivs":{"hp":31,"atk":31,"def":31,"spa":31,"spd":31,"spe":31}},{"name":"Empoleon","species":"Empoleon","item":"assaultvest","ability":"Torrent","moves":["surf","grassknot","icebeam","aquajet"],"nature":"Mild","evs":{"hp":248,"atk":8,"def":0,"spa":252,"spd":0,"spe":0},"ivs":{"hp":31,"atk":31,"def":31,"spa":31,"spd":31,"spe":31}},{"name":"Excadrill","species":"Excadrill","item":"choicescarf","ability":"Mold Breaker","moves":["earthquake","rapidspin","rockslide","ironhead"],"nature":"Jolly","evs":{"hp":0,"atk":252,"def":0,"spa":0,"spd":4,"spe":252},"ivs":{"hp":31,"atk":31,"def":31,"spa":31,"spd":31,"spe":31}},{"name":"Magnezone","species":"Magnezone","item":"choicescarf","ability":"Magnet Pull","moves":["hiddenpowerice","flashcannon","voltswitch","thunderbolt"],"nature":"Timid","evs":{"hp":0,"atk":0,"def":0,"spa":252,"spd":4,"spe":252},"ivs":{"hp":31,"atk":30,"def":30,"spa":31,"spd":31,"spe":31}}],"log":["|player|p1|Rain Tyranitar|physicaltyranitar.png","|player|p2|DSV|dsv.png","|gametype|singles","|gen|6","|tier|Monotype","|rated","|rule|Baton Pass Clause: Limit one Baton Passer, can't pass Spe and other stats simultaneously","|rule|Swagger Clause: Swagger is banned","|rule|Same Type Clause: Pokémon in a team must share a type","|clearpoke","|poke|p1|Hoopa-Unbound","|poke|p1|Sableye, M, shiny","|poke|p1|Mandibuzz, F, shiny","|poke|p1|Bisharp, M, shiny","|poke|p1|Hydreigon, F, shiny","|poke|p1|Tyranitar, M, shiny","|poke|p2|Escavalier, M","|poke|p2|Heatran, F","|poke|p2|Skarmory, M","|poke|p2|Empoleon, F","|poke|p2|Excadrill, M","|poke|p2|Magnezone","|rule|Sleep Clause Mod: Limit one foe put to sleep","|rule|Species Clause: Limit one of each Pokémon","|rule|OHKO Clause: OHKO moves are banned","|rule|Moody Clause: Moody is banned","|rule|Evasion Moves Clause: Evasion moves are banned","|rule|Endless Battle Clause: Forcing endless battles is banned","|rule|HP Percentage Mod: HP is shown in percentages","|teampreview","|","|start","|switch|p1a: Twin Diamond|Sableye, M, shiny|291/291","|switch|p2a: Escavalier|Escavalier, M|343/343","|turn|1","|","|detailschange|p1a: Twin Diamond|Sableye-Mega, M, shiny","|-mega|p1a: Twin Diamond|Sableye|Sablenite","|move|p1a: Twin Diamond|Calm Mind|p1a: Twin Diamond","|-boost|p1a: Twin Diamond|spa|1","|-boost|p1a: Twin Diamond|spd|1","|move|p2a: Escavalier|Swords Dance|p2a: Escavalier","|-boost|p2a: Escavalier|atk|2","|","|turn|2","|","|move|p2a: Escavalier|Twineedle|p1a: Twin Diamond","|-damage|p1a: Twin Diamond|219/291","|-damage|p1a: Twin Diamond|146/291","|-hitcount|p1a: Twin Diamond|2","|move|p1a: Twin Diamond|Will-O-Wisp|p2a: Escavalier","|-status|p2a: Escavalier|brn","|","|-damage|p2a: Escavalier|301/343 brn|[from] brn","|turn|3","|","|move|p1a: Twin Diamond|Recover|p1a: Twin Diamond","|-heal|p1a: Twin Diamond|291/291","|move|p2a: Escavalier|Swords Dance|p2a: Escavalier","|-boost|p2a: Escavalier|atk|2","|","|-heal|p2a: Escavalier|322/343 brn|[from] item: Leftovers","|-damage|p2a: Escavalier|280/343 brn|[from] brn","|turn|4","|","|move|p1a: Twin Diamond|Dark Pulse|p2a: Escavalier","|-damage|p2a: Escavalier|162/343 brn","|cant|p2a: Escavalier|flinch","|","|-heal|p2a: Escavalier|183/343 brn|[from] item: Leftovers","|-damage|p2a: Escavalier|141/343 brn|[from] brn","|turn|5","|","|move|p1a: Twin Diamond|Dark Pulse|p2a: Escavalier","|-damage|p2a: Escavalier|18/343 brn","|cant|p2a: Escavalier|flinch","|","|-heal|p2a: Escavalier|39/343 brn|[from] item: Leftovers","|-damage|p2a: Escavalier|0 fnt|[from] brn","|faint|p2a: Escavalier","|","|switch|p2a: Excadrill|Excadrill, M|361/361","|-ability|p2a: Excadrill|Mold Breaker","|turn|6","|","|switch|p2a: Heatran|Heatran, F|385/385","|move|p1a: Twin Diamond|Will-O-Wisp|p2a: Heatran","|-start|p2a: Heatran|ability: Flash Fire","|","|turn|7","|","|move|p2a: Heatran|Lava Plume|p1a: Twin Diamond","|-damage|p1a: Twin Diamond|207/291","|move|p1a: Twin Diamond|Calm Mind|p1a: Twin Diamond","|-boost|p1a: Twin Diamond|spa|1","|-boost|p1a: Twin Diamond|spd|1","|","|turn|8","|","|move|p2a: Heatran|Lava Plume|p1a: Twin Diamond","|-damage|p1a: Twin Diamond|144/291","|move|p1a: Twin Diamond|Recover|p1a: Twin Diamond","|-heal|p1a: Twin Diamond|290/291","|","|turn|9","|","|move|p2a: Heatran|Lava Plume|p1a: Twin Diamond","|-damage|p1a: Twin Diamond|223/291","|move|p1a: Twin Diamond|Dark Pulse|p2a: Heatran","|-damage|p2a: Heatran|267/385","|","|-heal|p2a: Heatran|291/385|[from] item: Leftovers","|turn|10","|","|move|p2a: Heatran|Lava Plume|p1a: Twin Diamond","|-damage|p1a: Twin Diamond|159/291","|-status|p1a: Twin Diamond|brn","|move|p1a: Twin Diamond|Calm Mind|p1a: Twin Diamond","|-boost|p1a: Twin Diamond|spa|1","|-boost|p1a: Twin Diamond|spd|1","|","|-heal|p2a: Heatran|315/385|[from] item: Leftovers","|-damage|p1a: Twin Diamond|123/291 brn|[from] brn","|turn|11","|","|-end|p2a: Heatran|ability: Flash Fire|[silent]","|switch|p2a: Excadrill|Excadrill, M|361/361","|-ability|p2a: Excadrill|Mold Breaker","|move|p1a: Twin Diamond|Recover|p1a: Twin Diamond","|-heal|p1a: Twin Diamond|269/291 brn","|","|-damage|p1a: Twin Diamond|233/291 brn|[from] brn","|turn|12","|","|move|p2a: Excadrill|Iron Head|p1a: Twin Diamond","|-damage|p1a: Twin Diamond|125/291 brn","|move|p1a: Twin Diamond|Will-O-Wisp|p2a: Excadrill|[miss]","|-miss|p1a: Twin Diamond|p2a: Excadrill","|","|-damage|p1a: Twin Diamond|89/291 brn|[from] brn","|turn|13","|","|move|p2a: Excadrill|Iron Head|p1a: Twin Diamond","|-damage|p1a: Twin Diamond|0 fnt","|faint|p1a: Twin Diamond","|","|","|switch|p1a: Buzzkill|Mandibuzz, F, shiny|424/424","|turn|14","|","|switch|p2a: Magnezone|Magnezone|281/281","|move|p1a: Buzzkill|Foul Play|p2a: Magnezone","|-damage|p2a: Magnezone|212/281","|","|turn|15","|","|switch|p1a: Physical Tyranitar|Tyranitar, M, shiny|391/391","|-weather|Sandstorm","|move|p2a: Magnezone|Volt Switch|p1a: Physical Tyranitar","|-damage|p1a: Physical Tyranitar|306/391","|","|switch|p2a: Empoleon|Empoleon, F|371/371","|","|-weather|Sandstorm|[upkeep]","|turn|16","|","|move|p1a: Physical Tyranitar|Earthquake|p2a: Empoleon","|-supereffective|p2a: Empoleon","|-damage|p2a: Empoleon|0 fnt","|faint|p2a: Empoleon","|","|-weather|Sandstorm|[upkeep]","|","|switch|p2a: Skarmory|Skarmory, M|333/333","|turn|17","|","|switch|p1a: High Dry Gun|Hydreigon, F, shiny|325/325","|move|p2a: Skarmory|Toxic|p1a: High Dry Gun","|-status|p1a: High Dry Gun|tox","|","|-weather|Sandstorm|[upkeep]","|-damage|p1a: High Dry Gun|305/325 tox|[from] sandstorm","|-damage|p1a: High Dry Gun|285/325 tox|[from] psn","|turn|18","|","|move|p1a: High Dry Gun|Flamethrower|p2a: Skarmory","|-supereffective|p2a: Skarmory","|-ability|p2a: Skarmory|Sturdy","|-damage|p2a: Skarmory|1/333","|-damage|p1a: High Dry Gun|253/325 tox|[from] item: Life Orb","|move|p2a: Skarmory|Roost|p2a: Skarmory","|-heal|p2a: Skarmory|168/333","|","|-weather|Sandstorm|[upkeep]","|-damage|p1a: High Dry Gun|233/325 tox|[from] sandstorm","|-damage|p1a: High Dry Gun|193/325 tox|[from] psn","|turn|19","|","|switch|p2a: Heatran|Heatran, F|315/385","|move|p1a: High Dry Gun|Dark Pulse|p2a: Heatran","|-damage|p2a: Heatran|185/385","|-damage|p1a: High Dry Gun|161/325 tox|[from] item: Life Orb","|","|-weather|none","|-heal|p2a: Heatran|209/385|[from] item: Leftovers","|-damage|p1a: High Dry Gun|101/325 tox|[from] psn","|turn|20","|","|switch|p1a: Physical Tyranitar|Tyranitar, M, shiny|306/391","|-weather|Sandstorm","|move|p2a: Heatran|Protect|p2a: Heatran","|-fail|p2a: Heatran","|","|-weather|Sandstorm|[upkeep]","|-heal|p2a: Heatran|233/385|[from] item: Leftovers","|turn|21","|","|move|p2a: Heatran|Protect|p2a: Heatran","|-singleturn|p2a: Heatran|Protect","|move|p1a: Physical Tyranitar|Crunch|p2a: Heatran","|-activate|p2a: Heatran|Protect","|","|-weather|Sandstorm|[upkeep]","|-heal|p2a: Heatran|257/385|[from] item: Leftovers","|turn|22","|","|switch|p2a: Skarmory|Skarmory, M|168/333","|move|p1a: Physical Tyranitar|Crunch|p2a: Skarmory","|-damage|p2a: Skarmory|24/333","|-damage|p1a: Physical Tyranitar|241/391|[from] item: Rocky Helmet|[of] p2a: Skarmory","|-unboost|p2a: Skarmory|def|1","|","|-weather|Sandstorm|[upkeep]","|turn|23","|","|move|p2a: Skarmory|Toxic|p1a: Physical Tyranitar","|-status|p1a: Physical Tyranitar|tox","|move|p1a: Physical Tyranitar|Crunch|p2a: Skarmory","|-damage|p2a: Skarmory|0 fnt","|-damage|p1a: Physical Tyranitar|176/391 tox|[from] item: Rocky Helmet|[of] p2a: Skarmory","|faint|p2a: Skarmory","|","|-weather|Sandstorm|[upkeep]","|-damage|p1a: Physical Tyranitar|152/391 tox|[from] psn","|","|switch|p2a: Excadrill|Excadrill, M|361/361","|-ability|p2a: Excadrill|Mold Breaker","|turn|24","|","|switch|p1a: Buzzkill|Mandibuzz, F, shiny|424/424","|move|p2a: Excadrill|Iron Head|p1a: Buzzkill","|-damage|p1a: Buzzkill|319/424","|","|-weather|none","|-heal|p1a: Buzzkill|345/424|[from] item: Leftovers","|turn|25","|","|switch|p2a: Heatran|Heatran, F|257/385","|move|p1a: Buzzkill|Foul Play|p2a: Heatran","|-damage|p2a: Heatran|161/385","|","|-heal|p1a: Buzzkill|371/424|[from] item: Leftovers","|-heal|p2a: Heatran|185/385|[from] item: Leftovers","|turn|26","|","|move|p1a: Buzzkill|Taunt|p2a: Heatran","|-start|p2a: Heatran|move: Taunt","|move|p2a: Heatran|Earth Power|p1a: Buzzkill","|-immune|p1a: Buzzkill|[msg]","|","|-heal|p1a: Buzzkill|397/424|[from] item: Leftovers","|-heal|p2a: Heatran|209/385|[from] item: Leftovers","|turn|27","|","|move|p1a: Buzzkill|Foul Play|p2a: Heatran","|-damage|p2a: Heatran|121/385","|move|p2a: Heatran|Lava Plume|p1a: Buzzkill","|-damage|p1a: Buzzkill|283/424","|-status|p1a: Buzzkill|brn","|","|-heal|p1a: Buzzkill|309/424 brn|[from] item: Leftovers","|-heal|p2a: Heatran|145/385|[from] item: Leftovers","|-damage|p1a: Buzzkill|256/424 brn|[from] brn","|turn|28","|","|switch|p2a: Magnezone|Magnezone|212/281","|move|p1a: Buzzkill|Foul Play|p2a: Magnezone","|-damage|p2a: Magnezone|179/281","|","|-heal|p1a: Buzzkill|282/424 brn|[from] item: Leftovers","|-damage|p1a: Buzzkill|229/424 brn|[from] brn","|turn|29","|","|switch|p1a: General S.C.A.T.|Bisharp, M, shiny|319/319","|move|p2a: Magnezone|Thunderbolt|p1a: General S.C.A.T.","|-damage|p1a: General S.C.A.T.|166/319","|","|turn|30","|player|p2","|player|p2|DSV|dsv.png","|","|move|p1a: General S.C.A.T.|Sucker Punch|p2a: Magnezone","|-damage|p2a: Magnezone|47/281","|move|p2a: Magnezone|Thunderbolt|p1a: General S.C.A.T.","|-damage|p1a: General S.C.A.T.|22/319","|","|turn|31","|","|switch|p2a: Heatran|Heatran, F|145/385","|move|p1a: General S.C.A.T.|Knock Off|p2a: Heatran","|-damage|p2a: Heatran|0 fnt","|-enditem|p2a: Heatran|Leftovers|[from] move: Knock Off|[of] p1a: General S.C.A.T.","|faint|p2a: Heatran","|","|","|switch|p2a: Excadrill|Excadrill, M|361/361","|-ability|p2a: Excadrill|Mold Breaker","|turn|32","|","|move|p1a: General S.C.A.T.|Sucker Punch|p2a: Excadrill","|-damage|p2a: Excadrill|151/361","|move|p2a: Excadrill|Iron Head|p1a: General S.C.A.T.","|-resisted|p1a: General S.C.A.T.","|-damage|p1a: General S.C.A.T.|0 fnt","|faint|p1a: General S.C.A.T.","|","|","|switch|p1a: Bootcheeks-Unbound|Hoopa-Unbound|301/301","|turn|33","|player|p2","|player|p2|DSV|dsv.png","|","|move|p2a: Excadrill|Iron Head|p1a: Bootcheeks-Unbound","|-damage|p1a: Bootcheeks-Unbound|42/301","|cant|p1a: Bootcheeks-Unbound|flinch","|","|turn|34","|","|switch|p1a: Physical Tyranitar|Tyranitar, M, shiny|152/391 tox","|-weather|Sandstorm","|move|p2a: Excadrill|Iron Head|p1a: Physical Tyranitar","|-supereffective|p1a: Physical Tyranitar","|-damage|p1a: Physical Tyranitar|0 fnt","|faint|p1a: Physical Tyranitar","|","|-weather|Sandstorm|[upkeep]","|","|switch|p1a: Buzzkill|Mandibuzz, F, shiny|229/424 brn","|turn|35","|","|move|p2a: Excadrill|Iron Head|p1a: Buzzkill","|-damage|p1a: Buzzkill|130/424 brn","|cant|p1a: Buzzkill|flinch","|","|-weather|Sandstorm|[upkeep]","|-heal|p1a: Buzzkill|156/424 brn|[from] item: Leftovers","|-damage|p1a: Buzzkill|103/424 brn|[from] brn","|turn|36","|","|move|p2a: Excadrill|Iron Head|p1a: Buzzkill","|-damage|p1a: Buzzkill|6/424 brn","|cant|p1a: Buzzkill|flinch","|","|-weather|Sandstorm|[upkeep]","|-heal|p1a: Buzzkill|32/424 brn|[from] item: Leftovers","|-damage|p1a: Buzzkill|0 fnt|[from] brn","|faint|p1a: Buzzkill","|","|win|DSV"],"p1rating":{"entryid":"180853","serverid":"eos","formatid":"monotype","userid":"raintyranitar","username":"Rain Tyranitar","w":"3","l":6,"t":"0","gxe":39.6,"r":1430.1742765102,"rd":93.096022522414,"sigma":"0","rptime":1440838800,"rpr":1417.5077073603,"rprd":90.643835377188,"rpsigma":"0","acre":1034.547981,"lacre":1034.547981,"oldacre":"1042.8066578922"},"p2rating":{"entryid":"159982","serverid":"eos","formatid":"monotype","userid":"dsv","username":"DSV","w":21,"l":"9","t":"0","gxe":65,"r":1612.6125482839,"rd":61.725529679667,"sigma":"0","rptime":1440838800,"rpr":1618.0596128886,"rprd":61.044791394561,"rpsigma":"0","acre":1244.8720323366,"lacre":1244.8720323366,"oldacre":"1232.2986848637"},"endType":"forfeit"}