{"seed":[41856,42973,4947,34369],"turns":30,"p1":"SWL Nocturne","p2":"Jhetz","p1team":[{"name":"Slowbro","species":"Slowbro","item":"rockyhelmet","ability":"Regenerator","moves":["trickroom","scald","icebeam","slackoff"],"nature":"Relaxed","evs":{"hp":248,"atk":0,"def":252,"spa":8,"spd":0,"spe":0},"ivs":{"hp":31,"atk":31,"def":31,"spa":31,"spd":31,"spe":0}},{"name":"Reuniclus","species":"Reuniclus","item":"lifeorb","ability":"Magic Guard","moves":["trickroom","psyshock","calmmind","energyball"],"nature":"Quiet","evs":{"hp":248,"atk":0,"def":0,"spa":252,"spd":8,"spe":0},"ivs":{"hp":31,"atk":31,"def":31,"spa":31,"spd":31,"spe":0}},{"name":"Victini","species":"Victini","item":"lifeorb","ability":"Victory Star","moves":["vcreate","boltstrike","brickbreak","zenheadbutt"],"nature":"Adamant","evs":{"hp":252,"atk":252,"def":0,"spa":0,"spd":4,"spe":0},"ivs":{"hp":31,"atk":31,"def":31,"spa":31,"spd":31,"spe":31}},{"name":"Gallade","species":"Gallade","item":"galladite","ability":"Justified","moves":["swordsdance","closecombat","shadowsneak","knockoff"],"nature":"Adamant","evs":{"hp":0,"atk":252,"def":0,"spa":0,"spd":4,"spe":252},"ivs":{"hp":31,"atk":31,"def":31,"spa":31,"spd":31,"spe":31}},{"name":"Gardevoir","species":"Gardevoir","item":"lifeorb","ability":"Trace","moves":["moonblast","psychic","healingwish","focusblast"],"nature":"Modest","evs":{"hp":252,"atk":0,"def":0,"spa":252,"spd":0,"spe":0},"ivs":{"hp":31,"atk":31,"def":31,"spa":31,"spd":31,"spe":31}},{"name":"Meloetta","species":"Meloetta","item":"lifeorb","ability":"Serene Grace","moves":["shadowball","dazzlinggleam","psychic","hypervoice"],"nature":"Modest","evs":{"hp":252,"atk":0,"def":4,"spa":252,"spd":0,"spe":0},"ivs":{"hp":31,"atk":31,"def":31,"spa":31,"spd":31,"spe":31}}],"p2team":[{"name":"Invasi0n","species":"gyarados","item":"gyaradosite","ability":"Intimidate","moves":["dragondance","waterfall","rest","sleeptalk"],"nature":"Careful","evs":{"hp":248,"atk":0,"def":92,"spa":0,"spd":68,"spe":100},"ivs":{"hp":31,"atk":31,"def":31,"spa":31,"spd":31,"spe":31}},{"name":"Dark Crow","species":"mandibuzz","item":"leftovers","ability":"Overcoat","moves":["taunt","roost","defog","foulplay"],"nature":"Careful","evs":{"hp":196,"atk":0,"def":56,"spa":0,"spd":200,"spe":56},"ivs":{"hp":31,"atk":31,"def":31,"spa":31,"spd":31,"spe":31}},{"name":"Skarmory","species":"Skarmory","item":"shedshell","ability":"Sturdy","moves":["bravebird","roost","whirlwind","defog"],"nature":"Impish","evs":{"hp":248,"atk":0,"def":236,"spa":0,"spd":0,"spe":24},"ivs":{"hp":31,"atk":31,"def":31,"spa":31,"spd":31,"spe":31}},{"name":"Diamond Check","species":"gliscor","item":"toxicorb","ability":"Poison Heal","moves":["earthquake","toxic","stealthrock","roost"],"nature":"Careful","evs":{"hp":252,"atk":4,"def":0,"spa":0,"spd":252,"spe":0},"ivs":{"hp":31,"atk":31,"def":31,"spa":31,"spd":31,"spe":31}},{"name":"Blitz shock","species":"tornadustherian","item":"lifeorb","ability":"Regenerator","moves":["knockoff","superpower","heatwave","hurricane"],"nature":"Hasty","evs":{"hp":0,"atk":4,"def":0,"spa":252,"spd":0,"spe":252},"ivs":{"hp":31,"atk":31,"def":31,"spa":31,"spd":31,"spe":31}},{"name":"Almighty","species":"landorus","item":"lifeorb","ability":"Sheer Force","moves":["earthpower","sludgewave","psychic","focusblast"],"nature":"Timid","evs":{"hp":0,"atk":0,"def":0,"spa":252,"spd":4,"spe":252},"ivs":{"hp":31,"atk":31,"def":31,"spa":31,"spd":31,"spe":31}}],"log":["|player|p1|SWL Nocturne|39","|player|p2|Jhetz|161","|gametype|singles","|gen|6","|tier|Monotype","|rated","|rule|Baton Pass Clause: Limit one Baton Passer, can't pass Spe and other stats simultaneously","|rule|Swagger Clause: Swagger is banned","|rule|Same Type Clause: Pokémon in a team must share a type","|clearpoke","|poke|p1|Slowbro, F","|poke|p1|Reuniclus, M","|poke|p1|Victini","|poke|p1|Gallade, M","|poke|p1|Gardevoir, F","|poke|p1|Meloetta","|poke|p2|Gyarados, F","|poke|p2|Mandibuzz, F","|poke|p2|Skarmory, M","|poke|p2|Gliscor, F","|poke|p2|Tornadus-Therian, M","|poke|p2|Landorus, M","|rule|Sleep Clause Mod: Limit one foe put to sleep","|rule|Species Clause: Limit one of each Pokémon","|rule|OHKO Clause: OHKO moves are banned","|rule|Moody Clause: Moody is banned","|rule|Evasion Moves Clause: Evasion moves are banned","|rule|Endless Battle Clause: Forcing endless battles is banned","|rule|HP Percentage Mod: HP is shown in percentages","|teampreview","|","|start","|switch|p1a: Slowbro|Slowbro, F|393/393","|switch|p2a: Dark Crow|Mandibuzz, F|410/410","|turn|1","|","|move|p2a: Dark Crow|Taunt|p1a: Slowbro","|-start|p1a: Slowbro|move: Taunt","|cant|p1a: Slowbro|move: Taunt|Trick Room","|","|turn|2","|","|move|p2a: Dark Crow|Foul Play|p1a: Slowbro","|-supereffective|p1a: Slowbro","|-damage|p1a: Slowbro|265/393","|-damage|p2a: Dark Crow|342/410|[from] item: Rocky Helmet|[of] p1a: Slowbro","|move|p1a: Slowbro|Ice Beam|p2a: Dark Crow","|-supereffective|p2a: Dark Crow","|-damage|p2a: Dark Crow|232/410","|","|-heal|p2a: Dark Crow|257/410|[from] item: Leftovers","|turn|3","|","|move|p2a: Dark Crow|Foul Play|p1a: Slowbro","|-supereffective|p1a: Slowbro","|-damage|p1a: Slowbro|151/393","|-damage|p2a: Dark Crow|189/410|[from] item: Rocky Helmet|[of] p1a: Slowbro","|move|p1a: Slowbro|Ice Beam|p2a: Dark Crow","|-supereffective|p2a: Dark Crow","|-damage|p2a: Dark Crow|85/410","|-status|p2a: Dark Crow|frz","|","|-heal|p2a: Dark Crow|110/410 frz|[from] item: Leftovers","|-end|p1a: Slowbro|move: Taunt","|turn|4","|","|switch|p2a: Skarmory|Skarmory, M|333/333","|switch|p1a: Reuniclus|Reuniclus, M|423/423","|","|turn|5","|","|move|p1a: Reuniclus|Psyshock|p2a: Skarmory","|-resisted|p2a: Skarmory","|-damage|p2a: Skarmory|278/333","|move|p2a: Skarmory|Whirlwind|p1a: Reuniclus","|drag|p1a: Gallade|Gallade, M|277/277","|","|turn|6","|","|move|p1a: Gallade|Knock Off|p2a: Skarmory","|-damage|p2a: Skarmory|205/333","|-enditem|p2a: Skarmory|Shed Shell|[from] move: Knock Off|[of] p1a: Gallade","|move|p2a: Skarmory|Brave Bird|p1a: Gallade","|-supereffective|p1a: Gallade","|-damage|p1a: Gallade|0 fnt","|-damage|p2a: Skarmory|114/333|[from] recoil|[of] p1a: Gallade","|faint|p1a: Gallade","|","|","|switch|p1a: Victini|Victini|404/404","|turn|7","|","|switch|p2a: Diamond Check|Gliscor, F|354/354","|move|p1a: Victini|V-create|p2a: Diamond Check","|-damage|p2a: Diamond Check|45/354","|-unboost|p1a: Victini|spe|1","|-unboost|p1a: Victini|def|1","|-unboost|p1a: Victini|spd|1","|-damage|p1a: Victini|364/404|[from] item: Life Orb","|","|-status|p2a: Diamond Check|tox|[from] item: Toxic Orb","|turn|8","|","|switch|p1a: Slowbro|Slowbro, F|282/393","|move|p2a: Diamond Check|Roost|p2a: Diamond Check","|-heal|p2a: Diamond Check|222/354 tox","|","|-heal|p2a: Diamond Check|266/354 tox|[from] ability: Poison Heal","|turn|9","|","|switch|p2a: Dark Crow|Mandibuzz, F|110/410 frz","|move|p1a: Slowbro|Trick Room|p1a: Slowbro","|-fieldstart|move: Trick Room|[of] p1a: Slowbro","|","|-heal|p2a: Dark Crow|135/410 frz|[from] item: Leftovers","|turn|10","|","|move|p1a: Slowbro|Ice Beam|p2a: Dark Crow","|-supereffective|p2a: Dark Crow","|-damage|p2a: Dark Crow|25/410 frz","|cant|p2a: Dark Crow|frz","|","|-heal|p2a: Dark Crow|50/410 frz|[from] item: Leftovers","|turn|11","|","|move|p1a: Slowbro|Scald|p2a: Dark Crow","|-damage|p2a: Dark Crow|0 fnt","|faint|p2a: Dark Crow","|","|","|switch|p2a: Skarmory|Skarmory, M|114/333","|turn|12","|","|move|p1a: Slowbro|Ice Beam|p2a: Skarmory","|-damage|p2a: Skarmory|26/333","|move|p2a: Skarmory|Whirlwind|p1a: Slowbro","|drag|p1a: Meloetta|Meloetta|404/404","|","|turn|13","|","|move|p2a: Skarmory|Roost|p2a: Skarmory","|-heal|p2a: Skarmory|193/333","|move|p1a: Meloetta|Shadow Ball|p2a: Skarmory","|-damage|p2a: Skarmory|1/333","|-damage|p1a: Meloetta|364/404|[from] item: Life Orb","|","|-fieldend|move: Trick Room","|turn|14","|","|move|p1a: Meloetta|Psychic|p2a: Skarmory","|-resisted|p2a: Skarmory","|-damage|p2a: Skarmory|0 fnt","|-damage|p1a: Meloetta|324/404|[from] item: Life Orb","|faint|p2a: Skarmory","|","|","|switch|p2a: Invasi0n|Gyarados, F|393/393","|-ability|p2a: Invasi0n|Intimidate","|-unboost|p1a: Meloetta|atk|1","|turn|15","|","|detailschange|p2a: Invasi0n|Gyarados-Mega, F","|-mega|p2a: Invasi0n|Gyarados|Gyaradosite","|-ability|p2a: Invasi0n|Mold Breaker","|move|p2a: Invasi0n|Dragon Dance|p2a: Invasi0n","|-boost|p2a: Invasi0n|atk|1","|-boost|p2a: Invasi0n|spe|1","|move|p1a: Meloetta|Dazzling Gleam|p2a: Invasi0n","|-supereffective|p2a: Invasi0n","|-damage|p2a: Invasi0n|219/393","|-damage|p1a: Meloetta|284/404|[from] item: Life Orb","|","|turn|16","|","|move|p2a: Invasi0n|Dragon Dance|p2a: Invasi0n","|-boost|p2a: Invasi0n|atk|1","|-boost|p2a: Invasi0n|spe|1","|move|p1a: Meloetta|Hyper Voice|p2a: Invasi0n","|-damage|p2a: Invasi0n|67/393","|-damage|p1a: Meloetta|244/404|[from] item: Life Orb","|","|turn|17","|","|move|p2a: Invasi0n|Rest|p2a: Invasi0n","|-status|p2a: Invasi0n|slp","|-heal|p2a: Invasi0n|393/393 slp|[silent]","|-status|p2a: Invasi0n|slp|[from] move: Rest","|move|p1a: Meloetta|Hyper Voice|p2a: Invasi0n","|-damage|p2a: Invasi0n|232/393 slp","|-damage|p1a: Meloetta|204/404|[from] item: Life Orb","|","|turn|18","|","|switch|p1a: Slowbro|Slowbro, F|393/393","|cant|p2a: Invasi0n|slp","|move|p2a: Invasi0n|Sleep Talk|p2a: Invasi0n","|move|p2a: Invasi0n|Waterfall|p1a: Slowbro|[from]Sleep Talk","|-resisted|p1a: Slowbro","|-damage|p1a: Slowbro|293/393","|-damage|p2a: Invasi0n|167/393 slp|[from] item: Rocky Helmet|[of] p1a: Slowbro","|","|turn|19","|","|cant|p2a: Invasi0n|slp","|move|p2a: Invasi0n|Sleep Talk|p2a: Invasi0n","|move|p2a: Invasi0n|Dragon Dance|p2a: Invasi0n|[from]Sleep Talk","|-boost|p2a: Invasi0n|atk|1","|-boost|p2a: Invasi0n|spe|1","|move|p1a: Slowbro|Trick Room|p1a: Slowbro","|-fieldstart|move: Trick Room|[of] p1a: Slowbro","|","|turn|20","|","|move|p1a: Slowbro|Scald|p2a: Invasi0n","|-resisted|p2a: Invasi0n","|-damage|p2a: Invasi0n|133/393 slp","|-curestatus|p2a: Invasi0n|slp","|move|p2a: Invasi0n|Rest|p2a: Invasi0n","|-status|p2a: Invasi0n|slp","|-heal|p2a: Invasi0n|393/393 slp|[silent]","|-status|p2a: Invasi0n|slp|[from] move: Rest","|","|turn|21","|","|switch|p1a: Reuniclus|Reuniclus, M|423/423","|cant|p2a: Invasi0n|slp","|move|p2a: Invasi0n|Sleep Talk|p2a: Invasi0n","|move|p2a: Invasi0n|Rest|p2a: Invasi0n|[from]Sleep Talk","|-fail|p2a: Invasi0n","|","|turn|22","|","|move|p1a: Reuniclus|Energy Ball|p2a: Invasi0n","|-supereffective|p2a: Invasi0n","|-damage|p2a: Invasi0n|175/393 slp","|-unboost|p2a: Invasi0n|spd|1","|cant|p2a: Invasi0n|slp","|move|p2a: Invasi0n|Sleep Talk|p2a: Invasi0n","|move|p2a: Invasi0n|Waterfall|p1a: Reuniclus|[from]Sleep Talk","|-damage|p1a: Reuniclus|0 fnt","|faint|p1a: Reuniclus","|","|","|switch|p1a: Victini|Victini|364/404","|turn|23","|","|move|p1a: Victini|Brick Break|p2a: Invasi0n","|-crit|p2a: Invasi0n","|-supereffective|p2a: Invasi0n","|-damage|p2a: Invasi0n|0 fnt","|-damage|p1a: Victini|324/404|[from] item: Life Orb","|faint|p2a: Invasi0n","|","|-fieldend|move: Trick Room","|","|switch|p2a: Diamond Check|Gliscor, F|266/354 tox","|turn|24","|","|switch|p1a: Slowbro|Slowbro, F|393/393","|move|p2a: Diamond Check|Earthquake|p1a: Slowbro","|-damage|p1a: Slowbro|312/393","|","|-heal|p2a: Diamond Check|310/354 tox|[from] ability: Poison Heal","|turn|25","|","|move|p2a: Diamond Check|Toxic|p1a: Slowbro|[miss]","|-miss|p2a: Diamond Check|p1a: Slowbro","|move|p1a: Slowbro|Ice Beam|p2a: Diamond Check","|-supereffective|p2a: Diamond Check","|-damage|p2a: Diamond Check|62/354 tox","|","|-heal|p2a: Diamond Check|106/354 tox|[from] ability: Poison Heal","|turn|26","|","|move|p2a: Diamond Check|Toxic|p1a: Slowbro","|-status|p1a: Slowbro|tox","|move|p1a: Slowbro|Trick Room|p1a: Slowbro","|-fieldstart|move: Trick Room|[of] p1a: Slowbro","|","|-damage|p1a: Slowbro|288/393 tox|[from] psn","|-heal|p2a: Diamond Check|150/354 tox|[from] ability: Poison Heal","|turn|27","|","|move|p1a: Slowbro|Ice Beam|p2a: Diamond Check","|-supereffective|p2a: Diamond Check","|-damage|p2a: Diamond Check|0 fnt","|faint|p2a: Diamond Check","|","|-damage|p1a: Slowbro|240/393 tox|[from] psn","|","|switch|p2a: Blitz shock|Tornadus-Therian, M|299/299","|turn|28","|","|move|p1a: Slowbro|Ice Beam|p2a: Blitz shock","|-supereffective|p2a: Blitz shock","|-damage|p2a: Blitz shock|133/299","|-status|p2a: Blitz shock|frz","|-curestatus|p2a: Blitz shock|frz","|move|p2a: Blitz shock|Knock Off|p1a: Slowbro","|-supereffective|p1a: Slowbro","|-damage|p1a: Slowbro|102/393 tox","|-damage|p2a: Blitz shock|84/299|[from] item: Rocky Helmet|[of] p1a: Slowbro","|-enditem|p1a: Slowbro|Rocky Helmet|[from] move: Knock Off|[of] p2a: Blitz shock","|-damage|p2a: Blitz shock|55/299|[from] item: Life Orb","|","|-damage|p1a: Slowbro|30/393 tox|[from] psn","|turn|29","|","|move|p1a: Slowbro|Ice Beam|p2a: Blitz shock","|-supereffective|p2a: Blitz shock","|-damage|p2a: Blitz shock|0 fnt","|faint|p2a: Blitz shock","|","|-damage|p1a: Slowbro|0 fnt|[from] psn","|faint|p1a: Slowbro","|","|switch|p2a: Almighty|Landorus, M|319/319","|switch|p1a: Victini|Victini|324/404","|turn|30","|","|move|p1a: Victini|V-create|p2a: Almighty","|-damage|p2a: Almighty|0 fnt","|-unboost|p1a: Victini|spe|1","|-unboost|p1a: Victini|def|1","|-unboost|p1a: Victini|spd|1","|-damage|p1a: Victini|284/404|[from] item: Life Orb","|faint|p2a: Almighty","|","|win|SWL Nocturne"],"p1rating":{"entryid":"101951","serverid":"eos","formatid":"monotype","userid":"swlnocturne","username":"SWL Nocturne","w":12,"l":"5","t":"0","gxe":61.8,"r":"1579.8397691924","rd":"78.444764184269","sigma":"0","rptime":"1440838800","rpr":1592.2681218256,"rprd":76.860319347307,"rpsigma":"0","acre":1156.1486868699,"lacre":1156.1486868699,"oldacre":"1140.7569552572"},"p2rating":{"entryid":630911,"formatid":"monotype","userid":"jhetz","username":"Jhetz","r":1500,"rd":130,"sigma":0,"rpr":1467.2613944825,"rprd":122.53859385182,"rpsigma":0,"rptime":1440838800,"w":0,"l":1,"t":0,"gxe":45.9,"acre":1000,"lacre":1000,"oldacre":1000},"endType":"normal"}