{"seed":[31156,7826,13633,15655],"turns":36,"p1":"SWL Jyph","p2":"Skiddlydoop","p1team":[{"name":"Bisharp","species":"Bisharp","item":"lifeorb","ability":"Defiant","moves":["swordsdance","knockoff","ironhead","suckerpunch"],"nature":"Jolly","evs":{"hp":0,"atk":252,"def":0,"spa":0,"spd":4,"spe":252},"ivs":{"hp":31,"atk":31,"def":31,"spa":31,"spd":31,"spe":31}},{"name":"Heatran","species":"Heatran","item":"leftovers","ability":"Flash Fire","moves":["toxic","stealthrock","lavaplume","earthpower"],"nature":"Calm","evs":{"hp":252,"atk":0,"def":0,"spa":4,"spd":252,"spe":0},"ivs":{"hp":31,"atk":31,"def":31,"spa":31,"spd":31,"spe":31}},{"name":"Skarmory","species":"Skarmory","item":"rockyhelmet","ability":"Sturdy","moves":["spikes","roost","whirlwind","bravebird"],"nature":"Impish","evs":{"hp":248,"atk":0,"def":236,"spa":0,"spd":0,"spe":24},"ivs":{"hp":31,"atk":31,"def":31,"spa":31,"spd":31,"spe":31}},{"name":"Doublade","species":"Doublade","item":"eviolite","ability":"No Guard","moves":["swordsdance","shadowsneak","ironhead","sacredsword"],"nature":"Adamant","evs":{"hp":248,"atk":252,"def":0,"spa":0,"spd":8,"spe":0},"ivs":{"hp":31,"atk":31,"def":31,"spa":31,"spd":31,"spe":31}},{"name":"Excadrill","species":"Excadrill","item":"choicescarf","ability":"Mold Breaker","moves":["earthquake","ironhead","rockslide","rapidspin"],"nature":"Jolly","evs":{"hp":0,"atk":252,"def":0,"spa":0,"spd":4,"spe":252},"ivs":{"hp":31,"atk":31,"def":31,"spa":31,"spd":31,"spe":31}},{"name":"Magnezone","species":"Magnezone","item":"choicespecs","ability":"Sturdy","moves":["thunderbolt","flashcannon","voltswitch","hiddenpowerfire"],"nature":"Modest","evs":{"hp":248,"atk":0,"def":0,"spa":252,"spd":8,"spe":0},"ivs":{"hp":31,"atk":30,"def":31,"spa":30,"spd":31,"spe":30}}],"p2team":[{"name":"Eelektross","species":"Eelektross","item":"leftovers","ability":"Levitate","moves":["thunderpunch","drainpunch","coil","substitute"],"nature":"Adamant","evs":{"hp":252,"atk":252,"def":0,"spa":0,"spd":4,"spe":0},"ivs":{"hp":31,"atk":31,"def":31,"spa":31,"spd":31,"spe":31}},{"name":"Raikou","species":"Raikou","item":"leftovers","ability":"Pressure","moves":["calmmind","discharge","hiddenpowerice","substitute"],"nature":"Timid","evs":{"hp":0,"atk":0,"def":0,"spa":252,"spd":4,"spe":252},"ivs":{"hp":31,"atk":30,"def":30,"spa":31,"spd":31,"spe":31}},{"name":"Rotom-Mow","species":"Rotom-Mow","item":"choicescarf","ability":"Levitate","moves":["leafstorm","voltswitch","willowisp","hiddenpowerfire"],"nature":"Timid","evs":{"hp":0,"atk":0,"def":0,"spa":252,"spd":4,"spe":252},"ivs":{"hp":31,"atk":30,"def":31,"spa":30,"spd":31,"spe":30}},{"name":"Ampharos","species":"Ampharos","item":"ampharosite","ability":"Static","moves":["chargebeam","dragonpulse","rest","sleeptalk"],"nature":"Bold","evs":{"hp":252,"atk":0,"def":252,"spa":4,"spd":0,"spe":0},"ivs":{"hp":31,"atk":31,"def":31,"spa":31,"spd":31,"spe":31}},{"name":"Zapdos","species":"Zapdos","item":"leftovers","ability":"Pressure","moves":["chargebeam","heatwave","defog","roost"],"nature":"Calm","evs":{"hp":248,"atk":0,"def":0,"spa":8,"spd":252,"spe":0},"ivs":{"hp":31,"atk":31,"def":31,"spa":31,"spd":31,"spe":31}},{"name":"Thundurus","species":"Thundurus","item":"leftovers","ability":"Prankster","moves":["thunderwave","bulkup","thunderpunch","facade"],"nature":"Impish","evs":{"hp":252,"atk":0,"def":128,"spa":0,"spd":128,"spe":0},"ivs":{"hp":31,"atk":31,"def":31,"spa":31,"spd":31,"spe":31}}],"log":["|player|p1|SWL Jyph|swljyph.png","|player|p2|Skiddlydoop|190","|gametype|singles","|gen|6","|tier|Monotype","|rated","|rule|Baton Pass Clause: Limit one Baton Passer, can't pass Spe and other stats simultaneously","|rule|Swagger Clause: Swagger is banned","|rule|Same Type Clause: Pokémon in a team must share a type","|clearpoke","|poke|p1|Bisharp, M","|poke|p1|Heatran, F","|poke|p1|Skarmory, M","|poke|p1|Doublade, M","|poke|p1|Excadrill, M","|poke|p1|Magnezone","|poke|p2|Eelektross, F","|poke|p2|Raikou","|poke|p2|Rotom-Mow","|poke|p2|Ampharos, M","|poke|p2|Zapdos","|poke|p2|Thundurus, M","|rule|Sleep Clause Mod: Limit one foe put to sleep","|rule|Species Clause: Limit one of each Pokémon","|rule|OHKO Clause: OHKO moves are banned","|rule|Moody Clause: Moody is banned","|rule|Evasion Moves Clause: Evasion moves are banned","|rule|Endless Battle Clause: Forcing endless battles is banned","|rule|HP Percentage Mod: HP is shown in percentages","|teampreview","|","|start","|switch|p1a: Heatran|Heatran, F|386/386","|switch|p2a: Rotom-Mow|Rotom-Mow|241/241","|turn|1","|","|move|p2a: Rotom-Mow|Volt Switch|p1a: Heatran","|-damage|p1a: Heatran|305/386","|","|switch|p2a: Zapdos|Zapdos|383/383","|-ability|p2a: Zapdos|Pressure","|move|p1a: Heatran|Stealth Rock|p2a: Zapdos","|-sidestart|p2: Skiddlydoop|move: Stealth Rock","|","|-heal|p1a: Heatran|329/386|[from] item: Leftovers","|turn|2","|","|move|p2a: Zapdos|Charge Beam|p1a: Heatran","|-damage|p1a: Heatran|275/386","|-boost|p2a: Zapdos|spa|1","|move|p1a: Heatran|Toxic|p2a: Zapdos","|-status|p2a: Zapdos|tox","|","|-heal|p1a: Heatran|299/386|[from] item: Leftovers","|-damage|p2a: Zapdos|360/383 tox|[from] psn","|turn|3","|","|move|p2a: Zapdos|Charge Beam|p1a: Heatran","|-damage|p1a: Heatran|223/386","|-boost|p2a: Zapdos|spa|1","|move|p1a: Heatran|Lava Plume|p2a: Zapdos","|-damage|p2a: Zapdos|264/383 tox","|","|-heal|p2a: Zapdos|287/383 tox|[from] item: Leftovers","|-heal|p1a: Heatran|247/386|[from] item: Leftovers","|-damage|p2a: Zapdos|241/383 tox|[from] psn","|turn|4","|","|switch|p1a: Excadrill|Excadrill, M|361/361","|-ability|p1a: Excadrill|Mold Breaker","|move|p2a: Zapdos|Defog|p1a: Excadrill","|-unboost|p1a: Excadrill|evasion|1","|-sideend|p2: Skiddlydoop|Stealth Rock|[from] move: Defog|[of] p2a: Zapdos","|","|-heal|p2a: Zapdos|264/383 tox|[from] item: Leftovers","|-damage|p2a: Zapdos|195/383 tox|[from] psn","|turn|5","|","|switch|p2a: Rotom-Mow|Rotom-Mow|241/241","|move|p1a: Excadrill|Rock Slide|p2a: Rotom-Mow","|-damage|p2a: Rotom-Mow|161/241","|","|turn|6","|","|switch|p1a: Heatran|Heatran, F|247/386","|move|p2a: Rotom-Mow|Will-O-Wisp|p1a: Heatran","|-start|p1a: Heatran|ability: Flash Fire","|","|-heal|p1a: Heatran|271/386|[from] item: Leftovers","|turn|7","|","|switch|p2a: Thundurus|Thundurus, M|362/362","|move|p1a: Heatran|Stealth Rock|p2a: Thundurus","|-sidestart|p2: Skiddlydoop|move: Stealth Rock","|","|-heal|p1a: Heatran|295/386|[from] item: Leftovers","|turn|8","|","|move|p2a: Thundurus|Thunder Wave|p1a: Heatran","|-status|p1a: Heatran|par","|move|p1a: Heatran|Lava Plume|p2a: Thundurus","|-damage|p2a: Thundurus|185/362","|","|-heal|p2a: Thundurus|207/362|[from] item: Leftovers","|-heal|p1a: Heatran|319/386 par|[from] item: Leftovers","|turn|9","|","|move|p2a: Thundurus|Bulk Up|p2a: Thundurus","|-boost|p2a: Thundurus|atk|1","|-boost|p2a: Thundurus|def|1","|cant|p1a: Heatran|par","|","|-heal|p2a: Thundurus|229/362|[from] item: Leftovers","|-heal|p1a: Heatran|343/386 par|[from] item: Leftovers","|turn|10","|","|-end|p1a: Heatran|ability: Flash Fire|[silent]","|switch|p1a: Skarmory|Skarmory, M|333/333","|move|p2a: Thundurus|Thunder Punch|p1a: Skarmory","|-supereffective|p1a: Skarmory","|-damage|p1a: Skarmory|165/333","|-damage|p2a: Thundurus|169/362|[from] item: Rocky Helmet|[of] p1a: Skarmory","|","|-heal|p2a: Thundurus|191/362|[from] item: Leftovers","|turn|11","|","|switch|p1a: Excadrill|Excadrill, M|361/361","|-ability|p1a: Excadrill|Mold Breaker","|move|p2a: Thundurus|Thunder Wave|p1a: Excadrill","|-immune|p1a: Excadrill|[msg]","|","|-heal|p2a: Thundurus|213/362|[from] item: Leftovers","|turn|12","|","|move|p1a: Excadrill|Rock Slide|p2a: Thundurus","|-supereffective|p2a: Thundurus","|-damage|p2a: Thundurus|89/362","|move|p2a: Thundurus|Facade|p1a: Excadrill","|-resisted|p1a: Excadrill","|-damage|p1a: Excadrill|291/361","|","|-heal|p2a: Thundurus|111/362|[from] item: Leftovers","|turn|13","|","|move|p1a: Excadrill|Rock Slide|p2a: Thundurus","|-supereffective|p2a: Thundurus","|-damage|p2a: Thundurus|0 fnt","|faint|p2a: Thundurus","|","|","|switch|p2a: Eelektross|Eelektross, F|374/374","|-damage|p2a: Eelektross|328/374|[from] Stealth Rock","|turn|14","|","|switch|p1a: Skarmory|Skarmory, M|165/333","|move|p2a: Eelektross|Substitute|p2a: Eelektross","|-start|p2a: Eelektross|Substitute","|-damage|p2a: Eelektross|235/374","|","|-heal|p2a: Eelektross|258/374|[from] item: Leftovers","|turn|15","|","|move|p2a: Eelektross|Thunder Punch|p1a: Skarmory","|-supereffective|p1a: Skarmory","|-damage|p1a: Skarmory|7/333","|-damage|p2a: Eelektross|196/374|[from] item: Rocky Helmet|[of] p1a: Skarmory","|move|p1a: Skarmory|Whirlwind|p2a: Eelektross","|drag|p2a: Zapdos|Zapdos|195/383 tox","|-damage|p2a: Zapdos|100/383 tox|[from] Stealth Rock","|-ability|p2a: Zapdos|Pressure","|","|-heal|p2a: Zapdos|123/383 tox|[from] item: Leftovers","|-damage|p2a: Zapdos|100/383 tox|[from] psn","|turn|16","|","|move|p2a: Zapdos|Defog|p1a: Skarmory","|-unboost|p1a: Skarmory|evasion|1","|-sideend|p2: Skiddlydoop|Stealth Rock|[from] move: Defog|[of] p2a: Zapdos","|move|p1a: Skarmory|Roost|p1a: Skarmory","|-heal|p1a: Skarmory|174/333","|","|-heal|p2a: Zapdos|123/383 tox|[from] item: Leftovers","|-damage|p2a: Zapdos|77/383 tox|[from] psn","|turn|17","|","|switch|p1a: Excadrill|Excadrill, M|291/361","|-ability|p1a: Excadrill|Mold Breaker","|move|p2a: Zapdos|Roost|p2a: Zapdos","|-heal|p2a: Zapdos|269/383 tox","|","|-heal|p2a: Zapdos|292/383 tox|[from] item: Leftovers","|-damage|p2a: Zapdos|223/383 tox|[from] psn","|turn|18","|","|switch|p2a: Ampharos|Ampharos, M|384/384","|move|p1a: Excadrill|Rock Slide|p2a: Ampharos","|-damage|p2a: Ampharos|312/384","|","|turn|19","|","|switch|p1a: Heatran|Heatran, F|343/386 par","|detailschange|p2a: Ampharos|Ampharos-Mega, M","|-mega|p2a: Ampharos|Ampharos|Ampharosite","|-ability|p2a: Ampharos|Mold Breaker","|move|p2a: Ampharos|Dragon Pulse|p1a: Heatran","|-resisted|p1a: Heatran","|-damage|p1a: Heatran|285/386 par","|","|-heal|p1a: Heatran|309/386 par|[from] item: Leftovers","|turn|20","|","|switch|p2a: Raikou|Raikou|321/321","|-ability|p2a: Raikou|Pressure","|move|p1a: Heatran|Stealth Rock|p2a: Raikou","|-sidestart|p2: Skiddlydoop|move: Stealth Rock","|","|-heal|p1a: Heatran|333/386 par|[from] item: Leftovers","|turn|21","|","|move|p2a: Raikou|Substitute|p2a: Raikou","|-start|p2a: Raikou|Substitute","|-damage|p2a: Raikou|241/321","|cant|p1a: Heatran|par","|","|-heal|p2a: Raikou|261/321|[from] item: Leftovers","|-heal|p1a: Heatran|357/386 par|[from] item: Leftovers","|turn|22","|","|move|p2a: Raikou|Calm Mind|p2a: Raikou","|-boost|p2a: Raikou|spa|1","|-boost|p2a: Raikou|spd|1","|cant|p1a: Heatran|par","|","|-heal|p2a: Raikou|281/321|[from] item: Leftovers","|-heal|p1a: Heatran|381/386 par|[from] item: Leftovers","|turn|23","|","|move|p2a: Raikou|Calm Mind|p2a: Raikou","|-boost|p2a: Raikou|spa|1","|-boost|p2a: Raikou|spd|1","|move|p1a: Heatran|Earth Power|p2a: Raikou","|-supereffective|p2a: Raikou","|-end|p2a: Raikou|Substitute","|","|-heal|p2a: Raikou|301/321|[from] item: Leftovers","|-heal|p1a: Heatran|386/386 par|[from] item: Leftovers","|turn|24","|","|switch|p1a: Excadrill|Excadrill, M|291/361","|-ability|p1a: Excadrill|Mold Breaker","|move|p2a: Raikou|Substitute|p2a: Raikou","|-start|p2a: Raikou|Substitute","|-damage|p2a: Raikou|221/321","|","|-heal|p2a: Raikou|241/321|[from] item: Leftovers","|turn|25","|","|move|p1a: Excadrill|Earthquake|p2a: Raikou","|-supereffective|p2a: Raikou","|-end|p2a: Raikou|Substitute","|move|p2a: Raikou|Hidden Power|p1a: Excadrill","|-damage|p1a: Excadrill|91/361","|","|-heal|p2a: Raikou|261/321|[from] item: Leftovers","|turn|26","|","|switch|p2a: Eelektross|Eelektross, F|196/374","|-damage|p2a: Eelektross|150/374|[from] Stealth Rock","|move|p1a: Excadrill|Earthquake|p2a: Eelektross","|-supereffective|p2a: Eelektross","|-damage|p2a: Eelektross|0 fnt","|faint|p2a: Eelektross","|","|","|switch|p2a: Zapdos|Zapdos|223/383 tox","|-damage|p2a: Zapdos|128/383 tox|[from] Stealth Rock","|-ability|p2a: Zapdos|Pressure","|turn|27","|","|switch|p1a: Bisharp|Bisharp, M|271/271","|move|p2a: Zapdos|Defog|p1a: Bisharp","|-unboost|p1a: Bisharp|evasion|1","|-boost|p1a: Bisharp|atk|2|[from] ability: Defiant","|-sideend|p2: Skiddlydoop|Stealth Rock|[from] move: Defog|[of] p2a: Zapdos","|","|-heal|p2a: Zapdos|151/383 tox|[from] item: Leftovers","|-damage|p2a: Zapdos|128/383 tox|[from] psn","|turn|28","|","|move|p1a: Bisharp|Knock Off|p2a: Zapdos","|-damage|p2a: Zapdos|0 fnt","|-enditem|p2a: Zapdos|Leftovers|[from] move: Knock Off|[of] p1a: Bisharp","|-damage|p1a: Bisharp|244/271|[from] item: Life Orb","|faint|p2a: Zapdos","|","|","|switch|p2a: Ampharos|Ampharos-Mega, M|312/384","|-ability|p2a: Ampharos|Mold Breaker","|turn|29","|","|move|p1a: Bisharp|Sucker Punch|p2a: Ampharos","|-damage|p2a: Ampharos|51/384","|-damage|p1a: Bisharp|217/271|[from] item: Life Orb","|move|p2a: Ampharos|Dragon Pulse|p1a: Bisharp","|-resisted|p1a: Bisharp","|-damage|p1a: Bisharp|111/271","|","|turn|30","|","|switch|p2a: Rotom-Mow|Rotom-Mow|161/241","|move|p1a: Bisharp|Knock Off|p2a: Rotom-Mow","|-damage|p2a: Rotom-Mow|0 fnt","|-enditem|p2a: Rotom-Mow|Choice Scarf|[from] move: Knock Off|[of] p1a: Bisharp","|-damage|p1a: Bisharp|84/271|[from] item: Life Orb","|faint|p2a: Rotom-Mow","|","|","|switch|p2a: Raikou|Raikou|261/321","|-ability|p2a: Raikou|Pressure","|turn|31","|","|move|p2a: Raikou|Substitute|p2a: Raikou","|-start|p2a: Raikou|Substitute","|-damage|p2a: Raikou|181/321","|move|p1a: Bisharp|Knock Off|p2a: Raikou","|-end|p2a: Raikou|Substitute","|-damage|p1a: Bisharp|57/271|[from] item: Life Orb","|","|-heal|p2a: Raikou|201/321|[from] item: Leftovers","|turn|32","|","|move|p2a: Raikou|Substitute|p2a: Raikou","|-start|p2a: Raikou|Substitute","|-damage|p2a: Raikou|121/321","|move|p1a: Bisharp|Knock Off|p2a: Raikou","|-end|p2a: Raikou|Substitute","|-damage|p1a: Bisharp|30/271|[from] item: Life Orb","|","|-heal|p2a: Raikou|141/321|[from] item: Leftovers","|turn|33","|","|move|p2a: Raikou|Substitute|p2a: Raikou","|-start|p2a: Raikou|Substitute","|-damage|p2a: Raikou|61/321","|move|p1a: Bisharp|Knock Off|p2a: Raikou","|-end|p2a: Raikou|Substitute","|-damage|p1a: Bisharp|3/271|[from] item: Life Orb","|","|-heal|p2a: Raikou|81/321|[from] item: Leftovers","|turn|34","|","|move|p2a: Raikou|Substitute|p2a: Raikou","|-start|p2a: Raikou|Substitute","|-damage|p2a: Raikou|1/321","|move|p1a: Bisharp|Knock Off|p2a: Raikou","|-end|p2a: Raikou|Substitute","|-damage|p1a: Bisharp|0 fnt|[from] item: Life Orb","|faint|p1a: Bisharp","|","|-heal|p2a: Raikou|21/321|[from] item: Leftovers","|","|switch|p1a: Excadrill|Excadrill, M|91/361","|-ability|p1a: Excadrill|Mold Breaker","|turn|35","|","|move|p1a: Excadrill|Earthquake|p2a: Raikou","|-supereffective|p2a: Raikou","|-damage|p2a: Raikou|0 fnt","|faint|p2a: Raikou","|","|","|switch|p2a: Ampharos|Ampharos-Mega, M|51/384","|-ability|p2a: Ampharos|Mold Breaker","|turn|36","|","|move|p1a: Excadrill|Earthquake|p2a: Ampharos","|-supereffective|p2a: Ampharos","|-damage|p2a: Ampharos|0 fnt","|faint|p2a: Ampharos","|","|win|SWL Jyph"],"p1rating":{"entryid":"10848","serverid":"eos","formatid":"monotype","userid":"swljyph","username":"SWL Jyph","w":19,"l":"14","t":"0","gxe":56.6,"r":"1545.2766590987","rd":"61.352128734616","sigma":"0","rptime":"1440752400","rpr":1550.8942718713,"rprd":59.018595145082,"rpsigma":"0","acre":1108.9545824486,"lacre":1108.9545824486,"oldacre":"1088.9826062884"},"p2rating":{"entryid":597456,"formatid":"monotype","userid":"skiddlydoop","username":"Skiddlydoop","r":1500,"rd":130,"sigma":0,"rpr":1463.2109295172,"rprd":122.14755129173,"rpsigma":0,"rptime":1440752400,"w":0,"l":1,"t":0,"gxe":45.4,"acre":1000,"lacre":1000,"oldacre":1000},"endType":"normal"}