{"seed":[59067,31120,16357,55978],"turns":30,"p1":"Void Who","p2":"Doctor Vergi","p1team":[{"name":"KFC & Kool-Aid","species":"magnezone","item":"choicescarf","ability":"Sturdy","moves":["flashcannon","voltswitch","hiddenpowerice","thunderbolt"],"nature":"Timid","evs":{"hp":0,"atk":0,"def":0,"spa":252,"spd":4,"spe":252},"ivs":{"hp":31,"atk":30,"def":30,"spa":31,"spd":31,"spe":31}},{"name":"Spilt Coffee","species":"rotomwash","item":"leftovers","ability":"Levitate","moves":["willowisp","hydropump","voltswitch","painsplit"],"nature":"Calm","evs":{"hp":252,"atk":0,"def":0,"spa":4,"spd":252,"spe":0},"ivs":{"hp":31,"atk":31,"def":31,"spa":31,"spd":31,"spe":31}},{"name":"Ricky Suave","species":"thundurus","item":"lifeorb","ability":"Prankster","moves":["thunderwave","knockoff","superpower","voltswitch"],"nature":"Jolly","evs":{"hp":0,"atk":252,"def":0,"spa":0,"spd":4,"spe":252},"ivs":{"hp":31,"atk":31,"def":31,"spa":31,"spd":31,"spe":31}},{"name":"Amped up","species":"ampharos","item":"ampharosite","ability":"Static","moves":["dragonpulse","discharge","powergem","toxic"],"nature":"Modest","evs":{"hp":248,"atk":0,"def":0,"spa":252,"spd":8,"spe":0},"ivs":{"hp":31,"atk":31,"def":31,"spa":31,"spd":31,"spe":31}},{"name":"Bird Flu","species":"zapdos","item":"leftovers","ability":"Pressure","moves":["defog","roost","heatwave","discharge"],"nature":"Calm","evs":{"hp":252,"atk":0,"def":0,"spa":4,"spd":252,"spe":0},"ivs":{"hp":31,"atk":31,"def":31,"spa":31,"spd":31,"spe":31}},{"name":"Fighting/Electric","species":"electivire","item":"choicescarf","ability":"Vital Spirit","moves":["wildcharge","crosschop","earthquake","icepunch"],"nature":"Jolly","evs":{"hp":0,"atk":252,"def":0,"spa":0,"spd":4,"spe":252},"ivs":{"hp":31,"atk":31,"def":31,"spa":31,"spd":31,"spe":31}}],"p2team":[{"name":"Landorus-Therian","species":"Landorus-Therian","item":"choicescarf","ability":"Intimidate","moves":["stoneedge","earthquake","uturn","knockoff"],"nature":"Jolly","evs":{"hp":0,"atk":252,"def":0,"spa":0,"spd":4,"spe":252},"ivs":{"hp":31,"atk":31,"def":31,"spa":31,"spd":31,"spe":31}},{"name":"Thundurus","species":"Thundurus","item":"lifeorb","ability":"Prankster","moves":["thunderwave","thunderbolt","nastyplot","grassknot"],"nature":"Timid","evs":{"hp":0,"atk":0,"def":0,"spa":252,"spd":4,"spe":252},"ivs":{"hp":31,"atk":31,"def":31,"spa":31,"spd":31,"spe":31}},{"name":"Skarmory","species":"Skarmory","item":"rockyhelmet","ability":"Sturdy","moves":["drillpeck","whirlwind","spikes","roost"],"nature":"Impish","evs":{"hp":248,"atk":0,"def":236,"spa":0,"spd":0,"spe":24},"ivs":{"hp":31,"atk":31,"def":31,"spa":31,"spd":31,"spe":31}},{"name":"Aerodactyl","species":"Aerodactyl","item":"aerodactylite","ability":"Rock Head","moves":["stoneedge","earthquake","stealthrock","taunt"],"nature":"Jolly","evs":{"hp":248,"atk":8,"def":0,"spa":0,"spd":0,"spe":252},"ivs":{"hp":31,"atk":31,"def":31,"spa":31,"spd":31,"spe":31}},{"name":"Vivillon","species":"Vivillon","item":"focussash","ability":"Compound Eyes","moves":["hurricane","bugbuzz","quiverdance","sleeppowder"],"nature":"Timid","evs":{"hp":0,"atk":0,"def":0,"spa":252,"spd":4,"spe":252},"ivs":{"hp":31,"atk":31,"def":31,"spa":31,"spd":31,"spe":31}},{"name":"Togekiss","species":"Togekiss","item":"leftovers","ability":"Serene Grace","moves":["airslash","thunderwave","roost","healbell"],"nature":"Calm","evs":{"hp":252,"atk":0,"def":0,"spa":4,"spd":252,"spe":0},"ivs":{"hp":31,"atk":31,"def":31,"spa":31,"spd":31,"spe":31}}],"log":["|player|p1|Void Who|voidwho.gif","|player|p2|Doctor Vergi|doctorvergi.png","|gametype|singles","|gen|6","|tier|Monotype","|rated","|rule|Baton Pass Clause: Limit one Baton Passer, can't pass Spe and other stats simultaneously","|rule|Swagger Clause: Swagger is banned","|rule|Same Type Clause: Pokémon in a team must share a type","|clearpoke","|poke|p1|Magnezone","|poke|p1|Rotom-Wash","|poke|p1|Thundurus, M","|poke|p1|Ampharos, M","|poke|p1|Zapdos","|poke|p1|Electivire, M","|poke|p2|Landorus-Therian, M","|poke|p2|Thundurus, M","|poke|p2|Skarmory, M","|poke|p2|Aerodactyl, M","|poke|p2|Vivillon, M","|poke|p2|Togekiss, F","|rule|Sleep Clause Mod: Limit one foe put to sleep","|rule|Species Clause: Limit one of each Pokémon","|rule|OHKO Clause: OHKO moves are banned","|rule|Moody Clause: Moody is banned","|rule|Evasion Moves Clause: Evasion moves are banned","|rule|Endless Battle Clause: Forcing endless battles is banned","|rule|HP Percentage Mod: HP is shown in percentages","|teampreview","|","|start","|switch|p1a: Spilt Coffee|Rotom-Wash|304/304","|switch|p2a: Aerodactyl|Aerodactyl, M|363/363","|turn|1","|","|switch|p2a: Togekiss|Togekiss, F|374/374","|move|p1a: Spilt Coffee|Volt Switch|p2a: Togekiss","|-supereffective|p2a: Togekiss","|-damage|p2a: Togekiss|252/374","|","|switch|p1a: KFC & Kool-Aid|Magnezone|281/281","|","|-heal|p2a: Togekiss|275/374|[from] item: Leftovers","|turn|2","|","|switch|p2a: Skarmory|Skarmory, M|333/333","|move|p1a: KFC & Kool-Aid|Flash Cannon|p2a: Skarmory","|-resisted|p2a: Skarmory","|-damage|p2a: Skarmory|244/333","|","|turn|3","|","|switch|p1a: Bird Flu|Zapdos|384/384","|-ability|p1a: Bird Flu|Pressure","|move|p2a: Skarmory|Spikes|p1a: Bird Flu","|-sidestart|p1: Void Who|Spikes","|","|turn|4","|","|switch|p2a: Landorus-Therian|Landorus-Therian, M|319/319","|-ability|p2a: Landorus-Therian|Intimidate","|-unboost|p1a: Bird Flu|atk|1","|move|p1a: Bird Flu|Defog|p2a: Landorus-Therian","|-unboost|p2a: Landorus-Therian|evasion|1","|-sideend|p1: Void Who|Spikes|[from] move: Defog|[of] p1a: Bird Flu","|","|turn|5","|","|switch|p1a: Spilt Coffee|Rotom-Wash|304/304","|move|p2a: Landorus-Therian|Knock Off|p1a: Spilt Coffee","|-damage|p1a: Spilt Coffee|183/304","|-enditem|p1a: Spilt Coffee|Leftovers|[from] move: Knock Off|[of] p2a: Landorus-Therian","|","|turn|6","|","|switch|p2a: Togekiss|Togekiss, F|275/374","|move|p1a: Spilt Coffee|Will-O-Wisp|p2a: Togekiss","|-status|p2a: Togekiss|brn","|","|-heal|p2a: Togekiss|298/374 brn|[from] item: Leftovers","|-damage|p2a: Togekiss|252/374 brn|[from] brn","|turn|7","|","|move|p1a: Spilt Coffee|Volt Switch|p2a: Togekiss","|-supereffective|p2a: Togekiss","|-damage|p2a: Togekiss|132/374 brn","|","|switch|p1a: KFC & Kool-Aid|Magnezone|281/281","|move|p2a: Togekiss|Roost|p2a: Togekiss","|-heal|p2a: Togekiss|319/374 brn","|","|-heal|p2a: Togekiss|342/374 brn|[from] item: Leftovers","|-damage|p2a: Togekiss|296/374 brn|[from] brn","|turn|8","|","|switch|p2a: Landorus-Therian|Landorus-Therian, M|319/319","|-ability|p2a: Landorus-Therian|Intimidate","|-unboost|p1a: KFC & Kool-Aid|atk|1","|move|p1a: KFC & Kool-Aid|Hidden Power|p2a: Landorus-Therian","|-supereffective|p2a: Landorus-Therian","|-damage|p2a: Landorus-Therian|0 fnt","|faint|p2a: Landorus-Therian","|","|","|switch|p2a: Vivillon|Vivillon, M|301/301","|turn|9","|","|switch|p1a: Fighting/Electric|Electivire, M|291/291","|move|p2a: Vivillon|Sleep Powder|p1a: Fighting/Electric","|-immune|p1a: Fighting/Electric|[msg]","|","|turn|10","|","|move|p1a: Fighting/Electric|Wild Charge|p2a: Vivillon","|-supereffective|p2a: Vivillon","|-enditem|p2a: Vivillon|Focus Sash","|-damage|p2a: Vivillon|1/301","|-damage|p1a: Fighting/Electric|216/291|[from] recoil|[of] p2a: Vivillon","|move|p2a: Vivillon|Quiver Dance|p2a: Vivillon","|-boost|p2a: Vivillon|spa|1","|-boost|p2a: Vivillon|spd|1","|-boost|p2a: Vivillon|spe|1","|","|turn|11","|","|move|p1a: Fighting/Electric|Wild Charge|p2a: Vivillon","|-supereffective|p2a: Vivillon","|-damage|p2a: Vivillon|0 fnt","|-damage|p1a: Fighting/Electric|215/291|[from] recoil|[of] p2a: Vivillon","|faint|p2a: Vivillon","|","|","|switch|p2a: Thundurus|Thundurus, M|299/299","|turn|12","|","|switch|p1a: Bird Flu|Zapdos|384/384","|-ability|p1a: Bird Flu|Pressure","|move|p2a: Thundurus|Thunderbolt|p1a: Bird Flu","|-damage|p1a: Bird Flu|224/384","|-damage|p2a: Thundurus|270/299|[from] item: Life Orb","|","|-heal|p1a: Bird Flu|248/384|[from] item: Leftovers","|turn|13","|","|move|p2a: Thundurus|Nasty Plot|p2a: Thundurus","|-boost|p2a: Thundurus|spa|2","|move|p1a: Bird Flu|Roost|p1a: Bird Flu","|-heal|p1a: Bird Flu|384/384","|","|turn|14","|","|move|p2a: Thundurus|Nasty Plot|p2a: Thundurus","|-boost|p2a: Thundurus|spa|2","|move|p1a: Bird Flu|Discharge|p2a: Thundurus","|-damage|p2a: Thundurus|137/299","|","|turn|15","|","|move|p2a: Thundurus|Thunderbolt|p1a: Bird Flu","|-damage|p1a: Bird Flu|0 fnt","|-damage|p2a: Thundurus|108/299|[from] item: Life Orb","|faint|p1a: Bird Flu","|","|","|switch|p1a: KFC & Kool-Aid|Magnezone|281/281","|turn|16","|","|move|p1a: KFC & Kool-Aid|Hidden Power|p2a: Thundurus","|-supereffective|p2a: Thundurus","|-damage|p2a: Thundurus|0 fnt","|faint|p2a: Thundurus","|","|","|switch|p2a: Aerodactyl|Aerodactyl, M|363/363","|turn|17","|","|detailschange|p2a: Aerodactyl|Aerodactyl-Mega, M","|-mega|p2a: Aerodactyl|Aerodactyl|Aerodactylite","|move|p2a: Aerodactyl|Stone Edge|p1a: KFC & Kool-Aid","|-resisted|p1a: KFC & Kool-Aid","|-damage|p1a: KFC & Kool-Aid|212/281","|move|p1a: KFC & Kool-Aid|Hidden Power|p2a: Aerodactyl","|-supereffective|p2a: Aerodactyl","|-damage|p2a: Aerodactyl|199/363","|","|turn|18","|","|switch|p1a: Spilt Coffee|Rotom-Wash|183/304","|move|p2a: Aerodactyl|Earthquake|p1a: Spilt Coffee","|-immune|p1a: Spilt Coffee|[msg]","|","|turn|19","|","|move|p2a: Aerodactyl|Stone Edge|p1a: Spilt Coffee|[miss]","|-miss|p2a: Aerodactyl|p1a: Spilt Coffee","|move|p1a: Spilt Coffee|Hydro Pump|p2a: Aerodactyl|[miss]","|-miss|p1a: Spilt Coffee|p2a: Aerodactyl","|","|turn|20","|","|move|p2a: Aerodactyl|Stone Edge|p1a: Spilt Coffee","|-damage|p1a: Spilt Coffee|39/304","|move|p1a: Spilt Coffee|Hydro Pump|p2a: Aerodactyl|[miss]","|-miss|p1a: Spilt Coffee|p2a: Aerodactyl","|","|turn|21","|","|move|p2a: Aerodactyl|Stone Edge|p1a: Spilt Coffee","|-damage|p1a: Spilt Coffee|0 fnt","|faint|p1a: Spilt Coffee","|","|","|switch|p1a: Ricky Suave|Thundurus, M|299/299","|turn|22","|","|switch|p2a: Togekiss|Togekiss, F|296/374 brn","|move|p1a: Ricky Suave|Thunder Wave|p2a: Togekiss","|-fail|p2a: Togekiss","|","|-heal|p2a: Togekiss|319/374 brn|[from] item: Leftovers","|-damage|p2a: Togekiss|273/374 brn|[from] brn","|turn|23","|","|move|p1a: Ricky Suave|Volt Switch|p2a: Togekiss","|-supereffective|p2a: Togekiss","|-damage|p2a: Togekiss|117/374 brn","|-damage|p1a: Ricky Suave|270/299|[from] item: Life Orb","|","|switch|p1a: Amped up|Ampharos, M|383/383","|move|p2a: Togekiss|Air Slash|p1a: Amped up","|-resisted|p1a: Amped up","|-damage|p1a: Amped up|327/383","|","|-heal|p2a: Togekiss|140/374 brn|[from] item: Leftovers","|-damage|p2a: Togekiss|94/374 brn|[from] brn","|turn|24","|","|detailschange|p1a: Amped up|Ampharos-Mega, M","|-mega|p1a: Amped up|Ampharos|Ampharosite","|-ability|p1a: Amped up|Mold Breaker","|move|p2a: Togekiss|Air Slash|p1a: Amped up","|-resisted|p1a: Amped up","|-damage|p1a: Amped up|282/383","|cant|p1a: Amped up|flinch","|","|-heal|p2a: Togekiss|117/374 brn|[from] item: Leftovers","|-damage|p2a: Togekiss|71/374 brn|[from] brn","|turn|25","|","|move|p2a: Togekiss|Air Slash|p1a: Amped up","|-resisted|p1a: Amped up","|-damage|p1a: Amped up|233/383","|cant|p1a: Amped up|flinch","|","|-heal|p2a: Togekiss|94/374 brn|[from] item: Leftovers","|-damage|p2a: Togekiss|48/374 brn|[from] brn","|turn|26","|","|move|p2a: Togekiss|Air Slash|p1a: Amped up","|-resisted|p1a: Amped up","|-damage|p1a: Amped up|188/383","|move|p1a: Amped up|Discharge|p2a: Togekiss","|-supereffective|p2a: Togekiss","|-damage|p2a: Togekiss|0 fnt","|faint|p2a: Togekiss","|","|","|switch|p2a: Aerodactyl|Aerodactyl-Mega, M|199/363","|turn|27","|","|move|p2a: Aerodactyl|Earthquake|p1a: Amped up","|-crit|p1a: Amped up","|-supereffective|p1a: Amped up","|-damage|p1a: Amped up|0 fnt","|faint|p1a: Amped up","|","|","|switch|p1a: Ricky Suave|Thundurus, M|270/299","|turn|28","|","|move|p1a: Ricky Suave|Thunder Wave|p2a: Aerodactyl","|-status|p2a: Aerodactyl|par","|move|p2a: Aerodactyl|Stone Edge|p1a: Ricky Suave","|-supereffective|p1a: Ricky Suave","|-damage|p1a: Ricky Suave|0 fnt","|faint|p1a: Ricky Suave","|","|","|switch|p1a: KFC & Kool-Aid|Magnezone|212/281","|turn|29","|","|move|p1a: KFC & Kool-Aid|Thunderbolt|p2a: Aerodactyl","|-supereffective|p2a: Aerodactyl","|-damage|p2a: Aerodactyl|0 fnt","|faint|p2a: Aerodactyl","|","|","|switch|p2a: Skarmory|Skarmory, M|244/333","|turn|30","|","|move|p1a: KFC & Kool-Aid|Thunderbolt|p2a: Skarmory","|-supereffective|p2a: Skarmory","|-damage|p2a: Skarmory|0 fnt","|faint|p2a: Skarmory","|","|win|Void Who"],"p1rating":{"entryid":"114352","serverid":"eos","formatid":"monotype","userid":"voidwho","username":"Void Who","w":21,"l":"24","t":"0","gxe":46,"r":"1468.323746656","rd":"52.667821805589","sigma":"0","rptime":"1440838800","rpr":1469.1638090675,"rprd":51.634579655531,"rpsigma":"0","acre":1047.1083781203,"lacre":1047.1083781203,"oldacre":"1000"},"p2rating":{"entryid":"204669","serverid":"eos","formatid":"monotype","userid":"doctorvergi","username":"Doctor Vergi","w":"2","l":4,"t":"0","gxe":43.1,"r":"1478.0600264848","rd":"112.8871472591","sigma":"0","rptime":"1440838800","rpr":1445.8329244011,"rprd":99.564030512659,"rpsigma":"0","acre":1039.6037813613,"lacre":1039.6037813613,"oldacre":"1062.4051453265"},"endType":"normal"}