{"seed":[49762,62454,57448,9069],"turns":26,"p1":"Alliance - Mxy","p2":"Alliance ♋ akaFila","p1team":[{"name":"Excadrill","species":"Excadrill","item":"leftovers","ability":"Mold Breaker","moves":["earthquake","stealthrock","toxic","ironhead"],"nature":"Careful","evs":{"hp":248,"atk":8,"def":0,"spa":0,"spd":252,"spe":0},"ivs":{"hp":31,"atk":31,"def":31,"spa":31,"spd":31,"spe":31}},{"name":"Skarmory","species":"Skarmory","item":"rockyhelmet","ability":"Sturdy","moves":["bravebird","roost","defog","spikes"],"nature":"Impish","evs":{"hp":248,"atk":0,"def":252,"spa":0,"spd":0,"spe":8},"ivs":{"hp":31,"atk":31,"def":31,"spa":31,"spd":31,"spe":31}},{"name":"Jirachi","species":"Jirachi","item":"leftovers","ability":"Serene Grace","moves":["wish","bodyslam","protect","drainpunch"],"nature":"Careful","evs":{"hp":248,"atk":0,"def":0,"spa":0,"spd":152,"spe":108},"ivs":{"hp":31,"atk":31,"def":31,"spa":31,"spd":31,"spe":31}},{"name":"Aggron","species":"Aggron","item":"aggronite","ability":"Sturdy","moves":["seismictoss","rockslide","rest","sleeptalk"],"nature":"Careful","evs":{"hp":248,"atk":0,"def":8,"spa":0,"spd":252,"spe":0},"ivs":{"hp":31,"atk":31,"def":31,"spa":31,"spd":31,"spe":31}},{"name":"Bisharp","species":"Bisharp","item":"choicescarf","ability":"Defiant","moves":["knockoff","ironhead","psychocut","stoneedge"],"nature":"Jolly","evs":{"hp":0,"atk":252,"def":0,"spa":0,"spd":4,"spe":252},"ivs":{"hp":31,"atk":31,"def":31,"spa":31,"spd":31,"spe":31}},{"name":"Heatran","species":"Heatran","item":"leftovers","ability":"Flash Fire","moves":["toxic","substitute","lavaplume","earthpower"],"nature":"Calm","evs":{"hp":248,"atk":0,"def":0,"spa":0,"spd":176,"spe":84},"ivs":{"hp":31,"atk":31,"def":31,"spa":31,"spd":31,"spe":31}}],"p2team":[{"name":"Hoopa-Unbound","species":"Hoopa-Unbound","item":"choiceband","ability":"Magician","moves":["hyperspacefury","facade","icepunch","drainpunch"],"nature":"Adamant","evs":{"hp":248,"atk":252,"def":0,"spa":0,"spd":8,"spe":0},"ivs":{"hp":31,"atk":31,"def":31,"spa":31,"spd":31,"spe":31}},{"name":"Sharpedo","species":"Sharpedo","item":"lifeorb","ability":"Speed Boost","moves":["hydropump","darkpulse","destinybond","protect"],"nature":"Modest","evs":{"hp":0,"atk":0,"def":0,"spa":252,"spd":4,"spe":252},"ivs":{"hp":31,"atk":31,"def":31,"spa":31,"spd":31,"spe":31}},{"name":"Pangoro","species":"Pangoro","item":"choicescarf","ability":"Iron Fist","moves":["drainpunch","knockoff","earthquake","partingshot"],"nature":"Jolly","evs":{"hp":0,"atk":252,"def":0,"spa":0,"spd":4,"spe":252},"ivs":{"hp":31,"atk":31,"def":31,"spa":31,"spd":31,"spe":31}},{"name":"Mandibuzz","species":"Mandibuzz","item":"rockyhelmet","ability":"Overcoat","moves":["foulplay","toxic","roost","defog"],"nature":"Bold","evs":{"hp":248,"atk":0,"def":252,"spa":0,"spd":8,"spe":0},"ivs":{"hp":31,"atk":31,"def":31,"spa":31,"spd":31,"spe":31}},{"name":"Tyranitar","species":"Tyranitar","item":"assaultvest","ability":"Sand Stream","moves":["crunch","earthquake","stoneedge","fireblast"],"nature":"Sassy","evs":{"hp":252,"atk":0,"def":6,"spa":0,"spd":252,"spe":0},"ivs":{"hp":31,"atk":31,"def":31,"spa":31,"spd":31,"spe":31}},{"name":"Bisharp","species":"Bisharp","item":"focussash","ability":"Defiant","moves":["swordsdance","knockoff","ironhead","suckerpunch"],"nature":"Adamant","evs":{"hp":248,"atk":252,"def":0,"spa":0,"spd":8,"spe":0},"ivs":{"hp":31,"atk":31,"def":31,"spa":31,"spd":31,"spe":31}}],"log":["|player|p1|Alliance - Mxy|270","|player|p2|Alliance ♋ akaFila|allianceakafila.gif","|gametype|singles","|gen|6","|tier|Monotype","|rated","|rule|Baton Pass Clause: Limit one Baton Passer, can't pass Spe and other stats simultaneously","|rule|Swagger Clause: Swagger is banned","|rule|Same Type Clause: Pokémon in a team must share a type","|clearpoke","|poke|p1|Excadrill, F","|poke|p1|Skarmory, F","|poke|p1|Jirachi","|poke|p1|Aggron, M","|poke|p1|Bisharp, M","|poke|p1|Heatran, F","|poke|p2|Hoopa-Unbound","|poke|p2|Sharpedo, F","|poke|p2|Pangoro, F","|poke|p2|Mandibuzz, F","|poke|p2|Tyranitar, F","|poke|p2|Bisharp, F","|rule|Sleep Clause Mod: Limit one foe put to sleep","|rule|Species Clause: Limit one of each Pokémon","|rule|OHKO Clause: OHKO moves are banned","|rule|Moody Clause: Moody is banned","|rule|Evasion Moves Clause: Evasion moves are banned","|rule|Endless Battle Clause: Forcing endless battles is banned","|rule|HP Percentage Mod: HP is shown in percentages","|teampreview","|","|start","|switch|p1a: Aggron|Aggron, M|343/343","|switch|p2a: Sharpedo|Sharpedo, F|281/281","|turn|1","|","|detailschange|p1a: Aggron|Aggron-Mega, M","|-mega|p1a: Aggron|Aggron|Aggronite","|move|p2a: Sharpedo|Hydro Pump|p1a: Aggron","|-damage|p1a: Aggron|160/343","|-damage|p2a: Sharpedo|253/281|[from] item: Life Orb","|move|p1a: Aggron|Seismic Toss|p2a: Sharpedo","|-damage|p2a: Sharpedo|153/281","|","|-boost|p2a: Sharpedo|spe|1|[from] ability: Speed Boost","|turn|2","|","|switch|p1a: Jirachi|Jirachi|403/403","|move|p2a: Sharpedo|Hydro Pump|p1a: Jirachi","|-damage|p1a: Jirachi|216/403","|-damage|p2a: Sharpedo|125/281|[from] item: Life Orb","|","|-heal|p1a: Jirachi|241/403|[from] item: Leftovers","|-boost|p2a: Sharpedo|spe|1|[from] ability: Speed Boost","|turn|3","|","|move|p2a: Sharpedo|Dark Pulse|p1a: Jirachi","|-supereffective|p1a: Jirachi","|-damage|p1a: Jirachi|0 fnt","|-damage|p2a: Sharpedo|97/281|[from] item: Life Orb","|faint|p1a: Jirachi","|","|-boost|p2a: Sharpedo|spe|1|[from] ability: Speed Boost","|","|switch|p1a: Skarmory|Skarmory, F|333/333","|turn|4","|","|move|p2a: Sharpedo|Dark Pulse|p1a: Skarmory","|-damage|p1a: Skarmory|103/333","|-damage|p2a: Sharpedo|69/281|[from] item: Life Orb","|move|p1a: Skarmory|Brave Bird|p2a: Sharpedo","|-damage|p2a: Sharpedo|0 fnt","|-damage|p1a: Skarmory|80/333|[from] recoil|[of] p2a: Sharpedo","|faint|p2a: Sharpedo","|","|","|switch|p2a: Hoopa-Unbound|Hoopa-Unbound|363/363","|turn|5","|","|move|p2a: Hoopa-Unbound|Hyperspace Fury|p1a: Skarmory","|-damage|p1a: Skarmory|0 fnt","|-unboost|p2a: Hoopa-Unbound|def|1","|faint|p1a: Skarmory","|","|","|switch|p1a: Aggron|Aggron-Mega, M|160/343","|turn|6","|","|switch|p2a: Mandibuzz|Mandibuzz, F|423/423","|move|p1a: Aggron|Rest|p1a: Aggron","|-status|p1a: Aggron|slp","|-heal|p1a: Aggron|343/343 slp|[silent]","|-status|p1a: Aggron|slp|[from] move: Rest","|","|turn|7","|","|switch|p2a: Pangoro|Pangoro, F|331/331","|cant|p1a: Aggron|slp","|move|p1a: Aggron|Sleep Talk|p1a: Aggron","|move|p1a: Aggron|Seismic Toss|p2a: Pangoro|[from]Sleep Talk","|-damage|p2a: Pangoro|231/331","|","|turn|8","|","|move|p2a: Pangoro|Parting Shot|p1a: Aggron","|-unboost|p1a: Aggron|atk|1","|-unboost|p1a: Aggron|spa|1","|","|switch|p2a: Mandibuzz|Mandibuzz, F|423/423","|cant|p1a: Aggron|slp","|move|p1a: Aggron|Sleep Talk|p1a: Aggron","|move|p1a: Aggron|Seismic Toss|p2a: Mandibuzz|[from]Sleep Talk","|-damage|p2a: Mandibuzz|323/423","|-damage|p1a: Aggron|286/343 slp|[from] item: Rocky Helmet|[of] p2a: Mandibuzz","|","|turn|9","|","|move|p2a: Mandibuzz|Roost|p2a: Mandibuzz","|-heal|p2a: Mandibuzz|423/423","|-curestatus|p1a: Aggron|slp","|move|p1a: Aggron|Seismic Toss|p2a: Mandibuzz","|-damage|p2a: Mandibuzz|323/423","|-damage|p1a: Aggron|229/343|[from] item: Rocky Helmet|[of] p2a: Mandibuzz","|","|turn|10","|","|switch|p1a: Heatran|Heatran, F|385/385","|move|p2a: Mandibuzz|Foul Play|p1a: Heatran","|-damage|p1a: Heatran|291/385","|","|-heal|p1a: Heatran|315/385|[from] item: Leftovers","|turn|11","|","|switch|p2a: Tyranitar|Tyranitar, F|404/404","|-weather|Sandstorm","|move|p1a: Heatran|Substitute|p1a: Heatran","|-start|p1a: Heatran|Substitute","|-damage|p1a: Heatran|219/385","|","|-weather|Sandstorm|[upkeep]","|-heal|p1a: Heatran|243/385|[from] item: Leftovers","|turn|12","|","|move|p1a: Heatran|Toxic|p2a: Tyranitar","|-status|p2a: Tyranitar|tox","|move|p2a: Tyranitar|Earthquake|p1a: Heatran","|-supereffective|p1a: Heatran","|-end|p1a: Heatran|Substitute","|","|-weather|Sandstorm|[upkeep]","|-heal|p1a: Heatran|267/385|[from] item: Leftovers","|-damage|p2a: Tyranitar|379/404 tox|[from] psn","|turn|13","|","|switch|p2a: Hoopa-Unbound|Hoopa-Unbound|363/363","|move|p1a: Heatran|Earth Power|p2a: Hoopa-Unbound","|-damage|p2a: Hoopa-Unbound|294/363","|","|-weather|Sandstorm|[upkeep]","|-damage|p2a: Hoopa-Unbound|272/363|[from] sandstorm","|-heal|p1a: Heatran|291/385|[from] item: Leftovers","|turn|14","|","|move|p1a: Heatran|Toxic|p2a: Hoopa-Unbound","|-status|p2a: Hoopa-Unbound|tox","|move|p2a: Hoopa-Unbound|Drain Punch|p1a: Heatran","|-supereffective|p1a: Heatran","|-damage|p1a: Heatran|0 fnt","|-heal|p2a: Hoopa-Unbound|363/363 tox|[from] drain|[of] p1a: Heatran","|faint|p1a: Heatran","|","|-weather|Sandstorm|[upkeep]","|-damage|p2a: Hoopa-Unbound|341/363 tox|[from] sandstorm","|-damage|p2a: Hoopa-Unbound|319/363 tox|[from] psn","|","|switch|p1a: Excadrill|Excadrill, F|423/423","|-ability|p1a: Excadrill|Mold Breaker","|turn|15","|","|switch|p1a: Aggron|Aggron-Mega, M|229/343","|switch|p2a: Mandibuzz|Mandibuzz, F|323/423","|","|-weather|none","|turn|16","|","|switch|p1a: Excadrill|Excadrill, F|423/423","|-ability|p1a: Excadrill|Mold Breaker","|move|p2a: Mandibuzz|Foul Play|p1a: Excadrill","|-damage|p1a: Excadrill|203/423","|","|-heal|p1a: Excadrill|229/423|[from] item: Leftovers","|turn|17","|","|move|p1a: Excadrill|Toxic|p2a: Mandibuzz","|-status|p2a: Mandibuzz|tox","|move|p2a: Mandibuzz|Foul Play|p1a: Excadrill","|-damage|p1a: Excadrill|18/423","|","|-heal|p1a: Excadrill|44/423|[from] item: Leftovers","|-damage|p2a: Mandibuzz|297/423 tox|[from] psn","|turn|18","|","|move|p1a: Excadrill|Stealth Rock|p2a: Mandibuzz","|-sidestart|p2: Alliance ♋ akaFila|move: Stealth Rock","|move|p2a: Mandibuzz|Foul Play|p1a: Excadrill","|-damage|p1a: Excadrill|0 fnt","|faint|p1a: Excadrill","|","|-damage|p2a: Mandibuzz|245/423 tox|[from] psn","|","|switch|p1a: Bisharp|Bisharp, M|271/271","|turn|19","|","|move|p1a: Bisharp|Stone Edge|p2a: Mandibuzz","|-supereffective|p2a: Mandibuzz","|-damage|p2a: Mandibuzz|85/423 tox","|move|p2a: Mandibuzz|Foul Play|p1a: Bisharp","|-resisted|p1a: Bisharp","|-damage|p1a: Bisharp|189/271","|","|-damage|p2a: Mandibuzz|7/423 tox|[from] psn","|turn|20","|","|switch|p1a: Aggron|Aggron-Mega, M|229/343","|move|p2a: Mandibuzz|Foul Play|p1a: Aggron","|-damage|p1a: Aggron|151/343","|","|-damage|p2a: Mandibuzz|0 fnt|[from] psn","|faint|p2a: Mandibuzz","|","|switch|p2a: Hoopa-Unbound|Hoopa-Unbound|319/363 tox","|-damage|p2a: Hoopa-Unbound|274/363 tox|[from] Stealth Rock","|turn|21","|","|move|p2a: Hoopa-Unbound|Hyperspace Fury|p1a: Aggron","|-crit|p1a: Aggron","|-damage|p1a: Aggron|0 fnt","|-unboost|p2a: Hoopa-Unbound|def|1","|faint|p1a: Aggron","|","|-damage|p2a: Hoopa-Unbound|252/363 tox|[from] psn","|","|switch|p1a: Bisharp|Bisharp, M|189/271","|turn|22","|","|move|p1a: Bisharp|Iron Head|p2a: Hoopa-Unbound","|-damage|p2a: Hoopa-Unbound|0 fnt","|faint|p2a: Hoopa-Unbound","|","|","|switch|p2a: Pangoro|Pangoro, F|231/331","|-damage|p2a: Pangoro|211/331|[from] Stealth Rock","|turn|23","|","|move|p1a: Bisharp|Iron Head|p2a: Pangoro","|-crit|p2a: Pangoro","|-damage|p2a: Pangoro|0 fnt","|faint|p2a: Pangoro","|","|","|switch|p2a: Bisharp|Bisharp, F|333/333","|-damage|p2a: Bisharp|313/333|[from] Stealth Rock","|turn|24","|","|move|p1a: Bisharp|Iron Head|p2a: Bisharp","|-crit|p2a: Bisharp","|-resisted|p2a: Bisharp","|-damage|p2a: Bisharp|213/333","|move|p2a: Bisharp|Iron Head|p1a: Bisharp","|-resisted|p1a: Bisharp","|-damage|p1a: Bisharp|118/271","|","|turn|25","|","|move|p2a: Bisharp|Sucker Punch|p1a: Bisharp","|-resisted|p1a: Bisharp","|-damage|p1a: Bisharp|43/271","|move|p1a: Bisharp|Iron Head|p2a: Bisharp","|-resisted|p2a: Bisharp","|-damage|p2a: Bisharp|147/333","|","|turn|26","|","|move|p2a: Bisharp|Sucker Punch|p1a: Bisharp","|-resisted|p1a: Bisharp","|-damage|p1a: Bisharp|0 fnt","|faint|p1a: Bisharp","|","|win|Alliance ♋ akaFila"],"p1rating":{"entryid":"127788","serverid":"eos","formatid":"monotype","userid":"alliancemxy","username":"Alliance - Mxy","w":"32","l":15,"t":"0","gxe":65.1,"r":"1587.3877217491","rd":"58.246800544352","sigma":"0","rptime":"1440838800","rpr":1618.6404345861,"rprd":52.285217943664,"rpsigma":"0","acre":1259.8532543117,"lacre":1259.8532543117,"oldacre":"1298.296025257"},"p2rating":{"entryid":"126995","serverid":"eos","formatid":"monotype","userid":"allianceakafila","username":"Alliance ♋ akaFila","w":22,"l":"18","t":"0","gxe":53.9,"r":"1519.970782372","rd":"54.292804456956","sigma":"0","rptime":"1440838800","rpr":1529.6656786497,"rprd":53.68495356234,"rpsigma":"0","acre":1130.3736206405,"lacre":1130.3736206405,"oldacre":"1089.5116399594"},"endType":"normal"}