{"seed":[54450,9251,41361,30980],"turns":22,"p1":"Vin Pyre","p2":"Skiddlydoop","p1team":[{"name":"Metallica","species":"steelix","item":"steelixite","ability":"Sturdy","moves":["heavyslam","earthquake","rest","sleeptalk"],"nature":"Adamant","evs":{"hp":252,"atk":56,"def":200,"spa":0,"spd":0,"spe":0},"ivs":{"hp":31,"atk":31,"def":31,"spa":31,"spd":31,"spe":31}},{"name":"Genie","species":"landorus","item":"lifeorb","ability":"Sheer Force","moves":["earthpower","sludgewave","gravity","focusblast"],"nature":"Timid","evs":{"hp":4,"atk":0,"def":0,"spa":252,"spd":0,"spe":252},"shiny":true,"ivs":{"hp":31,"atk":31,"def":31,"spa":31,"spd":31,"spe":31}},{"name":"Seismitoad","species":"Seismitoad","item":"assaultvest","ability":"Water Absorb","moves":["earthpower","grassknot","scald","icywind"],"nature":"Modest","evs":{"hp":240,"atk":0,"def":0,"spa":232,"spd":28,"spe":8},"ivs":{"hp":31,"atk":30,"def":31,"spa":31,"spd":31,"spe":31}},{"name":"Quagsire","species":"Quagsire","item":"leftovers","ability":"Unaware","moves":["recover","earthquake","encore","toxic"],"nature":"Relaxed","evs":{"hp":252,"atk":4,"def":252,"spa":0,"spd":0,"spe":0},"ivs":{"hp":31,"atk":31,"def":31,"spa":31,"spd":31,"spe":31}},{"name":"Garchomp","species":"Garchomp","item":"choicescarf","ability":"Rough Skin","moves":["earthquake","stoneedge","fireblast","dragonclaw"],"nature":"Jolly","evs":{"hp":0,"atk":252,"def":0,"spa":0,"spd":4,"spe":252},"shiny":true,"ivs":{"hp":31,"atk":31,"def":31,"spa":31,"spd":31,"spe":31}},{"name":"Hippo","species":"hippowdon","item":"leftovers","ability":"Sand Stream","moves":["earthquake","stealthrock","slackoff","icefang"],"nature":"Impish","evs":{"hp":248,"atk":8,"def":252,"spa":0,"spd":0,"spe":0},"shiny":true,"ivs":{"hp":31,"atk":31,"def":31,"spa":31,"spd":31,"spe":31}}],"p2team":[{"name":"Eelektross","species":"Eelektross","item":"leftovers","ability":"Levitate","moves":["thunderpunch","drainpunch","coil","substitute"],"nature":"Adamant","evs":{"hp":252,"atk":252,"def":0,"spa":0,"spd":4,"spe":0},"ivs":{"hp":31,"atk":31,"def":31,"spa":31,"spd":31,"spe":31}},{"name":"Raikou","species":"Raikou","item":"leftovers","ability":"Pressure","moves":["calmmind","discharge","hiddenpowerice","substitute"],"nature":"Timid","evs":{"hp":0,"atk":0,"def":0,"spa":252,"spd":4,"spe":252},"ivs":{"hp":31,"atk":30,"def":30,"spa":31,"spd":31,"spe":31}},{"name":"Rotom-Mow","species":"Rotom-Mow","item":"choicescarf","ability":"Levitate","moves":["leafstorm","voltswitch","willowisp","hiddenpowerfire"],"nature":"Timid","evs":{"hp":0,"atk":0,"def":0,"spa":252,"spd":4,"spe":252},"ivs":{"hp":31,"atk":30,"def":31,"spa":30,"spd":31,"spe":30}},{"name":"Ampharos","species":"Ampharos","item":"ampharosite","ability":"Static","moves":["chargebeam","dragonpulse","rest","sleeptalk"],"nature":"Bold","evs":{"hp":252,"atk":0,"def":252,"spa":4,"spd":0,"spe":0},"ivs":{"hp":31,"atk":31,"def":31,"spa":31,"spd":31,"spe":31}},{"name":"Zapdos","species":"Zapdos","item":"leftovers","ability":"Pressure","moves":["chargebeam","heatwave","defog","roost"],"nature":"Calm","evs":{"hp":248,"atk":0,"def":0,"spa":8,"spd":252,"spe":0},"ivs":{"hp":31,"atk":31,"def":31,"spa":31,"spd":31,"spe":31}},{"name":"Thundurus","species":"Thundurus","item":"leftovers","ability":"Prankster","moves":["thunderwave","bulkup","thunderpunch","facade"],"nature":"Impish","evs":{"hp":252,"atk":0,"def":128,"spa":0,"spd":128,"spe":0},"ivs":{"hp":31,"atk":31,"def":31,"spa":31,"spd":31,"spe":31}}],"log":["|player|p1|Vin Pyre|158","|player|p2|Skiddlydoop|190","|gametype|singles","|gen|6","|tier|Monotype","|rated","|rule|Baton Pass Clause: Limit one Baton Passer, can't pass Spe and other stats simultaneously","|rule|Swagger Clause: Swagger is banned","|rule|Same Type Clause: Pokémon in a team must share a type","|clearpoke","|poke|p1|Steelix, M","|poke|p1|Landorus, M, shiny","|poke|p1|Seismitoad, F","|poke|p1|Quagsire, M","|poke|p1|Garchomp, F, shiny","|poke|p1|Hippowdon, F, shiny","|poke|p2|Eelektross, M","|poke|p2|Raikou","|poke|p2|Rotom-Mow","|poke|p2|Ampharos, F","|poke|p2|Zapdos","|poke|p2|Thundurus, M","|rule|Sleep Clause Mod: Limit one foe put to sleep","|rule|Species Clause: Limit one of each Pokémon","|rule|OHKO Clause: OHKO moves are banned","|rule|Moody Clause: Moody is banned","|rule|Evasion Moves Clause: Evasion moves are banned","|rule|Endless Battle Clause: Forcing endless battles is banned","|rule|HP Percentage Mod: HP is shown in percentages","|teampreview","|","|start","|switch|p1a: Hippo|Hippowdon, F, shiny|419/419","|switch|p2a: Rotom-Mow|Rotom-Mow|241/241","|-weather|Sandstorm","|turn|1","|","|switch|p1a: Metallica|Steelix, M|354/354","|move|p2a: Rotom-Mow|Leaf Storm|p1a: Metallica","|-damage|p1a: Metallica|62/354","|-unboost|p2a: Rotom-Mow|spa|2","|","|-weather|Sandstorm|[upkeep]","|-damage|p2a: Rotom-Mow|226/241|[from] sandstorm","|turn|2","|","|detailschange|p1a: Metallica|Steelix-Mega, M","|-mega|p1a: Metallica|Steelix|Steelixite","|move|p2a: Rotom-Mow|Leaf Storm|p1a: Metallica","|-damage|p1a: Metallica|0 fnt","|-unboost|p2a: Rotom-Mow|spa|2","|faint|p1a: Metallica","|","|-weather|Sandstorm|[upkeep]","|-damage|p2a: Rotom-Mow|211/241|[from] sandstorm","|","|switch|p1a: Genie|Landorus, M, shiny|320/320","|turn|3","|","|switch|p2a: Zapdos|Zapdos|383/383","|-ability|p2a: Zapdos|Pressure","|move|p1a: Genie|Gravity|p1a: Genie","|-fieldstart|move: Gravity","|","|-weather|Sandstorm|[upkeep]","|-damage|p2a: Zapdos|360/383|[from] sandstorm","|-heal|p2a: Zapdos|383/383|[from] item: Leftovers","|turn|4","|","|move|p1a: Genie|Earth Power|p2a: Zapdos","|-supereffective|p2a: Zapdos","|-damage|p2a: Zapdos|16/383","|move|p2a: Zapdos|Heat Wave|p1a: Genie","|-crit|p1a: Genie","|-damage|p1a: Genie|142/320","|","|-weather|Sandstorm|[upkeep]","|-damage|p2a: Zapdos|0 fnt|[from] sandstorm","|faint|p2a: Zapdos","|","|switch|p2a: Rotom-Mow|Rotom-Mow|211/241","|turn|5","|","|switch|p1a: Quagsire|Quagsire, M|394/394","|move|p2a: Rotom-Mow|Leaf Storm|p1a: Quagsire","|-supereffective|p1a: Quagsire","|-damage|p1a: Quagsire|0 fnt","|-unboost|p2a: Rotom-Mow|spa|2","|faint|p1a: Quagsire","|","|-weather|none","|","|switch|p1a: Garchomp|Garchomp, F, shiny|357/357","|turn|6","|","|switch|p2a: Raikou|Raikou|321/321","|-ability|p2a: Raikou|Pressure","|move|p1a: Garchomp|Earthquake|p2a: Raikou","|-supereffective|p2a: Raikou","|-damage|p2a: Raikou|0 fnt","|faint|p2a: Raikou","|","|","|switch|p2a: Ampharos|Ampharos, F|384/384","|turn|7","|","|detailschange|p2a: Ampharos|Ampharos-Mega, F","|-mega|p2a: Ampharos|Ampharos|Ampharosite","|-ability|p2a: Ampharos|Mold Breaker","|move|p1a: Garchomp|Earthquake|p2a: Ampharos","|-supereffective|p2a: Ampharos","|-damage|p2a: Ampharos|142/384","|move|p2a: Ampharos|Dragon Pulse|p1a: Garchomp","|-supereffective|p1a: Garchomp","|-damage|p1a: Garchomp|0 fnt","|faint|p1a: Garchomp","|","|-fieldend|move: Gravity","|","|switch|p1a: Genie|Landorus, M, shiny|142/320","|turn|8","|","|switch|p2a: Eelektross|Eelektross, M|374/374","|move|p1a: Genie|Earth Power|p2a: Eelektross","|-immune|p2a: Eelektross|[msg]","|","|turn|9","|","|move|p1a: Genie|Gravity|p1a: Genie","|-fieldstart|move: Gravity","|move|p2a: Eelektross|Drain Punch|p1a: Genie","|-resisted|p1a: Genie","|-damage|p1a: Genie|92/320","|","|turn|10","|","|move|p1a: Genie|Earth Power|p2a: Eelektross","|-supereffective|p2a: Eelektross","|-damage|p2a: Eelektross|0 fnt","|faint|p2a: Eelektross","|","|","|switch|p2a: Rotom-Mow|Rotom-Mow|211/241","|turn|11","|","|move|p2a: Rotom-Mow|Leaf Storm|p1a: Genie","|-damage|p1a: Genie|0 fnt","|-unboost|p2a: Rotom-Mow|spa|2","|faint|p1a: Genie","|","|","|switch|p1a: Seismitoad|Seismitoad, F|411/411","|turn|12","|","|switch|p2a: Ampharos|Ampharos-Mega, F|142/384","|-ability|p2a: Ampharos|Mold Breaker","|move|p1a: Seismitoad|Icy Wind|p2a: Ampharos","|-supereffective|p2a: Ampharos","|-damage|p2a: Ampharos|42/384","|-unboost|p2a: Ampharos|spe|1","|","|turn|13","|","|move|p1a: Seismitoad|Icy Wind|p2a: Ampharos","|-supereffective|p2a: Ampharos","|-damage|p2a: Ampharos|0 fnt","|faint|p2a: Ampharos","|","|-fieldend|move: Gravity","|","|switch|p2a: Rotom-Mow|Rotom-Mow|211/241","|turn|14","|","|move|p2a: Rotom-Mow|Leaf Storm|p1a: Seismitoad","|-supereffective|p1a: Seismitoad","|-damage|p1a: Seismitoad|0 fnt","|-unboost|p2a: Rotom-Mow|spa|2","|faint|p1a: Seismitoad","|","|","|switch|p1a: Hippo|Hippowdon, F, shiny|419/419","|-weather|Sandstorm","|turn|15","|","|switch|p2a: Thundurus|Thundurus, M|362/362","|move|p1a: Hippo|Ice Fang|p2a: Thundurus","|-supereffective|p2a: Thundurus","|-damage|p2a: Thundurus|246/362","|","|-weather|Sandstorm|[upkeep]","|-damage|p2a: Thundurus|224/362|[from] sandstorm","|-heal|p2a: Thundurus|246/362|[from] item: Leftovers","|turn|16","|","|move|p2a: Thundurus|Bulk Up|p2a: Thundurus","|-boost|p2a: Thundurus|atk|1","|-boost|p2a: Thundurus|def|1","|move|p1a: Hippo|Ice Fang|p2a: Thundurus","|-supereffective|p2a: Thundurus","|-damage|p2a: Thundurus|170/362","|","|-weather|Sandstorm|[upkeep]","|-damage|p2a: Thundurus|148/362|[from] sandstorm","|-heal|p2a: Thundurus|170/362|[from] item: Leftovers","|turn|17","|","|move|p2a: Thundurus|Facade|p1a: Hippo","|-damage|p1a: Hippo|360/419","|move|p1a: Hippo|Ice Fang|p2a: Thundurus","|-supereffective|p2a: Thundurus","|-damage|p2a: Thundurus|94/362","|","|-weather|Sandstorm|[upkeep]","|-damage|p2a: Thundurus|72/362|[from] sandstorm","|-heal|p2a: Thundurus|94/362|[from] item: Leftovers","|-heal|p1a: Hippo|386/419|[from] item: Leftovers","|turn|18","|","|move|p2a: Thundurus|Facade|p1a: Hippo","|-damage|p1a: Hippo|327/419","|move|p1a: Hippo|Stealth Rock|p2a: Thundurus","|-sidestart|p2: Skiddlydoop|move: Stealth Rock","|","|-weather|Sandstorm|[upkeep]","|-damage|p2a: Thundurus|72/362|[from] sandstorm","|-heal|p2a: Thundurus|94/362|[from] item: Leftovers","|-heal|p1a: Hippo|353/419|[from] item: Leftovers","|turn|19","|","|move|p2a: Thundurus|Facade|p1a: Hippo","|-damage|p1a: Hippo|294/419","|move|p1a: Hippo|Ice Fang|p2a: Thundurus","|-supereffective|p2a: Thundurus","|-damage|p2a: Thundurus|20/362","|","|-weather|none","|-heal|p2a: Thundurus|42/362|[from] item: Leftovers","|-heal|p1a: Hippo|320/419|[from] item: Leftovers","|turn|20","|","|move|p2a: Thundurus|Facade|p1a: Hippo","|-damage|p1a: Hippo|259/419","|move|p1a: Hippo|Slack Off|p1a: Hippo","|-heal|p1a: Hippo|419/419","|","|-heal|p2a: Thundurus|64/362|[from] item: Leftovers","|turn|21","|","|move|p2a: Thundurus|Facade|p1a: Hippo","|-damage|p1a: Hippo|360/419","|move|p1a: Hippo|Ice Fang|p2a: Thundurus","|-supereffective|p2a: Thundurus","|-damage|p2a: Thundurus|0 fnt","|faint|p2a: Thundurus","|","|-heal|p1a: Hippo|386/419|[from] item: Leftovers","|","|switch|p2a: Rotom-Mow|Rotom-Mow|211/241","|-damage|p2a: Rotom-Mow|181/241|[from] Stealth Rock","|turn|22","|","|move|p2a: Rotom-Mow|Leaf Storm|p1a: Hippo","|-supereffective|p1a: Hippo","|-damage|p1a: Hippo|0 fnt","|-unboost|p2a: Rotom-Mow|spa|2","|faint|p1a: Hippo","|","|win|Skiddlydoop"],"p1rating":{"entryid":"470016","serverid":"eos","formatid":"monotype","userid":"vinpyre","username":"Vin Pyre","w":"3","l":1,"t":"0","gxe":57.3,"r":"1596.4928778237","rd":"112.04571933751","sigma":"0","rptime":"1440752400","rpr":1557.9105712972,"rprd":107.65349853943,"rpsigma":"0","acre":1064.5409083865,"lacre":1064.5409083865,"oldacre":"1095.3505672288"},"p2rating":{"entryid":"597456","serverid":"eos","formatid":"monotype","userid":"skiddlydoop","username":"Skiddlydoop","w":1,"l":"1","t":"0","gxe":51.6,"r":"1500","rd":"130","sigma":"0","rptime":"1440752400","rpr":1512.7203100268,"rprd":116.3287619668,"rpsigma":"0","acre":1050.7100931615,"lacre":1050.7100931615,"oldacre":"1000"},"endType":"normal"}