{"seed":[20935,25333,34978,52985],"turns":25,"p1":"jakey2saucey06","p2":"Crystal Bozz","p1team":[{"name":"Chesnaught","species":"Chesnaught","item":"leftovers","ability":"Bulletproof","moves":["spikes","leechseed","spikyshield","drainpunch"],"nature":"Impish","evs":{"hp":252,"atk":0,"def":252,"spa":0,"spd":4,"spe":0},"shiny":true,"ivs":{"hp":31,"atk":31,"def":31,"spa":31,"spd":31,"spe":31}},{"name":"Infernape","species":"Infernape","item":"focussash","ability":"Iron Fist","moves":["stealthrock","closecombat","firepunch","machpunch"],"nature":"Jolly","evs":{"hp":4,"atk":252,"def":0,"spa":0,"spd":0,"spe":252},"shiny":true,"ivs":{"hp":31,"atk":31,"def":31,"spa":31,"spd":31,"spe":31}},{"name":"Medicham","species":"Medicham","item":"medichamite","ability":"Pure Power","moves":["fakeout","bulletpunch","zenheadbutt","highjumpkick"],"nature":"Jolly","evs":{"hp":4,"atk":252,"def":0,"spa":0,"spd":0,"spe":252},"shiny":true,"ivs":{"hp":31,"atk":31,"def":31,"spa":31,"spd":31,"spe":31}},{"name":"Terrakion","species":"Terrakion","item":"choicescarf","ability":"Justified","moves":["ironhead","stoneedge","closecombat","earthquake"],"nature":"Adamant","evs":{"hp":4,"atk":252,"def":0,"spa":0,"spd":0,"spe":252},"shiny":true,"ivs":{"hp":31,"atk":31,"def":31,"spa":31,"spd":31,"spe":31}},{"name":"Keldeo-Resolute","species":"Keldeo-Resolute","item":"choicespecs","ability":"Justified","moves":["secretsword","scald","icywind","hydropump"],"nature":"Timid","evs":{"hp":4,"atk":0,"def":0,"spa":252,"spd":0,"spe":252},"shiny":true,"ivs":{"hp":31,"atk":31,"def":31,"spa":31,"spd":31,"spe":31}},{"name":"Hawlucha","species":"Hawlucha","item":"powerherb","ability":"Unburden","moves":["acrobatics","skyattack","drainpunch","swordsdance"],"nature":"Adamant","evs":{"hp":0,"atk":252,"def":0,"spa":0,"spd":0,"spe":252},"shiny":true,"ivs":{"hp":31,"atk":31,"def":31,"spa":31,"spd":31,"spe":31}}],"p2team":[{"name":"Galvantula","species":"Galvantula","item":"focussash","ability":"Compound Eyes","moves":["stickyweb","thunder","bugbuzz","energyball"],"nature":"Timid","evs":{"hp":0,"atk":0,"def":0,"spa":252,"spd":4,"spe":252},"ivs":{"hp":31,"atk":31,"def":31,"spa":31,"spd":31,"spe":31}},{"name":"Eelektross","species":"Eelektross","item":"leftovers","ability":"Levitate","moves":["coil","knockoff","thunderpunch","aquatail"],"nature":"Adamant","evs":{"hp":248,"atk":252,"def":0,"spa":0,"spd":8,"spe":0},"ivs":{"hp":31,"atk":31,"def":31,"spa":31,"spd":31,"spe":31}},{"name":"Thundurus","species":"Thundurus","item":"lifeorb","ability":"Prankster","moves":["wildcharge","brickbreak","thunderwave","crunch"],"nature":"Jolly","evs":{"hp":0,"atk":252,"def":0,"spa":0,"spd":4,"spe":252},"ivs":{"hp":31,"atk":31,"def":31,"spa":31,"spd":31,"spe":31}},{"name":"Rotom-Wash","species":"Rotom-Wash","item":"lifeorb","ability":"Levitate","moves":["voltswitch","hydropump","painsplit","willowisp"],"nature":"Calm","evs":{"hp":252,"atk":0,"def":0,"spa":4,"spd":252,"spe":0},"ivs":{"hp":31,"atk":31,"def":31,"spa":31,"spd":31,"spe":31}},{"name":"Ampharos","species":"Ampharos","item":"ampharosite","ability":"Static","moves":["agility","dragonpulse","thunderbolt","focusblast"],"nature":"Modest","evs":{"hp":0,"atk":0,"def":4,"spa":252,"spd":0,"spe":252},"ivs":{"hp":31,"atk":31,"def":31,"spa":31,"spd":31,"spe":31}},{"name":"Raikou","species":"Raikou","item":"assaultvest","ability":"Pressure","moves":["voltswitch","thunderbolt","extrasensory","shadowball"],"nature":"Timid","evs":{"hp":0,"atk":0,"def":0,"spa":252,"spd":4,"spe":252},"ivs":{"hp":31,"atk":31,"def":31,"spa":31,"spd":31,"spe":31}}],"log":["|player|p1|jakey2saucey06|122","|player|p2|Crystal Bozz|153","|gametype|singles","|gen|6","|tier|Monotype","|rated","|rule|Baton Pass Clause: Limit one Baton Passer, can't pass Spe and other stats simultaneously","|rule|Swagger Clause: Swagger is banned","|rule|Same Type Clause: Pokémon in a team must share a type","|clearpoke","|poke|p1|Chesnaught, F, shiny","|poke|p1|Infernape, F, shiny","|poke|p1|Medicham, F, shiny","|poke|p1|Terrakion, shiny","|poke|p1|Keldeo-Resolute, shiny","|poke|p1|Hawlucha, F, shiny","|poke|p2|Galvantula, M","|poke|p2|Eelektross, F","|poke|p2|Thundurus, M","|poke|p2|Rotom-Wash","|poke|p2|Ampharos, M","|poke|p2|Raikou","|rule|Sleep Clause Mod: Limit one foe put to sleep","|rule|Species Clause: Limit one of each Pokémon","|rule|OHKO Clause: OHKO moves are banned","|rule|Moody Clause: Moody is banned","|rule|Evasion Moves Clause: Evasion moves are banned","|rule|Endless Battle Clause: Forcing endless battles is banned","|rule|HP Percentage Mod: HP is shown in percentages","|teampreview","|","|start","|switch|p1a: Infernape|Infernape, F, shiny|294/294","|switch|p2a: Galvantula|Galvantula, M|281/281","|turn|1","|","|move|p1a: Infernape|Fire Punch|p2a: Galvantula","|-supereffective|p2a: Galvantula","|-enditem|p2a: Galvantula|Focus Sash","|-damage|p2a: Galvantula|1/281","|move|p2a: Galvantula|Sticky Web|p1a: Infernape","|-sidestart|p1: jakey2saucey06|move: Sticky Web","|","|turn|2","|","|move|p1a: Infernape|Mach Punch|p2a: Galvantula","|-resisted|p2a: Galvantula","|-damage|p2a: Galvantula|0 fnt","|faint|p2a: Galvantula","|","|","|switch|p2a: Raikou|Raikou|321/321","|-ability|p2a: Raikou|Pressure","|turn|3","|","|move|p2a: Raikou|Extrasensory|p1a: Infernape","|-crit|p1a: Infernape","|-supereffective|p1a: Infernape","|-enditem|p1a: Infernape|Focus Sash","|-damage|p1a: Infernape|1/294","|move|p1a: Infernape|Stealth Rock|p2a: Raikou","|-sidestart|p2: Crystal Bozz|move: Stealth Rock","|","|turn|4","|","|move|p1a: Infernape|Mach Punch|p2a: Raikou","|-damage|p2a: Raikou|227/321","|move|p2a: Raikou|Extrasensory|p1a: Infernape","|-supereffective|p1a: Infernape","|-damage|p1a: Infernape|0 fnt","|faint|p1a: Infernape","|","|","|switch|p1a: Medicham|Medicham, F, shiny|262/262","|-activate|p1a: Medicham|move: Sticky Web","|-unboost|p1a: Medicham|spe|1","|turn|5","|","|detailschange|p1a: Medicham|Medicham-Mega, F, shiny","|-mega|p1a: Medicham|Medicham|Medichamite","|move|p1a: Medicham|Fake Out|p2a: Raikou","|-damage|p2a: Raikou|127/321","|cant|p2a: Raikou|flinch","|","|turn|6","|","|move|p2a: Raikou|Shadow Ball|p1a: Medicham","|-crit|p1a: Medicham","|-supereffective|p1a: Medicham","|-damage|p1a: Medicham|0 fnt","|faint|p1a: Medicham","|","|","|switch|p1a: Keldeo-Resolute|Keldeo-Resolute, shiny|324/324","|-activate|p1a: Keldeo-Resolute|move: Sticky Web","|-unboost|p1a: Keldeo-Resolute|spe|1","|turn|7","|","|move|p2a: Raikou|Thunderbolt|p1a: Keldeo-Resolute","|-supereffective|p1a: Keldeo-Resolute","|-damage|p1a: Keldeo-Resolute|28/324","|move|p1a: Keldeo-Resolute|Scald|p2a: Raikou","|-damage|p2a: Raikou|0 fnt","|faint|p2a: Raikou","|","|","|switch|p2a: Ampharos|Ampharos, M|321/321","|-damage|p2a: Ampharos|281/321|[from] Stealth Rock","|turn|8","|","|move|p1a: Keldeo-Resolute|Scald|p2a: Ampharos","|-damage|p2a: Ampharos|65/321","|-status|p2a: Ampharos|brn","|move|p2a: Ampharos|Agility|p2a: Ampharos","|-boost|p2a: Ampharos|spe|2","|","|-damage|p2a: Ampharos|25/321 brn|[from] brn","|turn|9","|","|detailschange|p2a: Ampharos|Ampharos-Mega, M","|-mega|p2a: Ampharos|Ampharos|Ampharosite","|-ability|p2a: Ampharos|Mold Breaker","|move|p2a: Ampharos|Thunderbolt|p1a: Keldeo-Resolute","|-supereffective|p1a: Keldeo-Resolute","|-damage|p1a: Keldeo-Resolute|0 fnt","|faint|p1a: Keldeo-Resolute","|","|-damage|p2a: Ampharos|0 fnt|[from] brn","|faint|p2a: Ampharos","|","|switch|p2a: Thundurus|Thundurus, M|299/299","|switch|p1a: Terrakion|Terrakion, shiny|324/324","|-activate|p1a: Terrakion|move: Sticky Web","|-unboost|p1a: Terrakion|spe|1","|-damage|p2a: Thundurus|225/299|[from] Stealth Rock","|turn|10","|","|move|p2a: Thundurus|Thunder Wave|p1a: Terrakion","|-status|p1a: Terrakion|par","|move|p1a: Terrakion|Stone Edge|p2a: Thundurus","|-supereffective|p2a: Thundurus","|-damage|p2a: Thundurus|0 fnt","|faint|p2a: Thundurus","|","|","|switch|p2a: Rotom-Wash|Rotom-Wash|304/304","|-damage|p2a: Rotom-Wash|266/304|[from] Stealth Rock","|turn|11","|","|move|p2a: Rotom-Wash|Hydro Pump|p1a: Terrakion","|-supereffective|p1a: Terrakion","|-damage|p1a: Terrakion|0 fnt","|-damage|p2a: Rotom-Wash|236/304|[from] item: Life Orb","|faint|p1a: Terrakion","|","|","|switch|p1a: Hawlucha|Hawlucha, F, shiny|297/297","|turn|12","|","|move|p1a: Hawlucha|Sky Attack|p2a: Rotom-Wash|[still]","|-prepare|p1a: Hawlucha|Sky Attack|p2a: Rotom-Wash","|-enditem|p1a: Hawlucha|Power Herb","|-anim|p1a: Hawlucha|Sky Attack|p2a: Rotom-Wash","|-resisted|p2a: Rotom-Wash","|-damage|p2a: Rotom-Wash|129/304","|move|p2a: Rotom-Wash|Will-O-Wisp|p1a: Hawlucha","|-status|p1a: Hawlucha|brn","|","|-damage|p1a: Hawlucha|260/297 brn|[from] brn","|turn|13","|","|move|p1a: Hawlucha|Swords Dance|p1a: Hawlucha","|-boost|p1a: Hawlucha|atk|2","|move|p2a: Rotom-Wash|Hydro Pump|p1a: Hawlucha","|-damage|p1a: Hawlucha|0 fnt","|-damage|p2a: Rotom-Wash|99/304|[from] item: Life Orb","|faint|p1a: Hawlucha","|","|","|switch|p1a: Chesnaught|Chesnaught, F, shiny|380/380","|-activate|p1a: Chesnaught|move: Sticky Web","|-unboost|p1a: Chesnaught|spe|1","|turn|14","|","|move|p2a: Rotom-Wash|Pain Split|p1a: Chesnaught","|-sethp|p1a: Chesnaught|239/380|p2a: Rotom-Wash|239/304|[from] move: Pain Split","|move|p1a: Chesnaught|Leech Seed|p2a: Rotom-Wash","|-start|p2a: Rotom-Wash|move: Leech Seed","|","|-heal|p1a: Chesnaught|262/380|[from] item: Leftovers","|-damage|p2a: Rotom-Wash|201/304|[from] Leech Seed|[of] p1a: Chesnaught","|-heal|p1a: Chesnaught|300/380|[silent]","|turn|15","|","|move|p1a: Chesnaught|Spiky Shield|p1a: Chesnaught","|-singleturn|p1a: Chesnaught|move: Protect","|move|p2a: Rotom-Wash|Will-O-Wisp|p1a: Chesnaught","|-activate|p1a: Chesnaught|Protect","|","|-heal|p1a: Chesnaught|323/380|[from] item: Leftovers","|-damage|p2a: Rotom-Wash|163/304|[from] Leech Seed|[of] p1a: Chesnaught","|-heal|p1a: Chesnaught|361/380|[silent]","|turn|16","|","|move|p2a: Rotom-Wash|Will-O-Wisp|p1a: Chesnaught","|-status|p1a: Chesnaught|brn","|move|p1a: Chesnaught|Drain Punch|p2a: Rotom-Wash","|-damage|p2a: Rotom-Wash|119/304","|-heal|p1a: Chesnaught|380/380 brn|[from] drain|[of] p2a: Rotom-Wash","|","|-damage|p2a: Rotom-Wash|81/304|[from] Leech Seed|[of] p1a: Chesnaught","|-damage|p1a: Chesnaught|333/380 brn|[from] brn","|turn|17","|","|move|p2a: Rotom-Wash|Pain Split|p1a: Chesnaught","|-sethp|p1a: Chesnaught|207/380 brn|p2a: Rotom-Wash|207/304|[from] move: Pain Split","|move|p1a: Chesnaught|Drain Punch|p2a: Rotom-Wash","|-damage|p2a: Rotom-Wash|162/304","|-heal|p1a: Chesnaught|230/380 brn|[from] drain|[of] p2a: Rotom-Wash","|","|-heal|p1a: Chesnaught|253/380 brn|[from] item: Leftovers","|-damage|p2a: Rotom-Wash|124/304|[from] Leech Seed|[of] p1a: Chesnaught","|-heal|p1a: Chesnaught|291/380 brn|[silent]","|-damage|p1a: Chesnaught|244/380 brn|[from] brn","|turn|18","|","|move|p2a: Rotom-Wash|Pain Split|p1a: Chesnaught","|-sethp|p1a: Chesnaught|184/380 brn|p2a: Rotom-Wash|184/304|[from] move: Pain Split","|move|p1a: Chesnaught|Drain Punch|p2a: Rotom-Wash","|-damage|p2a: Rotom-Wash|141/304","|-heal|p1a: Chesnaught|206/380 brn|[from] drain|[of] p2a: Rotom-Wash","|","|-heal|p1a: Chesnaught|229/380 brn|[from] item: Leftovers","|-damage|p2a: Rotom-Wash|103/304|[from] Leech Seed|[of] p1a: Chesnaught","|-heal|p1a: Chesnaught|267/380 brn|[silent]","|-damage|p1a: Chesnaught|220/380 brn|[from] brn","|turn|19","|","|move|p1a: Chesnaught|Spiky Shield|p1a: Chesnaught","|-singleturn|p1a: Chesnaught|move: Protect","|move|p2a: Rotom-Wash|Hydro Pump|p1a: Chesnaught","|-activate|p1a: Chesnaught|Protect","|","|-heal|p1a: Chesnaught|243/380 brn|[from] item: Leftovers","|-damage|p2a: Rotom-Wash|65/304|[from] Leech Seed|[of] p1a: Chesnaught","|-heal|p1a: Chesnaught|281/380 brn|[silent]","|-damage|p1a: Chesnaught|234/380 brn|[from] brn","|turn|20","|","|move|p1a: Chesnaught|Spiky Shield|p1a: Chesnaught","|-fail|p1a: Chesnaught","|move|p2a: Rotom-Wash|Pain Split|p1a: Chesnaught","|-sethp|p1a: Chesnaught|149/380 brn|p2a: Rotom-Wash|149/304|[from] move: Pain Split","|","|-heal|p1a: Chesnaught|172/380 brn|[from] item: Leftovers","|-damage|p2a: Rotom-Wash|111/304|[from] Leech Seed|[of] p1a: Chesnaught","|-heal|p1a: Chesnaught|210/380 brn|[silent]","|-damage|p1a: Chesnaught|163/380 brn|[from] brn","|turn|21","|","|move|p2a: Rotom-Wash|Hydro Pump|p1a: Chesnaught","|-resisted|p1a: Chesnaught","|-damage|p1a: Chesnaught|46/380 brn","|-damage|p2a: Rotom-Wash|81/304|[from] item: Life Orb","|move|p1a: Chesnaught|Drain Punch|p2a: Rotom-Wash","|-damage|p2a: Rotom-Wash|37/304","|-heal|p1a: Chesnaught|68/380 brn|[from] drain|[of] p2a: Rotom-Wash","|","|-heal|p1a: Chesnaught|91/380 brn|[from] item: Leftovers","|-damage|p2a: Rotom-Wash|0 fnt|[from] Leech Seed|[of] p1a: Chesnaught","|-heal|p1a: Chesnaught|128/380 brn|[silent]","|-damage|p1a: Chesnaught|81/380 brn|[from] brn","|faint|p2a: Rotom-Wash","|","|switch|p2a: Eelektross|Eelektross, F|373/373","|-damage|p2a: Eelektross|327/373|[from] Stealth Rock","|turn|22","|","|move|p2a: Eelektross|Knock Off|p1a: Chesnaught","|-resisted|p1a: Chesnaught","|-damage|p1a: Chesnaught|42/380 brn","|-enditem|p1a: Chesnaught|Leftovers|[from] move: Knock Off|[of] p2a: Eelektross","|move|p1a: Chesnaught|Leech Seed|p2a: Eelektross","|-start|p2a: Eelektross|move: Leech Seed","|","|-heal|p2a: Eelektross|350/373|[from] item: Leftovers","|-damage|p2a: Eelektross|304/373|[from] Leech Seed|[of] p1a: Chesnaught","|-heal|p1a: Chesnaught|88/380 brn|[silent]","|-damage|p1a: Chesnaught|41/380 brn|[from] brn","|turn|23","|","|move|p1a: Chesnaught|Spiky Shield|p1a: Chesnaught","|-singleturn|p1a: Chesnaught|move: Protect","|move|p2a: Eelektross|Coil|p2a: Eelektross","|-boost|p2a: Eelektross|atk|1","|-boost|p2a: Eelektross|def|1","|-boost|p2a: Eelektross|accuracy|1","|","|-heal|p2a: Eelektross|327/373|[from] item: Leftovers","|-damage|p2a: Eelektross|281/373|[from] Leech Seed|[of] p1a: Chesnaught","|-heal|p1a: Chesnaught|87/380 brn|[silent]","|-damage|p1a: Chesnaught|40/380 brn|[from] brn","|turn|24","|","|move|p1a: Chesnaught|Spiky Shield|p1a: Chesnaught","|-fail|p1a: Chesnaught","|move|p2a: Eelektross|Knock Off|p1a: Chesnaught","|-resisted|p1a: Chesnaught","|-damage|p1a: Chesnaught|5/380 brn","|","|-heal|p2a: Eelektross|304/373|[from] item: Leftovers","|-damage|p2a: Eelektross|258/373|[from] Leech Seed|[of] p1a: Chesnaught","|-heal|p1a: Chesnaught|51/380 brn|[silent]","|-damage|p1a: Chesnaught|4/380 brn|[from] brn","|turn|25","|","|move|p2a: Eelektross|Knock Off|p1a: Chesnaught","|-resisted|p1a: Chesnaught","|-damage|p1a: Chesnaught|0 fnt","|faint|p1a: Chesnaught","|","|win|Crystal Bozz"],"p1rating":{"entryid":"636200","serverid":"eos","formatid":"monotype","userid":"jakey2saucey06","username":"jakey2saucey06","w":"1","l":3,"t":"0","gxe":41.8,"r":"1500","rd":"130","sigma":"0","rptime":"1440838800","rpr":1434.4554575449,"rprd":106.16162559691,"rpsigma":"0","acre":1030.8891469787,"lacre":1030.8891469787,"oldacre":"1051.1432981997"},"p2rating":{"entryid":637093,"formatid":"monotype","userid":"crystalbozz","username":"Crystal Bozz","r":1500,"rd":130,"sigma":0,"rpr":1540.1606143388,"rprd":122.8583080769,"rpsigma":0,"rptime":1440838800,"w":1,"l":0,"t":0,"gxe":55,"acre":1045.8459265173,"lacre":1045.8459265173,"oldacre":1000},"endType":"normal"}