{"seed":[42512,41003,52120,31040],"turns":40,"p1":"Doctor Vergi","p2":"Miracle-Chan","p1team":[{"name":"Landorus-Therian","species":"Landorus-Therian","item":"choicescarf","ability":"Intimidate","moves":["stoneedge","earthquake","uturn","knockoff"],"nature":"Jolly","evs":{"hp":0,"atk":252,"def":0,"spa":0,"spd":4,"spe":252},"ivs":{"hp":31,"atk":31,"def":31,"spa":31,"spd":31,"spe":31}},{"name":"Thundurus","species":"Thundurus","item":"lifeorb","ability":"Prankster","moves":["thunderwave","thunderbolt","nastyplot","grassknot"],"nature":"Timid","evs":{"hp":0,"atk":0,"def":0,"spa":252,"spd":4,"spe":252},"ivs":{"hp":31,"atk":31,"def":31,"spa":31,"spd":31,"spe":31}},{"name":"Skarmory","species":"Skarmory","item":"rockyhelmet","ability":"Sturdy","moves":["drillpeck","whirlwind","spikes","roost"],"nature":"Impish","evs":{"hp":248,"atk":0,"def":236,"spa":0,"spd":0,"spe":24},"ivs":{"hp":31,"atk":31,"def":31,"spa":31,"spd":31,"spe":31}},{"name":"Aerodactyl","species":"Aerodactyl","item":"aerodactylite","ability":"Rock Head","moves":["stoneedge","earthquake","stealthrock","taunt"],"nature":"Jolly","evs":{"hp":248,"atk":8,"def":0,"spa":0,"spd":0,"spe":252},"ivs":{"hp":31,"atk":31,"def":31,"spa":31,"spd":31,"spe":31}},{"name":"Vivillon","species":"Vivillon","item":"focussash","ability":"Compound Eyes","moves":["hurricane","bugbuzz","quiverdance","sleeppowder"],"nature":"Timid","evs":{"hp":0,"atk":0,"def":0,"spa":252,"spd":4,"spe":252},"ivs":{"hp":31,"atk":31,"def":31,"spa":31,"spd":31,"spe":31}},{"name":"Togekiss","species":"Togekiss","item":"leftovers","ability":"Serene Grace","moves":["airslash","thunderwave","roost","healbell"],"nature":"Calm","evs":{"hp":252,"atk":0,"def":0,"spa":4,"spd":252,"spe":0},"ivs":{"hp":31,"atk":31,"def":31,"spa":31,"spd":31,"spe":31}}],"p2team":[{"name":"Diancie","species":"Diancie","item":"diancite","ability":"Clear Body","moves":["moonblast","protect","earthpower","diamondstorm"],"nature":"Naive","evs":{"hp":0,"atk":4,"def":0,"spa":252,"spd":0,"spe":252},"ivs":{"hp":31,"atk":31,"def":31,"spa":31,"spd":31,"spe":31}},{"name":"Sylveon","species":"Sylveon","item":"choicespecs","ability":"Pixilate","moves":["hypervoice","psyshock","shadowball","hiddenpowerground"],"nature":"Modest","evs":{"hp":240,"atk":0,"def":0,"spa":252,"spd":0,"spe":16},"gender":"F","ivs":{"hp":31,"atk":31,"def":31,"spa":30,"spd":30,"spe":31}},{"name":"Azumarill","species":"Azumarill","item":"choiceband","ability":"Huge Power","moves":["aquajet","waterfall","knockoff","playrough"],"nature":"Adamant","evs":{"hp":172,"atk":252,"def":0,"spa":0,"spd":0,"spe":84},"gender":"F","ivs":{"hp":31,"atk":31,"def":31,"spa":31,"spd":31,"spe":31}},{"name":"Klefki","species":"Klefki","item":"lightclay","ability":"Prankster","moves":["lightscreen","reflect","thunderwave","foulplay"],"nature":"Bold","evs":{"hp":248,"atk":0,"def":252,"spa":0,"spd":8,"spe":0},"gender":"M","ivs":{"hp":31,"atk":31,"def":31,"spa":31,"spd":31,"spe":31}},{"name":"Slurpuff","species":"Slurpuff","item":"sitrusberry","ability":"Unburden","moves":["bellydrum","playrough","drainpunch","return"],"nature":"Jolly","evs":{"hp":28,"atk":252,"def":0,"spa":0,"spd":0,"spe":228},"gender":"F","ivs":{"hp":31,"atk":31,"def":31,"spa":31,"spd":31,"spe":31}},{"name":"Togekiss","species":"Togekiss","item":"leftovers","ability":"Serene Grace","moves":["nastyplot","airslash","aurasphere","flamethrower"],"nature":"Timid","evs":{"hp":0,"atk":0,"def":0,"spa":252,"spd":4,"spe":252},"gender":"M","ivs":{"hp":31,"atk":31,"def":31,"spa":31,"spd":31,"spe":31}}],"log":["|player|p1|Doctor Vergi|doctorvergi.png","|player|p2|Miracle-Chan|97","|gametype|singles","|gen|6","|tier|Monotype","|rated","|rule|Baton Pass Clause: Limit one Baton Passer, can't pass Spe and other stats simultaneously","|rule|Swagger Clause: Swagger is banned","|rule|Same Type Clause: Pokémon in a team must share a type","|clearpoke","|poke|p1|Landorus-Therian, M","|poke|p1|Thundurus, M","|poke|p1|Skarmory, F","|poke|p1|Aerodactyl, F","|poke|p1|Vivillon, M","|poke|p1|Togekiss, F","|poke|p2|Diancie","|poke|p2|Sylveon, F","|poke|p2|Azumarill, F","|poke|p2|Klefki, M","|poke|p2|Slurpuff, F","|poke|p2|Togekiss, M","|rule|Sleep Clause Mod: Limit one foe put to sleep","|rule|Species Clause: Limit one of each Pokémon","|rule|OHKO Clause: OHKO moves are banned","|rule|Moody Clause: Moody is banned","|rule|Evasion Moves Clause: Evasion moves are banned","|rule|Endless Battle Clause: Forcing endless battles is banned","|rule|HP Percentage Mod: HP is shown in percentages","|teampreview","|","|start","|switch|p1a: Aerodactyl|Aerodactyl, F|363/363","|switch|p2a: Diancie|Diancie|241/241","|turn|1","|","|detailschange|p1a: Aerodactyl|Aerodactyl-Mega, F","|-mega|p1a: Aerodactyl|Aerodactyl|Aerodactylite","|detailschange|p2a: Diancie|Diancie-Mega","|-mega|p2a: Diancie|Diancie|Diancite","|move|p2a: Diancie|Protect|p2a: Diancie","|-singleturn|p2a: Diancie|Protect","|move|p1a: Aerodactyl|Earthquake|p2a: Diancie","|-activate|p2a: Diancie|Protect","|","|turn|2","|","|switch|p2a: Klefki|Klefki, M|317/317","|move|p1a: Aerodactyl|Earthquake|p2a: Klefki","|-supereffective|p2a: Klefki","|-damage|p2a: Klefki|159/317","|","|turn|3","|","|move|p2a: Klefki|Reflect|p2a: Klefki","|-sidestart|p2: Miracle-Chan|Reflect","|move|p1a: Aerodactyl|Taunt|p2a: Klefki","|-start|p2a: Klefki|move: Taunt","|","|turn|4","|","|move|p1a: Aerodactyl|Stealth Rock|p2a: Klefki","|-sidestart|p2: Miracle-Chan|move: Stealth Rock","|move|p2a: Klefki|Foul Play|p1a: Aerodactyl","|-damage|p1a: Aerodactyl|244/363","|","|turn|5","|","|switch|p1a: Skarmory|Skarmory, F|333/333","|move|p2a: Klefki|Foul Play|p1a: Skarmory","|-damage|p1a: Skarmory|298/333","|-damage|p2a: Klefki|107/317|[from] item: Rocky Helmet|[of] p1a: Skarmory","|","|turn|6","|","|switch|p2a: Togekiss|Togekiss, M|311/311","|-damage|p2a: Togekiss|234/311|[from] Stealth Rock","|move|p1a: Skarmory|Spikes|p2a: Togekiss","|-sidestart|p2: Miracle-Chan|Spikes","|","|-heal|p2a: Togekiss|253/311|[from] item: Leftovers","|turn|7","|","|switch|p1a: Landorus-Therian|Landorus-Therian, M|319/319","|-ability|p1a: Landorus-Therian|Intimidate","|-unboost|p2a: Togekiss|atk|1","|move|p2a: Togekiss|Flamethrower|p1a: Landorus-Therian","|-damage|p1a: Landorus-Therian|189/319","|","|-heal|p2a: Togekiss|272/311|[from] item: Leftovers","|turn|8","|","|switch|p2a: Klefki|Klefki, M|107/317","|-damage|p2a: Klefki|88/317|[from] Stealth Rock","|-damage|p2a: Klefki|49/317|[from] Spikes","|move|p1a: Landorus-Therian|U-turn|p2a: Klefki","|-resisted|p2a: Klefki","|-damage|p2a: Klefki|41/317","|","|switch|p1a: Aerodactyl|Aerodactyl-Mega, F|244/363","|","|turn|9","|","|move|p2a: Klefki|Thunder Wave|p1a: Aerodactyl","|-status|p1a: Aerodactyl|par","|move|p1a: Aerodactyl|Earthquake|p2a: Klefki","|-supereffective|p2a: Klefki","|-damage|p2a: Klefki|0 fnt","|faint|p2a: Klefki","|","|","|switch|p2a: Diancie|Diancie-Mega|241/241","|-damage|p2a: Diancie|211/241|[from] Spikes","|-damage|p2a: Diancie|181/241|[from] Stealth Rock","|turn|10","|","|move|p2a: Diancie|Diamond Storm|p1a: Aerodactyl","|-crit|p1a: Aerodactyl","|-supereffective|p1a: Aerodactyl","|-damage|p1a: Aerodactyl|0 fnt","|-boost|p2a: Diancie|def|1","|faint|p1a: Aerodactyl","|","|-sideend|p2: Miracle-Chan|Reflect","|","|switch|p1a: Landorus-Therian|Landorus-Therian, M|189/319","|-ability|p1a: Landorus-Therian|Intimidate","|-unboost|p2a: Diancie|atk|1","|turn|11","|","|move|p2a: Diancie|Protect|p2a: Diancie","|-singleturn|p2a: Diancie|Protect","|move|p1a: Landorus-Therian|Earthquake|p2a: Diancie","|-activate|p2a: Diancie|Protect","|","|turn|12","|","|switch|p2a: Togekiss|Togekiss, M|272/311","|-damage|p2a: Togekiss|195/311|[from] Stealth Rock","|move|p1a: Landorus-Therian|Earthquake|p2a: Togekiss","|-immune|p2a: Togekiss|[msg]","|","|-heal|p2a: Togekiss|214/311|[from] item: Leftovers","|turn|13","|","|switch|p1a: Togekiss|Togekiss, F|374/374","|move|p2a: Togekiss|Flamethrower|p1a: Togekiss","|-damage|p1a: Togekiss|307/374","|","|-heal|p2a: Togekiss|233/311|[from] item: Leftovers","|-heal|p1a: Togekiss|330/374|[from] item: Leftovers","|turn|14","|","|switch|p2a: Diancie|Diancie-Mega|181/241","|-damage|p2a: Diancie|151/241|[from] Spikes","|-damage|p2a: Diancie|121/241|[from] Stealth Rock","|move|p1a: Togekiss|Thunder Wave|p2a: Diancie","|move|p2a: Diancie|Thunder Wave|p1a: Togekiss|[from]Magic Bounce","|-status|p1a: Togekiss|par","|","|-heal|p1a: Togekiss|353/374 par|[from] item: Leftovers","|turn|15","|","|switch|p1a: Skarmory|Skarmory, F|298/333","|move|p2a: Diancie|Moonblast|p1a: Skarmory","|-crit|p1a: Skarmory","|-resisted|p1a: Skarmory","|-damage|p1a: Skarmory|86/333","|-unboost|p1a: Skarmory|spa|1","|","|turn|16","|","|move|p2a: Diancie|Moonblast|p1a: Skarmory","|-resisted|p1a: Skarmory","|-damage|p1a: Skarmory|0 fnt","|faint|p1a: Skarmory","|","|","|switch|p1a: Landorus-Therian|Landorus-Therian, M|189/319","|-ability|p1a: Landorus-Therian|Intimidate","|-unboost|p2a: Diancie|atk|1","|turn|17","|","|move|p2a: Diancie|Protect|p2a: Diancie","|-singleturn|p2a: Diancie|Protect","|move|p1a: Landorus-Therian|Earthquake|p2a: Diancie","|-activate|p2a: Diancie|Protect","|","|turn|18","|","|switch|p1a: Thundurus|Thundurus, M|299/299","|switch|p2a: Togekiss|Togekiss, M|233/311","|-damage|p2a: Togekiss|156/311|[from] Stealth Rock","|","|-heal|p2a: Togekiss|175/311|[from] item: Leftovers","|turn|19","|","|move|p1a: Thundurus|Nasty Plot|p1a: Thundurus","|-boost|p1a: Thundurus|spa|2","|move|p2a: Togekiss|Flamethrower|p1a: Thundurus","|-damage|p1a: Thundurus|170/299","|","|-heal|p2a: Togekiss|194/311|[from] item: Leftovers","|turn|20","|","|move|p1a: Thundurus|Thunderbolt|p2a: Togekiss","|-supereffective|p2a: Togekiss","|-damage|p2a: Togekiss|0 fnt","|-damage|p1a: Thundurus|141/299|[from] item: Life Orb","|faint|p2a: Togekiss","|","|","|switch|p2a: Azumarill|Azumarill, F|384/384","|-damage|p2a: Azumarill|336/384|[from] Spikes","|-damage|p2a: Azumarill|288/384|[from] Stealth Rock","|turn|21","|","|move|p2a: Azumarill|Aqua Jet|p1a: Thundurus","|-damage|p1a: Thundurus|0 fnt","|faint|p1a: Thundurus","|","|","|switch|p1a: Vivillon|Vivillon, M|301/301","|turn|22","|","|switch|p2a: Diancie|Diancie-Mega|121/241","|-damage|p2a: Diancie|91/241|[from] Spikes","|-damage|p2a: Diancie|61/241|[from] Stealth Rock","|move|p1a: Vivillon|Sleep Powder|p2a: Diancie","|move|p2a: Diancie|Sleep Powder|p1a: Vivillon|[from]Magic Bounce|[miss]","|-miss|p2a: Diancie|p1a: Vivillon","|","|turn|23","|","|move|p2a: Diancie|Moonblast|p1a: Vivillon","|-enditem|p1a: Vivillon|Focus Sash","|-damage|p1a: Vivillon|1/301","|-unboost|p1a: Vivillon|spa|1","|move|p1a: Vivillon|Quiver Dance|p1a: Vivillon","|-boost|p1a: Vivillon|spa|1","|-boost|p1a: Vivillon|spd|1","|-boost|p1a: Vivillon|spe|1","|","|turn|24","|","|move|p1a: Vivillon|Bug Buzz|p2a: Diancie","|-resisted|p2a: Diancie","|-damage|p2a: Diancie|0 fnt","|faint|p2a: Diancie","|","|","|switch|p2a: Azumarill|Azumarill, F|288/384","|-damage|p2a: Azumarill|240/384|[from] Stealth Rock","|-damage|p2a: Azumarill|192/384|[from] Spikes","|turn|25","|","|switch|p1a: Togekiss|Togekiss, F|353/374 par","|move|p2a: Azumarill|Aqua Jet|p1a: Togekiss","|-damage|p1a: Togekiss|215/374 par","|","|-heal|p1a: Togekiss|238/374 par|[from] item: Leftovers","|turn|26","|","|switch|p2a: Sylveon|Sylveon, F|391/391","|-damage|p2a: Sylveon|343/391|[from] Spikes","|-damage|p2a: Sylveon|295/391|[from] Stealth Rock","|cant|p1a: Togekiss|par","|","|-heal|p1a: Togekiss|261/374 par|[from] item: Leftovers","|turn|27","|","|move|p2a: Sylveon|Psyshock|p1a: Togekiss","|-damage|p1a: Togekiss|120/374 par","|move|p1a: Togekiss|Thunder Wave|p2a: Sylveon","|-status|p2a: Sylveon|par","|","|-heal|p1a: Togekiss|143/374 par|[from] item: Leftovers","|turn|28","|","|move|p1a: Togekiss|Roost|p1a: Togekiss","|-heal|p1a: Togekiss|330/374 par","|move|p2a: Sylveon|Psyshock|p1a: Togekiss","|-damage|p1a: Togekiss|175/374 par","|","|-heal|p1a: Togekiss|198/374 par|[from] item: Leftovers","|turn|29","|","|move|p1a: Togekiss|Heal Bell|p1a: Togekiss","|-cureteam|p1a: Togekiss|[from] move: HealBell","|move|p2a: Sylveon|Psyshock|p1a: Togekiss","|-damage|p1a: Togekiss|62/374","|","|-heal|p1a: Togekiss|85/374|[from] item: Leftovers","|turn|30","|","|move|p1a: Togekiss|Roost|p1a: Togekiss","|-heal|p1a: Togekiss|272/374","|cant|p2a: Sylveon|par","|","|-heal|p1a: Togekiss|295/374|[from] item: Leftovers","|turn|31","|","|move|p1a: Togekiss|Air Slash|p2a: Sylveon","|-damage|p2a: Sylveon|207/391 par","|move|p2a: Sylveon|Psyshock|p1a: Togekiss","|-damage|p1a: Togekiss|160/374","|","|-heal|p1a: Togekiss|183/374|[from] item: Leftovers","|turn|32","|","|move|p1a: Togekiss|Roost|p1a: Togekiss","|-heal|p1a: Togekiss|370/374","|move|p2a: Sylveon|Psyshock|p1a: Togekiss","|-damage|p1a: Togekiss|224/374","|","|-heal|p1a: Togekiss|247/374|[from] item: Leftovers","|turn|33","|","|move|p1a: Togekiss|Air Slash|p2a: Sylveon","|-damage|p2a: Sylveon|117/391 par","|move|p2a: Sylveon|Psyshock|p1a: Togekiss","|-damage|p1a: Togekiss|114/374","|","|-heal|p1a: Togekiss|137/374|[from] item: Leftovers","|turn|34","|","|move|p1a: Togekiss|Roost|p1a: Togekiss","|-heal|p1a: Togekiss|324/374","|cant|p2a: Sylveon|par","|","|-heal|p1a: Togekiss|347/374|[from] item: Leftovers","|turn|35","|","|move|p1a: Togekiss|Air Slash|p2a: Sylveon","|-damage|p2a: Sylveon|26/391 par","|move|p2a: Sylveon|Psyshock|p1a: Togekiss","|-damage|p1a: Togekiss|192/374","|","|-heal|p1a: Togekiss|215/374|[from] item: Leftovers","|turn|36","|","|move|p1a: Togekiss|Air Slash|p2a: Sylveon","|-damage|p2a: Sylveon|0 fnt","|faint|p2a: Sylveon","|","|-heal|p1a: Togekiss|238/374|[from] item: Leftovers","|","|switch|p2a: Slurpuff|Slurpuff, F|312/312","|-damage|p2a: Slurpuff|273/312|[from] Spikes","|-damage|p2a: Slurpuff|234/312|[from] Stealth Rock","|turn|37","|","|move|p2a: Slurpuff|Belly Drum|p2a: Slurpuff","|-damage|p2a: Slurpuff|78/312","|-setboost|p2a: Slurpuff|atk|6|[from] move: Belly Drum","|-enditem|p2a: Slurpuff|Sitrus Berry|[eat]","|-heal|p2a: Slurpuff|156/312|[from] item: Sitrus Berry","|move|p1a: Togekiss|Air Slash|p2a: Slurpuff","|-damage|p2a: Slurpuff|29/312","|","|-heal|p1a: Togekiss|261/374|[from] item: Leftovers","|turn|38","|","|move|p2a: Slurpuff|Play Rough|p1a: Togekiss","|-damage|p1a: Togekiss|0 fnt","|faint|p1a: Togekiss","|","|","|switch|p1a: Landorus-Therian|Landorus-Therian, M|189/319","|-ability|p1a: Landorus-Therian|Intimidate","|-unboost|p2a: Slurpuff|atk|1","|turn|39","|","|move|p2a: Slurpuff|Play Rough|p1a: Landorus-Therian","|-damage|p1a: Landorus-Therian|0 fnt","|faint|p1a: Landorus-Therian","|","|","|switch|p1a: Vivillon|Vivillon, M|1/301","|turn|40","|","|move|p2a: Slurpuff|Return|p1a: Vivillon","|-damage|p1a: Vivillon|0 fnt","|faint|p1a: Vivillon","|","|win|Miracle-Chan"],"p1rating":{"entryid":"204669","serverid":"eos","formatid":"monotype","userid":"doctorvergi","username":"Doctor Vergi","w":"1","l":3,"t":"0","gxe":43.9,"r":"1478.0600264848","rd":"112.8871472591","sigma":"0","rptime":"1440838800","rpr":1451.4711227382,"rprd":108.15043488758,"rpsigma":"0","acre":1012.5612484219,"lacre":1012.5612484219,"oldacre":"1025.7646103342"},"p2rating":{"entryid":"595186","serverid":"eos","formatid":"monotype","userid":"miraclechan","username":"Miracle-Chan♊","w":2,"l":"0","t":"0","gxe":58.3,"r":"1535.2940035772","rd":"122.85633037203","sigma":"0","rptime":"1440838800","rpr":1566.5210002841,"rprd":116.70513479322,"rpsigma":"0","acre":1074.3920979183,"lacre":1074.3920979183,"oldacre":"1042.3494685639"},"endType":"normal"}