{"seed":[16442,29873,24569,36066],"turns":18,"p1":"Liibé","p2":"Union Abra","p1team":[{"name":"Gardevoir","species":"Gardevoir","item":"gardevoirite","ability":"Trace","moves":["hypervoice","focusblast","psychic","energyball"],"nature":"Timid","evs":{"hp":0,"atk":0,"def":0,"spa":252,"spd":4,"spe":252},"ivs":{"hp":31,"atk":31,"def":31,"spa":31,"spd":31,"spe":31}},{"name":"Mew","species":"Mew","item":"leftovers","ability":"Synchronize","moves":["knockoff","defog","roost","willowisp"],"nature":"Careful","evs":{"hp":252,"atk":4,"def":0,"spa":0,"spd":252,"spe":0},"ivs":{"hp":31,"atk":31,"def":31,"spa":31,"spd":31,"spe":31}},{"name":"Metagross","species":"Metagross","item":"choiceband","ability":"Clear Body","moves":["zenheadbutt","bulletpunch","earthquake","meteormash"],"nature":"Adamant","evs":{"hp":248,"atk":252,"def":0,"spa":0,"spd":8,"spe":0},"ivs":{"hp":31,"atk":31,"def":31,"spa":31,"spd":31,"spe":31}},{"name":"Slowbro","species":"Slowbro","item":"leftovers","ability":"Regenerator","moves":["scald","psychic","thunderwave","slackoff"],"nature":"Bold","evs":{"hp":252,"atk":0,"def":252,"spa":4,"spd":0,"spe":0},"ivs":{"hp":31,"atk":31,"def":31,"spa":31,"spd":31,"spe":31}},{"name":"Hoopa-Unbound","species":"Hoopa-Unbound","item":"assaultvest","ability":"Magician","moves":["zenheadbutt","knockoff","thunderpunch","icepunch"],"nature":"Adamant","evs":{"hp":240,"atk":252,"def":0,"spa":0,"spd":16,"spe":0},"ivs":{"hp":31,"atk":31,"def":31,"spa":31,"spd":31,"spe":31}},{"name":"Latios","species":"Latios","item":"choicescarf","ability":"Levitate","moves":["dracometeor","thunderbolt","icebeam","psyshock"],"nature":"Timid","evs":{"hp":0,"atk":0,"def":0,"spa":252,"spd":4,"spe":252},"ivs":{"hp":31,"atk":31,"def":31,"spa":31,"spd":31,"spe":31}}],"p2team":[{"name":"Charizard","species":"Charizard","item":"charizarditey","ability":"Blaze","moves":["fireblast","solarbeam","airslash","roost"],"nature":"Timid","evs":{"hp":0,"atk":0,"def":4,"spa":252,"spd":0,"spe":252},"ivs":{"hp":31,"atk":31,"def":31,"spa":31,"spd":31,"spe":31}},{"name":"Infernape","species":"Infernape","item":"choiceband","ability":"Iron Fist","moves":["closecombat","machpunch","flareblitz","earthquake"],"nature":"Jolly","evs":{"hp":0,"atk":252,"def":0,"spa":0,"spd":4,"spe":252},"ivs":{"hp":31,"atk":31,"def":31,"spa":31,"spd":31,"spe":31}},{"name":"Arcanine","species":"Arcanine","item":"lifeorb","ability":"Intimidate","moves":["flareblitz","extremespeed","wildcharge","morningsun"],"nature":"Jolly","evs":{"hp":0,"atk":252,"def":0,"spa":0,"spd":4,"spe":252},"ivs":{"hp":31,"atk":31,"def":31,"spa":31,"spd":31,"spe":31}},{"name":"Heatran","species":"Heatran","item":"leftovers","ability":"Flash Fire","moves":["taunt","toxic","lavaplume","ancientpower"],"nature":"Calm","evs":{"hp":252,"atk":0,"def":0,"spa":4,"spd":252,"spe":0},"ivs":{"hp":31,"atk":31,"def":31,"spa":31,"spd":31,"spe":31}},{"name":"Torkoal","species":"Torkoal","item":"leftovers","ability":"Shell Armor","moves":["lavaplume","clearsmog","rapidspin","stealthrock"],"nature":"Bold","evs":{"hp":252,"atk":0,"def":252,"spa":4,"spd":0,"spe":0},"ivs":{"hp":31,"atk":31,"def":31,"spa":31,"spd":31,"spe":31}},{"name":"Rotom-Heat","species":"Rotom-Heat","item":"choicescarf","ability":"Levitate","moves":["trick","voltswitch","overheat","willowisp"],"nature":"Timid","evs":{"hp":0,"atk":0,"def":0,"spa":252,"spd":4,"spe":252},"ivs":{"hp":31,"atk":31,"def":31,"spa":31,"spd":31,"spe":31}}],"log":["|player|p1|Liibé|101","|player|p2|Union Abra|102","|gametype|singles","|gen|6","|tier|Monotype","|rated","|rule|Baton Pass Clause: Limit one Baton Passer, can't pass Spe and other stats simultaneously","|rule|Swagger Clause: Swagger is banned","|rule|Same Type Clause: Pokémon in a team must share a type","|clearpoke","|poke|p1|Gardevoir, M","|poke|p1|Mew","|poke|p1|Metagross","|poke|p1|Slowbro, F","|poke|p1|Hoopa-Unbound","|poke|p1|Latios, M","|poke|p2|Charizard, M","|poke|p2|Infernape, F","|poke|p2|Arcanine, F","|poke|p2|Heatran, M","|poke|p2|Torkoal, M","|poke|p2|Rotom-Heat","|rule|Sleep Clause Mod: Limit one foe put to sleep","|rule|Species Clause: Limit one of each Pokémon","|rule|OHKO Clause: OHKO moves are banned","|rule|Moody Clause: Moody is banned","|rule|Evasion Moves Clause: Evasion moves are banned","|rule|Endless Battle Clause: Forcing endless battles is banned","|rule|HP Percentage Mod: HP is shown in percentages","|teampreview","|","|start","|switch|p1a: Hoopa-Unbound|Hoopa-Unbound|361/361","|switch|p2a: Rotom-Heat|Rotom-Heat|241/241","|turn|1","|","|move|p2a: Rotom-Heat|Will-O-Wisp|p1a: Hoopa-Unbound","|-status|p1a: Hoopa-Unbound|brn","|move|p1a: Hoopa-Unbound|Knock Off|p2a: Rotom-Heat","|-damage|p2a: Rotom-Heat|143/241","|-enditem|p2a: Rotom-Heat|Choice Scarf|[from] move: Knock Off|[of] p1a: Hoopa-Unbound","|","|-damage|p1a: Hoopa-Unbound|316/361 brn|[from] brn","|turn|2","|","|move|p2a: Rotom-Heat|Trick|p1a: Hoopa-Unbound","|-activate|p2a: Rotom-Heat|move: Trick|[of] p1a: Hoopa-Unbound","|-item|p2a: Rotom-Heat|Assault Vest|[from] move: Trick","|move|p1a: Hoopa-Unbound|Knock Off|p2a: Rotom-Heat","|-damage|p2a: Rotom-Heat|45/241","|-item|p1a: Hoopa-Unbound|Assault Vest|[from] ability: Magician|[of] p2a: Rotom-Heat","|","|-damage|p1a: Hoopa-Unbound|271/361 brn|[from] brn","|turn|3","|","|move|p2a: Rotom-Heat|Overheat|p1a: Hoopa-Unbound","|-damage|p1a: Hoopa-Unbound|165/361 brn","|-unboost|p2a: Rotom-Heat|spa|2","|move|p1a: Hoopa-Unbound|Zen Headbutt|p2a: Rotom-Heat","|-damage|p2a: Rotom-Heat|0 fnt","|faint|p2a: Rotom-Heat","|","|-damage|p1a: Hoopa-Unbound|120/361 brn|[from] brn","|","|switch|p2a: Arcanine|Arcanine, F|321/321","|-ability|p2a: Arcanine|Intimidate","|-unboost|p1a: Hoopa-Unbound|atk|1","|turn|4","|","|move|p2a: Arcanine|Wild Charge|p1a: Hoopa-Unbound","|-damage|p1a: Hoopa-Unbound|0 fnt","|-damage|p2a: Arcanine|291/321|[from] recoil|[of] p1a: Hoopa-Unbound","|-damage|p2a: Arcanine|259/321|[from] item: Life Orb","|faint|p1a: Hoopa-Unbound","|","|","|switch|p1a: Latios|Latios, M|301/301","|turn|5","|","|switch|p2a: Heatran|Heatran, M|386/386","|move|p1a: Latios|Draco Meteor|p2a: Heatran","|-resisted|p2a: Heatran","|-damage|p2a: Heatran|310/386","|-unboost|p1a: Latios|spa|2","|","|-heal|p2a: Heatran|334/386|[from] item: Leftovers","|turn|6","|","|switch|p1a: Slowbro|Slowbro, F|394/394","|move|p2a: Heatran|Taunt|p1a: Slowbro","|-start|p1a: Slowbro|move: Taunt","|","|-heal|p2a: Heatran|358/386|[from] item: Leftovers","|turn|7","|","|move|p2a: Heatran|Toxic|p1a: Slowbro","|-status|p1a: Slowbro|tox","|move|p1a: Slowbro|Scald|p2a: Heatran","|-supereffective|p2a: Heatran","|-damage|p2a: Heatran|232/386","|","|-heal|p2a: Heatran|256/386|[from] item: Leftovers","|-damage|p1a: Slowbro|370/394 tox|[from] psn","|turn|8","|","|move|p2a: Heatran|Ancient Power|p1a: Slowbro","|-damage|p1a: Slowbro|301/394 tox","|-boost|p2a: Heatran|atk|1","|-boost|p2a: Heatran|def|1","|-boost|p2a: Heatran|spa|1","|-boost|p2a: Heatran|spd|1","|-boost|p2a: Heatran|spe|1","|move|p1a: Slowbro|Scald|p2a: Heatran","|-crit|p2a: Heatran","|-supereffective|p2a: Heatran","|-damage|p2a: Heatran|70/386","|","|-heal|p2a: Heatran|94/386|[from] item: Leftovers","|-heal|p1a: Slowbro|325/394 tox|[from] item: Leftovers","|-damage|p1a: Slowbro|277/394 tox|[from] psn","|-end|p1a: Slowbro|move: Taunt","|turn|9","|","|move|p2a: Heatran|Ancient Power|p1a: Slowbro","|-damage|p1a: Slowbro|164/394 tox","|move|p1a: Slowbro|Scald|p2a: Heatran","|-supereffective|p2a: Heatran","|-damage|p2a: Heatran|0 fnt","|faint|p2a: Heatran","|","|-heal|p1a: Slowbro|188/394 tox|[from] item: Leftovers","|-damage|p1a: Slowbro|116/394 tox|[from] psn","|","|switch|p2a: Charizard|Charizard, M|297/297","|turn|10","|","|detailschange|p2a: Charizard|Charizard-Mega-Y, M","|-mega|p2a: Charizard|Charizard|Charizardite Y","|-weather|SunnyDay","|move|p2a: Charizard|Solar Beam|p1a: Slowbro|[still]","|-prepare|p2a: Charizard|Solar Beam|p1a: Slowbro","|-anim|p2a: Charizard|Solar Beam|p1a: Slowbro","|-supereffective|p1a: Slowbro","|-damage|p1a: Slowbro|0 fnt","|faint|p1a: Slowbro","|","|-weather|SunnyDay|[upkeep]","|","|switch|p1a: Latios|Latios, M|301/301","|turn|11","|","|move|p1a: Latios|Draco Meteor|p2a: Charizard","|-damage|p2a: Charizard|78/297","|-unboost|p1a: Latios|spa|2","|move|p2a: Charizard|Air Slash|p1a: Latios","|-damage|p1a: Latios|148/301","|","|-weather|SunnyDay|[upkeep]","|turn|12","|","|switch|p1a: Mew|Mew|404/404","|move|p2a: Charizard|Roost|p2a: Charizard","|-heal|p2a: Charizard|227/297","|","|-weather|SunnyDay|[upkeep]","|turn|13","|","|move|p2a: Charizard|Fire Blast|p1a: Mew","|-damage|p1a: Mew|170/404","|move|p1a: Mew|Knock Off|p2a: Charizard","|-damage|p2a: Charizard|161/297","|","|-weather|SunnyDay|[upkeep]","|-heal|p1a: Mew|195/404|[from] item: Leftovers","|turn|14","|","|move|p2a: Charizard|Fire Blast|p1a: Mew","|-damage|p1a: Mew|0 fnt","|faint|p1a: Mew","|","|-weather|none","|","|switch|p1a: Latios|Latios, M|148/301","|turn|15","|","|move|p1a: Latios|Draco Meteor|p2a: Charizard","|-damage|p2a: Charizard|0 fnt","|-unboost|p1a: Latios|spa|2","|faint|p2a: Charizard","|","|","|switch|p2a: Infernape|Infernape, F|293/293","|turn|16","|","|move|p1a: Latios|Draco Meteor|p2a: Infernape|[miss]","|-miss|p1a: Latios|p2a: Infernape","|move|p2a: Infernape|Flare Blitz|p1a: Latios","|-resisted|p1a: Latios","|-damage|p1a: Latios|0 fnt","|-damage|p2a: Infernape|244/293|[from] recoil|[of] p1a: Latios","|faint|p1a: Latios","|","|","|switch|p1a: Gardevoir|Gardevoir, M|277/277","|-ability|p1a: Gardevoir|Iron Fist|[from] ability: Trace|[of] p2a: Infernape","|turn|17","|","|detailschange|p1a: Gardevoir|Gardevoir-Mega, M","|-mega|p1a: Gardevoir|Gardevoir|Gardevoirite","|move|p2a: Infernape|Flare Blitz|p1a: Gardevoir","|-damage|p1a: Gardevoir|0 fnt","|-damage|p2a: Infernape|153/293|[from] recoil|[of] p1a: Gardevoir","|faint|p1a: Gardevoir","|","|","|switch|p1a: Metagross|Metagross|363/363","|turn|18","|","|move|p2a: Infernape|Flare Blitz|p1a: Metagross","|-supereffective|p1a: Metagross","|-damage|p1a: Metagross|0 fnt","|-damage|p2a: Infernape|33/293|[from] recoil|[of] p1a: Metagross","|faint|p1a: Metagross","|","|win|Union Abra"],"p1rating":{"entryid":"70433","serverid":"eos","formatid":"monotype","userid":"liib","username":"Liibé","w":"1","l":1,"t":"0","gxe":49.4,"r":"1536.1182879878","rd":124.63325264402,"sigma":"0","rptime":1440838800,"rpr":1495.2789872515,"rprd":118.35238949947,"rpsigma":"0","acre":1031.6707294032,"lacre":1031.6707294032,"oldacre":"1052.1480341346"},"p2rating":{"entryid":602989,"formatid":"monotype","userid":"unionabra","username":"Union Abra","r":1500,"rd":130,"sigma":0,"rpr":1544.2877906127,"rprd":122.83933897506,"rpsigma":0,"rptime":1440838800,"w":1,"l":0,"t":0,"gxe":55.5,"acre":1045.9590821524,"lacre":1045.9590821524,"oldacre":1000},"endType":"normal"}