{"seed":[4031,14040,46140,65030],"turns":19,"p1":"Alliance - Mxy","p2":"Hm Gallade","p1team":[{"name":"Not mega magneton","species":"magnezone","item":"choicescarf","ability":"Sturdy","moves":["voltswitch","thunderbolt","flashcannon","hiddenpowerice"],"nature":"Timid","evs":{"hp":0,"atk":0,"def":0,"spa":252,"spd":4,"spe":252},"ivs":{"hp":31,"atk":30,"def":30,"spa":31,"spd":31,"spe":31}},{"name":"Battle condor","species":"skarmory","item":"leftovers","ability":"Sturdy","moves":["bravebird","roost","defog","spikes"],"nature":"Careful","evs":{"hp":248,"atk":0,"def":8,"spa":0,"spd":252,"spe":0},"ivs":{"hp":31,"atk":31,"def":31,"spa":31,"spd":31,"spe":31}},{"name":"CODNAME: Ghast","species":"doublade","item":"eviolite","ability":"No Guard","moves":["gyroball","sacredsword","shadowsneak","swordsdance"],"nature":"Brave","evs":{"hp":248,"atk":100,"def":56,"spa":0,"spd":104,"spe":0},"ivs":{"hp":31,"atk":31,"def":31,"spa":31,"spd":31,"spe":0}},{"name":"HOTSTUFF","species":"heatran","item":"airballoon","ability":"Flash Fire","moves":["lavaplume","earthpower","darkpulse","stealthrock"],"nature":"Timid","evs":{"hp":0,"atk":0,"def":0,"spa":252,"spd":56,"spe":200},"ivs":{"hp":31,"atk":30,"def":31,"spa":30,"spd":31,"spe":31}},{"name":"X-Django","species":"scizor","item":"scizorite","ability":"Technician","moves":["bulletpunch","knockoff","roost","swordsdance"],"nature":"Adamant","evs":{"hp":144,"atk":200,"def":100,"spa":0,"spd":20,"spe":44},"ivs":{"hp":31,"atk":31,"def":31,"spa":31,"spd":31,"spe":31}},{"name":"CODNAME: Durant","species":"durant","item":"focussash","ability":"Hustle","moves":["xscissor","superpower","stoneedge","honeclaws"],"nature":"Jolly","evs":{"hp":0,"atk":252,"def":0,"spa":0,"spd":4,"spe":252},"ivs":{"hp":31,"atk":31,"def":31,"spa":31,"spd":31,"spe":31}}],"p2team":[{"name":"Dragonite","species":"Dragonite","item":"leftovers","ability":"Multiscale","moves":["extremespeed","roost","dragonclaw","firepunch"],"nature":"Adamant","evs":{"hp":216,"atk":64,"def":0,"spa":0,"spd":228,"spe":0},"ivs":{"hp":31,"atk":31,"def":31,"spa":31,"spd":31,"spe":31}},{"name":"Kyurem-Black","species":"Kyurem-Black","item":"lifeorb","ability":"Teravolt","moves":["hiddenpowerfire","icebeam","earthpower","fusionbolt"],"nature":"Mild","evs":{"hp":0,"atk":20,"def":0,"spa":252,"spd":0,"spe":236},"ivs":{"hp":31,"atk":30,"def":31,"spa":30,"spd":31,"spe":30}},{"name":"Tyrantrum","species":"Tyrantrum","item":"choicescarf","ability":"Rock Head","moves":["headsmash","crunch","ironhead","superpower"],"nature":"Jolly","evs":{"hp":0,"atk":252,"def":4,"spa":0,"spd":0,"spe":252},"ivs":{"hp":31,"atk":31,"def":31,"spa":31,"spd":31,"spe":31}},{"name":"Latios","species":"Latios","item":"lifeorb","ability":"Levitate","moves":["dracometeor","psyshock","hiddenpowerfire","defog"],"nature":"Timid","evs":{"hp":0,"atk":0,"def":4,"spa":252,"spd":0,"spe":252},"ivs":{"hp":31,"atk":30,"def":31,"spa":30,"spd":31,"spe":30}},{"name":"Garchomp","species":"Garchomp","item":"rockyhelmet","ability":"Rough Skin","moves":["stealthrock","dragontail","earthquake","toxic"],"nature":"Impish","evs":{"hp":252,"atk":0,"def":164,"spa":0,"spd":76,"spe":16},"ivs":{"hp":31,"atk":31,"def":31,"spa":31,"spd":31,"spe":31}},{"name":"Dragalge","species":"Dragalge","item":"blacksludge","ability":"Adaptability","moves":["sludgewave","toxicspikes","haze","dracometeor"],"nature":"Calm","evs":{"hp":248,"atk":0,"def":0,"spa":8,"spd":252,"spe":0},"ivs":{"hp":31,"atk":31,"def":31,"spa":31,"spd":31,"spe":31}}],"log":["|player|p1|Alliance - Mxy|270","|player|p2|Hm Gallade|273","|gametype|singles","|gen|6","|tier|Monotype","|rated","|rule|Baton Pass Clause: Limit one Baton Passer, can't pass Spe and other stats simultaneously","|rule|Swagger Clause: Swagger is banned","|rule|Same Type Clause: Pokémon in a team must share a type","|clearpoke","|poke|p1|Magnezone","|poke|p1|Skarmory, M","|poke|p1|Doublade, M","|poke|p1|Heatran, F","|poke|p1|Scizor, M","|poke|p1|Durant, F","|poke|p2|Dragonite, F","|poke|p2|Kyurem-Black","|poke|p2|Tyrantrum, F","|poke|p2|Latios, M","|poke|p2|Garchomp, F","|poke|p2|Dragalge, F","|rule|Sleep Clause Mod: Limit one foe put to sleep","|rule|Species Clause: Limit one of each Pokémon","|rule|OHKO Clause: OHKO moves are banned","|rule|Moody Clause: Moody is banned","|rule|Evasion Moves Clause: Evasion moves are banned","|rule|Endless Battle Clause: Forcing endless battles is banned","|rule|HP Percentage Mod: HP is shown in percentages","|teampreview","|","|start","|switch|p1a: Not mega magneton|Magnezone|281/281","|switch|p2a: Garchomp|Garchomp, F|420/420","|turn|1","|","|move|p1a: Not mega magneton|Hidden Power|p2a: Garchomp","|-supereffective|p2a: Garchomp","|-damage|p2a: Garchomp|96/420","|move|p2a: Garchomp|Stealth Rock|p1a: Not mega magneton","|-sidestart|p1: Alliance - Mxy|move: Stealth Rock","|","|turn|2","|","|switch|p2a: Dragalge|Dragalge, F|333/333","|move|p1a: Not mega magneton|Hidden Power|p2a: Dragalge","|-supereffective|p2a: Dragalge","|-damage|p2a: Dragalge|239/333","|","|-heal|p2a: Dragalge|259/333|[from] item: Black Sludge","|turn|3","|","|switch|p1a: Battle condor|Skarmory, M|333/333","|-damage|p1a: Battle condor|292/333|[from] Stealth Rock","|move|p2a: Dragalge|Draco Meteor|p1a: Battle condor","|-resisted|p1a: Battle condor","|-damage|p1a: Battle condor|205/333","|-unboost|p2a: Dragalge|spa|2","|","|-heal|p1a: Battle condor|225/333|[from] item: Leftovers","|-heal|p2a: Dragalge|279/333|[from] item: Black Sludge","|turn|4","|","|move|p1a: Battle condor|Defog|p2a: Dragalge","|-unboost|p2a: Dragalge|evasion|1","|-sideend|p1: Alliance - Mxy|Stealth Rock|[from] move: Defog|[of] p1a: Battle condor","|move|p2a: Dragalge|Haze|p2a: Dragalge","|-clearallboost","|","|-heal|p1a: Battle condor|245/333|[from] item: Leftovers","|-heal|p2a: Dragalge|299/333|[from] item: Black Sludge","|turn|5","|","|move|p1a: Battle condor|Spikes|p2a: Dragalge","|-sidestart|p2: Hm Gallade|Spikes","|move|p2a: Dragalge|Draco Meteor|p1a: Battle condor|[miss]","|-miss|p2a: Dragalge|p1a: Battle condor","|","|-heal|p1a: Battle condor|265/333|[from] item: Leftovers","|-heal|p2a: Dragalge|319/333|[from] item: Black Sludge","|turn|6","|","|move|p1a: Battle condor|Spikes|p2a: Dragalge","|-sidestart|p2: Hm Gallade|Spikes","|move|p2a: Dragalge|Draco Meteor|p1a: Battle condor","|-resisted|p1a: Battle condor","|-damage|p1a: Battle condor|175/333","|-unboost|p2a: Dragalge|spa|2","|","|-heal|p1a: Battle condor|195/333|[from] item: Leftovers","|-heal|p2a: Dragalge|333/333|[from] item: Black Sludge","|turn|7","|","|switch|p2a: Latios|Latios, M|301/301","|move|p1a: Battle condor|Brave Bird|p2a: Latios","|-damage|p2a: Latios|172/301","|-damage|p1a: Battle condor|152/333|[from] recoil|[of] p2a: Latios","|","|-heal|p1a: Battle condor|172/333|[from] item: Leftovers","|turn|8","|","|move|p2a: Latios|Hidden Power|p1a: Battle condor","|-supereffective|p1a: Battle condor","|-damage|p1a: Battle condor|0 fnt","|-damage|p2a: Latios|142/301|[from] item: Life Orb","|faint|p1a: Battle condor","|","|","|switch|p1a: CODNAME: Ghast|Doublade, M|321/321","|turn|9","|","|move|p1a: CODNAME: Ghast|Shadow Sneak|p2a: Latios","|-supereffective|p2a: Latios","|-damage|p2a: Latios|0 fnt","|faint|p2a: Latios","|","|","|switch|p2a: Dragonite|Dragonite, F|377/377","|turn|10","|","|move|p2a: Dragonite|Fire Punch|p1a: CODNAME: Ghast","|-supereffective|p1a: CODNAME: Ghast","|-damage|p1a: CODNAME: Ghast|247/321","|move|p1a: CODNAME: Ghast|Swords Dance|p1a: CODNAME: Ghast","|-boost|p1a: CODNAME: Ghast|atk|2","|","|turn|11","|","|move|p2a: Dragonite|Fire Punch|p1a: CODNAME: Ghast","|-supereffective|p1a: CODNAME: Ghast","|-damage|p1a: CODNAME: Ghast|161/321","|move|p1a: CODNAME: Ghast|Gyro Ball|p2a: Dragonite","|-damage|p2a: Dragonite|251/377","|","|-heal|p2a: Dragonite|274/377|[from] item: Leftovers","|turn|12","|","|move|p2a: Dragonite|Fire Punch|p1a: CODNAME: Ghast","|-supereffective|p1a: CODNAME: Ghast","|-damage|p1a: CODNAME: Ghast|81/321","|move|p1a: CODNAME: Ghast|Gyro Ball|p2a: Dragonite","|-damage|p2a: Dragonite|30/377","|","|-heal|p2a: Dragonite|53/377|[from] item: Leftovers","|turn|13","|","|move|p1a: CODNAME: Ghast|Shadow Sneak|p2a: Dragonite","|-damage|p2a: Dragonite|0 fnt","|faint|p2a: Dragonite","|","|","|switch|p2a: Dragalge|Dragalge, F|333/333","|-damage|p2a: Dragalge|278/333|[from] Spikes","|turn|14","|","|move|p1a: CODNAME: Ghast|Shadow Sneak|p2a: Dragalge","|-crit|p2a: Dragalge","|-damage|p2a: Dragalge|61/333","|move|p2a: Dragalge|Draco Meteor|p1a: CODNAME: Ghast","|-crit|p1a: CODNAME: Ghast","|-resisted|p1a: CODNAME: Ghast","|-damage|p1a: CODNAME: Ghast|0 fnt","|-unboost|p2a: Dragalge|spa|2","|faint|p1a: CODNAME: Ghast","|","|-heal|p2a: Dragalge|81/333|[from] item: Black Sludge","|","|switch|p1a: X-Django|Scizor, M|317/317","|turn|15","|","|detailschange|p1a: X-Django|Scizor-Mega, M","|-mega|p1a: X-Django|Scizor|Scizorite","|move|p1a: X-Django|Knock Off|p2a: Dragalge","|-crit|p2a: Dragalge","|-damage|p2a: Dragalge|0 fnt","|-enditem|p2a: Dragalge|Black Sludge|[from] move: Knock Off|[of] p1a: X-Django","|faint|p2a: Dragalge","|","|","|switch|p2a: Kyurem-Black|Kyurem-Black|391/391","|-damage|p2a: Kyurem-Black|326/391|[from] Spikes","|-ability|p2a: Kyurem-Black|Teravolt","|turn|16","|","|move|p2a: Kyurem-Black|Hidden Power|p1a: X-Django","|-supereffective|p1a: X-Django","|-damage|p1a: X-Django|0 fnt","|-damage|p2a: Kyurem-Black|287/391|[from] item: Life Orb","|faint|p1a: X-Django","|","|","|switch|p1a: Not mega magneton|Magnezone|281/281","|turn|17","|","|move|p1a: Not mega magneton|Flash Cannon|p2a: Kyurem-Black","|-supereffective|p2a: Kyurem-Black","|-damage|p2a: Kyurem-Black|0 fnt","|faint|p2a: Kyurem-Black","|","|","|switch|p2a: Tyrantrum|Tyrantrum, F|305/305","|-damage|p2a: Tyrantrum|255/305|[from] Spikes","|turn|18","|","|move|p2a: Tyrantrum|Superpower|p1a: Not mega magneton","|-supereffective|p1a: Not mega magneton","|-damage|p1a: Not mega magneton|33/281","|-unboost|p2a: Tyrantrum|atk|1","|-unboost|p2a: Tyrantrum|def|1","|move|p1a: Not mega magneton|Flash Cannon|p2a: Tyrantrum","|-supereffective|p2a: Tyrantrum","|-damage|p2a: Tyrantrum|0 fnt","|faint|p2a: Tyrantrum","|","|","|switch|p2a: Garchomp|Garchomp, F|96/420","|-damage|p2a: Garchomp|26/420|[from] Spikes","|turn|19","|","|move|p1a: Not mega magneton|Flash Cannon|p2a: Garchomp","|-damage|p2a: Garchomp|0 fnt","|faint|p2a: Garchomp","|","|win|Alliance - Mxy"],"p1rating":{"entryid":"127788","serverid":"eos","formatid":"monotype","userid":"alliancemxy","username":"Alliance - Mxy","w":29,"l":"14","t":"0","gxe":64.1,"r":"1587.3877217491","rd":"58.246800544352","sigma":"0","rptime":"1440838800","rpr":1610.5599604256,"rprd":54.55647084786,"rpsigma":"0","acre":1252.6716871196,"lacre":1252.6716871196,"oldacre":"1242.7605715126"},"p2rating":{"entryid":623779,"formatid":"monotype","userid":"hmgallade","username":"Hm Gallade","r":1500,"rd":130,"sigma":0,"rpr":1467.8586314839,"rprd":122.43345094017,"rpsigma":0,"rptime":1440838800,"w":0,"l":1,"t":0,"gxe":46,"acre":1000,"lacre":1000,"oldacre":1000},"endType":"normal"}