{"seed":[4920,5114,60694,62695],"turns":28,"p1":"KGBeast","p2":"Jake1079","p1team":[{"name":"Gengar","species":"Gengar","item":"choicescarf","ability":"Levitate","moves":["shadowball","sludgewave","dazzlinggleam","destinybond"],"nature":"Timid","evs":{"hp":0,"atk":0,"def":0,"spa":252,"spd":4,"spe":252},"ivs":{"hp":31,"atk":0,"def":31,"spa":31,"spd":31,"spe":31}},{"name":"Weezing","species":"Weezing","item":"leftovers","ability":"Levitate","moves":["willowisp","flamethrower","clearsmog","painsplit"],"nature":"Bold","evs":{"hp":248,"atk":0,"def":252,"spa":0,"spd":0,"spe":8},"ivs":{"hp":31,"atk":0,"def":31,"spa":31,"spd":31,"spe":31}},{"name":"Drapion","species":"Drapion","item":"choiceband","ability":"Sniper","moves":["knockoff","earthquake","brickbreak","pursuit"],"nature":"Adamant","evs":{"hp":200,"atk":252,"def":0,"spa":0,"spd":0,"spe":56},"ivs":{"hp":31,"atk":31,"def":31,"spa":31,"spd":31,"spe":31}},{"name":"Nidoking","species":"Nidoking","item":"focussash","ability":"Sheer Force","moves":["stealthrock","taunt","earthpower","icebeam"],"nature":"Timid","evs":{"hp":0,"atk":0,"def":0,"spa":252,"spd":4,"spe":252},"ivs":{"hp":31,"atk":0,"def":31,"spa":31,"spd":31,"spe":31}},{"name":"Venusaur","species":"Venusaur","item":"venusaurite","ability":"Overgrow","moves":["gigadrain","sludgebomb","earthquake","synthesis"],"nature":"Relaxed","evs":{"hp":248,"atk":0,"def":252,"spa":0,"spd":8,"spe":0},"ivs":{"hp":31,"atk":31,"def":31,"spa":31,"spd":31,"spe":31}},{"name":"Tentacruel","species":"Tentacruel","item":"assaultvest","ability":"Liquid Ooze","moves":["scald","sludgebomb","acidspray","rapidspin"],"nature":"Calm","evs":{"hp":248,"atk":0,"def":0,"spa":0,"spd":252,"spe":8},"ivs":{"hp":31,"atk":0,"def":31,"spa":31,"spd":31,"spe":31}}],"p2team":[{"name":"Aggron","species":"Aggron","item":"aggronite","ability":"Sturdy","moves":["autotomize","earthquake","ironhead","icepunch"],"nature":"Adamant","evs":{"hp":0,"atk":252,"def":0,"spa":0,"spd":8,"spe":248},"ivs":{"hp":31,"atk":31,"def":31,"spa":31,"spd":31,"spe":31}},{"name":"Ferrothorn","species":"Ferrothorn","item":"rockyhelmet","ability":"Iron Barbs","moves":["stealthrock","leechseed","protect","gyroball"],"nature":"Relaxed","evs":{"hp":248,"atk":8,"def":252,"spa":0,"spd":0,"spe":0},"ivs":{"hp":31,"atk":31,"def":31,"spa":31,"spd":31,"spe":0}},{"name":"Scizor","species":"Scizor","item":"occaberry","ability":"Technician","moves":["bugbite","bulletpunch","swordsdance","roost"],"nature":"Adamant","evs":{"hp":248,"atk":252,"def":0,"spa":0,"spd":8,"spe":0},"ivs":{"hp":31,"atk":31,"def":31,"spa":31,"spd":31,"spe":31}},{"name":"Empoleon","species":"Empoleon","item":"choicespecs","ability":"Torrent","moves":["flashcannon","scald","icebeam","hiddenpowerfire"],"nature":"Modest","evs":{"hp":248,"atk":0,"def":0,"spa":252,"spd":8,"spe":0},"ivs":{"hp":31,"atk":30,"def":31,"spa":30,"spd":31,"spe":30}},{"name":"Heatran","species":"Heatran","item":"choicescarf","ability":"Flash Fire","moves":["flamethrower","flashcannon","earthpower","darkpulse"],"nature":"Timid","evs":{"hp":4,"atk":0,"def":0,"spa":252,"spd":0,"spe":252},"ivs":{"hp":31,"atk":31,"def":31,"spa":31,"spd":31,"spe":31}},{"name":"Bronzong","species":"Bronzong","item":"lightclay","ability":"Levitate","moves":["lightscreen","reflect","toxic","explosion"],"nature":"Careful","evs":{"hp":248,"atk":8,"def":0,"spa":0,"spd":252,"spe":0},"ivs":{"hp":31,"atk":31,"def":31,"spa":31,"spd":31,"spe":31}}],"log":["|player|p1|KGBeast|kgbeast.png","|player|p2|Jake1079|290","|gametype|singles","|gen|6","|tier|Monotype","|rated","|rule|Baton Pass Clause: Limit one Baton Passer, can't pass Spe and other stats simultaneously","|rule|Swagger Clause: Swagger is banned","|rule|Same Type Clause: Pokémon in a team must share a type","|clearpoke","|poke|p1|Gengar, M","|poke|p1|Weezing, F","|poke|p1|Drapion, M","|poke|p1|Nidoking, M","|poke|p1|Venusaur, F","|poke|p1|Tentacruel, M","|poke|p2|Aggron, M","|poke|p2|Ferrothorn, F","|poke|p2|Scizor, M","|poke|p2|Empoleon, M","|poke|p2|Heatran, M","|poke|p2|Bronzong","|rule|Sleep Clause Mod: Limit one foe put to sleep","|rule|Species Clause: Limit one of each Pokémon","|rule|OHKO Clause: OHKO moves are banned","|rule|Moody Clause: Moody is banned","|rule|Evasion Moves Clause: Evasion moves are banned","|rule|Endless Battle Clause: Forcing endless battles is banned","|rule|HP Percentage Mod: HP is shown in percentages","|teampreview","|","|start","|switch|p1a: Nidoking|Nidoking, M|303/303","|switch|p2a: Aggron|Aggron, M|281/281","|turn|1","|","|detailschange|p2a: Aggron|Aggron-Mega, M","|-mega|p2a: Aggron|Aggron|Aggronite","|move|p1a: Nidoking|Earth Power|p2a: Aggron","|-supereffective|p2a: Aggron","|-damage|p2a: Aggron|0 fnt","|faint|p2a: Aggron","|","|","|switch|p2a: Bronzong|Bronzong|337/337","|turn|2","|","|move|p1a: Nidoking|Taunt|p2a: Bronzong","|-start|p2a: Bronzong|move: Taunt","|cant|p2a: Bronzong|move: Taunt|Reflect","|","|turn|3","|","|switch|p1a: Drapion|Drapion, M|331/331","|move|p2a: Bronzong|Explosion|p1a: Drapion","|-damage|p1a: Drapion|161/331","|faint|p2a: Bronzong","|","|","|switch|p2a: Scizor|Scizor, M|343/343","|turn|4","|","|switch|p1a: Weezing|Weezing, F|333/333","|move|p2a: Scizor|Swords Dance|p2a: Scizor","|-boost|p2a: Scizor|atk|2","|","|turn|5","|","|switch|p2a: Heatran|Heatran, M|324/324","|move|p1a: Weezing|Will-O-Wisp|p2a: Heatran","|-start|p2a: Heatran|ability: Flash Fire","|","|turn|6","|","|switch|p1a: Tentacruel|Tentacruel, M|363/363","|move|p2a: Heatran|Flamethrower|p1a: Tentacruel","|-resisted|p1a: Tentacruel","|-damage|p1a: Tentacruel|310/363","|","|turn|7","|","|-end|p2a: Heatran|ability: Flash Fire|[silent]","|switch|p2a: Ferrothorn|Ferrothorn, F|351/351","|switch|p1a: Drapion|Drapion, M|161/331","|","|turn|8","|","|switch|p1a: Venusaur|Venusaur, F|363/363","|move|p2a: Ferrothorn|Stealth Rock|p1a: Venusaur","|-sidestart|p1: KGBeast|move: Stealth Rock","|","|turn|9","|","|switch|p2a: Scizor|Scizor, M|343/343","|detailschange|p1a: Venusaur|Venusaur-Mega, F","|-mega|p1a: Venusaur|Venusaur|Venusaurite","|move|p1a: Venusaur|Earthquake|p2a: Scizor","|-damage|p2a: Scizor|263/343","|","|turn|10","|","|switch|p1a: Weezing|Weezing, F|333/333","|-damage|p1a: Weezing|292/333|[from] Stealth Rock","|move|p2a: Scizor|Swords Dance|p2a: Scizor","|-boost|p2a: Scizor|atk|2","|","|-heal|p1a: Weezing|312/333|[from] item: Leftovers","|turn|11","|","|switch|p2a: Empoleon|Empoleon, M|371/371","|move|p1a: Weezing|Will-O-Wisp|p2a: Empoleon","|-status|p2a: Empoleon|brn","|","|-heal|p1a: Weezing|332/333|[from] item: Leftovers","|-damage|p2a: Empoleon|325/371 brn|[from] brn","|turn|12","|","|switch|p1a: Tentacruel|Tentacruel, M|310/363","|-damage|p1a: Tentacruel|265/363|[from] Stealth Rock","|move|p2a: Empoleon|Scald|p1a: Tentacruel","|-resisted|p1a: Tentacruel","|-damage|p1a: Tentacruel|219/363","|","|-damage|p2a: Empoleon|279/371 brn|[from] brn","|turn|13","|","|move|p1a: Tentacruel|Rapid Spin|p2a: Empoleon","|-resisted|p2a: Empoleon","|-damage|p2a: Empoleon|274/371 brn","|-sideend|p1: KGBeast|Stealth Rock|[from] move: Rapid Spin|[of] p1a: Tentacruel","|move|p2a: Empoleon|Scald|p1a: Tentacruel","|-resisted|p1a: Tentacruel","|-damage|p1a: Tentacruel|177/363","|","|-damage|p2a: Empoleon|228/371 brn|[from] brn","|turn|14","|","|switch|p2a: Scizor|Scizor, M|263/343","|move|p1a: Tentacruel|Scald|p2a: Scizor","|-crit|p2a: Scizor","|-damage|p2a: Scizor|130/343","|","|turn|15","|","|switch|p1a: Weezing|Weezing, F|332/333","|move|p2a: Scizor|Roost|p2a: Scizor","|-heal|p2a: Scizor|302/343","|","|-heal|p1a: Weezing|333/333|[from] item: Leftovers","|turn|16","|","|switch|p2a: Empoleon|Empoleon, M|228/371 brn","|switch|p1a: Drapion|Drapion, M|161/331","|","|-damage|p2a: Empoleon|182/371 brn|[from] brn","|turn|17","|","|move|p1a: Drapion|Earthquake|p2a: Empoleon","|-supereffective|p2a: Empoleon","|-damage|p2a: Empoleon|0 fnt","|faint|p2a: Empoleon","|","|","|switch|p2a: Heatran|Heatran, M|324/324","|turn|18","|","|move|p2a: Heatran|Earth Power|p1a: Drapion","|-supereffective|p1a: Drapion","|-damage|p1a: Drapion|0 fnt","|faint|p1a: Drapion","|","|","|switch|p1a: Nidoking|Nidoking, M|303/303","|turn|19","|","|switch|p2a: Ferrothorn|Ferrothorn, F|351/351","|move|p1a: Nidoking|Earth Power|p2a: Ferrothorn","|-damage|p2a: Ferrothorn|218/351","|","|turn|20","|","|move|p1a: Nidoking|Earth Power|p2a: Ferrothorn","|-damage|p2a: Ferrothorn|74/351","|move|p2a: Ferrothorn|Stealth Rock|p1a: Nidoking","|-sidestart|p1: KGBeast|move: Stealth Rock","|","|turn|21","|","|move|p2a: Ferrothorn|Protect|p2a: Ferrothorn","|-singleturn|p2a: Ferrothorn|Protect","|move|p1a: Nidoking|Earth Power|p2a: Ferrothorn","|-activate|p2a: Ferrothorn|Protect","|","|turn|22","|","|switch|p2a: Scizor|Scizor, M|302/343","|move|p1a: Nidoking|Earth Power|p2a: Scizor","|-damage|p2a: Scizor|128/343","|","|turn|23","|","|move|p2a: Scizor|Bullet Punch|p1a: Nidoking","|-damage|p1a: Nidoking|150/303","|move|p1a: Nidoking|Earth Power|p2a: Scizor","|-damage|p2a: Scizor|0 fnt","|faint|p2a: Scizor","|","|","|switch|p2a: Heatran|Heatran, M|324/324","|turn|24","|","|move|p2a: Heatran|Earth Power|p1a: Nidoking","|-supereffective|p1a: Nidoking","|-damage|p1a: Nidoking|0 fnt","|faint|p1a: Nidoking","|","|","|switch|p1a: Venusaur|Venusaur-Mega, F|363/363","|-damage|p1a: Venusaur|318/363|[from] Stealth Rock","|turn|25","|","|move|p2a: Heatran|Earth Power|p1a: Venusaur","|-damage|p1a: Venusaur|227/363","|move|p1a: Venusaur|Earthquake|p2a: Heatran","|-supereffective|p2a: Heatran","|-damage|p2a: Heatran|36/324","|","|turn|26","|","|move|p2a: Heatran|Earth Power|p1a: Venusaur","|-crit|p1a: Venusaur","|-damage|p1a: Venusaur|100/363","|move|p1a: Venusaur|Earthquake|p2a: Heatran","|-crit|p2a: Heatran","|-supereffective|p2a: Heatran","|-damage|p2a: Heatran|0 fnt","|faint|p2a: Heatran","|","|","|switch|p2a: Ferrothorn|Ferrothorn, F|74/351","|turn|27","|","|switch|p1a: Weezing|Weezing, F|333/333","|-damage|p1a: Weezing|292/333|[from] Stealth Rock","|move|p2a: Ferrothorn|Gyro Ball|p1a: Weezing","|-damage|p1a: Weezing|225/333","|","|-heal|p1a: Weezing|245/333|[from] item: Leftovers","|turn|28","|","|move|p1a: Weezing|Flamethrower|p2a: Ferrothorn","|-supereffective|p2a: Ferrothorn","|-damage|p2a: Ferrothorn|0 fnt","|faint|p2a: Ferrothorn","|","|win|KGBeast"],"p1rating":{"entryid":"262469","serverid":"eos","formatid":"monotype","userid":"kgbeast","username":"KGBeast","w":8,"l":"9","t":"0","gxe":48.6,"r":"1461.4781166202","rd":"85.280835619857","sigma":"0","rptime":"1440838800","rpr":1489.4556204522,"rprd":76.162704799293,"rpsigma":"0","acre":1122.276433392,"lacre":1122.276433392,"oldacre":"1093.0118338104"},"p2rating":{"entryid":"56288","serverid":"eos","formatid":"monotype","userid":"jake1079","username":"Jake1079","w":"17","l":26,"t":"0","gxe":42.7,"r":"1452.2173345418","rd":"55.038241219726","sigma":"0","rptime":"1440838800","rpr":1444.2050825529,"rprd":54.406274527876,"rpsigma":"0","acre":1108.0454829001,"lacre":1108.0454829001,"oldacre":"1136.1324251601"},"endType":"normal"}