{"seed":[64804,3600,2725,53105],"turns":40,"p1":"Hm Narwhal","p2":"OkamiNine","p1team":[{"name":"Yanmega","species":"Yanmega","item":"leftovers","ability":"Speed Boost","moves":["protect","hiddenpowerground","airslash","bugbuzz"],"nature":"Modest","ivs":{"spa":30,"spd":30,"hp":31,"atk":31,"def":31,"spe":31},"evs":{"hp":0,"atk":0,"def":0,"spa":0,"spd":0,"spe":0}},{"name":"Scizor","species":"Scizor","item":"scizorite","ability":"Light Metal","moves":["swordsdance","roost","bulletpunch","uturn"],"nature":"Impish","evs":{"hp":248,"atk":44,"def":16,"spa":0,"spd":200,"spe":0},"ivs":{"hp":31,"atk":31,"def":31,"spa":31,"spd":31,"spe":31}},{"name":"Volcarona","species":"Volcarona","item":"sitrusberry","ability":"Flame Body","moves":["quiverdance","flamethrower","bugbuzz","gigadrain"],"nature":"Timid","evs":{"hp":50,"atk":0,"def":0,"spa":252,"spd":4,"spe":202},"ivs":{"hp":31,"atk":31,"def":31,"spa":31,"spd":31,"spe":31}},{"name":"Shuckle","species":"Shuckle","item":"mentalherb","ability":"Sturdy","moves":["stickyweb","stealthrock","encore","infestation"],"nature":"Bold","evs":{"hp":252,"atk":0,"def":252,"spa":0,"spd":4,"spe":0},"ivs":{"hp":31,"atk":31,"def":31,"spa":31,"spd":31,"spe":31}},{"name":"Pinsir","species":"Pinsir","item":"choicescarf","ability":"Moxie","moves":["knockoff","xscissor","earthquake","stoneedge"],"nature":"Adamant","evs":{"hp":0,"atk":252,"def":4,"spa":0,"spd":0,"spe":252},"ivs":{"hp":31,"atk":31,"def":31,"spa":31,"spd":31,"spe":31}},{"name":"Galvantula","species":"Galvantula","item":"choicespecs","ability":"Compound Eyes","moves":["thunder","energyball","bugbuzz","voltswitch"],"nature":"Timid","evs":{"hp":0,"atk":0,"def":0,"spa":252,"spd":4,"spe":252},"ivs":{"hp":31,"atk":31,"def":31,"spa":31,"spd":31,"spe":31}}],"p2team":[{"name":"Escavalier","species":"Escavalier","item":"leftovers","ability":"Overcoat","moves":["swordsdance","knockoff","megahorn","aerialace"],"nature":"Adamant","evs":{"hp":248,"atk":196,"def":58,"spa":0,"spd":0,"spe":6},"ivs":{"hp":31,"atk":31,"def":31,"spa":31,"spd":31,"spe":31}},{"name":"Heatran","species":"Heatran","item":"leftovers","ability":"Flash Fire","moves":["lavaplume","stealthrock","protect","earthpower"],"nature":"Calm","evs":{"hp":250,"atk":0,"def":0,"spa":4,"spd":248,"spe":6},"ivs":{"hp":31,"atk":31,"def":31,"spa":31,"spd":31,"spe":31}},{"name":"Skarmory","species":"Skarmory","item":"rockyhelmet","ability":"Sturdy","moves":["drillpeck","roost","toxic","whirlwind"],"nature":"Impish","evs":{"hp":248,"atk":0,"def":236,"spa":0,"spd":0,"spe":24},"ivs":{"hp":31,"atk":31,"def":31,"spa":31,"spd":31,"spe":31}},{"name":"Empoleon","species":"Empoleon","item":"assaultvest","ability":"Torrent","moves":["surf","grassknot","icebeam","aquajet"],"nature":"Mild","evs":{"hp":248,"atk":8,"def":0,"spa":252,"spd":0,"spe":0},"ivs":{"hp":31,"atk":31,"def":31,"spa":31,"spd":31,"spe":31}},{"name":"Excadrill","species":"Excadrill","item":"choicescarf","ability":"Mold Breaker","moves":["earthquake","rapidspin","rockslide","ironhead"],"nature":"Jolly","evs":{"hp":0,"atk":252,"def":0,"spa":0,"spd":4,"spe":252},"ivs":{"hp":31,"atk":31,"def":31,"spa":31,"spd":31,"spe":31}},{"name":"Magnezone","species":"Magnezone","item":"choicescarf","ability":"Magnet Pull","moves":["hiddenpowerice","flashcannon","voltswitch","thunderbolt"],"nature":"Timid","evs":{"hp":0,"atk":0,"def":0,"spa":252,"spd":4,"spe":252},"ivs":{"hp":31,"atk":30,"def":30,"spa":31,"spd":31,"spe":31}}],"log":["|player|p1|Hm Narwhal|266","|player|p2|OkamiNine|146","|gametype|singles","|gen|6","|tier|Monotype","|rated","|rule|Baton Pass Clause: Limit one Baton Passer, can't pass Spe and other stats simultaneously","|rule|Swagger Clause: Swagger is banned","|rule|Same Type Clause: Pokémon in a team must share a type","|clearpoke","|poke|p1|Yanmega, F","|poke|p1|Scizor, M","|poke|p1|Volcarona, M","|poke|p1|Shuckle, F","|poke|p1|Pinsir, F","|poke|p1|Galvantula, F","|poke|p2|Escavalier, M","|poke|p2|Heatran, F","|poke|p2|Skarmory, M","|poke|p2|Empoleon, F","|poke|p2|Excadrill, F","|poke|p2|Magnezone","|rule|Sleep Clause Mod: Limit one foe put to sleep","|rule|Species Clause: Limit one of each Pokémon","|rule|OHKO Clause: OHKO moves are banned","|rule|Moody Clause: Moody is banned","|rule|Evasion Moves Clause: Evasion moves are banned","|rule|Endless Battle Clause: Forcing endless battles is banned","|rule|HP Percentage Mod: HP is shown in percentages","|teampreview","|","|start","|switch|p1a: Volcarona|Volcarona, M|323/323","|switch|p2a: Escavalier|Escavalier, M|343/343","|turn|1","|","|switch|p2a: Heatran|Heatran, F|385/385","|move|p1a: Volcarona|Flamethrower|p2a: Heatran","|-start|p2a: Heatran|ability: Flash Fire","|","|turn|2","|","|switch|p1a: Shuckle|Shuckle, F|244/244","|move|p2a: Heatran|Stealth Rock|p1a: Shuckle","|-sidestart|p1: Hm Narwhal|move: Stealth Rock","|","|turn|3","|","|move|p2a: Heatran|Lava Plume|p1a: Shuckle","|-damage|p1a: Shuckle|163/244","|move|p1a: Shuckle|Stealth Rock|p2a: Heatran","|-sidestart|p2: OkamiNine|move: Stealth Rock","|","|turn|4","|","|move|p2a: Heatran|Lava Plume|p1a: Shuckle","|-damage|p1a: Shuckle|78/244","|move|p1a: Shuckle|Sticky Web|p2a: Heatran","|-sidestart|p2: OkamiNine|move: Sticky Web","|","|turn|5","|","|-end|p2a: Heatran|ability: Flash Fire|[silent]","|switch|p2a: Excadrill|Excadrill, F|361/361","|-damage|p2a: Excadrill|350/361|[from] Stealth Rock","|-activate|p2a: Excadrill|move: Sticky Web","|-unboost|p2a: Excadrill|spe|1","|-ability|p2a: Excadrill|Mold Breaker","|move|p1a: Shuckle|Encore|p2a: Excadrill","|-fail|p2a: Excadrill","|","|turn|6","|","|move|p2a: Excadrill|Rapid Spin|p1a: Shuckle","|-resisted|p1a: Shuckle","|-damage|p1a: Shuckle|73/244","|-sideend|p2: OkamiNine|Stealth Rock|[from] move: Rapid Spin|[of] p2a: Excadrill","|-sideend|p2: OkamiNine|Sticky Web|[from] move: Rapid Spin|[of] p2a: Excadrill","|move|p1a: Shuckle|Infestation|p2a: Excadrill","|-resisted|p2a: Excadrill","|-damage|p2a: Excadrill|345/361","|-activate|p2a: Excadrill|move: Infestation|[of] p1a: Shuckle","|","|-damage|p2a: Excadrill|300/361|[from] move: Infestation|[partiallytrapped]","|turn|7","|","|move|p2a: Excadrill|Rapid Spin|p1a: Shuckle","|-resisted|p1a: Shuckle","|-damage|p1a: Shuckle|67/244","|-end|p2a: Excadrill|Infestation|[partiallytrapped]","|move|p1a: Shuckle|Sticky Web|p2a: Excadrill","|-sidestart|p2: OkamiNine|move: Sticky Web","|","|turn|8","|","|move|p2a: Excadrill|Rapid Spin|p1a: Shuckle","|-resisted|p1a: Shuckle","|-damage|p1a: Shuckle|62/244","|-sideend|p2: OkamiNine|Sticky Web|[from] move: Rapid Spin|[of] p2a: Excadrill","|move|p1a: Shuckle|Infestation|p2a: Excadrill","|-resisted|p2a: Excadrill","|-damage|p2a: Excadrill|296/361","|-activate|p2a: Excadrill|move: Infestation|[of] p1a: Shuckle","|","|-damage|p2a: Excadrill|251/361|[from] move: Infestation|[partiallytrapped]","|turn|9","|","|move|p2a: Excadrill|Rapid Spin|p1a: Shuckle","|-resisted|p1a: Shuckle","|-damage|p1a: Shuckle|57/244","|-end|p2a: Excadrill|Infestation|[partiallytrapped]","|move|p1a: Shuckle|Sticky Web|p2a: Excadrill","|-sidestart|p2: OkamiNine|move: Sticky Web","|","|turn|10","|","|move|p2a: Excadrill|Rapid Spin|p1a: Shuckle","|-resisted|p1a: Shuckle","|-damage|p1a: Shuckle|52/244","|-sideend|p2: OkamiNine|Sticky Web|[from] move: Rapid Spin|[of] p2a: Excadrill","|move|p1a: Shuckle|Infestation|p2a: Excadrill","|-resisted|p2a: Excadrill","|-damage|p2a: Excadrill|247/361","|-activate|p2a: Excadrill|move: Infestation|[of] p1a: Shuckle","|","|-damage|p2a: Excadrill|202/361|[from] move: Infestation|[partiallytrapped]","|turn|11","|","|move|p2a: Excadrill|Rapid Spin|p1a: Shuckle","|-resisted|p1a: Shuckle","|-damage|p1a: Shuckle|47/244","|-end|p2a: Excadrill|Infestation|[partiallytrapped]","|move|p1a: Shuckle|Infestation|p2a: Excadrill","|-resisted|p2a: Excadrill","|-damage|p2a: Excadrill|198/361","|-activate|p2a: Excadrill|move: Infestation|[of] p1a: Shuckle","|","|-damage|p2a: Excadrill|153/361|[from] move: Infestation|[partiallytrapped]","|turn|12","|","|move|p2a: Excadrill|Rapid Spin|p1a: Shuckle","|-resisted|p1a: Shuckle","|-damage|p1a: Shuckle|42/244","|-end|p2a: Excadrill|Infestation|[partiallytrapped]","|move|p1a: Shuckle|Infestation|p2a: Excadrill","|-resisted|p2a: Excadrill","|-damage|p2a: Excadrill|148/361","|-activate|p2a: Excadrill|move: Infestation|[of] p1a: Shuckle","|","|-damage|p2a: Excadrill|103/361|[from] move: Infestation|[partiallytrapped]","|turn|13","|","|move|p2a: Excadrill|Rapid Spin|p1a: Shuckle","|-resisted|p1a: Shuckle","|-damage|p1a: Shuckle|37/244","|-end|p2a: Excadrill|Infestation|[partiallytrapped]","|move|p1a: Shuckle|Infestation|p2a: Excadrill","|-resisted|p2a: Excadrill","|-damage|p2a: Excadrill|99/361","|-activate|p2a: Excadrill|move: Infestation|[of] p1a: Shuckle","|","|-damage|p2a: Excadrill|54/361|[from] move: Infestation|[partiallytrapped]","|turn|14","|","|move|p2a: Excadrill|Rapid Spin|p1a: Shuckle","|-resisted|p1a: Shuckle","|-damage|p1a: Shuckle|32/244","|-end|p2a: Excadrill|Infestation|[partiallytrapped]","|move|p1a: Shuckle|Infestation|p2a: Excadrill","|-resisted|p2a: Excadrill","|-damage|p2a: Excadrill|50/361","|-activate|p2a: Excadrill|move: Infestation|[of] p1a: Shuckle","|","|-damage|p2a: Excadrill|5/361|[from] move: Infestation|[partiallytrapped]","|turn|15","|","|move|p2a: Excadrill|Rapid Spin|p1a: Shuckle","|-resisted|p1a: Shuckle","|-damage|p1a: Shuckle|27/244","|-end|p2a: Excadrill|Infestation|[partiallytrapped]","|move|p1a: Shuckle|Infestation|p2a: Excadrill","|-resisted|p2a: Excadrill","|-damage|p2a: Excadrill|1/361","|-activate|p2a: Excadrill|move: Infestation|[of] p1a: Shuckle","|","|-damage|p2a: Excadrill|0 fnt|[from] move: Infestation|[partiallytrapped]","|faint|p2a: Excadrill","|","|switch|p2a: Empoleon|Empoleon, F|371/371","|turn|16","|","|move|p2a: Empoleon|Surf|p1a: Shuckle","|-supereffective|p1a: Shuckle","|-damage|p1a: Shuckle|0 fnt","|faint|p1a: Shuckle","|","|","|switch|p1a: Yanmega|Yanmega, F|313/313","|-damage|p1a: Yanmega|157/313|[from] Stealth Rock","|turn|17","|","|move|p1a: Yanmega|Protect|p1a: Yanmega","|-singleturn|p1a: Yanmega|Protect","|move|p2a: Empoleon|Surf|p1a: Yanmega","|-activate|p1a: Yanmega|Protect","|","|-heal|p1a: Yanmega|176/313|[from] item: Leftovers","|-boost|p1a: Yanmega|spe|1|[from] ability: Speed Boost","|turn|18","|","|move|p1a: Yanmega|Hidden Power|p2a: Empoleon","|-supereffective|p2a: Empoleon","|-damage|p2a: Empoleon|291/371","|move|p2a: Empoleon|Surf|p1a: Yanmega","|-damage|p1a: Yanmega|0 fnt","|faint|p1a: Yanmega","|","|","|switch|p1a: Galvantula|Galvantula, F|281/281","|-damage|p1a: Galvantula|211/281|[from] Stealth Rock","|turn|19","|","|move|p1a: Galvantula|Thunder|p2a: Empoleon","|-supereffective|p2a: Empoleon","|-damage|p2a: Empoleon|0 fnt","|faint|p2a: Empoleon","|","|","|switch|p2a: Heatran|Heatran, F|385/385","|turn|20","|","|switch|p1a: Volcarona|Volcarona, M|323/323","|-damage|p1a: Volcarona|162/323|[from] Stealth Rock","|move|p2a: Heatran|Lava Plume|p1a: Volcarona","|-damage|p1a: Volcarona|51/323","|-enditem|p1a: Volcarona|Sitrus Berry|[eat]","|-heal|p1a: Volcarona|131/323|[from] item: Sitrus Berry","|","|turn|21","|","|move|p1a: Volcarona|Quiver Dance|p1a: Volcarona","|-boost|p1a: Volcarona|spa|1","|-boost|p1a: Volcarona|spd|1","|-boost|p1a: Volcarona|spe|1","|move|p2a: Heatran|Lava Plume|p1a: Volcarona","|-damage|p1a: Volcarona|55/323","|","|turn|22","|","|move|p1a: Volcarona|Bug Buzz|p2a: Heatran","|-resisted|p2a: Heatran","|-damage|p2a: Heatran|343/385","|move|p2a: Heatran|Lava Plume|p1a: Volcarona","|-damage|p1a: Volcarona|0 fnt","|faint|p1a: Volcarona","|","|-heal|p2a: Heatran|367/385|[from] item: Leftovers","|","|switch|p1a: Pinsir|Pinsir, F|271/271","|-damage|p1a: Pinsir|204/271|[from] Stealth Rock","|turn|23","|","|switch|p2a: Skarmory|Skarmory, M|333/333","|move|p1a: Pinsir|Earthquake|p2a: Skarmory","|-immune|p2a: Skarmory|[msg]","|","|turn|24","|","|switch|p1a: Scizor|Scizor, M|343/343","|-damage|p1a: Scizor|301/343|[from] Stealth Rock","|move|p2a: Skarmory|Whirlwind|p1a: Scizor","|drag|p1a: Pinsir|Pinsir, F|204/271","|-damage|p1a: Pinsir|137/271|[from] Stealth Rock","|","|turn|25","|","|move|p1a: Pinsir|Stone Edge|p2a: Skarmory","|-damage|p2a: Skarmory|263/333","|move|p2a: Skarmory|Whirlwind|p1a: Pinsir","|drag|p1a: Scizor|Scizor, M|301/343","|-damage|p1a: Scizor|259/343|[from] Stealth Rock","|","|turn|26","|","|detailschange|p1a: Scizor|Scizor-Mega, M","|-mega|p1a: Scizor|Scizor|Scizorite","|move|p1a: Scizor|Bullet Punch|p2a: Skarmory","|-resisted|p2a: Skarmory","|-damage|p2a: Skarmory|236/333","|-damage|p1a: Scizor|202/343|[from] item: Rocky Helmet|[of] p2a: Skarmory","|move|p2a: Skarmory|Drill Peck|p1a: Scizor","|-damage|p1a: Scizor|145/343","|","|turn|27","|","|move|p1a: Scizor|Swords Dance|p1a: Scizor","|-boost|p1a: Scizor|atk|2","|move|p2a: Skarmory|Roost|p2a: Skarmory","|-heal|p2a: Skarmory|333/333","|","|turn|28","|","|move|p1a: Scizor|Bullet Punch|p2a: Skarmory","|-resisted|p2a: Skarmory","|-damage|p2a: Skarmory|276/333","|-damage|p1a: Scizor|88/343|[from] item: Rocky Helmet|[of] p2a: Skarmory","|move|p2a: Skarmory|Whirlwind|p1a: Scizor","|drag|p1a: Galvantula|Galvantula, F|211/281","|-damage|p1a: Galvantula|141/281|[from] Stealth Rock","|","|turn|29","|","|switch|p2a: Magnezone|Magnezone|281/281","|move|p1a: Galvantula|Thunder|p2a: Magnezone","|-resisted|p2a: Magnezone","|-damage|p2a: Magnezone|161/281","|","|turn|30","|","|move|p2a: Magnezone|Thunderbolt|p1a: Galvantula","|-resisted|p1a: Galvantula","|-damage|p1a: Galvantula|26/281","|move|p1a: Galvantula|Thunder|p2a: Magnezone","|-resisted|p2a: Magnezone","|-damage|p2a: Magnezone|25/281","|","|turn|31","|","|move|p2a: Magnezone|Thunderbolt|p1a: Galvantula","|-resisted|p1a: Galvantula","|-damage|p1a: Galvantula|0 fnt","|faint|p1a: Galvantula","|","|","|switch|p1a: Pinsir|Pinsir, F|137/271","|-damage|p1a: Pinsir|70/271|[from] Stealth Rock","|turn|32","|","|move|p1a: Pinsir|Knock Off|p2a: Magnezone","|-damage|p2a: Magnezone|0 fnt","|-enditem|p2a: Magnezone|Choice Scarf|[from] move: Knock Off|[of] p1a: Pinsir","|faint|p2a: Magnezone","|-boost|p1a: Pinsir|atk|1|[from] ability: Moxie","|","|","|switch|p2a: Escavalier|Escavalier, M|343/343","|turn|33","|","|move|p1a: Pinsir|Knock Off|p2a: Escavalier","|-damage|p2a: Escavalier|179/343","|-enditem|p2a: Escavalier|Leftovers|[from] move: Knock Off|[of] p1a: Pinsir","|move|p2a: Escavalier|Aerial Ace|p1a: Pinsir","|-supereffective|p1a: Pinsir","|-damage|p1a: Pinsir|0 fnt","|faint|p1a: Pinsir","|","|","|switch|p1a: Scizor|Scizor-Mega, M|88/343","|-damage|p1a: Scizor|46/343|[from] Stealth Rock","|turn|34","|","|move|p1a: Scizor|Roost|p1a: Scizor","|-heal|p1a: Scizor|218/343","|move|p2a: Escavalier|Swords Dance|p2a: Escavalier","|-boost|p2a: Escavalier|atk|2","|","|turn|35","|","|move|p1a: Scizor|Swords Dance|p1a: Scizor","|-boost|p1a: Scizor|atk|2","|move|p2a: Escavalier|Knock Off|p1a: Scizor","|-damage|p1a: Scizor|109/343","|","|turn|36","|","|move|p1a: Scizor|Swords Dance|p1a: Scizor","|-boost|p1a: Scizor|atk|2","|move|p2a: Escavalier|Swords Dance|p2a: Escavalier","|-boost|p2a: Escavalier|atk|2","|","|turn|37","|","|move|p1a: Scizor|Roost|p1a: Scizor","|-heal|p1a: Scizor|281/343","|move|p2a: Escavalier|Knock Off|p1a: Scizor","|-damage|p1a: Scizor|124/343","|","|turn|38","|","|move|p1a: Scizor|Roost|p1a: Scizor","|-heal|p1a: Scizor|296/343","|move|p2a: Escavalier|Knock Off|p1a: Scizor","|-damage|p1a: Scizor|128/343","|","|turn|39","|","|move|p1a: Scizor|Roost|p1a: Scizor","|-heal|p1a: Scizor|300/343","|move|p2a: Escavalier|Knock Off|p1a: Scizor","|-damage|p1a: Scizor|143/343","|","|turn|40","|","|move|p1a: Scizor|Bullet Punch|p2a: Escavalier","|-resisted|p2a: Escavalier","|-damage|p2a: Escavalier|50/343","|move|p2a: Escavalier|Megahorn|p1a: Scizor","|-resisted|p1a: Scizor","|-damage|p1a: Scizor|0 fnt","|faint|p1a: Scizor","|","|win|OkamiNine"],"p1rating":{"entryid":"633873","serverid":"eos","formatid":"monotype","userid":"hmnarwhal","username":"Hm Narwhal","w":"1","l":3,"t":"0","gxe":43.2,"r":"1500","rd":"130","sigma":"0","rptime":"1440838800","rpr":1445.851339416,"rprd":106.59912437033,"rpsigma":"0","acre":1028.0401496656,"lacre":1028.0401496656,"oldacre":"1038.8368208874"},"p2rating":{"entryid":"629886","serverid":"eos","formatid":"monotype","userid":"okaminine","username":"OkamiNine","w":6,"l":"0","t":"0","gxe":69.8,"r":"1500","rd":"130","sigma":"0","rptime":"1440838800","rpr":1663.5311370042,"rprd":98.768558402329,"rpsigma":"0","acre":1170.2555309456,"lacre":1170.2555309456,"oldacre":"1153.1997421243"},"endType":"normal"}