{"seed":[15775,46222,56572,53715],"turns":21,"p1":"gtx♅Bugy","p2":"Doctor Vergi","p1team":[{"name":"Virizion","species":"Virizion","item":"choicescarf","ability":"Justified","moves":["stoneedge","leafblade","closecombat","zenheadbutt"],"nature":"Jolly","evs":{"hp":4,"atk":252,"def":0,"spa":0,"spd":0,"spe":252},"shiny":true,"ivs":{"hp":31,"atk":31,"def":31,"spa":31,"spd":31,"spe":31}},{"name":"Ferrothorn","species":"Ferrothorn","item":"leftovers","ability":"Iron Barbs","moves":["stealthrock","leechseed","gyroball","protect"],"nature":"Relaxed","evs":{"hp":252,"atk":0,"def":88,"spa":0,"spd":168,"spe":0},"ivs":{"hp":31,"atk":31,"def":31,"spa":31,"spd":31,"spe":0},"shiny":true},{"name":"Serperior","species":"Serperior","item":"lifeorb","ability":"Contrary","moves":["leafstorm","dragonpulse","hiddenpowerfire","gigadrain"],"nature":"Timid","evs":{"hp":0,"atk":0,"def":0,"spa":252,"spd":4,"spe":252},"shiny":true,"ivs":{"atk":30,"spa":30,"spe":30,"hp":31,"def":31,"spd":31}},{"name":"Ludicolo","species":"Ludicolo","item":"lifeorb","ability":"Swift Swim","moves":["hydropump","gigadrain","icebeam","raindance"],"nature":"Modest","evs":{"hp":0,"atk":0,"def":4,"spa":252,"spd":0,"spe":252},"shiny":true,"ivs":{"hp":31,"atk":31,"def":31,"spa":31,"spd":31,"spe":31}},{"name":"Sceptile","species":"Sceptile","item":"sceptilite","ability":"Overgrow","moves":["leafstorm","focusblast","dragonpulse","earthquake"],"nature":"Timid","evs":{"hp":4,"atk":0,"def":0,"spa":252,"spd":0,"spe":252},"shiny":true,"ivs":{"hp":31,"atk":31,"def":31,"spa":31,"spd":31,"spe":31}},{"name":"Cradily","species":"Cradily","item":"leftovers","ability":"Suction Cups","moves":["ancientpower","earthpower","recover","protect"],"nature":"Modest","evs":{"hp":252,"atk":0,"def":0,"spa":252,"spd":4,"spe":0},"ivs":{"hp":31,"atk":31,"def":31,"spa":31,"spd":31,"spe":31}}],"p2team":[{"name":"Venusaur","species":"Venusaur","item":"venusaurite","ability":"Overgrow","moves":["leechseed","sludgebomb","gigadrain","synthesis"],"nature":"Calm","evs":{"hp":252,"atk":0,"def":0,"spa":4,"spd":252,"spe":0},"ivs":{"hp":31,"atk":31,"def":31,"spa":31,"spd":31,"spe":31}},{"name":"Cradily","species":"Cradily","item":"leftovers","ability":"Storm Drain","moves":["rockslide","toxic","stockpile","recover"],"nature":"Careful","evs":{"hp":252,"atk":4,"def":84,"spa":0,"spd":168,"spe":0},"ivs":{"hp":31,"atk":31,"def":31,"spa":31,"spd":31,"spe":31}},{"name":"Ferrothorn","species":"Ferrothorn","item":"leftovers","ability":"Iron Barbs","moves":["leechseed","spikes","protect","gyroball"],"nature":"Relaxed","evs":{"hp":252,"atk":4,"def":164,"spa":0,"spd":88,"spe":0},"ivs":{"hp":31,"atk":31,"def":31,"spa":31,"spd":31,"spe":0}},{"name":"Gourgeist-Super","species":"Gourgeist-Super","item":"leftovers","ability":"Pickup","moves":["willowisp","phantomforce","synthesis","leechseed"],"nature":"Impish","evs":{"hp":248,"atk":8,"def":196,"spa":0,"spd":56,"spe":0},"ivs":{"hp":31,"atk":31,"def":31,"spa":31,"spd":31,"spe":31}},{"name":"Breloom","species":"Breloom","item":"toxicorb","ability":"Poison Heal","moves":["spore","drainpunch","leechseed","substitute"],"nature":"Impish","evs":{"hp":248,"atk":8,"def":252,"spa":0,"spd":0,"spe":0},"ivs":{"hp":31,"atk":31,"def":31,"spa":31,"spd":31,"spe":31}},{"name":"Serperior","species":"Serperior","item":"choicescarf","ability":"Contrary","moves":["leafstorm","dragonpulse","substitute","hiddenpowerfire"],"nature":"Timid","evs":{"hp":0,"atk":0,"def":0,"spa":252,"spd":4,"spe":252},"ivs":{"hp":31,"atk":30,"def":31,"spa":30,"spd":31,"spe":30}}],"log":["|player|p1|gtx♅Bugy|66","|player|p2|Doctor Vergi|doctorvergi.png","|gametype|singles","|gen|6","|tier|Monotype","|rated","|rule|Baton Pass Clause: Limit one Baton Passer, can't pass Spe and other stats simultaneously","|rule|Swagger Clause: Swagger is banned","|rule|Same Type Clause: Pokémon in a team must share a type","|clearpoke","|poke|p1|Virizion, shiny","|poke|p1|Ferrothorn, M, shiny","|poke|p1|Serperior, F, shiny","|poke|p1|Ludicolo, M, shiny","|poke|p1|Sceptile, F, shiny","|poke|p1|Cradily, F","|poke|p2|Venusaur, M","|poke|p2|Cradily, M","|poke|p2|Ferrothorn, M","|poke|p2|Gourgeist-*, M","|poke|p2|Breloom, M","|poke|p2|Serperior, M","|rule|Sleep Clause Mod: Limit one foe put to sleep","|rule|Species Clause: Limit one of each Pokémon","|rule|OHKO Clause: OHKO moves are banned","|rule|Moody Clause: Moody is banned","|rule|Evasion Moves Clause: Evasion moves are banned","|rule|Endless Battle Clause: Forcing endless battles is banned","|rule|HP Percentage Mod: HP is shown in percentages","|teampreview","|","|start","|switch|p1a: Sceptile|Sceptile, F, shiny|282/282","|switch|p2a: Gourgeist-Super|Gourgeist-Super, M|373/373","|turn|1","|","|switch|p1a: Ferrothorn|Ferrothorn, M, shiny|352/352","|switch|p2a: Cradily|Cradily, M|376/376","|","|turn|2","|","|switch|p2a: Breloom|Breloom, M|323/323","|move|p1a: Ferrothorn|Stealth Rock|p2a: Breloom","|-sidestart|p2: Doctor Vergi|move: Stealth Rock","|","|-status|p2a: Breloom|tox|[from] item: Toxic Orb","|turn|3","|","|move|p2a: Breloom|Substitute|p2a: Breloom","|-start|p2a: Breloom|Substitute","|-damage|p2a: Breloom|243/323 tox","|move|p1a: Ferrothorn|Gyro Ball|p2a: Breloom","|-end|p2a: Breloom|Substitute","|","|-heal|p2a: Breloom|283/323 tox|[from] ability: Poison Heal","|turn|4","|","|move|p2a: Breloom|Drain Punch|p1a: Ferrothorn","|-supereffective|p1a: Ferrothorn","|-damage|p1a: Ferrothorn|212/352","|-heal|p2a: Breloom|323/323 tox|[from] drain|[of] p1a: Ferrothorn","|-damage|p2a: Breloom|283/323 tox|[from] ability: Iron Barbs|[of] p1a: Ferrothorn","|move|p1a: Ferrothorn|Gyro Ball|p2a: Breloom","|-damage|p2a: Breloom|189/323 tox","|","|-heal|p1a: Ferrothorn|234/352|[from] item: Leftovers","|-heal|p2a: Breloom|229/323 tox|[from] ability: Poison Heal","|turn|5","|","|move|p2a: Breloom|Drain Punch|p1a: Ferrothorn","|-supereffective|p1a: Ferrothorn","|-damage|p1a: Ferrothorn|82/352","|-heal|p2a: Breloom|305/323 tox|[from] drain|[of] p1a: Ferrothorn","|-damage|p2a: Breloom|265/323 tox|[from] ability: Iron Barbs|[of] p1a: Ferrothorn","|move|p1a: Ferrothorn|Gyro Ball|p2a: Breloom","|-damage|p2a: Breloom|157/323 tox","|","|-heal|p1a: Ferrothorn|104/352|[from] item: Leftovers","|-heal|p2a: Breloom|197/323 tox|[from] ability: Poison Heal","|turn|6","|","|move|p1a: Ferrothorn|Protect|p1a: Ferrothorn","|-singleturn|p1a: Ferrothorn|Protect","|move|p2a: Breloom|Drain Punch|p1a: Ferrothorn","|-activate|p1a: Ferrothorn|Protect","|","|-heal|p1a: Ferrothorn|126/352|[from] item: Leftovers","|-heal|p2a: Breloom|237/323 tox|[from] ability: Poison Heal","|turn|7","|","|move|p2a: Breloom|Drain Punch|p1a: Ferrothorn","|-supereffective|p1a: Ferrothorn","|-damage|p1a: Ferrothorn|0 fnt","|-heal|p2a: Breloom|300/323 tox|[from] drain|[of] p1a: Ferrothorn","|-damage|p2a: Breloom|260/323 tox|[from] ability: Iron Barbs|[of] p1a: Ferrothorn","|faint|p1a: Ferrothorn","|","|-heal|p2a: Breloom|300/323 tox|[from] ability: Poison Heal","|","|switch|p1a: Virizion|Virizion, shiny|324/324","|turn|8","|","|move|p1a: Virizion|Close Combat|p2a: Breloom","|-damage|p2a: Breloom|170/323 tox","|-unboost|p1a: Virizion|def|1","|-unboost|p1a: Virizion|spd|1","|move|p2a: Breloom|Substitute|p2a: Breloom","|-start|p2a: Breloom|Substitute","|-damage|p2a: Breloom|90/323 tox","|","|-heal|p2a: Breloom|130/323 tox|[from] ability: Poison Heal","|turn|9","|","|move|p1a: Virizion|Close Combat|p2a: Breloom","|-end|p2a: Breloom|Substitute","|-unboost|p1a: Virizion|def|1","|-unboost|p1a: Virizion|spd|1","|move|p2a: Breloom|Drain Punch|p1a: Virizion","|-damage|p1a: Virizion|51/324","|-heal|p2a: Breloom|267/323 tox|[from] drain|[of] p1a: Virizion","|","|-heal|p2a: Breloom|307/323 tox|[from] ability: Poison Heal","|turn|10","|","|move|p1a: Virizion|Close Combat|p2a: Breloom","|-damage|p2a: Breloom|172/323 tox","|-unboost|p1a: Virizion|def|1","|-unboost|p1a: Virizion|spd|1","|move|p2a: Breloom|Drain Punch|p1a: Virizion","|-damage|p1a: Virizion|0 fnt","|-heal|p2a: Breloom|198/323 tox|[from] drain|[of] p1a: Virizion","|faint|p1a: Virizion","|","|-heal|p2a: Breloom|238/323 tox|[from] ability: Poison Heal","|","|switch|p1a: Ludicolo|Ludicolo, M, shiny|301/301","|turn|11","|","|switch|p2a: Venusaur|Venusaur, M|364/364","|-damage|p2a: Venusaur|319/364|[from] Stealth Rock","|move|p1a: Ludicolo|Ice Beam|p2a: Venusaur","|-supereffective|p2a: Venusaur","|-damage|p2a: Venusaur|134/364","|-damage|p1a: Ludicolo|271/301|[from] item: Life Orb","|","|turn|12","|","|detailschange|p2a: Venusaur|Venusaur-Mega, M","|-mega|p2a: Venusaur|Venusaur|Venusaurite","|move|p1a: Ludicolo|Ice Beam|p2a: Venusaur","|-supereffective|p2a: Venusaur","|-damage|p2a: Venusaur|51/364","|-damage|p1a: Ludicolo|241/301|[from] item: Life Orb","|move|p2a: Venusaur|Synthesis|p2a: Venusaur","|-heal|p2a: Venusaur|233/364","|","|turn|13","|","|move|p1a: Ludicolo|Ice Beam|p2a: Venusaur","|-supereffective|p2a: Venusaur","|-damage|p2a: Venusaur|152/364","|-status|p2a: Venusaur|frz","|-damage|p1a: Ludicolo|211/301|[from] item: Life Orb","|-curestatus|p2a: Venusaur|frz","|move|p2a: Venusaur|Synthesis|p2a: Venusaur","|-heal|p2a: Venusaur|334/364","|","|turn|14","|","|move|p1a: Ludicolo|Ice Beam|p2a: Venusaur","|-supereffective|p2a: Venusaur","|-damage|p2a: Venusaur|259/364","|-damage|p1a: Ludicolo|181/301|[from] item: Life Orb","|move|p2a: Venusaur|Sludge Bomb|p1a: Ludicolo","|-supereffective|p1a: Ludicolo","|-damage|p1a: Ludicolo|0 fnt","|faint|p1a: Ludicolo","|","|","|switch|p1a: Sceptile|Sceptile, F, shiny|282/282","|turn|15","|","|detailschange|p1a: Sceptile|Sceptile-Mega, F, shiny","|-mega|p1a: Sceptile|Sceptile|Sceptilite","|move|p1a: Sceptile|Dragon Pulse|p2a: Venusaur","|-damage|p2a: Venusaur|151/364","|move|p2a: Venusaur|Sludge Bomb|p1a: Sceptile","|-supereffective|p1a: Sceptile","|-damage|p1a: Sceptile|0 fnt","|faint|p1a: Sceptile","|","|","|switch|p1a: Serperior|Serperior, F, shiny|291/291","|turn|16","|","|move|p1a: Serperior|Leaf Storm|p2a: Venusaur","|-resisted|p2a: Venusaur","|-damage|p2a: Venusaur|119/364","|-boost|p1a: Serperior|spa|2","|-damage|p1a: Serperior|262/291|[from] item: Life Orb","|move|p2a: Venusaur|Synthesis|p2a: Venusaur","|-heal|p2a: Venusaur|301/364","|","|turn|17","|","|move|p1a: Serperior|Hidden Power|p2a: Venusaur","|-supereffective|p2a: Venusaur","|-damage|p2a: Venusaur|210/364","|-damage|p1a: Serperior|233/291|[from] item: Life Orb","|move|p2a: Venusaur|Sludge Bomb|p1a: Serperior","|-supereffective|p1a: Serperior","|-damage|p1a: Serperior|0 fnt","|faint|p1a: Serperior","|","|","|switch|p1a: Cradily|Cradily, F|376/376","|turn|18","|","|move|p2a: Venusaur|Synthesis|p2a: Venusaur","|-heal|p2a: Venusaur|364/364","|move|p1a: Cradily|Ancient Power|p2a: Venusaur","|-damage|p2a: Venusaur|313/364","|","|turn|19","|","|move|p2a: Venusaur|Sludge Bomb|p1a: Cradily","|-damage|p1a: Cradily|262/376","|move|p1a: Cradily|Ancient Power|p2a: Venusaur","|-damage|p2a: Venusaur|255/364","|","|-heal|p1a: Cradily|285/376|[from] item: Leftovers","|turn|20","|","|move|p2a: Venusaur|Sludge Bomb|p1a: Cradily","|-damage|p1a: Cradily|156/376","|-status|p1a: Cradily|psn","|move|p1a: Cradily|Ancient Power|p2a: Venusaur","|-damage|p2a: Venusaur|198/364","|","|-heal|p1a: Cradily|179/376 psn|[from] item: Leftovers","|-damage|p1a: Cradily|132/376 psn|[from] psn","|turn|21","|","|move|p2a: Venusaur|Sludge Bomb|p1a: Cradily","|-crit|p1a: Cradily","|-damage|p1a: Cradily|0 fnt","|faint|p1a: Cradily","|","|win|Doctor Vergi"],"p1rating":{"entryid":"464882","serverid":"eos","formatid":"monotype","userid":"gtxbugy","username":"GTX♅Bugy","w":"13","l":8,"t":"0","gxe":59.4,"r":"1599.3507868679","rd":"73.08536963748","sigma":"0","rptime":"1440838800","rpr":1572.68929131,"rprd":69.590905649372,"rpsigma":"0","acre":1139.2496747487,"lacre":1139.2496747487,"oldacre":"1171.7468270385"},"p2rating":{"entryid":"204669","serverid":"eos","formatid":"monotype","userid":"doctorvergi","username":"Doctor Vergi","w":4,"l":"5","t":"0","gxe":48.6,"r":"1478.0600264848","rd":"112.8871472591","sigma":"0","rptime":"1440838800","rpr":1488.7401714011,"rprd":90.446608270125,"rpsigma":"0","acre":1103.7195547782,"lacre":1103.7195547782,"oldacre":"1064.2521904158"},"endType":"normal"}