{"seed":[55567,27802,6367,25543],"turns":120,"p1":"Crystal Blade64","p2":"OkamiNine","p1team":[{"name":"Reckless","species":"staraptor","item":"leftovers","ability":"Intimidate","moves":["bravebird","roost","featherdance","defog"],"nature":"Impish","evs":{"hp":252,"atk":4,"def":252,"spa":0,"spd":0,"spe":0},"ivs":{"hp":31,"atk":31,"def":31,"spa":31,"spd":31,"spe":31}},{"name":"BetterThanYou","species":"ditto","item":"choicescarf","ability":"Imposter","moves":["transform"],"nature":"Bold","evs":{"hp":248,"atk":0,"def":252,"spa":0,"spd":8,"spe":0},"happiness":0,"ivs":{"hp":31,"atk":31,"def":31,"spa":31,"spd":31,"spe":31}},{"name":"Nurse Joy pls","species":"chansey","item":"eviolite","ability":"Natural Cure","moves":["aromatherapy","softboiled","thunderwave","seismictoss"],"nature":"Bold","evs":{"hp":248,"atk":0,"def":252,"spa":0,"spd":8,"spe":0},"ivs":{"hp":31,"atk":31,"def":31,"spa":31,"spd":31,"spe":31}},{"name":"EnergizerBunny","species":"lopunny","item":"lopunnite","ability":"Cute Charm","moves":["fakeout","highjumpkick","icepunch","frustration"],"nature":"Jolly","evs":{"hp":4,"atk":252,"def":0,"spa":0,"spd":0,"spe":252},"happiness":0,"ivs":{"hp":31,"atk":31,"def":31,"spa":31,"spd":31,"spe":31}},{"name":"DownloadFreeRAM","species":"porygon2","item":"eviolite","ability":"Trace","moves":["toxic","recover","icebeam","discharge"],"nature":"Bold","evs":{"hp":248,"atk":0,"def":252,"spa":8,"spd":0,"spe":0},"ivs":{"hp":31,"atk":31,"def":31,"spa":31,"spd":31,"spe":31}},{"name":"Diggersby tho","species":"diggersby","item":"choiceband","ability":"Huge Power","moves":["earthquake","quickattack","frustration","uturn"],"nature":"Adamant","evs":{"hp":4,"atk":252,"def":0,"spa":0,"spd":0,"spe":252},"happiness":0,"ivs":{"hp":31,"atk":31,"def":31,"spa":31,"spd":31,"spe":31}}],"p2team":[{"name":"Escavalier","species":"Escavalier","item":"leftovers","ability":"Overcoat","moves":["swordsdance","knockoff","megahorn","aerialace"],"nature":"Adamant","evs":{"hp":248,"atk":196,"def":58,"spa":0,"spd":0,"spe":6},"ivs":{"hp":31,"atk":31,"def":31,"spa":31,"spd":31,"spe":31}},{"name":"Heatran","species":"Heatran","item":"leftovers","ability":"Flash Fire","moves":["lavaplume","stealthrock","protect","earthpower"],"nature":"Calm","evs":{"hp":250,"atk":0,"def":0,"spa":4,"spd":248,"spe":6},"ivs":{"hp":31,"atk":31,"def":31,"spa":31,"spd":31,"spe":31}},{"name":"Skarmory","species":"Skarmory","item":"rockyhelmet","ability":"Sturdy","moves":["drillpeck","roost","toxic","whirlwind"],"nature":"Impish","evs":{"hp":248,"atk":0,"def":236,"spa":0,"spd":0,"spe":24},"ivs":{"hp":31,"atk":31,"def":31,"spa":31,"spd":31,"spe":31}},{"name":"Empoleon","species":"Empoleon","item":"assaultvest","ability":"Torrent","moves":["surf","grassknot","icebeam","aquajet"],"nature":"Mild","evs":{"hp":248,"atk":8,"def":0,"spa":252,"spd":0,"spe":0},"ivs":{"hp":31,"atk":31,"def":31,"spa":31,"spd":31,"spe":31}},{"name":"Excadrill","species":"Excadrill","item":"choicescarf","ability":"Mold Breaker","moves":["earthquake","rapidspin","rockslide","ironhead"],"nature":"Jolly","evs":{"hp":0,"atk":252,"def":0,"spa":0,"spd":4,"spe":252},"ivs":{"hp":31,"atk":31,"def":31,"spa":31,"spd":31,"spe":31}},{"name":"Magnezone","species":"Magnezone","item":"choicescarf","ability":"Magnet Pull","moves":["hiddenpowerice","flashcannon","voltswitch","thunderbolt"],"nature":"Timid","evs":{"hp":0,"atk":0,"def":0,"spa":252,"spd":4,"spe":252},"ivs":{"hp":31,"atk":30,"def":30,"spa":31,"spd":31,"spe":31}}],"log":["|player|p1|Crystal Blade64|165","|player|p2|OkamiNine|146","|gametype|singles","|gen|6","|tier|Monotype","|rated","|rule|Baton Pass Clause: Limit one Baton Passer, can't pass Spe and other stats simultaneously","|rule|Swagger Clause: Swagger is banned","|rule|Same Type Clause: Pokémon in a team must share a type","|clearpoke","|poke|p1|Staraptor, M","|poke|p1|Ditto","|poke|p1|Chansey, F","|poke|p1|Lopunny, M","|poke|p1|Porygon2","|poke|p1|Diggersby, F","|poke|p2|Escavalier, M","|poke|p2|Heatran, M","|poke|p2|Skarmory, M","|poke|p2|Empoleon, M","|poke|p2|Excadrill, M","|poke|p2|Magnezone","|rule|Sleep Clause Mod: Limit one foe put to sleep","|rule|Species Clause: Limit one of each Pokémon","|rule|OHKO Clause: OHKO moves are banned","|rule|Moody Clause: Moody is banned","|rule|Evasion Moves Clause: Evasion moves are banned","|rule|Endless Battle Clause: Forcing endless battles is banned","|rule|HP Percentage Mod: HP is shown in percentages","|teampreview","|","|start","|switch|p1a: Diggersby tho|Diggersby, F|312/312","|switch|p2a: Escavalier|Escavalier, M|343/343","|turn|1","|","|move|p1a: Diggersby tho|Earthquake|p2a: Escavalier","|-damage|p2a: Escavalier|22/343","|move|p2a: Escavalier|Knock Off|p1a: Diggersby tho","|-damage|p1a: Diggersby tho|149/312","|-enditem|p1a: Diggersby tho|Choice Band|[from] move: Knock Off|[of] p2a: Escavalier","|","|-heal|p2a: Escavalier|43/343|[from] item: Leftovers","|turn|2","|","|move|p1a: Diggersby tho|Frustration|p2a: Escavalier","|-resisted|p2a: Escavalier","|-damage|p2a: Escavalier|0 fnt","|faint|p2a: Escavalier","|","|","|switch|p2a: Excadrill|Excadrill, M|361/361","|-ability|p2a: Excadrill|Mold Breaker","|turn|3","|","|move|p2a: Excadrill|Iron Head|p1a: Diggersby tho","|-damage|p1a: Diggersby tho|0 fnt","|faint|p1a: Diggersby tho","|","|","|switch|p1a: Reckless|Staraptor, M|374/374","|-ability|p1a: Reckless|Intimidate","|-unboost|p2a: Excadrill|atk|1","|turn|4","|","|switch|p2a: Skarmory|Skarmory, M|333/333","|move|p1a: Reckless|Feather Dance|p2a: Skarmory","|-unboost|p2a: Skarmory|atk|2","|","|turn|5","|","|switch|p1a: DownloadFreeRAM|Porygon2|373/373","|-ability|p1a: DownloadFreeRAM|Sturdy|[from] ability: Trace|[of] p2a: Skarmory","|move|p2a: Skarmory|Toxic|p1a: DownloadFreeRAM","|-status|p1a: DownloadFreeRAM|tox","|","|-damage|p1a: DownloadFreeRAM|350/373 tox|[from] psn","|turn|6","|","|switch|p2a: Excadrill|Excadrill, M|361/361","|-ability|p2a: Excadrill|Mold Breaker","|move|p1a: DownloadFreeRAM|Discharge|p2a: Excadrill","|-immune|p2a: Excadrill|[msg]","|","|-damage|p1a: DownloadFreeRAM|304/373 tox|[from] psn","|turn|7","|","|switch|p1a: Reckless|Staraptor, M|374/374","|-ability|p1a: Reckless|Intimidate","|-unboost|p2a: Excadrill|atk|1","|move|p2a: Excadrill|Iron Head|p1a: Reckless","|-damage|p1a: Reckless|286/374","|","|-heal|p1a: Reckless|309/374|[from] item: Leftovers","|turn|8","|","|switch|p2a: Skarmory|Skarmory, M|333/333","|switch|p1a: Nurse Joy pls|Chansey, F|703/703","|","|turn|9","|","|move|p2a: Skarmory|Toxic|p1a: Nurse Joy pls","|-status|p1a: Nurse Joy pls|tox","|move|p1a: Nurse Joy pls|Seismic Toss|p2a: Skarmory","|-damage|p2a: Skarmory|233/333","|-damage|p1a: Nurse Joy pls|586/703 tox|[from] item: Rocky Helmet|[of] p2a: Skarmory","|","|-damage|p1a: Nurse Joy pls|543/703 tox|[from] psn","|turn|10","|","|switch|p1a: DownloadFreeRAM|Porygon2|304/373 tox","|-ability|p1a: DownloadFreeRAM|Sturdy|[from] ability: Trace|[of] p2a: Skarmory","|move|p2a: Skarmory|Whirlwind|p1a: DownloadFreeRAM","|drag|p1a: Reckless|Staraptor, M|309/374","|-ability|p1a: Reckless|Intimidate","|-unboost|p2a: Skarmory|atk|1","|","|-heal|p1a: Reckless|332/374|[from] item: Leftovers","|turn|11","|","|move|p1a: Reckless|Feather Dance|p2a: Skarmory","|-unboost|p2a: Skarmory|atk|2","|move|p2a: Skarmory|Roost|p2a: Skarmory","|-heal|p2a: Skarmory|333/333","|","|-heal|p1a: Reckless|355/374|[from] item: Leftovers","|turn|12","|","|switch|p2a: Magnezone|Magnezone|281/281","|move|p1a: Reckless|Feather Dance|p2a: Magnezone","|-unboost|p2a: Magnezone|atk|2","|","|-heal|p1a: Reckless|374/374|[from] item: Leftovers","|turn|13","|","|switch|p1a: Nurse Joy pls|Chansey, F|543/703","|move|p2a: Magnezone|Volt Switch|p1a: Nurse Joy pls","|-damage|p1a: Nurse Joy pls|465/703","|","|switch|p2a: Heatran|Heatran, M|385/385","|","|turn|14","|","|move|p2a: Heatran|Stealth Rock|p1a: Nurse Joy pls","|-sidestart|p1: Crystal Blade64|move: Stealth Rock","|move|p1a: Nurse Joy pls|Thunder Wave|p2a: Heatran","|-status|p2a: Heatran|par","|","|turn|15","|","|switch|p2a: Skarmory|Skarmory, M|333/333","|move|p1a: Nurse Joy pls|Soft-Boiled|p1a: Nurse Joy pls","|-heal|p1a: Nurse Joy pls|703/703","|","|turn|16","|","|switch|p2a: Excadrill|Excadrill, M|361/361","|-ability|p2a: Excadrill|Mold Breaker","|move|p1a: Nurse Joy pls|Thunder Wave|p2a: Excadrill","|-immune|p2a: Excadrill|[msg]","|","|turn|17","|","|switch|p1a: Reckless|Staraptor, M|374/374","|-damage|p1a: Reckless|281/374|[from] Stealth Rock","|-ability|p1a: Reckless|Intimidate","|-unboost|p2a: Excadrill|atk|1","|move|p2a: Excadrill|Iron Head|p1a: Reckless","|-damage|p1a: Reckless|187/374","|","|-heal|p1a: Reckless|210/374|[from] item: Leftovers","|turn|18","|","|switch|p2a: Magnezone|Magnezone|281/281","|move|p1a: Reckless|Defog|p2a: Magnezone","|-unboost|p2a: Magnezone|evasion|1","|-sideend|p1: Crystal Blade64|Stealth Rock|[from] move: Defog|[of] p1a: Reckless","|","|-heal|p1a: Reckless|233/374|[from] item: Leftovers","|turn|19","|","|switch|p1a: DownloadFreeRAM|Porygon2|304/373 tox","|-ability|p1a: DownloadFreeRAM|Magnet Pull|[from] ability: Trace|[of] p2a: Magnezone","|move|p2a: Magnezone|Volt Switch|p1a: DownloadFreeRAM","|-damage|p1a: DownloadFreeRAM|213/373 tox","|","|switch|p2a: Empoleon|Empoleon, M|371/371","|","|-damage|p1a: DownloadFreeRAM|190/373 tox|[from] psn","|turn|20","|","|move|p1a: DownloadFreeRAM|Recover|p1a: DownloadFreeRAM","|-heal|p1a: DownloadFreeRAM|373/373 tox","|move|p2a: Empoleon|Surf|p1a: DownloadFreeRAM","|-crit|p1a: DownloadFreeRAM","|-damage|p1a: DownloadFreeRAM|216/373 tox","|","|-damage|p1a: DownloadFreeRAM|170/373 tox|[from] psn","|turn|21","|","|move|p1a: DownloadFreeRAM|Recover|p1a: DownloadFreeRAM","|-heal|p1a: DownloadFreeRAM|357/373 tox","|move|p2a: Empoleon|Surf|p1a: DownloadFreeRAM","|-damage|p1a: DownloadFreeRAM|255/373 tox","|","|-damage|p1a: DownloadFreeRAM|186/373 tox|[from] psn","|turn|22","|","|switch|p1a: Nurse Joy pls|Chansey, F|703/703","|move|p2a: Empoleon|Surf|p1a: Nurse Joy pls","|-damage|p1a: Nurse Joy pls|603/703","|","|turn|23","|","|switch|p2a: Heatran|Heatran, M|385/385 par","|move|p1a: Nurse Joy pls|Aromatherapy|p1a: Nurse Joy pls","|-cureteam|p1a: Nurse Joy pls|[from] move: Aromatherapy","|","|turn|24","|","|switch|p1a: DownloadFreeRAM|Porygon2|186/373","|-ability|p1a: DownloadFreeRAM|Flash Fire|[from] ability: Trace|[of] p2a: Heatran","|move|p2a: Heatran|Stealth Rock|p1a: DownloadFreeRAM","|-sidestart|p1: Crystal Blade64|move: Stealth Rock","|","|turn|25","|","|switch|p2a: Magnezone|Magnezone|281/281","|move|p1a: DownloadFreeRAM|Recover|p1a: DownloadFreeRAM","|-heal|p1a: DownloadFreeRAM|373/373","|","|turn|26","|","|switch|p1a: BetterThanYou|Ditto|299/299","|-damage|p1a: BetterThanYou|262/299|[from] Stealth Rock","|-transform|p1a: BetterThanYou|p2a: Magnezone","|move|p2a: Magnezone|Volt Switch|p1a: BetterThanYou","|-resisted|p1a: BetterThanYou","|-damage|p1a: BetterThanYou|197/299","|","|switch|p2a: Excadrill|Excadrill, M|361/361","|-ability|p2a: Excadrill|Mold Breaker","|","|turn|27","|player|p2","|player|p2|OkamiNine|146","|","|switch|p1a: Reckless|Staraptor, M|233/374","|-damage|p1a: Reckless|140/374|[from] Stealth Rock","|-ability|p1a: Reckless|Intimidate","|-unboost|p2a: Excadrill|atk|1","|move|p2a: Excadrill|Earthquake|p1a: Reckless","|-immune|p1a: Reckless|[msg]","|","|-heal|p1a: Reckless|163/374|[from] item: Leftovers","|turn|28","|","|switch|p2a: Magnezone|Magnezone|281/281","|move|p1a: Reckless|Defog|p2a: Magnezone","|-unboost|p2a: Magnezone|evasion|1","|-sideend|p1: Crystal Blade64|Stealth Rock|[from] move: Defog|[of] p1a: Reckless","|","|-heal|p1a: Reckless|186/374|[from] item: Leftovers","|turn|29","|player|p2","|player|p2|OkamiNine|146","|","|switch|p1a: Nurse Joy pls|Chansey, F|603/703","|move|p2a: Magnezone|Volt Switch|p1a: Nurse Joy pls","|-damage|p1a: Nurse Joy pls|516/703","|","|switch|p2a: Excadrill|Excadrill, M|361/361","|-ability|p2a: Excadrill|Mold Breaker","|","|turn|30","|","|switch|p1a: BetterThanYou|Ditto|197/299","|-transform|p1a: BetterThanYou|p2a: Excadrill","|-ability|p1a: BetterThanYou|Mold Breaker","|move|p2a: Excadrill|Iron Head|p1a: BetterThanYou","|-resisted|p1a: BetterThanYou","|-damage|p1a: BetterThanYou|79/299","|","|turn|31","|","|switch|p2a: Skarmory|Skarmory, M|333/333","|move|p1a: BetterThanYou|Earthquake|p2a: Skarmory","|-immune|p2a: Skarmory|[msg]","|","|turn|32","|","|switch|p1a: EnergizerBunny|Lopunny, M|272/272","|move|p2a: Skarmory|Toxic|p1a: EnergizerBunny","|-status|p1a: EnergizerBunny|tox","|","|-damage|p1a: EnergizerBunny|255/272 tox|[from] psn","|turn|33","|","|detailschange|p1a: EnergizerBunny|Lopunny-Mega, M","|-mega|p1a: EnergizerBunny|Lopunny|Lopunnite","|move|p1a: EnergizerBunny|High Jump Kick|p2a: Skarmory","|-damage|p2a: Skarmory|200/333","|-damage|p1a: EnergizerBunny|210/272 tox|[from] item: Rocky Helmet|[of] p2a: Skarmory","|move|p2a: Skarmory|Drill Peck|p1a: EnergizerBunny","|-supereffective|p1a: EnergizerBunny","|-damage|p1a: EnergizerBunny|34/272 tox","|","|-damage|p1a: EnergizerBunny|0 fnt|[from] psn","|faint|p1a: EnergizerBunny","|","|switch|p1a: Nurse Joy pls|Chansey, F|516/703","|turn|34","|","|switch|p2a: Excadrill|Excadrill, M|361/361","|-ability|p2a: Excadrill|Mold Breaker","|move|p1a: Nurse Joy pls|Thunder Wave|p2a: Excadrill","|-immune|p2a: Excadrill|[msg]","|","|turn|35","|","|switch|p1a: Reckless|Staraptor, M|186/374","|-ability|p1a: Reckless|Intimidate","|-unboost|p2a: Excadrill|atk|1","|move|p2a: Excadrill|Iron Head|p1a: Reckless","|-damage|p1a: Reckless|101/374","|","|-heal|p1a: Reckless|124/374|[from] item: Leftovers","|turn|36","|","|switch|p2a: Magnezone|Magnezone|281/281","|move|p1a: Reckless|Roost|p1a: Reckless","|-heal|p1a: Reckless|311/374","|","|-heal|p1a: Reckless|334/374|[from] item: Leftovers","|turn|37","|","|switch|p1a: DownloadFreeRAM|Porygon2|373/373","|-ability|p1a: DownloadFreeRAM|Magnet Pull|[from] ability: Trace|[of] p2a: Magnezone","|move|p2a: Magnezone|Volt Switch|p1a: DownloadFreeRAM","|-crit|p1a: DownloadFreeRAM","|-damage|p1a: DownloadFreeRAM|229/373","|","|switch|p2a: Empoleon|Empoleon, M|371/371","|","|turn|38","|","|move|p2a: Empoleon|Surf|p1a: DownloadFreeRAM","|-damage|p1a: DownloadFreeRAM|117/373","|move|p1a: DownloadFreeRAM|Discharge|p2a: Empoleon","|-supereffective|p2a: Empoleon","|-damage|p2a: Empoleon|285/371","|","|turn|39","|","|move|p1a: DownloadFreeRAM|Recover|p1a: DownloadFreeRAM","|-heal|p1a: DownloadFreeRAM|304/373","|move|p2a: Empoleon|Surf|p1a: DownloadFreeRAM","|-damage|p1a: DownloadFreeRAM|198/373","|","|turn|40","|","|move|p2a: Empoleon|Surf|p1a: DownloadFreeRAM","|-damage|p1a: DownloadFreeRAM|92/373","|move|p1a: DownloadFreeRAM|Recover|p1a: DownloadFreeRAM","|-heal|p1a: DownloadFreeRAM|279/373","|","|turn|41","|","|move|p2a: Empoleon|Ice Beam|p1a: DownloadFreeRAM","|-crit|p1a: DownloadFreeRAM","|-damage|p1a: DownloadFreeRAM|168/373","|move|p1a: DownloadFreeRAM|Discharge|p2a: Empoleon","|-supereffective|p2a: Empoleon","|-damage|p2a: Empoleon|203/371","|-status|p2a: Empoleon|par","|","|turn|42","|","|move|p1a: DownloadFreeRAM|Recover|p1a: DownloadFreeRAM","|-heal|p1a: DownloadFreeRAM|355/373","|move|p2a: Empoleon|Surf|p1a: DownloadFreeRAM","|-damage|p1a: DownloadFreeRAM|243/373","|","|turn|43","|","|move|p1a: DownloadFreeRAM|Discharge|p2a: Empoleon","|-supereffective|p2a: Empoleon","|-damage|p2a: Empoleon|107/371 par","|move|p2a: Empoleon|Surf|p1a: DownloadFreeRAM","|-crit|p1a: DownloadFreeRAM","|-damage|p1a: DownloadFreeRAM|0 fnt","|faint|p1a: DownloadFreeRAM","|","|","|switch|p1a: Nurse Joy pls|Chansey, F|516/703","|turn|44","|","|cant|p2a: Empoleon|par","|move|p1a: Nurse Joy pls|Seismic Toss|p2a: Empoleon","|-damage|p2a: Empoleon|7/371 par","|","|turn|45","|","|move|p2a: Empoleon|Aqua Jet|p1a: Nurse Joy pls","|-damage|p1a: Nurse Joy pls|437/703","|move|p1a: Nurse Joy pls|Seismic Toss|p2a: Empoleon","|-damage|p2a: Empoleon|0 fnt","|faint|p2a: Empoleon","|","|","|switch|p2a: Excadrill|Excadrill, M|361/361","|-ability|p2a: Excadrill|Mold Breaker","|turn|46","|","|switch|p1a: Reckless|Staraptor, M|334/374","|-ability|p1a: Reckless|Intimidate","|-unboost|p2a: Excadrill|atk|1","|move|p2a: Excadrill|Iron Head|p1a: Reckless","|-damage|p1a: Reckless|249/374","|","|-heal|p1a: Reckless|272/374|[from] item: Leftovers","|turn|47","|","|switch|p2a: Skarmory|Skarmory, M|200/333","|switch|p1a: BetterThanYou|Ditto|79/299","|-transform|p1a: BetterThanYou|p2a: Skarmory","|","|turn|48","|","|move|p1a: BetterThanYou|Roost|p1a: BetterThanYou","|-heal|p1a: BetterThanYou|229/299","|move|p2a: Skarmory|Roost|p2a: Skarmory","|-heal|p2a: Skarmory|333/333","|","|turn|49","|","|switch|p2a: Magnezone|Magnezone|281/281","|move|p1a: BetterThanYou|Roost|p1a: BetterThanYou","|-heal|p1a: BetterThanYou|299/299","|","|turn|50","|","|move|p2a: Magnezone|Thunderbolt|p1a: BetterThanYou","|-supereffective|p1a: BetterThanYou","|-ability|p1a: BetterThanYou|Sturdy","|-damage|p1a: BetterThanYou|1/299","|move|p1a: BetterThanYou|Roost|p1a: BetterThanYou","|-heal|p1a: BetterThanYou|151/299","|","|turn|51","|","|move|p2a: Magnezone|Thunderbolt|p1a: BetterThanYou","|-supereffective|p1a: BetterThanYou","|-damage|p1a: BetterThanYou|0 fnt","|faint|p1a: BetterThanYou","|","|","|switch|p1a: Nurse Joy pls|Chansey, F|437/703","|turn|52","|","|switch|p2a: Skarmory|Skarmory, M|333/333","|move|p1a: Nurse Joy pls|Seismic Toss|p2a: Skarmory","|-damage|p2a: Skarmory|233/333","|-damage|p1a: Nurse Joy pls|320/703|[from] item: Rocky Helmet|[of] p2a: Skarmory","|","|turn|53","|","|move|p2a: Skarmory|Toxic|p1a: Nurse Joy pls","|-status|p1a: Nurse Joy pls|tox","|move|p1a: Nurse Joy pls|Thunder Wave|p2a: Skarmory","|-status|p2a: Skarmory|par","|","|-damage|p1a: Nurse Joy pls|277/703 tox|[from] psn","|turn|54","|","|switch|p2a: Excadrill|Excadrill, M|361/361","|-ability|p2a: Excadrill|Mold Breaker","|move|p1a: Nurse Joy pls|Soft-Boiled|p1a: Nurse Joy pls","|-heal|p1a: Nurse Joy pls|629/703 tox","|","|-damage|p1a: Nurse Joy pls|543/703 tox|[from] psn","|turn|55","|","|switch|p1a: Reckless|Staraptor, M|272/374","|-ability|p1a: Reckless|Intimidate","|-unboost|p2a: Excadrill|atk|1","|move|p2a: Excadrill|Iron Head|p1a: Reckless","|-damage|p1a: Reckless|175/374","|","|-heal|p1a: Reckless|198/374|[from] item: Leftovers","|turn|56","|","|switch|p2a: Magnezone|Magnezone|281/281","|move|p1a: Reckless|Roost|p1a: Reckless","|-heal|p1a: Reckless|374/374","|","|turn|57","|","|switch|p1a: Nurse Joy pls|Chansey, F|543/703","|move|p2a: Magnezone|Volt Switch|p1a: Nurse Joy pls","|-damage|p1a: Nurse Joy pls|458/703","|","|switch|p2a: Excadrill|Excadrill, M|361/361","|-ability|p2a: Excadrill|Mold Breaker","|","|turn|58","|","|switch|p1a: Reckless|Staraptor, M|374/374","|-ability|p1a: Reckless|Intimidate","|-unboost|p2a: Excadrill|atk|1","|move|p2a: Excadrill|Iron Head|p1a: Reckless","|-damage|p1a: Reckless|292/374","|","|-heal|p1a: Reckless|315/374|[from] item: Leftovers","|turn|59","|","|switch|p2a: Heatran|Heatran, M|385/385 par","|switch|p1a: Nurse Joy pls|Chansey, F|458/703","|","|turn|60","|","|move|p1a: Nurse Joy pls|Soft-Boiled|p1a: Nurse Joy pls","|-heal|p1a: Nurse Joy pls|703/703","|move|p2a: Heatran|Stealth Rock|p1a: Nurse Joy pls","|-sidestart|p1: Crystal Blade64|move: Stealth Rock","|","|turn|61","|","|move|p1a: Nurse Joy pls|Seismic Toss|p2a: Heatran","|-damage|p2a: Heatran|285/385 par","|move|p2a: Heatran|Lava Plume|p1a: Nurse Joy pls","|-damage|p1a: Nurse Joy pls|624/703","|","|-heal|p2a: Heatran|309/385 par|[from] item: Leftovers","|turn|62","|","|move|p1a: Nurse Joy pls|Seismic Toss|p2a: Heatran","|-damage|p2a: Heatran|209/385 par","|cant|p2a: Heatran|par","|","|-heal|p2a: Heatran|233/385 par|[from] item: Leftovers","|turn|63","|","|move|p1a: Nurse Joy pls|Seismic Toss|p2a: Heatran","|-damage|p2a: Heatran|133/385 par","|move|p2a: Heatran|Lava Plume|p1a: Nurse Joy pls","|-damage|p1a: Nurse Joy pls|555/703","|","|-heal|p2a: Heatran|157/385 par|[from] item: Leftovers","|turn|64","|","|move|p1a: Nurse Joy pls|Seismic Toss|p2a: Heatran","|-damage|p2a: Heatran|57/385 par","|move|p2a: Heatran|Lava Plume|p1a: Nurse Joy pls","|-damage|p1a: Nurse Joy pls|480/703","|-status|p1a: Nurse Joy pls|brn","|","|-heal|p2a: Heatran|81/385 par|[from] item: Leftovers","|-damage|p1a: Nurse Joy pls|393/703 brn|[from] brn","|turn|65","|","|move|p1a: Nurse Joy pls|Soft-Boiled|p1a: Nurse Joy pls","|-heal|p1a: Nurse Joy pls|703/703 brn","|move|p2a: Heatran|Lava Plume|p1a: Nurse Joy pls","|-damage|p1a: Nurse Joy pls|627/703 brn","|","|-heal|p2a: Heatran|105/385 par|[from] item: Leftovers","|-damage|p1a: Nurse Joy pls|540/703 brn|[from] brn","|turn|66","|","|switch|p2a: Excadrill|Excadrill, M|361/361","|-ability|p2a: Excadrill|Mold Breaker","|move|p1a: Nurse Joy pls|Seismic Toss|p2a: Excadrill","|-damage|p2a: Excadrill|261/361","|","|-damage|p1a: Nurse Joy pls|453/703 brn|[from] brn","|turn|67","|","|switch|p1a: Reckless|Staraptor, M|315/374","|-damage|p1a: Reckless|222/374|[from] Stealth Rock","|-ability|p1a: Reckless|Intimidate","|-unboost|p2a: Excadrill|atk|1","|move|p2a: Excadrill|Rock Slide|p1a: Reckless","|-miss|p2a: Excadrill|p1a: Reckless","|","|-heal|p1a: Reckless|245/374|[from] item: Leftovers","|turn|68","|","|move|p2a: Excadrill|Rock Slide|p1a: Reckless","|-supereffective|p1a: Reckless","|-damage|p1a: Reckless|137/374","|move|p1a: Reckless|Roost|p1a: Reckless","|-heal|p1a: Reckless|324/374","|","|-heal|p1a: Reckless|347/374|[from] item: Leftovers","|turn|69","|","|switch|p2a: Magnezone|Magnezone|281/281","|move|p1a: Reckless|Feather Dance|p2a: Magnezone","|-unboost|p2a: Magnezone|atk|2","|","|-heal|p1a: Reckless|370/374|[from] item: Leftovers","|turn|70","|","|switch|p1a: Nurse Joy pls|Chansey, F|453/703","|-damage|p1a: Nurse Joy pls|366/703|[from] Stealth Rock","|move|p2a: Magnezone|Volt Switch|p1a: Nurse Joy pls","|-damage|p1a: Nurse Joy pls|290/703","|","|switch|p2a: Excadrill|Excadrill, M|261/361","|-ability|p2a: Excadrill|Mold Breaker","|","|turn|71","|","|switch|p1a: Reckless|Staraptor, M|370/374","|-damage|p1a: Reckless|277/374|[from] Stealth Rock","|-ability|p1a: Reckless|Intimidate","|-unboost|p2a: Excadrill|atk|1","|move|p2a: Excadrill|Iron Head|p1a: Reckless","|-damage|p1a: Reckless|183/374","|","|-heal|p1a: Reckless|206/374|[from] item: Leftovers","|turn|72","|","|switch|p2a: Magnezone|Magnezone|281/281","|move|p1a: Reckless|Defog|p2a: Magnezone","|-unboost|p2a: Magnezone|evasion|1","|-sideend|p1: Crystal Blade64|Stealth Rock|[from] move: Defog|[of] p1a: Reckless","|","|-heal|p1a: Reckless|229/374|[from] item: Leftovers","|turn|73","|","|switch|p1a: Nurse Joy pls|Chansey, F|290/703","|move|p2a: Magnezone|Volt Switch|p1a: Nurse Joy pls","|-damage|p1a: Nurse Joy pls|203/703","|","|switch|p2a: Excadrill|Excadrill, M|261/361","|-ability|p2a: Excadrill|Mold Breaker","|","|turn|74","|","|switch|p1a: Reckless|Staraptor, M|229/374","|-ability|p1a: Reckless|Intimidate","|-unboost|p2a: Excadrill|atk|1","|move|p2a: Excadrill|Iron Head|p1a: Reckless","|-damage|p1a: Reckless|136/374","|","|-heal|p1a: Reckless|159/374|[from] item: Leftovers","|turn|75","|","|switch|p2a: Magnezone|Magnezone|281/281","|switch|p1a: Nurse Joy pls|Chansey, F|203/703","|","|turn|76","|","|move|p2a: Magnezone|Volt Switch|p1a: Nurse Joy pls","|-damage|p1a: Nurse Joy pls|119/703","|","|switch|p2a: Heatran|Heatran, M|105/385 par","|move|p1a: Nurse Joy pls|Soft-Boiled|p1a: Nurse Joy pls","|-heal|p1a: Nurse Joy pls|471/703","|","|-heal|p2a: Heatran|129/385 par|[from] item: Leftovers","|turn|77","|","|move|p1a: Nurse Joy pls|Seismic Toss|p2a: Heatran","|-damage|p2a: Heatran|29/385 par","|cant|p2a: Heatran|par","|","|-heal|p2a: Heatran|53/385 par|[from] item: Leftovers","|turn|78","|","|switch|p2a: Skarmory|Skarmory, M|233/333 par","|move|p1a: Nurse Joy pls|Seismic Toss|p2a: Skarmory","|-damage|p2a: Skarmory|133/333 par","|-damage|p1a: Nurse Joy pls|354/703|[from] item: Rocky Helmet|[of] p2a: Skarmory","|","|turn|79","|","|move|p1a: Nurse Joy pls|Soft-Boiled|p1a: Nurse Joy pls","|-heal|p1a: Nurse Joy pls|703/703","|move|p2a: Skarmory|Roost|p2a: Skarmory","|-heal|p2a: Skarmory|300/333 par","|","|turn|80","|","|switch|p1a: Reckless|Staraptor, M|159/374","|-ability|p1a: Reckless|Intimidate","|-unboost|p2a: Skarmory|atk|1","|move|p2a: Skarmory|Toxic|p1a: Reckless","|-status|p1a: Reckless|tox","|","|-heal|p1a: Reckless|182/374 tox|[from] item: Leftovers","|-damage|p1a: Reckless|159/374 tox|[from] psn","|turn|81","|","|switch|p2a: Heatran|Heatran, M|53/385 par","|move|p1a: Reckless|Roost|p1a: Reckless","|-heal|p1a: Reckless|346/374 tox","|","|-heal|p1a: Reckless|369/374 tox|[from] item: Leftovers","|-heal|p2a: Heatran|77/385 par|[from] item: Leftovers","|-damage|p1a: Reckless|323/374 tox|[from] psn","|turn|82","|","|switch|p1a: Nurse Joy pls|Chansey, F|703/703","|move|p2a: Heatran|Stealth Rock|p1a: Nurse Joy pls","|-sidestart|p1: Crystal Blade64|move: Stealth Rock","|","|-heal|p2a: Heatran|101/385 par|[from] item: Leftovers","|turn|83","|","|move|p1a: Nurse Joy pls|Seismic Toss|p2a: Heatran","|-damage|p2a: Heatran|1/385 par","|move|p2a: Heatran|Lava Plume|p1a: Nurse Joy pls","|-damage|p1a: Nurse Joy pls|633/703","|","|-heal|p2a: Heatran|25/385 par|[from] item: Leftovers","|turn|84","|","|move|p2a: Heatran|Protect|p2a: Heatran","|-singleturn|p2a: Heatran|Protect","|move|p1a: Nurse Joy pls|Seismic Toss|p2a: Heatran","|-activate|p2a: Heatran|Protect","|","|-heal|p2a: Heatran|49/385 par|[from] item: Leftovers","|turn|85","|","|move|p1a: Nurse Joy pls|Seismic Toss|p2a: Heatran","|-damage|p2a: Heatran|0 fnt","|faint|p2a: Heatran","|","|","|switch|p2a: Excadrill|Excadrill, M|261/361","|-ability|p2a: Excadrill|Mold Breaker","|turn|86","|","|switch|p1a: Reckless|Staraptor, M|323/374 tox","|-damage|p1a: Reckless|230/374 tox|[from] Stealth Rock","|-ability|p1a: Reckless|Intimidate","|-unboost|p2a: Excadrill|atk|1","|move|p2a: Excadrill|Iron Head|p1a: Reckless","|-damage|p1a: Reckless|136/374 tox","|","|-heal|p1a: Reckless|159/374 tox|[from] item: Leftovers","|-damage|p1a: Reckless|136/374 tox|[from] psn","|turn|87","|","|move|p2a: Excadrill|Iron Head|p1a: Reckless","|-damage|p1a: Reckless|39/374 tox","|cant|p1a: Reckless|flinch","|","|-heal|p1a: Reckless|62/374 tox|[from] item: Leftovers","|-damage|p1a: Reckless|16/374 tox|[from] psn","|turn|88","|","|move|p2a: Excadrill|Iron Head|p1a: Reckless","|-damage|p1a: Reckless|0 fnt","|faint|p1a: Reckless","|","|","|switch|p1a: Nurse Joy pls|Chansey, F|633/703","|-damage|p1a: Nurse Joy pls|546/703|[from] Stealth Rock","|turn|89","|","|switch|p2a: Skarmory|Skarmory, M|300/333 par","|move|p1a: Nurse Joy pls|Seismic Toss|p2a: Skarmory","|-damage|p2a: Skarmory|200/333 par","|-damage|p1a: Nurse Joy pls|429/703|[from] item: Rocky Helmet|[of] p2a: Skarmory","|","|turn|90","|","|move|p1a: Nurse Joy pls|Soft-Boiled|p1a: Nurse Joy pls","|-heal|p1a: Nurse Joy pls|703/703","|cant|p2a: Skarmory|par","|","|turn|91","|","|move|p1a: Nurse Joy pls|Seismic Toss|p2a: Skarmory","|-damage|p2a: Skarmory|100/333 par","|-damage|p1a: Nurse Joy pls|586/703|[from] item: Rocky Helmet|[of] p2a: Skarmory","|move|p2a: Skarmory|Roost|p2a: Skarmory","|-heal|p2a: Skarmory|267/333 par","|","|turn|92","|","|move|p1a: Nurse Joy pls|Seismic Toss|p2a: Skarmory","|-damage|p2a: Skarmory|167/333 par","|-damage|p1a: Nurse Joy pls|469/703|[from] item: Rocky Helmet|[of] p2a: Skarmory","|move|p2a: Skarmory|Toxic|p1a: Nurse Joy pls|[miss]","|-miss|p2a: Skarmory|p1a: Nurse Joy pls","|","|turn|93","|","|move|p1a: Nurse Joy pls|Seismic Toss|p2a: Skarmory","|-damage|p2a: Skarmory|67/333 par","|-damage|p1a: Nurse Joy pls|352/703|[from] item: Rocky Helmet|[of] p2a: Skarmory","|move|p2a: Skarmory|Roost|p2a: Skarmory","|-heal|p2a: Skarmory|234/333 par","|","|turn|94","|","|move|p1a: Nurse Joy pls|Soft-Boiled|p1a: Nurse Joy pls","|-heal|p1a: Nurse Joy pls|703/703","|move|p2a: Skarmory|Toxic|p1a: Nurse Joy pls","|-status|p1a: Nurse Joy pls|tox","|","|-damage|p1a: Nurse Joy pls|660/703 tox|[from] psn","|turn|95","|","|switch|p2a: Magnezone|Magnezone|281/281","|move|p1a: Nurse Joy pls|Seismic Toss|p2a: Magnezone","|-damage|p2a: Magnezone|181/281","|","|-damage|p1a: Nurse Joy pls|574/703 tox|[from] psn","|turn|96","|","|move|p2a: Magnezone|Flash Cannon|p1a: Nurse Joy pls","|-damage|p1a: Nurse Joy pls|478/703 tox","|move|p1a: Nurse Joy pls|Aromatherapy|p1a: Nurse Joy pls","|-cureteam|p1a: Nurse Joy pls|[from] move: Aromatherapy","|","|turn|97","|","|move|p2a: Magnezone|Flash Cannon|p1a: Nurse Joy pls","|-damage|p1a: Nurse Joy pls|387/703","|move|p1a: Nurse Joy pls|Seismic Toss|p2a: Magnezone","|-damage|p2a: Magnezone|81/281","|","|turn|98","|","|move|p2a: Magnezone|Flash Cannon|p1a: Nurse Joy pls","|-damage|p1a: Nurse Joy pls|291/703","|move|p1a: Nurse Joy pls|Seismic Toss|p2a: Magnezone","|-damage|p2a: Magnezone|0 fnt","|faint|p2a: Magnezone","|","|","|switch|p2a: Excadrill|Excadrill, M|261/361","|-ability|p2a: Excadrill|Mold Breaker","|turn|99","|","|move|p2a: Excadrill|Earthquake|p1a: Nurse Joy pls","|-damage|p1a: Nurse Joy pls|39/703","|move|p1a: Nurse Joy pls|Soft-Boiled|p1a: Nurse Joy pls","|-heal|p1a: Nurse Joy pls|391/703","|","|turn|100","|","|switch|p2a: Skarmory|Skarmory, M|234/333 par","|move|p1a: Nurse Joy pls|Soft-Boiled|p1a: Nurse Joy pls","|-heal|p1a: Nurse Joy pls|703/703","|","|turn|101","|","|move|p1a: Nurse Joy pls|Seismic Toss|p2a: Skarmory","|-damage|p2a: Skarmory|134/333 par","|-damage|p1a: Nurse Joy pls|586/703|[from] item: Rocky Helmet|[of] p2a: Skarmory","|move|p2a: Skarmory|Roost|p2a: Skarmory","|-heal|p2a: Skarmory|301/333 par","|","|turn|102","|","|move|p1a: Nurse Joy pls|Seismic Toss|p2a: Skarmory","|-damage|p2a: Skarmory|201/333 par","|-damage|p1a: Nurse Joy pls|469/703|[from] item: Rocky Helmet|[of] p2a: Skarmory","|move|p2a: Skarmory|Toxic|p1a: Nurse Joy pls","|-status|p1a: Nurse Joy pls|tox","|","|-damage|p1a: Nurse Joy pls|426/703 tox|[from] psn","|turn|103","|","|move|p1a: Nurse Joy pls|Soft-Boiled|p1a: Nurse Joy pls","|-heal|p1a: Nurse Joy pls|703/703 tox","|move|p2a: Skarmory|Roost|p2a: Skarmory","|-heal|p2a: Skarmory|333/333 par","|","|-damage|p1a: Nurse Joy pls|617/703 tox|[from] psn","|turn|104","|","|move|p1a: Nurse Joy pls|Aromatherapy|p1a: Nurse Joy pls","|-cureteam|p1a: Nurse Joy pls|[from] move: Aromatherapy","|cant|p2a: Skarmory|par","|","|turn|105","|","|move|p1a: Nurse Joy pls|Seismic Toss|p2a: Skarmory","|-damage|p2a: Skarmory|233/333 par","|-damage|p1a: Nurse Joy pls|500/703|[from] item: Rocky Helmet|[of] p2a: Skarmory","|move|p2a: Skarmory|Toxic|p1a: Nurse Joy pls","|-status|p1a: Nurse Joy pls|tox","|","|-damage|p1a: Nurse Joy pls|457/703 tox|[from] psn","|turn|106","|","|move|p1a: Nurse Joy pls|Seismic Toss|p2a: Skarmory","|-damage|p2a: Skarmory|133/333 par","|-damage|p1a: Nurse Joy pls|340/703 tox|[from] item: Rocky Helmet|[of] p2a: Skarmory","|move|p2a: Skarmory|Drill Peck|p1a: Nurse Joy pls","|-damage|p1a: Nurse Joy pls|237/703 tox","|","|-damage|p1a: Nurse Joy pls|151/703 tox|[from] psn","|turn|107","|","|move|p1a: Nurse Joy pls|Soft-Boiled|p1a: Nurse Joy pls","|-heal|p1a: Nurse Joy pls|503/703 tox","|move|p2a: Skarmory|Roost|p2a: Skarmory","|-heal|p2a: Skarmory|300/333 par","|","|-damage|p1a: Nurse Joy pls|374/703 tox|[from] psn","|turn|108","|","|move|p1a: Nurse Joy pls|Aromatherapy|p1a: Nurse Joy pls","|-cureteam|p1a: Nurse Joy pls|[from] move: Aromatherapy","|move|p2a: Skarmory|Toxic|p1a: Nurse Joy pls","|-status|p1a: Nurse Joy pls|tox","|","|-damage|p1a: Nurse Joy pls|331/703 tox|[from] psn","|turn|109","|","|move|p1a: Nurse Joy pls|Soft-Boiled|p1a: Nurse Joy pls","|-heal|p1a: Nurse Joy pls|683/703 tox","|move|p2a: Skarmory|Drill Peck|p1a: Nurse Joy pls","|-damage|p1a: Nurse Joy pls|587/703 tox","|","|-damage|p1a: Nurse Joy pls|501/703 tox|[from] psn","|turn|110","|","|move|p1a: Nurse Joy pls|Aromatherapy|p1a: Nurse Joy pls","|-cureteam|p1a: Nurse Joy pls|[from] move: Aromatherapy","|move|p2a: Skarmory|Toxic|p1a: Nurse Joy pls|[miss]","|-miss|p2a: Skarmory|p1a: Nurse Joy pls","|","|turn|111","|","|move|p1a: Nurse Joy pls|Seismic Toss|p2a: Skarmory","|-damage|p2a: Skarmory|200/333 par","|-damage|p1a: Nurse Joy pls|384/703|[from] item: Rocky Helmet|[of] p2a: Skarmory","|move|p2a: Skarmory|Toxic|p1a: Nurse Joy pls","|-status|p1a: Nurse Joy pls|tox","|","|-damage|p1a: Nurse Joy pls|341/703 tox|[from] psn","|turn|112","|","|move|p1a: Nurse Joy pls|Soft-Boiled|p1a: Nurse Joy pls","|-heal|p1a: Nurse Joy pls|693/703 tox","|move|p2a: Skarmory|Roost|p2a: Skarmory","|-heal|p2a: Skarmory|333/333 par","|","|-damage|p1a: Nurse Joy pls|607/703 tox|[from] psn","|turn|113","|","|move|p1a: Nurse Joy pls|Seismic Toss|p2a: Skarmory","|-damage|p2a: Skarmory|233/333 par","|-damage|p1a: Nurse Joy pls|490/703 tox|[from] item: Rocky Helmet|[of] p2a: Skarmory","|move|p2a: Skarmory|Drill Peck|p1a: Nurse Joy pls","|-damage|p1a: Nurse Joy pls|396/703 tox","|","|-damage|p1a: Nurse Joy pls|267/703 tox|[from] psn","|turn|114","|","|move|p1a: Nurse Joy pls|Aromatherapy|p1a: Nurse Joy pls","|-cureteam|p1a: Nurse Joy pls|[from] move: Aromatherapy","|move|p2a: Skarmory|Drill Peck|p1a: Nurse Joy pls","|-damage|p1a: Nurse Joy pls|173/703","|","|turn|115","|","|move|p1a: Nurse Joy pls|Soft-Boiled|p1a: Nurse Joy pls","|-heal|p1a: Nurse Joy pls|525/703","|move|p2a: Skarmory|Toxic|p1a: Nurse Joy pls","|-status|p1a: Nurse Joy pls|tox","|","|-damage|p1a: Nurse Joy pls|482/703 tox|[from] psn","|turn|116","|","|move|p1a: Nurse Joy pls|Seismic Toss|p2a: Skarmory","|-damage|p2a: Skarmory|133/333 par","|-damage|p1a: Nurse Joy pls|365/703 tox|[from] item: Rocky Helmet|[of] p2a: Skarmory","|cant|p2a: Skarmory|par","|","|-damage|p1a: Nurse Joy pls|279/703 tox|[from] psn","|turn|117","|","|move|p1a: Nurse Joy pls|Seismic Toss|p2a: Skarmory","|-damage|p2a: Skarmory|33/333 par","|-damage|p1a: Nurse Joy pls|162/703 tox|[from] item: Rocky Helmet|[of] p2a: Skarmory","|move|p2a: Skarmory|Roost|p2a: Skarmory","|-heal|p2a: Skarmory|200/333 par","|","|-damage|p1a: Nurse Joy pls|33/703 tox|[from] psn","|turn|118","|","|move|p1a: Nurse Joy pls|Soft-Boiled|p1a: Nurse Joy pls","|-heal|p1a: Nurse Joy pls|385/703 tox","|move|p2a: Skarmory|Drill Peck|p1a: Nurse Joy pls","|-damage|p1a: Nurse Joy pls|277/703 tox","|","|-damage|p1a: Nurse Joy pls|105/703 tox|[from] psn","|turn|119","|","|move|p1a: Nurse Joy pls|Aromatherapy|p1a: Nurse Joy pls","|-cureteam|p1a: Nurse Joy pls|[from] move: Aromatherapy","|cant|p2a: Skarmory|par","|","|turn|120","|","|move|p1a: Nurse Joy pls|Seismic Toss|p2a: Skarmory","|-damage|p2a: Skarmory|100/333 par","|-damage|p1a: Nurse Joy pls|0 fnt|[from] item: Rocky Helmet|[of] p2a: Skarmory","|faint|p1a: Nurse Joy pls","|","|win|OkamiNine"],"p1rating":{"entryid":"73557","serverid":"eos","formatid":"monotype","userid":"crystalblade64","username":"Crystal Blade64","w":"20","l":10,"t":"0","gxe":64.6,"r":"1628.5210549179","rd":"62.647724365356","sigma":"0","rptime":"1440838800","rpr":1614.9763037679,"rprd":61.885878768628,"rpsigma":"0","acre":1176.7587470433,"lacre":1176.7587470433,"oldacre":"1207.7991901106"},"p2rating":{"entryid":"629886","serverid":"eos","formatid":"monotype","userid":"okaminine","username":"OkamiNine","w":5,"l":"0","t":"0","gxe":68,"r":"1500","rd":"130","sigma":"0","rptime":"1440838800","rpr":1647.7812999729,"rprd":102.36644604135,"rpsigma":"0","acre":1153.1997421243,"lacre":1153.1997421243,"oldacre":"1122.159299057"},"endType":"normal"}