{"seed":[47306,20828,35682,5329],"turns":28,"p1":"Union Beerus","p2":"Guard Wanderer","p1team":[{"name":"Tyranitar","species":"Tyranitar","item":"tyranitarite","ability":"Sand Stream","moves":["dragondance","earthquake","stoneedge","thunderpunch"],"nature":"Adamant","evs":{"hp":0,"atk":252,"def":0,"spa":0,"spd":4,"spe":252},"ivs":{"hp":31,"atk":31,"def":31,"spa":31,"spd":31,"spe":31}},{"name":"Archeops","species":"Archeops","item":"","ability":"Defeatist","moves":["acrobatics","earthquake","rockslide","uturn"],"nature":"Jolly","evs":{"hp":0,"atk":252,"def":0,"spa":0,"spd":4,"spe":252},"ivs":{"hp":31,"atk":31,"def":31,"spa":31,"spd":31,"spe":31}},{"name":"Aerodactyl","species":"Aerodactyl","item":"choicescarf","ability":"Rock Head","moves":["doubleedge","dragonclaw","earthquake","stoneedge"],"nature":"Jolly","evs":{"hp":0,"atk":252,"def":0,"spa":0,"spd":4,"spe":252},"ivs":{"hp":31,"atk":31,"def":31,"spa":31,"spd":31,"spe":31}},{"name":"Regirock","species":"Regirock","item":"leftovers","ability":"Clear Body","moves":["curse","stoneedge","hammerarm","stealthrock"],"nature":"Adamant","evs":{"hp":252,"atk":252,"def":0,"spa":0,"spd":4,"spe":0},"ivs":{"hp":31,"atk":31,"def":31,"spa":31,"spd":31,"spe":31}},{"name":"Omastar","species":"Omastar","item":"focussash","ability":"Swift Swim","moves":["shellsmash","icebeam","scald","earthpower"],"nature":"Modest","evs":{"hp":0,"atk":0,"def":0,"spa":252,"spd":4,"spe":252},"ivs":{"hp":31,"atk":31,"def":31,"spa":31,"spd":31,"spe":31}},{"name":"Cradily","species":"Cradily","item":"leftovers","ability":"Suction Cups","moves":["recover","gigadrain","infestation","stockpile"],"nature":"Calm","evs":{"hp":252,"atk":0,"def":0,"spa":4,"spd":252,"spe":0},"ivs":{"hp":31,"atk":31,"def":31,"spa":31,"spd":31,"spe":31}}],"p2team":[{"name":"Weezing","species":"Weezing","item":"sitrusberry","ability":"Levitate","moves":["toxicspikes","willowisp","memento","thief"],"nature":"Careful","evs":{"hp":248,"atk":0,"def":0,"spa":0,"spd":252,"spe":0},"ivs":{"hp":31,"atk":31,"def":31,"spa":31,"spd":31,"spe":31}},{"name":"Tentacruel","species":"Tentacruel","item":"assaultvest","ability":"Liquid Ooze","moves":["scald","acidspray","gigadrain","hex"],"nature":"Timid","evs":{"hp":0,"atk":0,"def":4,"spa":252,"spd":0,"spe":252},"ivs":{"hp":31,"atk":31,"def":31,"spa":31,"spd":31,"spe":31}},{"name":"Skuntank","species":"Skuntank","item":"","ability":"Stench","moves":["snatch","thief","suckerpunch","poisonjab"],"nature":"Adamant","evs":{"hp":248,"atk":252,"def":0,"spa":0,"spd":8,"spe":0},"ivs":{"hp":31,"atk":31,"def":31,"spa":31,"spd":31,"spe":31}},{"name":"Crobat","species":"Crobat","item":"whiteherb","ability":"Infiltrator","moves":["curse","acrobatics","roost","hypnosis"],"nature":"Jolly","evs":{"hp":248,"atk":8,"def":0,"spa":0,"spd":0,"spe":252},"ivs":{"hp":31,"atk":31,"def":31,"spa":31,"spd":31,"spe":31}},{"name":"Gengar","species":"Gengar","item":"choicescarf","ability":"Levitate","moves":["trick","destinybond","venoshock","hex"],"nature":"Timid","evs":{"hp":0,"atk":0,"def":0,"spa":252,"spd":4,"spe":252},"ivs":{"hp":31,"atk":31,"def":31,"spa":31,"spd":31,"spe":31}},{"name":"Amoonguss","species":"Amoonguss","item":"blacksludge","ability":"Regenerator","moves":["spore","gigadrain","gastroacid","stunspore"],"nature":"Calm","evs":{"hp":248,"atk":0,"def":0,"spa":8,"spd":252,"spe":0},"shiny":true,"ivs":{"hp":31,"atk":31,"def":31,"spa":31,"spd":31,"spe":31}}],"log":["|player|p1|Union Beerus|169","|player|p2|Guard Wanderer|235","|gametype|singles","|gen|6","|tier|Monotype","|rated","|rule|Baton Pass Clause: Limit one Baton Passer, can't pass Spe and other stats simultaneously","|rule|Swagger Clause: Swagger is banned","|rule|Same Type Clause: Pokémon in a team must share a type","|clearpoke","|poke|p1|Tyranitar, M","|poke|p1|Archeops, M","|poke|p1|Aerodactyl, M","|poke|p1|Regirock","|poke|p1|Omastar, M","|poke|p1|Cradily, F","|poke|p2|Weezing, F","|poke|p2|Tentacruel, M","|poke|p2|Skuntank, F","|poke|p2|Crobat, M","|poke|p2|Gengar, M","|poke|p2|Amoonguss, M, shiny","|rule|Sleep Clause Mod: Limit one foe put to sleep","|rule|Species Clause: Limit one of each Pokémon","|rule|OHKO Clause: OHKO moves are banned","|rule|Moody Clause: Moody is banned","|rule|Evasion Moves Clause: Evasion moves are banned","|rule|Endless Battle Clause: Forcing endless battles is banned","|rule|HP Percentage Mod: HP is shown in percentages","|teampreview","|","|start","|switch|p1a: Regirock|Regirock|364/364","|switch|p2a: Weezing|Weezing, F|333/333","|turn|1","|","|move|p2a: Weezing|Toxic Spikes|p1a: Regirock","|-sidestart|p1: Union Beerus|move: Toxic Spikes","|move|p1a: Regirock|Stealth Rock|p2a: Weezing","|-sidestart|p2: Guard Wanderer|move: Stealth Rock","|","|turn|2","|","|move|p2a: Weezing|Will-O-Wisp|p1a: Regirock","|-status|p1a: Regirock|brn","|move|p1a: Regirock|Curse|p1a: Regirock","|-unboost|p1a: Regirock|spe|1","|-boost|p1a: Regirock|atk|1","|-boost|p1a: Regirock|def|1","|","|-damage|p1a: Regirock|319/364 brn|[from] brn","|turn|3","|","|move|p2a: Weezing|Toxic Spikes|p1a: Regirock","|-sidestart|p1: Union Beerus|move: Toxic Spikes","|move|p1a: Regirock|Curse|p1a: Regirock","|-unboost|p1a: Regirock|spe|1","|-boost|p1a: Regirock|atk|1","|-boost|p1a: Regirock|def|1","|","|-heal|p1a: Regirock|341/364 brn|[from] item: Leftovers","|-damage|p1a: Regirock|296/364 brn|[from] brn","|turn|4","|","|switch|p2a: Amoonguss|Amoonguss, M, shiny|431/431","|-damage|p2a: Amoonguss|378/431|[from] Stealth Rock","|move|p1a: Regirock|Curse|p1a: Regirock","|-unboost|p1a: Regirock|spe|1","|-boost|p1a: Regirock|atk|1","|-boost|p1a: Regirock|def|1","|","|-heal|p2a: Amoonguss|404/431|[from] item: Black Sludge","|-heal|p1a: Regirock|318/364 brn|[from] item: Leftovers","|-damage|p1a: Regirock|273/364 brn|[from] brn","|turn|5","|","|move|p2a: Amoonguss|Gastro Acid|p1a: Regirock","|-endability|p1a: Regirock","|move|p1a: Regirock|Stone Edge|p2a: Amoonguss","|-damage|p2a: Amoonguss|125/431","|","|-heal|p2a: Amoonguss|151/431|[from] item: Black Sludge","|-heal|p1a: Regirock|295/364 brn|[from] item: Leftovers","|-damage|p1a: Regirock|250/364 brn|[from] brn","|turn|6","|","|switch|p2a: Crobat|Crobat, M|373/373","|-damage|p2a: Crobat|280/373|[from] Stealth Rock","|move|p1a: Regirock|Stone Edge|p2a: Crobat|[miss]","|-miss|p1a: Regirock|p2a: Crobat","|","|-heal|p1a: Regirock|272/364 brn|[from] item: Leftovers","|-damage|p1a: Regirock|227/364 brn|[from] brn","|turn|7","|","|move|p2a: Crobat|Curse|p2a: Crobat","|-unboost|p2a: Crobat|spe|1","|-boost|p2a: Crobat|atk|1","|-boost|p2a: Crobat|def|1","|-enditem|p2a: Crobat|White Herb","|-restoreboost|p2a: Crobat|[silent]","|move|p1a: Regirock|Stone Edge|p2a: Crobat","|-crit|p2a: Crobat","|-supereffective|p2a: Crobat","|-damage|p2a: Crobat|0 fnt","|faint|p2a: Crobat","|","|-heal|p1a: Regirock|249/364 brn|[from] item: Leftovers","|-damage|p1a: Regirock|204/364 brn|[from] brn","|","|switch|p2a: Tentacruel|Tentacruel, M|301/301","|-damage|p2a: Tentacruel|264/301|[from] Stealth Rock","|turn|8","|","|move|p2a: Tentacruel|Acid Spray|p1a: Regirock","|-resisted|p1a: Regirock","|-damage|p1a: Regirock|177/364 brn","|-unboost|p1a: Regirock|spd|2","|move|p1a: Regirock|Stone Edge|p2a: Tentacruel","|-damage|p2a: Tentacruel|0 fnt","|faint|p2a: Tentacruel","|","|-heal|p1a: Regirock|199/364 brn|[from] item: Leftovers","|-damage|p1a: Regirock|154/364 brn|[from] brn","|","|switch|p2a: Amoonguss|Amoonguss, M, shiny|294/431","|-damage|p2a: Amoonguss|241/431|[from] Stealth Rock","|turn|9","|","|move|p2a: Amoonguss|Giga Drain|p1a: Regirock","|-supereffective|p1a: Regirock","|-damage|p1a: Regirock|0 fnt","|-heal|p2a: Amoonguss|318/431|[from] drain|[of] p1a: Regirock","|faint|p1a: Regirock","|","|-heal|p2a: Amoonguss|344/431|[from] item: Black Sludge","|","|switch|p1a: Cradily|Cradily, F|376/376","|-status|p1a: Cradily|tox","|turn|10","|","|switch|p2a: Skuntank|Skuntank, F|409/409","|-damage|p2a: Skuntank|358/409|[from] Stealth Rock","|move|p1a: Cradily|Infestation|p2a: Skuntank","|-damage|p2a: Skuntank|338/409","|-activate|p2a: Skuntank|move: Infestation|[of] p1a: Cradily","|","|-damage|p1a: Cradily|353/376 tox|[from] psn","|-damage|p2a: Skuntank|287/409|[from] move: Infestation|[partiallytrapped]","|turn|11","|","|move|p2a: Skuntank|Snatch|p2a: Skuntank","|-singleturn|p2a: Skuntank|Snatch","|move|p1a: Cradily|Stockpile|p1a: Cradily","|-activate|p2a: Skuntank|Snatch|[of] p1a: Cradily","|move|p2a: Skuntank|Stockpile|p2a: Skuntank|[from]Snatch","|-start|p2a: Skuntank|stockpile1","|-boost|p2a: Skuntank|def|1","|-boost|p2a: Skuntank|spd|1","|","|-heal|p1a: Cradily|376/376 tox|[from] item: Leftovers","|-damage|p1a: Cradily|330/376 tox|[from] psn","|-damage|p2a: Skuntank|236/409|[from] move: Infestation|[partiallytrapped]","|turn|12","|","|move|p2a: Skuntank|Thief|p1a: Cradily","|-damage|p1a: Cradily|240/376 tox","|-item|p2a: Skuntank|Leftovers|[from] move: Thief|[of] p1a: Cradily","|move|p1a: Cradily|Giga Drain|p2a: Skuntank","|-resisted|p2a: Skuntank","|-damage|p2a: Skuntank|200/409","|-heal|p1a: Cradily|258/376 tox|[from] drain|[of] p2a: Skuntank","|","|-heal|p2a: Skuntank|225/409|[from] item: Leftovers","|-damage|p1a: Cradily|189/376 tox|[from] psn","|-damage|p2a: Skuntank|174/409|[from] move: Infestation|[partiallytrapped]","|turn|13","|","|move|p2a: Skuntank|Snatch|p2a: Skuntank","|-singleturn|p2a: Skuntank|Snatch","|move|p1a: Cradily|Infestation|p2a: Skuntank","|-damage|p2a: Skuntank|161/409","|","|-heal|p2a: Skuntank|186/409|[from] item: Leftovers","|-damage|p1a: Cradily|97/376 tox|[from] psn","|-damage|p2a: Skuntank|135/409|[from] move: Infestation|[partiallytrapped]","|turn|14","|","|move|p2a: Skuntank|Snatch|p2a: Skuntank","|-singleturn|p2a: Skuntank|Snatch","|move|p1a: Cradily|Stockpile|p1a: Cradily","|-activate|p2a: Skuntank|Snatch|[of] p1a: Cradily","|move|p2a: Skuntank|Stockpile|p2a: Skuntank|[from]Snatch","|-start|p2a: Skuntank|stockpile2","|-boost|p2a: Skuntank|def|1","|-boost|p2a: Skuntank|spd|1","|","|-heal|p2a: Skuntank|160/409|[from] item: Leftovers","|-damage|p1a: Cradily|0 fnt|[from] psn","|faint|p1a: Cradily","|","|switch|p1a: Archeops|Archeops, M|291/291","|turn|15","|","|move|p2a: Skuntank|Sucker Punch|p1a: Archeops","|-damage|p1a: Archeops|104/291","|move|p1a: Archeops|Earthquake|p2a: Skuntank","|-supereffective|p2a: Skuntank","|-damage|p2a: Skuntank|64/409","|","|-heal|p2a: Skuntank|89/409|[from] item: Leftovers","|turn|16","|","|switch|p1a: Tyranitar|Tyranitar, M|341/341","|-status|p1a: Tyranitar|tox","|-weather|Sandstorm","|move|p2a: Skuntank|Thief|p1a: Tyranitar","|-resisted|p1a: Tyranitar","|-damage|p1a: Tyranitar|301/341 tox","|","|-weather|Sandstorm|[upkeep]","|-damage|p2a: Skuntank|64/409|[from] sandstorm","|-heal|p2a: Skuntank|89/409|[from] item: Leftovers","|-damage|p1a: Tyranitar|280/341 tox|[from] psn","|turn|17","|","|detailschange|p1a: Tyranitar|Tyranitar-Mega, M","|-mega|p1a: Tyranitar|Tyranitar|Tyranitarite","|move|p2a: Skuntank|Snatch|p2a: Skuntank","|-singleturn|p2a: Skuntank|Snatch","|move|p1a: Tyranitar|Thunder Punch|p2a: Skuntank","|-damage|p2a: Skuntank|4/409","|","|-weather|Sandstorm|[upkeep]","|-damage|p2a: Skuntank|0 fnt|[from] sandstorm","|-damage|p1a: Tyranitar|238/341 tox|[from] psn","|faint|p2a: Skuntank","|","|switch|p2a: Weezing|Weezing, F|333/333","|-damage|p2a: Weezing|292/333|[from] Stealth Rock","|turn|18","|","|switch|p1a: Omastar|Omastar, M|281/281","|-status|p1a: Omastar|tox","|move|p2a: Weezing|Thief|p1a: Omastar","|-damage|p1a: Omastar|245/281 tox","|","|-weather|Sandstorm|[upkeep]","|-damage|p2a: Weezing|272/333|[from] sandstorm","|-damage|p1a: Omastar|228/281 tox|[from] psn","|turn|19","|","|move|p1a: Omastar|Scald|p2a: Weezing","|-damage|p2a: Weezing|140/333","|-enditem|p2a: Weezing|Sitrus Berry|[eat]","|-heal|p2a: Weezing|223/333|[from] item: Sitrus Berry","|move|p2a: Weezing|Memento|p1a: Omastar","|-unboost|p1a: Omastar|atk|2","|-unboost|p1a: Omastar|spa|2","|faint|p2a: Weezing","|","|-weather|Sandstorm|[upkeep]","|-damage|p1a: Omastar|194/281 tox|[from] psn","|","|switch|p2a: Amoonguss|Amoonguss, M, shiny|431/431","|-damage|p2a: Amoonguss|378/431|[from] Stealth Rock","|turn|20","|","|move|p1a: Omastar|Ice Beam|p2a: Amoonguss","|-supereffective|p2a: Amoonguss","|-damage|p2a: Amoonguss|284/431","|move|p2a: Amoonguss|Giga Drain|p1a: Omastar","|-supereffective|p1a: Omastar","|-damage|p1a: Omastar|0 fnt","|-heal|p2a: Amoonguss|381/431|[from] drain|[of] p1a: Omastar","|faint|p1a: Omastar","|","|-weather|none","|-heal|p2a: Amoonguss|407/431|[from] item: Black Sludge","|","|switch|p1a: Aerodactyl|Aerodactyl, M|301/301","|turn|21","|","|move|p1a: Aerodactyl|Stone Edge|p2a: Amoonguss|[miss]","|-miss|p1a: Aerodactyl|p2a: Amoonguss","|move|p2a: Amoonguss|Spore|p1a: Aerodactyl","|-status|p1a: Aerodactyl|slp","|","|-heal|p2a: Amoonguss|431/431|[from] item: Black Sludge","|turn|22","|","|cant|p1a: Aerodactyl|slp","|move|p2a: Amoonguss|Giga Drain|p1a: Aerodactyl","|-damage|p1a: Aerodactyl|195/301 slp","|","|turn|23","|","|cant|p1a: Aerodactyl|slp","|move|p2a: Amoonguss|Giga Drain|p1a: Aerodactyl","|-damage|p1a: Aerodactyl|95/301 slp","|","|turn|24","|","|cant|p1a: Aerodactyl|slp","|move|p2a: Amoonguss|Giga Drain|p1a: Aerodactyl","|-damage|p1a: Aerodactyl|0 fnt","|faint|p1a: Aerodactyl","|","|","|switch|p1a: Archeops|Archeops, M|104/291","|turn|25","|","|move|p1a: Archeops|Acrobatics|p2a: Amoonguss","|-supereffective|p2a: Amoonguss","|-damage|p2a: Amoonguss|137/431","|move|p2a: Amoonguss|Giga Drain|p1a: Archeops","|-damage|p1a: Archeops|0 fnt","|-heal|p2a: Amoonguss|189/431|[from] drain|[of] p1a: Archeops","|faint|p1a: Archeops","|","|-heal|p2a: Amoonguss|215/431|[from] item: Black Sludge","|","|switch|p1a: Tyranitar|Tyranitar-Mega, M|238/341 tox","|-weather|Sandstorm","|turn|26","|","|move|p1a: Tyranitar|Dragon Dance|p1a: Tyranitar","|-boost|p1a: Tyranitar|atk|1","|-boost|p1a: Tyranitar|spe|1","|move|p2a: Amoonguss|Giga Drain|p1a: Tyranitar","|-supereffective|p1a: Tyranitar","|-damage|p1a: Tyranitar|146/341 tox","|-heal|p2a: Amoonguss|261/431|[from] drain|[of] p1a: Tyranitar","|","|-weather|Sandstorm|[upkeep]","|-damage|p2a: Amoonguss|235/431|[from] sandstorm","|-heal|p2a: Amoonguss|261/431|[from] item: Black Sludge","|-damage|p1a: Tyranitar|125/341 tox|[from] psn","|turn|27","|","|move|p1a: Tyranitar|Stone Edge|p2a: Amoonguss","|-damage|p2a: Amoonguss|0 fnt","|faint|p2a: Amoonguss","|","|-weather|Sandstorm|[upkeep]","|-damage|p1a: Tyranitar|83/341 tox|[from] psn","|","|switch|p2a: Gengar|Gengar, M|261/261","|-damage|p2a: Gengar|229/261|[from] Stealth Rock","|turn|28","|","|move|p2a: Gengar|Venoshock|p1a: Tyranitar","|-resisted|p1a: Tyranitar","|-damage|p1a: Tyranitar|15/341 tox","|move|p1a: Tyranitar|Stone Edge|p2a: Gengar|[miss]","|-miss|p1a: Tyranitar|p2a: Gengar","|","|-weather|Sandstorm|[upkeep]","|-damage|p2a: Gengar|213/261|[from] sandstorm","|-damage|p1a: Tyranitar|0 fnt|[from] psn","|faint|p1a: Tyranitar","|","|win|Guard Wanderer"],"p1rating":{"entryid":"577945","serverid":"eos","formatid":"monotype","userid":"unionbeerus","username":"Union Beerus","w":"4","l":3,"t":"0","gxe":52.8,"r":"1500.513834028","rd":"116.34546821057","sigma":"0","rptime":"1440838800","rpr":1521.6697829535,"rprd":95.600977685623,"rpsigma":"0","acre":1074.8256913167,"lacre":1074.8256913167,"oldacre":"1104.4078376502"},"p2rating":{"entryid":"9966","serverid":"eos","formatid":"monotype","userid":"guardwanderer","username":"Guard Wanderer","w":22,"l":"39","t":"0","gxe":38.1,"r":"1392.9809261769","rd":"47.600366168797","sigma":"0","rptime":"1440838800","rpr":1408.0739250347,"rprd":46.901873765062,"rpsigma":"0","acre":1080.2317190136,"lacre":1080.2317190136,"oldacre":"1040"},"endType":"normal"}