{"seed":[52468,22257,374,24564],"turns":34,"p1":"Void Who","p2":"DJ Gible - ⒶⓌⒶⓎ","p1team":[{"name":"Arcanine","species":"Arcanine","item":"leftovers","ability":"Intimidate","moves":["willowisp","morningsun","flareblitz","closecombat"],"nature":"Careful","evs":{"hp":252,"atk":4,"def":0,"spa":0,"spd":252,"spe":0},"ivs":{"hp":31,"atk":31,"def":31,"spa":31,"spd":31,"spe":31}},{"name":"Heatran","species":"Heatran","item":"airballoon","ability":"Flash Fire","moves":["toxic","stealthrock","earthpower","lavaplume"],"nature":"Calm","evs":{"hp":252,"atk":0,"def":0,"spa":4,"spd":252,"spe":0},"ivs":{"hp":31,"atk":31,"def":31,"spa":31,"spd":31,"spe":31}},{"name":"Victini","species":"Victini","item":"leftovers","ability":"Victory Star","moves":["substitute","blueflare","thunderbolt","thunderwave"],"nature":"Modest","evs":{"hp":248,"atk":0,"def":0,"spa":252,"spd":8,"spe":0},"ivs":{"hp":31,"atk":31,"def":31,"spa":31,"spd":31,"spe":31}},{"name":"Charizard","species":"Charizard","item":"charizarditey","ability":"Blaze","moves":["roost","airslash","flamethrower","solarbeam"],"nature":"Timid","evs":{"hp":0,"atk":0,"def":0,"spa":252,"spd":4,"spe":252},"ivs":{"hp":31,"atk":31,"def":31,"spa":31,"spd":31,"spe":31}},{"name":"Volcarona","species":"Volcarona","item":"lumberry","ability":"Flame Body","moves":["quiverdance","fierydance","bugbuzz","hiddenpowerground"],"nature":"Modest","evs":{"hp":0,"atk":0,"def":0,"spa":252,"spd":4,"spe":252},"ivs":{"hp":31,"atk":31,"def":31,"spa":30,"spd":30,"spe":31}},{"name":"Torkoal","species":"Torkoal","item":"leftovers","ability":"Shell Armor","moves":["yawn","rapidspin","lavaplume","protect"],"nature":"Bold","evs":{"hp":252,"atk":0,"def":252,"spa":4,"spd":0,"spe":0},"ivs":{"hp":31,"atk":31,"def":31,"spa":31,"spd":31,"spe":31}}],"p2team":[{"name":"Diancie","species":"Diancie","item":"diancite","ability":"Clear Body","moves":["earthpower","moonblast","ancientpower","toxic"],"nature":"Timid","evs":{"hp":0,"atk":0,"def":0,"spa":252,"spd":4,"spe":252},"ivs":{"hp":31,"atk":31,"def":31,"spa":31,"spd":31,"spe":31}},{"name":"Cradily","species":"Cradily","item":"leftovers","ability":"Storm Drain","moves":["stealthrock","rockslide","recover","gigadrain"],"nature":"Careful","evs":{"hp":252,"atk":4,"def":0,"spa":0,"spd":252,"spe":0},"ivs":{"hp":31,"atk":31,"def":31,"spa":31,"spd":31,"spe":31}},{"name":"Tyranitar","species":"Tyranitar","item":"choicescarf","ability":"Sand Stream","moves":["stoneedge","pursuit","superpower","crunch"],"nature":"Jolly","evs":{"hp":0,"atk":252,"def":4,"spa":0,"spd":0,"spe":252},"ivs":{"hp":31,"atk":31,"def":31,"spa":31,"spd":31,"spe":31}},{"name":"Omastar","species":"Omastar","item":"focussash","ability":"Weak Armor","moves":["shellsmash","icebeam","scald","ancientpower"],"nature":"Modest","evs":{"hp":0,"atk":0,"def":0,"spa":252,"spd":4,"spe":252},"ivs":{"hp":31,"atk":31,"def":31,"spa":31,"spd":31,"spe":31}},{"name":"Rhyperior","species":"Rhyperior","item":"weaknesspolicy","ability":"Solid Rock","moves":["earthquake","ironhead","poisonjab","stoneedge"],"nature":"Adamant","evs":{"hp":184,"atk":252,"def":64,"spa":0,"spd":8,"spe":0},"ivs":{"hp":31,"atk":31,"def":31,"spa":31,"spd":31,"spe":31}},{"name":"Terrakion","species":"Terrakion","item":"choicescarf","ability":"Justified","moves":["closecombat","stoneedge","zenheadbutt","poisonjab"],"nature":"Jolly","evs":{"hp":0,"atk":252,"def":0,"spa":0,"spd":4,"spe":252},"ivs":{"hp":31,"atk":31,"def":31,"spa":31,"spd":31,"spe":31}}],"log":["|player|p1|Void Who|voidwho.gif","|player|p2|DJ Gible - ⒶⓌⒶⓎ|198","|gametype|singles","|gen|6","|tier|Monotype","|rated","|rule|Baton Pass Clause: Limit one Baton Passer, can't pass Spe and other stats simultaneously","|rule|Swagger Clause: Swagger is banned","|rule|Same Type Clause: Pokémon in a team must share a type","|clearpoke","|poke|p1|Arcanine, M","|poke|p1|Heatran, M","|poke|p1|Victini","|poke|p1|Charizard, F","|poke|p1|Volcarona, F","|poke|p1|Torkoal, F","|poke|p2|Diancie","|poke|p2|Cradily, F","|poke|p2|Tyranitar, F","|poke|p2|Omastar, M","|poke|p2|Rhyperior, M","|poke|p2|Terrakion","|rule|Sleep Clause Mod: Limit one foe put to sleep","|rule|Species Clause: Limit one of each Pokémon","|rule|OHKO Clause: OHKO moves are banned","|rule|Moody Clause: Moody is banned","|rule|Evasion Moves Clause: Evasion moves are banned","|rule|Endless Battle Clause: Forcing endless battles is banned","|rule|HP Percentage Mod: HP is shown in percentages","|teampreview","|","|start","|switch|p1a: Victini|Victini|403/403","|switch|p2a: Cradily|Cradily, F|376/376","|turn|1","|","|move|p1a: Victini|Substitute|p1a: Victini","|-start|p1a: Victini|Substitute","|-damage|p1a: Victini|303/403","|move|p2a: Cradily|Stealth Rock|p1a: Victini","|-sidestart|p1: Void Who|move: Stealth Rock","|","|-heal|p1a: Victini|328/403|[from] item: Leftovers","|turn|2","|","|move|p1a: Victini|Thunder Wave|p2a: Cradily","|-status|p2a: Cradily|par","|cant|p2a: Cradily|par","|","|-heal|p1a: Victini|353/403|[from] item: Leftovers","|turn|3","|","|move|p1a: Victini|Blue Flare|p2a: Cradily|[miss]","|-miss|p1a: Victini|p2a: Cradily","|cant|p2a: Cradily|par","|","|-heal|p1a: Victini|378/403|[from] item: Leftovers","|turn|4","|","|move|p1a: Victini|Blue Flare|p2a: Cradily","|-damage|p2a: Cradily|232/376 par","|move|p2a: Cradily|Rock Slide|p1a: Victini","|-supereffective|p1a: Victini","|-end|p1a: Victini|Substitute","|","|-heal|p1a: Victini|403/403|[from] item: Leftovers","|-heal|p2a: Cradily|255/376 par|[from] item: Leftovers","|turn|5","|","|move|p1a: Victini|Substitute|p1a: Victini","|-start|p1a: Victini|Substitute","|-damage|p1a: Victini|303/403","|move|p2a: Cradily|Rock Slide|p1a: Victini","|-supereffective|p1a: Victini","|-end|p1a: Victini|Substitute","|","|-heal|p1a: Victini|328/403|[from] item: Leftovers","|-heal|p2a: Cradily|278/376 par|[from] item: Leftovers","|turn|6","|","|move|p1a: Victini|Thunderbolt|p2a: Cradily","|-resisted|p2a: Cradily","|-damage|p2a: Cradily|243/376 par","|move|p2a: Cradily|Rock Slide|p1a: Victini","|-supereffective|p1a: Victini","|-damage|p1a: Victini|188/403","|","|-heal|p1a: Victini|213/403|[from] item: Leftovers","|-heal|p2a: Cradily|266/376 par|[from] item: Leftovers","|turn|7","|","|switch|p1a: Torkoal|Torkoal, F|344/344","|-damage|p1a: Torkoal|258/344|[from] Stealth Rock","|move|p2a: Cradily|Rock Slide|p1a: Torkoal","|-supereffective|p1a: Torkoal","|-damage|p1a: Torkoal|168/344","|","|-heal|p1a: Torkoal|189/344|[from] item: Leftovers","|-heal|p2a: Cradily|289/376 par|[from] item: Leftovers","|turn|8","|","|switch|p2a: Terrakion|Terrakion|323/323","|move|p1a: Torkoal|Rapid Spin|p2a: Terrakion","|-crit|p2a: Terrakion","|-resisted|p2a: Terrakion","|-damage|p2a: Terrakion|312/323","|-sideend|p1: Void Who|Stealth Rock|[from] move: Rapid Spin|[of] p1a: Torkoal","|","|-heal|p1a: Torkoal|210/344|[from] item: Leftovers","|turn|9","|","|move|p1a: Torkoal|Protect|p1a: Torkoal","|-singleturn|p1a: Torkoal|Protect","|move|p2a: Terrakion|Stone Edge|p1a: Torkoal","|-activate|p1a: Torkoal|Protect","|","|-heal|p1a: Torkoal|231/344|[from] item: Leftovers","|turn|10","|","|switch|p2a: Rhyperior|Rhyperior, M|417/417","|move|p1a: Torkoal|Lava Plume|p2a: Rhyperior","|-resisted|p2a: Rhyperior","|-damage|p2a: Rhyperior|357/417","|","|-heal|p1a: Torkoal|252/344|[from] item: Leftovers","|turn|11","|","|move|p1a: Torkoal|Protect|p1a: Torkoal","|-singleturn|p1a: Torkoal|Protect","|move|p2a: Rhyperior|Earthquake|p1a: Torkoal","|-activate|p1a: Torkoal|Protect","|","|-heal|p1a: Torkoal|273/344|[from] item: Leftovers","|turn|12","|","|switch|p1a: Charizard|Charizard, F|297/297","|move|p2a: Rhyperior|Stone Edge|p1a: Charizard|[miss]","|-miss|p2a: Rhyperior|p1a: Charizard","|","|turn|13","|","|switch|p1a: Arcanine|Arcanine, M|384/384","|-ability|p1a: Arcanine|Intimidate","|-unboost|p2a: Rhyperior|atk|1","|move|p2a: Rhyperior|Stone Edge|p1a: Arcanine","|-supereffective|p1a: Arcanine","|-damage|p1a: Arcanine|54/384","|","|-heal|p1a: Arcanine|78/384|[from] item: Leftovers","|turn|14","|","|move|p1a: Arcanine|Will-O-Wisp|p2a: Rhyperior","|-status|p2a: Rhyperior|brn","|move|p2a: Rhyperior|Earthquake|p1a: Arcanine","|-supereffective|p1a: Arcanine","|-damage|p1a: Arcanine|0 fnt","|faint|p1a: Arcanine","|","|-damage|p2a: Rhyperior|305/417 brn|[from] brn","|","|switch|p1a: Charizard|Charizard, F|297/297","|turn|15","|","|detailschange|p1a: Charizard|Charizard-Mega-Y, F","|-mega|p1a: Charizard|Charizard|Charizardite Y","|-weather|SunnyDay","|move|p1a: Charizard|Solar Beam|p2a: Rhyperior|[still]","|-prepare|p1a: Charizard|Solar Beam|p2a: Rhyperior","|-anim|p1a: Charizard|Solar Beam|p2a: Rhyperior","|-supereffective|p2a: Rhyperior","|-damage|p2a: Rhyperior|0 fnt","|faint|p2a: Rhyperior","|","|-weather|SunnyDay|[upkeep]","|","|switch|p2a: Cradily|Cradily, F|289/376 par","|turn|16","|","|move|p1a: Charizard|Air Slash|p2a: Cradily","|-damage|p2a: Cradily|177/376 par","|cant|p2a: Cradily|par","|","|-weather|SunnyDay|[upkeep]","|-heal|p2a: Cradily|200/376 par|[from] item: Leftovers","|turn|17","|","|move|p1a: Charizard|Air Slash|p2a: Cradily","|-damage|p2a: Cradily|98/376 par","|cant|p2a: Cradily|flinch","|","|-weather|SunnyDay|[upkeep]","|-heal|p2a: Cradily|121/376 par|[from] item: Leftovers","|turn|18","|","|move|p1a: Charizard|Flamethrower|p2a: Cradily","|-damage|p2a: Cradily|0 fnt","|faint|p2a: Cradily","|","|-weather|SunnyDay|[upkeep]","|","|switch|p2a: Tyranitar|Tyranitar, F|341/341","|-weather|Sandstorm","|turn|19","|","|move|p2a: Tyranitar|Pursuit|p1a: Charizard|[from]Pursuit","|-damage|p1a: Charizard|105/297","|switch|p1a: Torkoal|Torkoal, F|273/344","|","|-weather|Sandstorm|[upkeep]","|-damage|p1a: Torkoal|252/344|[from] sandstorm","|-heal|p1a: Torkoal|273/344|[from] item: Leftovers","|turn|20","|","|switch|p2a: Terrakion|Terrakion|312/323","|move|p1a: Torkoal|Yawn|p2a: Terrakion","|-start|p2a: Terrakion|move: Yawn|[of] p1a: Torkoal","|","|-weather|Sandstorm|[upkeep]","|-damage|p1a: Torkoal|252/344|[from] sandstorm","|-heal|p1a: Torkoal|273/344|[from] item: Leftovers","|turn|21","|","|switch|p2a: Tyranitar|Tyranitar, F|341/341","|move|p1a: Torkoal|Protect|p1a: Torkoal","|-fail|p1a: Torkoal","|","|-weather|Sandstorm|[upkeep]","|-damage|p1a: Torkoal|252/344|[from] sandstorm","|-heal|p1a: Torkoal|273/344|[from] item: Leftovers","|turn|22","|","|move|p2a: Tyranitar|Stone Edge|p1a: Torkoal","|-supereffective|p1a: Torkoal","|-damage|p1a: Torkoal|81/344","|move|p1a: Torkoal|Yawn|p2a: Tyranitar","|-start|p2a: Tyranitar|move: Yawn|[of] p1a: Torkoal","|","|-weather|Sandstorm|[upkeep]","|-damage|p1a: Torkoal|60/344|[from] sandstorm","|-heal|p1a: Torkoal|81/344|[from] item: Leftovers","|turn|23","|","|switch|p2a: Diancie|Diancie|241/241","|move|p1a: Torkoal|Protect|p1a: Torkoal","|-fail|p1a: Torkoal","|","|-weather|none","|-heal|p1a: Torkoal|102/344|[from] item: Leftovers","|turn|24","|","|detailschange|p2a: Diancie|Diancie-Mega","|-mega|p2a: Diancie|Diancie|Diancite","|move|p2a: Diancie|Ancient Power|p1a: Torkoal","|-supereffective|p1a: Torkoal","|-damage|p1a: Torkoal|0 fnt","|faint|p1a: Torkoal","|","|","|switch|p1a: Heatran|Heatran, M|386/386","|-item|p1a: Heatran|Air Balloon","|turn|25","|","|switch|p2a: Tyranitar|Tyranitar, F|341/341","|-weather|Sandstorm","|move|p1a: Heatran|Earth Power|p2a: Tyranitar","|-supereffective|p2a: Tyranitar","|-damage|p2a: Tyranitar|223/341","|","|-weather|Sandstorm|[upkeep]","|turn|26","|","|move|p2a: Tyranitar|Pursuit|p1a: Heatran","|-damage|p1a: Heatran|310/386","|-enditem|p1a: Heatran|Air Balloon","|move|p1a: Heatran|Toxic|p2a: Tyranitar|[miss]","|-miss|p1a: Heatran|p2a: Tyranitar","|","|-weather|Sandstorm|[upkeep]","|turn|27","|","|switch|p2a: Terrakion|Terrakion|312/323","|move|p1a: Heatran|Earth Power|p2a: Terrakion","|-supereffective|p2a: Terrakion","|-damage|p2a: Terrakion|180/323","|","|-weather|Sandstorm|[upkeep]","|turn|28","|","|move|p2a: Terrakion|Close Combat|p1a: Heatran","|-supereffective|p1a: Heatran","|-damage|p1a: Heatran|0 fnt","|-unboost|p2a: Terrakion|def|1","|-unboost|p2a: Terrakion|spd|1","|faint|p1a: Heatran","|","|-weather|Sandstorm|[upkeep]","|","|switch|p1a: Volcarona|Volcarona, F|311/311","|turn|29","|","|switch|p2a: Tyranitar|Tyranitar, F|223/341","|move|p1a: Volcarona|Quiver Dance|p1a: Volcarona","|-boost|p1a: Volcarona|spa|1","|-boost|p1a: Volcarona|spd|1","|-boost|p1a: Volcarona|spe|1","|","|-weather|none","|turn|30","|","|move|p1a: Volcarona|Bug Buzz|p2a: Tyranitar","|-supereffective|p2a: Tyranitar","|-damage|p2a: Tyranitar|0 fnt","|faint|p2a: Tyranitar","|","|","|switch|p2a: Terrakion|Terrakion|180/323","|turn|31","|","|move|p2a: Terrakion|Stone Edge|p1a: Volcarona","|-supereffective|p1a: Volcarona","|-damage|p1a: Volcarona|0 fnt","|faint|p1a: Volcarona","|","|","|switch|p1a: Victini|Victini|213/403","|turn|32","|","|move|p2a: Terrakion|Stone Edge|p1a: Victini","|-supereffective|p1a: Victini","|-damage|p1a: Victini|0 fnt","|faint|p1a: Victini","|","|","|switch|p1a: Charizard|Charizard-Mega-Y, F|105/297","|-weather|SunnyDay","|turn|33","|","|move|p2a: Terrakion|Stone Edge|p1a: Charizard|[miss]","|-miss|p2a: Terrakion|p1a: Charizard","|move|p1a: Charizard|Solar Beam|p2a: Terrakion|[still]","|-prepare|p1a: Charizard|Solar Beam|p2a: Terrakion","|-anim|p1a: Charizard|Solar Beam|p2a: Terrakion","|-supereffective|p2a: Terrakion","|-damage|p2a: Terrakion|0 fnt","|faint|p2a: Terrakion","|","|-weather|SunnyDay|[upkeep]","|","|switch|p2a: Diancie|Diancie-Mega|241/241","|turn|34","|","|move|p2a: Diancie|Ancient Power|p1a: Charizard","|-supereffective|p1a: Charizard","|-damage|p1a: Charizard|0 fnt","|-boost|p2a: Diancie|atk|1","|-boost|p2a: Diancie|def|1","|-boost|p2a: Diancie|spa|1","|-boost|p2a: Diancie|spd|1","|-boost|p2a: Diancie|spe|1","|faint|p1a: Charizard","|","|win|DJ Gible - ⒶⓌⒶⓎ"],"p1rating":{"entryid":"114352","serverid":"eos","formatid":"monotype","userid":"voidwho","username":"Void Who","w":"22","l":25,"t":"0","gxe":46.3,"r":"1468.323746656","rd":"52.667821805589","sigma":"0","rptime":"1440838800","rpr":1471.7688910402,"rprd":50.632539450176,"rpsigma":"0","acre":1059.9444630387,"lacre":1059.9444630387,"oldacre":"1084.0511787235"},"p2rating":{"entryid":"166635","serverid":"eos","formatid":"monotype","userid":"djgible","username":"DJ Gible","w":15,"l":"20","t":"0","gxe":45.5,"r":"1460.9355392512","rd":"60.185634988392","sigma":"0","rptime":"1440838800","rpr":1465.8533685848,"rprd":57.202336429597,"rpsigma":"0","acre":1093.8787959948,"lacre":1093.8787959948,"oldacre":"1060.9800446625"},"endType":"normal"}