{"seed":[31511,11175,64921,37412],"turns":28,"p1":"gtx♅Bugy","p2":"GTX♅Bzumzum","p1team":[{"name":"Virizion","species":"Virizion","item":"choicescarf","ability":"Justified","moves":["stoneedge","leafblade","closecombat","zenheadbutt"],"nature":"Jolly","evs":{"hp":4,"atk":252,"def":0,"spa":0,"spd":0,"spe":252},"shiny":true,"ivs":{"hp":31,"atk":31,"def":31,"spa":31,"spd":31,"spe":31}},{"name":"Ferrothorn","species":"Ferrothorn","item":"leftovers","ability":"Iron Barbs","moves":["stealthrock","leechseed","gyroball","protect"],"nature":"Relaxed","evs":{"hp":252,"atk":0,"def":88,"spa":0,"spd":168,"spe":0},"ivs":{"hp":31,"atk":31,"def":31,"spa":31,"spd":31,"spe":0},"shiny":true},{"name":"Serperior","species":"Serperior","item":"lifeorb","ability":"Contrary","moves":["leafstorm","dragonpulse","hiddenpowerfire","gigadrain"],"nature":"Timid","evs":{"hp":0,"atk":0,"def":0,"spa":252,"spd":4,"spe":252},"shiny":true,"ivs":{"atk":30,"spa":30,"spe":30,"hp":31,"def":31,"spd":31}},{"name":"Ludicolo","species":"Ludicolo","item":"lifeorb","ability":"Swift Swim","moves":["hydropump","gigadrain","icebeam","raindance"],"nature":"Modest","evs":{"hp":0,"atk":0,"def":4,"spa":252,"spd":0,"spe":252},"shiny":true,"ivs":{"hp":31,"atk":31,"def":31,"spa":31,"spd":31,"spe":31}},{"name":"Sceptile","species":"Sceptile","item":"sceptilite","ability":"Overgrow","moves":["leafstorm","focusblast","dragonpulse","earthquake"],"nature":"Timid","evs":{"hp":4,"atk":0,"def":0,"spa":252,"spd":0,"spe":252},"shiny":true,"ivs":{"hp":31,"atk":31,"def":31,"spa":31,"spd":31,"spe":31}},{"name":"Cradily","species":"Cradily","item":"leftovers","ability":"Suction Cups","moves":["ancientpower","earthpower","recover","protect"],"nature":"Modest","evs":{"hp":252,"atk":0,"def":0,"spa":252,"spd":4,"spe":0},"ivs":{"hp":31,"atk":31,"def":31,"spa":31,"spd":31,"spe":31}}],"p2team":[{"name":"Thorns","species":"ferrothorn","item":"focussash","ability":"Iron Barbs","moves":["stealthrock","gyroball","leechseed","protect"],"nature":"Jolly","evs":{"hp":128,"atk":100,"def":116,"spa":0,"spd":120,"spe":44},"gender":"M","ivs":{"hp":31,"atk":31,"def":31,"spa":31,"spd":31,"spe":0}},{"name":"Brawloom","species":"breloom","item":"focussash","ability":"Technician","moves":["swordsdance","rocktomb","machpunch","spore"],"nature":"Jolly","evs":{"hp":4,"atk":252,"def":0,"spa":0,"spd":0,"spe":252},"gender":"M","shiny":true,"ivs":{"hp":31,"atk":31,"def":31,"spa":31,"spd":31,"spe":31}},{"name":"Healer","species":"shaymin","item":"leftovers","ability":"Natural Cure","moves":["aromatherapy","earthpower","airslash","seedflare"],"nature":"Calm","evs":{"hp":0,"atk":0,"def":0,"spa":252,"spd":4,"spe":252},"shiny":true,"ivs":{"hp":31,"atk":31,"def":31,"spa":31,"spd":31,"spe":31}},{"name":"Ludicool","species":"ludicolo","item":"leftovers","ability":"Swift Swim","moves":["icebeam","scald","gigadrain","raindance"],"nature":"Modest","evs":{"hp":200,"atk":0,"def":0,"spa":184,"spd":4,"spe":120},"gender":"M","shiny":true,"ivs":{"hp":31,"atk":31,"def":31,"spa":31,"spd":31,"spe":31}},{"name":"Great-ily","species":"cradily","item":"leftovers","ability":"Storm Drain","moves":["ancientpower","earthpower","recover","toxic"],"nature":"Calm","evs":{"hp":232,"atk":24,"def":0,"spa":0,"spd":252,"spe":0},"gender":"M","shiny":true,"ivs":{"hp":31,"atk":31,"def":31,"spa":31,"spd":31,"spe":31}},{"name":"Plantasaurus","species":"venusaur","item":"venusaurite","ability":"Chlorophyll","moves":["gigadrain","hiddenpowerrock","sludgebomb","synthesis"],"nature":"Modest","evs":{"hp":0,"atk":0,"def":68,"spa":188,"spd":0,"spe":252},"gender":"M","ivs":{"hp":31,"atk":31,"def":30,"spa":31,"spd":30,"spe":30},"shiny":true}],"log":["|player|p1|gtx♅Bugy|66","|player|p2|GTX♅Bzumzum|225","|gametype|singles","|gen|6","|tier|Monotype","|rated","|rule|Baton Pass Clause: Limit one Baton Passer, can't pass Spe and other stats simultaneously","|rule|Swagger Clause: Swagger is banned","|rule|Same Type Clause: Pokémon in a team must share a type","|clearpoke","|poke|p1|Virizion, shiny","|poke|p1|Ferrothorn, F, shiny","|poke|p1|Serperior, M, shiny","|poke|p1|Ludicolo, M, shiny","|poke|p1|Sceptile, F, shiny","|poke|p1|Cradily, F","|poke|p2|Ferrothorn, M","|poke|p2|Breloom, M, shiny","|poke|p2|Shaymin, shiny","|poke|p2|Ludicolo, M, shiny","|poke|p2|Cradily, M, shiny","|poke|p2|Venusaur, M, shiny","|rule|Sleep Clause Mod: Limit one foe put to sleep","|rule|Species Clause: Limit one of each Pokémon","|rule|OHKO Clause: OHKO moves are banned","|rule|Moody Clause: Moody is banned","|rule|Evasion Moves Clause: Evasion moves are banned","|rule|Endless Battle Clause: Forcing endless battles is banned","|rule|HP Percentage Mod: HP is shown in percentages","|teampreview","|","|start","|switch|p1a: Ferrothorn|Ferrothorn, F, shiny|352/352","|switch|p2a: Plantasaurus|Venusaur, M, shiny|301/301","|turn|1","|","|switch|p2a: Thorns|Ferrothorn, M|321/321","|move|p1a: Ferrothorn|Stealth Rock|p2a: Thorns","|-sidestart|p2: GTX♅Bzumzum|move: Stealth Rock","|","|turn|2","|","|move|p1a: Ferrothorn|Protect|p1a: Ferrothorn","|-singleturn|p1a: Ferrothorn|Protect","|move|p2a: Thorns|Stealth Rock|p1a: Ferrothorn","|-sidestart|p1: gtx♅Bugy|move: Stealth Rock","|","|turn|3","|","|switch|p2a: Brawloom|Breloom, M, shiny|262/262","|-damage|p2a: Brawloom|246/262|[from] Stealth Rock","|switch|p1a: Serperior|Serperior, M, shiny|291/291","|-damage|p1a: Serperior|255/291|[from] Stealth Rock","|","|turn|4","|","|move|p1a: Serperior|Leaf Storm|p2a: Brawloom","|-resisted|p2a: Brawloom","|-damage|p2a: Brawloom|80/262","|-boost|p1a: Serperior|spa|2","|-damage|p1a: Serperior|226/291|[from] item: Life Orb","|move|p2a: Brawloom|Spore|p1a: Serperior","|-immune|p1a: Serperior|[msg]","|","|turn|5","|","|move|p2a: Brawloom|Mach Punch|p1a: Serperior","|-damage|p1a: Serperior|117/291","|move|p1a: Serperior|Leaf Storm|p2a: Brawloom","|-resisted|p2a: Brawloom","|-damage|p2a: Brawloom|0 fnt","|-boost|p1a: Serperior|spa|2","|-damage|p1a: Serperior|88/291|[from] item: Life Orb","|faint|p2a: Brawloom","|","|","|switch|p2a: Thorns|Ferrothorn, M|321/321","|-damage|p2a: Thorns|301/321|[from] Stealth Rock","|turn|6","|","|move|p1a: Serperior|Hidden Power|p2a: Thorns","|-supereffective|p2a: Thorns","|-damage|p2a: Thorns|0 fnt","|-damage|p1a: Serperior|59/291|[from] item: Life Orb","|faint|p2a: Thorns","|","|","|switch|p2a: Plantasaurus|Venusaur, M, shiny|301/301","|-damage|p2a: Plantasaurus|264/301|[from] Stealth Rock","|turn|7","|","|detailschange|p2a: Plantasaurus|Venusaur-Mega, M, shiny","|-mega|p2a: Plantasaurus|Venusaur|Venusaurite","|move|p1a: Serperior|Hidden Power|p2a: Plantasaurus","|-supereffective|p2a: Plantasaurus","|-damage|p2a: Plantasaurus|103/301","|-damage|p1a: Serperior|30/291|[from] item: Life Orb","|move|p2a: Plantasaurus|Giga Drain|p1a: Serperior","|-resisted|p1a: Serperior","|-damage|p1a: Serperior|0 fnt","|-heal|p2a: Plantasaurus|118/301|[from] drain|[of] p1a: Serperior","|faint|p1a: Serperior","|","|","|switch|p1a: Sceptile|Sceptile, F, shiny|282/282","|-damage|p1a: Sceptile|247/282|[from] Stealth Rock","|turn|8","|","|detailschange|p1a: Sceptile|Sceptile-Mega, F, shiny","|-mega|p1a: Sceptile|Sceptile|Sceptilite","|move|p1a: Sceptile|Dragon Pulse|p2a: Plantasaurus","|-damage|p2a: Plantasaurus|0 fnt","|faint|p2a: Plantasaurus","|","|","|switch|p2a: Ludicool|Ludicolo, M, shiny|351/351","|-damage|p2a: Ludicool|308/351|[from] Stealth Rock","|turn|9","|","|move|p1a: Sceptile|Leaf Storm|p2a: Ludicool|[miss]","|-miss|p1a: Sceptile|p2a: Ludicool","|move|p2a: Ludicool|Ice Beam|p1a: Sceptile","|-supereffective|p1a: Sceptile","|-damage|p1a: Sceptile|0 fnt","|faint|p1a: Sceptile","|","|-heal|p2a: Ludicool|329/351|[from] item: Leftovers","|","|switch|p1a: Ludicolo|Ludicolo, M, shiny|301/301","|-damage|p1a: Ludicolo|264/301|[from] Stealth Rock","|turn|10","|","|move|p1a: Ludicolo|Giga Drain|p2a: Ludicool","|-damage|p2a: Ludicool|183/351","|-heal|p1a: Ludicolo|301/301|[from] drain|[of] p2a: Ludicool","|-damage|p1a: Ludicolo|271/301|[from] item: Life Orb","|move|p2a: Ludicool|Giga Drain|p1a: Ludicolo","|-crit|p1a: Ludicolo","|-damage|p1a: Ludicolo|123/301","|-heal|p2a: Ludicool|257/351|[from] drain|[of] p1a: Ludicolo","|","|-heal|p2a: Ludicool|278/351|[from] item: Leftovers","|turn|11","|","|switch|p2a: Healer|Shaymin, shiny|341/341","|-damage|p2a: Healer|299/341|[from] Stealth Rock","|move|p1a: Ludicolo|Giga Drain|p2a: Healer","|-crit|p2a: Healer","|-resisted|p2a: Healer","|-damage|p2a: Healer|200/341","|-heal|p1a: Ludicolo|173/301|[from] drain|[of] p2a: Healer","|-damage|p1a: Ludicolo|143/301|[from] item: Life Orb","|","|-heal|p2a: Healer|221/341|[from] item: Leftovers","|turn|12","|","|move|p2a: Healer|Air Slash|p1a: Ludicolo","|-supereffective|p1a: Ludicolo","|-damage|p1a: Ludicolo|0 fnt","|faint|p1a: Ludicolo","|","|-heal|p2a: Healer|242/341|[from] item: Leftovers","|","|switch|p1a: Cradily|Cradily, F|376/376","|-damage|p1a: Cradily|329/376|[from] Stealth Rock","|turn|13","|","|move|p2a: Healer|Seed Flare|p1a: Cradily","|-damage|p1a: Cradily|161/376","|move|p1a: Cradily|Ancient Power|p2a: Healer","|-damage|p2a: Healer|163/341","|","|-heal|p2a: Healer|184/341|[from] item: Leftovers","|-heal|p1a: Cradily|184/376|[from] item: Leftovers","|turn|14","|","|move|p1a: Cradily|Protect|p1a: Cradily","|-singleturn|p1a: Cradily|Protect","|move|p2a: Healer|Air Slash|p1a: Cradily","|-activate|p1a: Cradily|Protect","|","|-heal|p2a: Healer|205/341|[from] item: Leftovers","|-heal|p1a: Cradily|207/376|[from] item: Leftovers","|turn|15","|","|move|p2a: Healer|Air Slash|p1a: Cradily","|-damage|p1a: Cradily|136/376","|cant|p1a: Cradily|flinch","|","|-heal|p2a: Healer|226/341|[from] item: Leftovers","|-heal|p1a: Cradily|159/376|[from] item: Leftovers","|turn|16","|","|switch|p2a: Ludicool|Ludicolo, M, shiny|278/351","|-damage|p2a: Ludicool|235/351|[from] Stealth Rock","|move|p1a: Cradily|Protect|p1a: Cradily","|-fail|p1a: Cradily","|","|-heal|p2a: Ludicool|256/351|[from] item: Leftovers","|-heal|p1a: Cradily|182/376|[from] item: Leftovers","|turn|17","|","|switch|p1a: Ferrothorn|Ferrothorn, F, shiny|352/352","|-damage|p1a: Ferrothorn|330/352|[from] Stealth Rock","|move|p2a: Ludicool|Rain Dance|p2a: Ludicool","|-weather|RainDance","|","|-weather|RainDance|[upkeep]","|-heal|p2a: Ludicool|277/351|[from] item: Leftovers","|-heal|p1a: Ferrothorn|352/352|[from] item: Leftovers","|turn|18","|","|move|p2a: Ludicool|Scald|p1a: Ferrothorn","|-resisted|p1a: Ferrothorn","|-damage|p1a: Ferrothorn|281/352","|move|p1a: Ferrothorn|Gyro Ball|p2a: Ludicool","|-resisted|p2a: Ludicool","|-damage|p2a: Ludicool|165/351","|","|-weather|RainDance|[upkeep]","|-heal|p2a: Ludicool|186/351|[from] item: Leftovers","|-heal|p1a: Ferrothorn|303/352|[from] item: Leftovers","|turn|19","|","|move|p2a: Ludicool|Giga Drain|p1a: Ferrothorn","|-resisted|p1a: Ferrothorn","|-damage|p1a: Ferrothorn|282/352","|-heal|p2a: Ludicool|197/351|[from] drain|[of] p1a: Ferrothorn","|move|p1a: Ferrothorn|Gyro Ball|p2a: Ludicool","|-resisted|p2a: Ludicool","|-damage|p2a: Ludicool|93/351","|","|-weather|RainDance|[upkeep]","|-heal|p2a: Ludicool|114/351|[from] item: Leftovers","|-heal|p1a: Ferrothorn|304/352|[from] item: Leftovers","|turn|20","|","|switch|p2a: Healer|Shaymin, shiny|226/341","|-damage|p2a: Healer|184/341|[from] Stealth Rock","|move|p1a: Ferrothorn|Gyro Ball|p2a: Healer","|-damage|p2a: Healer|6/341","|","|-weather|RainDance|[upkeep]","|-heal|p2a: Healer|27/341|[from] item: Leftovers","|-heal|p1a: Ferrothorn|326/352|[from] item: Leftovers","|turn|21","|","|move|p2a: Healer|Air Slash|p1a: Ferrothorn","|-damage|p1a: Ferrothorn|273/352","|move|p1a: Ferrothorn|Gyro Ball|p2a: Healer","|-damage|p2a: Healer|0 fnt","|faint|p2a: Healer","|","|-weather|none","|-heal|p1a: Ferrothorn|295/352|[from] item: Leftovers","|","|switch|p2a: Great-ily|Cradily, M, shiny|371/371","|-damage|p2a: Great-ily|325/371|[from] Stealth Rock","|turn|22","|","|move|p2a: Great-ily|Ancient Power|p1a: Ferrothorn","|-resisted|p1a: Ferrothorn","|-damage|p1a: Ferrothorn|272/352","|-boost|p2a: Great-ily|atk|1","|-boost|p2a: Great-ily|def|1","|-boost|p2a: Great-ily|spa|1","|-boost|p2a: Great-ily|spd|1","|-boost|p2a: Great-ily|spe|1","|move|p1a: Ferrothorn|Gyro Ball|p2a: Great-ily","|-supereffective|p2a: Great-ily","|-damage|p2a: Great-ily|137/371","|","|-heal|p2a: Great-ily|160/371|[from] item: Leftovers","|-heal|p1a: Ferrothorn|294/352|[from] item: Leftovers","|turn|23","|","|move|p2a: Great-ily|Recover|p2a: Great-ily","|-heal|p2a: Great-ily|346/371","|move|p1a: Ferrothorn|Gyro Ball|p2a: Great-ily","|-supereffective|p2a: Great-ily","|-damage|p2a: Great-ily|172/371","|","|-heal|p2a: Great-ily|195/371|[from] item: Leftovers","|-heal|p1a: Ferrothorn|316/352|[from] item: Leftovers","|turn|24","|","|move|p2a: Great-ily|Recover|p2a: Great-ily","|-heal|p2a: Great-ily|371/371","|move|p1a: Ferrothorn|Gyro Ball|p2a: Great-ily","|-supereffective|p2a: Great-ily","|-damage|p2a: Great-ily|207/371","|","|-heal|p2a: Great-ily|230/371|[from] item: Leftovers","|-heal|p1a: Ferrothorn|338/352|[from] item: Leftovers","|turn|25","|","|move|p2a: Great-ily|Earth Power|p1a: Ferrothorn","|-damage|p1a: Ferrothorn|271/352","|move|p1a: Ferrothorn|Gyro Ball|p2a: Great-ily","|-crit|p2a: Great-ily","|-supereffective|p2a: Great-ily","|-damage|p2a: Great-ily|0 fnt","|faint|p2a: Great-ily","|","|-heal|p1a: Ferrothorn|293/352|[from] item: Leftovers","|","|switch|p2a: Ludicool|Ludicolo, M, shiny|114/351","|-damage|p2a: Ludicool|71/351|[from] Stealth Rock","|turn|26","|","|move|p1a: Ferrothorn|Protect|p1a: Ferrothorn","|-singleturn|p1a: Ferrothorn|Protect","|move|p2a: Ludicool|Ice Beam|p1a: Ferrothorn","|-activate|p1a: Ferrothorn|Protect","|","|-heal|p2a: Ludicool|92/351|[from] item: Leftovers","|-heal|p1a: Ferrothorn|315/352|[from] item: Leftovers","|turn|27","|","|switch|p1a: Cradily|Cradily, F|182/376","|-damage|p1a: Cradily|135/376|[from] Stealth Rock","|move|p2a: Ludicool|Ice Beam|p1a: Cradily","|-supereffective|p1a: Cradily","|-damage|p1a: Cradily|0 fnt","|faint|p1a: Cradily","|","|-heal|p2a: Ludicool|113/351|[from] item: Leftovers","|","|switch|p1a: Virizion|Virizion, shiny|324/324","|-damage|p1a: Virizion|304/324|[from] Stealth Rock","|turn|28","|","|move|p1a: Virizion|Close Combat|p2a: Ludicool","|-damage|p2a: Ludicool|0 fnt","|-unboost|p1a: Virizion|def|1","|-unboost|p1a: Virizion|spd|1","|faint|p2a: Ludicool","|","|win|gtx♅Bugy"],"p1rating":{"entryid":"464882","serverid":"eos","formatid":"monotype","userid":"gtxbugy","username":"GTX♅Bugy","w":13,"l":"7","t":"0","gxe":61.5,"r":"1599.3507868679","rd":"73.08536963748","sigma":"0","rptime":"1440838800","rpr":1589.66555904,"rprd":70.730935575794,"rpsigma":"0","acre":1171.7468270385,"lacre":1171.7468270385,"oldacre":"1153.5411424996"},"p2rating":{"entryid":"1463","serverid":"eos","formatid":"monotype","userid":"gtxbzumzum","username":"GTX♅Bzumzum","w":"22","l":60,"t":"0","gxe":28.3,"r":"1325.8113398479","rd":"41.796497872998","sigma":"0","rptime":"1440838800","rpr":1324.0870868698,"rprd":41.629953776878,"rpsigma":"0","acre":1043.210039174,"lacre":1043.210039174,"oldacre":"1056.6841561847"},"endType":"normal"}