{"seed":[13250,33681,8031,24750],"turns":32,"p1":"Doctor Vergi","p2":"Inferno Sasuke","p1team":[{"name":"Landorus-Therian","species":"Landorus-Therian","item":"choicescarf","ability":"Intimidate","moves":["stoneedge","earthquake","uturn","knockoff"],"nature":"Jolly","evs":{"hp":0,"atk":252,"def":0,"spa":0,"spd":4,"spe":252},"ivs":{"hp":31,"atk":31,"def":31,"spa":31,"spd":31,"spe":31}},{"name":"Thundurus","species":"Thundurus","item":"lifeorb","ability":"Prankster","moves":["thunderwave","thunderbolt","nastyplot","grassknot"],"nature":"Timid","evs":{"hp":0,"atk":0,"def":0,"spa":252,"spd":4,"spe":252},"ivs":{"hp":31,"atk":31,"def":31,"spa":31,"spd":31,"spe":31}},{"name":"Skarmory","species":"Skarmory","item":"rockyhelmet","ability":"Sturdy","moves":["drillpeck","whirlwind","spikes","roost"],"nature":"Impish","evs":{"hp":248,"atk":0,"def":236,"spa":0,"spd":0,"spe":24},"ivs":{"hp":31,"atk":31,"def":31,"spa":31,"spd":31,"spe":31}},{"name":"Aerodactyl","species":"Aerodactyl","item":"aerodactylite","ability":"Rock Head","moves":["stoneedge","earthquake","stealthrock","taunt"],"nature":"Jolly","evs":{"hp":248,"atk":8,"def":0,"spa":0,"spd":0,"spe":252},"ivs":{"hp":31,"atk":31,"def":31,"spa":31,"spd":31,"spe":31}},{"name":"Vivillon","species":"Vivillon","item":"focussash","ability":"Compound Eyes","moves":["hurricane","bugbuzz","quiverdance","sleeppowder"],"nature":"Timid","evs":{"hp":0,"atk":0,"def":0,"spa":252,"spd":4,"spe":252},"ivs":{"hp":31,"atk":31,"def":31,"spa":31,"spd":31,"spe":31}},{"name":"Togekiss","species":"Togekiss","item":"leftovers","ability":"Serene Grace","moves":["airslash","thunderwave","roost","healbell"],"nature":"Calm","evs":{"hp":252,"atk":0,"def":0,"spa":4,"spd":252,"spe":0},"ivs":{"hp":31,"atk":31,"def":31,"spa":31,"spd":31,"spe":31}}],"p2team":[{"name":"Bisharp","species":"Bisharp","item":"lumberry","ability":"Defiant","moves":["ironhead","knockoff","suckerpunch","swordsdance"],"nature":"Adamant","evs":{"hp":0,"atk":252,"def":0,"spa":0,"spd":4,"spe":252},"ivs":{"hp":31,"atk":31,"def":31,"spa":31,"spd":31,"spe":31}},{"name":"Hoopa-Unbound","species":"Hoopa-Unbound","item":"choicescarf","ability":"Magician","moves":["hyperspacefury","zenheadbutt","gunkshot","drainpunch"],"nature":"Jolly","evs":{"hp":0,"atk":252,"def":0,"spa":0,"spd":4,"spe":252},"ivs":{"hp":31,"atk":31,"def":31,"spa":31,"spd":31,"spe":31}},{"name":"Crawdaunt","species":"Crawdaunt","item":"lifeorb","ability":"Adaptability","moves":["crabhammer","knockoff","aquajet","swordsdance"],"nature":"Adamant","evs":{"hp":0,"atk":252,"def":4,"spa":0,"spd":0,"spe":252},"ivs":{"hp":31,"atk":31,"def":31,"spa":31,"spd":31,"spe":31}},{"name":"Mandibuzz","species":"Mandibuzz","item":"leftovers","ability":"Overcoat","moves":["foulplay","toxic","roost","defog"],"nature":"Impish","evs":{"hp":248,"atk":0,"def":252,"spa":0,"spd":8,"spe":0},"ivs":{"hp":31,"atk":0,"def":31,"spa":31,"spd":31,"spe":31}},{"name":"Tyranitar","species":"Tyranitar","item":"leftovers","ability":"Sand Stream","moves":["crunch","stoneedge","fireblast","stealthrock"],"nature":"Sassy","evs":{"hp":252,"atk":4,"def":0,"spa":0,"spd":252,"spe":0},"ivs":{"hp":31,"atk":31,"def":31,"spa":31,"spd":31,"spe":31}},{"name":"Sableye","species":"Sableye","item":"sablenite","ability":"Keen Eye","moves":["shadowball","calmmind","willowisp","recover"],"nature":"Bold","evs":{"hp":252,"atk":0,"def":252,"spa":0,"spd":4,"spe":0},"ivs":{"hp":31,"atk":0,"def":31,"spa":31,"spd":31,"spe":31}}],"log":["|player|p1|Doctor Vergi|doctorvergi.png","|player|p2|Inferno Sasuke|infernosasuke.png","|gametype|singles","|gen|6","|tier|Monotype","|rated","|rule|Baton Pass Clause: Limit one Baton Passer, can't pass Spe and other stats simultaneously","|rule|Swagger Clause: Swagger is banned","|rule|Same Type Clause: Pokémon in a team must share a type","|clearpoke","|poke|p1|Landorus-Therian, M","|poke|p1|Thundurus, M","|poke|p1|Skarmory, F","|poke|p1|Aerodactyl, F","|poke|p1|Vivillon, M","|poke|p1|Togekiss, F","|poke|p2|Bisharp, F","|poke|p2|Hoopa-Unbound","|poke|p2|Crawdaunt, F","|poke|p2|Mandibuzz, F","|poke|p2|Tyranitar, M","|poke|p2|Sableye, F","|rule|Sleep Clause Mod: Limit one foe put to sleep","|rule|Species Clause: Limit one of each Pokémon","|rule|OHKO Clause: OHKO moves are banned","|rule|Moody Clause: Moody is banned","|rule|Evasion Moves Clause: Evasion moves are banned","|rule|Endless Battle Clause: Forcing endless battles is banned","|rule|HP Percentage Mod: HP is shown in percentages","|teampreview","|","|start","|switch|p1a: Aerodactyl|Aerodactyl, F|363/363","|switch|p2a: Hoopa-Unbound|Hoopa-Unbound|301/301","|turn|1","|","|detailschange|p1a: Aerodactyl|Aerodactyl-Mega, F","|-mega|p1a: Aerodactyl|Aerodactyl|Aerodactylite","|move|p2a: Hoopa-Unbound|Zen Headbutt|p1a: Aerodactyl|[miss]","|-miss|p2a: Hoopa-Unbound|p1a: Aerodactyl","|move|p1a: Aerodactyl|Stone Edge|p2a: Hoopa-Unbound","|-crit|p2a: Hoopa-Unbound","|-damage|p2a: Hoopa-Unbound|0 fnt","|faint|p2a: Hoopa-Unbound","|","|","|switch|p2a: Crawdaunt|Crawdaunt, F|267/267","|turn|2","|","|switch|p1a: Skarmory|Skarmory, F|333/333","|move|p2a: Crawdaunt|Aqua Jet|p1a: Skarmory","|-damage|p1a: Skarmory|255/333","|-damage|p2a: Crawdaunt|223/267|[from] item: Rocky Helmet|[of] p1a: Skarmory","|-damage|p2a: Crawdaunt|197/267|[from] item: Life Orb","|","|turn|3","|","|move|p2a: Crawdaunt|Crabhammer|p1a: Skarmory","|-damage|p1a: Skarmory|83/333","|-damage|p2a: Crawdaunt|153/267|[from] item: Rocky Helmet|[of] p1a: Skarmory","|-damage|p2a: Crawdaunt|127/267|[from] item: Life Orb","|move|p1a: Skarmory|Roost|p1a: Skarmory","|-heal|p1a: Skarmory|250/333","|","|turn|4","|","|move|p2a: Crawdaunt|Swords Dance|p2a: Crawdaunt","|-boost|p2a: Crawdaunt|atk|2","|move|p1a: Skarmory|Roost|p1a: Skarmory","|-heal|p1a: Skarmory|333/333","|","|turn|5","|","|move|p2a: Crawdaunt|Crabhammer|p1a: Skarmory","|-ability|p1a: Skarmory|Sturdy","|-damage|p1a: Skarmory|1/333","|-damage|p2a: Crawdaunt|83/267|[from] item: Rocky Helmet|[of] p1a: Skarmory","|-damage|p2a: Crawdaunt|57/267|[from] item: Life Orb","|move|p1a: Skarmory|Drill Peck|p2a: Crawdaunt","|-damage|p2a: Crawdaunt|0 fnt","|faint|p2a: Crawdaunt","|","|","|switch|p2a: Tyranitar|Tyranitar, M|404/404","|-weather|Sandstorm","|turn|6","|","|move|p1a: Skarmory|Roost|p1a: Skarmory","|-heal|p1a: Skarmory|168/333","|move|p2a: Tyranitar|Stone Edge|p1a: Skarmory","|-resisted|p1a: Skarmory","|-damage|p1a: Skarmory|125/333","|","|-weather|Sandstorm|[upkeep]","|turn|7","|","|move|p1a: Skarmory|Roost|p1a: Skarmory","|-heal|p1a: Skarmory|292/333","|move|p2a: Tyranitar|Fire Blast|p1a: Skarmory","|-supereffective|p1a: Skarmory","|-damage|p1a: Skarmory|80/333","|","|-weather|Sandstorm|[upkeep]","|turn|8","|","|switch|p1a: Togekiss|Togekiss, F|374/374","|move|p2a: Tyranitar|Fire Blast|p1a: Togekiss|[miss]","|-miss|p2a: Tyranitar|p1a: Togekiss","|","|-weather|Sandstorm|[upkeep]","|-damage|p1a: Togekiss|351/374|[from] sandstorm","|-heal|p1a: Togekiss|374/374|[from] item: Leftovers","|turn|9","|","|move|p1a: Togekiss|Thunder Wave|p2a: Tyranitar","|-status|p2a: Tyranitar|par","|move|p2a: Tyranitar|Stone Edge|p1a: Togekiss","|-supereffective|p1a: Togekiss","|-damage|p1a: Togekiss|50/374","|","|-weather|Sandstorm|[upkeep]","|-damage|p1a: Togekiss|27/374|[from] sandstorm","|-heal|p1a: Togekiss|50/374|[from] item: Leftovers","|turn|10","|","|switch|p1a: Landorus-Therian|Landorus-Therian, M|319/319","|-ability|p1a: Landorus-Therian|Intimidate","|-unboost|p2a: Tyranitar|atk|1","|move|p2a: Tyranitar|Stone Edge|p1a: Landorus-Therian","|-damage|p1a: Landorus-Therian|208/319","|","|-weather|none","|turn|11","|","|move|p1a: Landorus-Therian|Earthquake|p2a: Tyranitar","|-supereffective|p2a: Tyranitar","|-damage|p2a: Tyranitar|54/404 par","|move|p2a: Tyranitar|Crunch|p1a: Landorus-Therian","|-damage|p1a: Landorus-Therian|126/319","|","|-heal|p2a: Tyranitar|79/404 par|[from] item: Leftovers","|turn|12","|","|switch|p2a: Mandibuzz|Mandibuzz, F|423/423","|move|p1a: Landorus-Therian|Earthquake|p2a: Mandibuzz","|-immune|p2a: Mandibuzz|[msg]","|","|turn|13","|","|switch|p1a: Togekiss|Togekiss, F|50/374","|move|p2a: Mandibuzz|Foul Play|p1a: Togekiss","|-resisted|p1a: Togekiss","|-damage|p1a: Togekiss|22/374","|","|-heal|p1a: Togekiss|45/374|[from] item: Leftovers","|turn|14","|","|move|p1a: Togekiss|Roost|p1a: Togekiss","|-heal|p1a: Togekiss|232/374","|move|p2a: Mandibuzz|Toxic|p1a: Togekiss","|-status|p1a: Togekiss|tox","|","|-heal|p1a: Togekiss|255/374 tox|[from] item: Leftovers","|-damage|p1a: Togekiss|232/374 tox|[from] psn","|turn|15","|","|move|p1a: Togekiss|Roost|p1a: Togekiss","|-heal|p1a: Togekiss|374/374 tox","|move|p2a: Mandibuzz|Foul Play|p1a: Togekiss","|-resisted|p1a: Togekiss","|-damage|p1a: Togekiss|343/374 tox","|","|-heal|p1a: Togekiss|366/374 tox|[from] item: Leftovers","|-damage|p1a: Togekiss|320/374 tox|[from] psn","|turn|16","|","|move|p2a: Mandibuzz|Foul Play|p1a: Togekiss","|-resisted|p1a: Togekiss","|-damage|p1a: Togekiss|289/374 tox","|move|p1a: Togekiss|Heal Bell|p1a: Togekiss","|-cureteam|p1a: Togekiss|[from] move: HealBell","|","|-heal|p1a: Togekiss|312/374|[from] item: Leftovers","|turn|17","|","|switch|p2a: Bisharp|Bisharp, F|271/271","|move|p1a: Togekiss|Thunder Wave|p2a: Bisharp","|-status|p2a: Bisharp|par","|-enditem|p2a: Bisharp|Lum Berry|[eat]","|-curestatus|p2a: Bisharp|par","|","|-heal|p1a: Togekiss|335/374|[from] item: Leftovers","|turn|18","|","|move|p2a: Bisharp|Iron Head|p1a: Togekiss","|-supereffective|p1a: Togekiss","|-damage|p1a: Togekiss|21/374","|move|p1a: Togekiss|Thunder Wave|p2a: Bisharp","|-status|p2a: Bisharp|par","|","|-heal|p1a: Togekiss|44/374|[from] item: Leftovers","|turn|19","|","|move|p1a: Togekiss|Air Slash|p2a: Bisharp","|-resisted|p2a: Bisharp","|-damage|p2a: Bisharp|201/271 par","|cant|p2a: Bisharp|flinch","|","|-heal|p1a: Togekiss|67/374|[from] item: Leftovers","|turn|20","|","|move|p1a: Togekiss|Air Slash|p2a: Bisharp","|-resisted|p2a: Bisharp","|-damage|p2a: Bisharp|137/271 par","|cant|p2a: Bisharp|flinch","|","|-heal|p1a: Togekiss|90/374|[from] item: Leftovers","|turn|21","|","|move|p1a: Togekiss|Air Slash|p2a: Bisharp|[miss]","|-miss|p1a: Togekiss|p2a: Bisharp","|move|p2a: Bisharp|Iron Head|p1a: Togekiss","|-supereffective|p1a: Togekiss","|-damage|p1a: Togekiss|0 fnt","|faint|p1a: Togekiss","|","|","|switch|p1a: Aerodactyl|Aerodactyl-Mega, F|363/363","|turn|22","|","|cant|p2a: Bisharp|par","|move|p1a: Aerodactyl|Earthquake|p2a: Bisharp","|-supereffective|p2a: Bisharp","|-damage|p2a: Bisharp|0 fnt","|faint|p2a: Bisharp","|","|","|switch|p2a: Mandibuzz|Mandibuzz, F|423/423","|turn|23","|","|move|p1a: Aerodactyl|Taunt|p2a: Mandibuzz","|-start|p2a: Mandibuzz|move: Taunt","|move|p2a: Mandibuzz|Foul Play|p1a: Aerodactyl","|-damage|p1a: Aerodactyl|197/363","|","|turn|24","|","|move|p1a: Aerodactyl|Stone Edge|p2a: Mandibuzz","|-supereffective|p2a: Mandibuzz","|-damage|p2a: Mandibuzz|205/423","|move|p2a: Mandibuzz|Foul Play|p1a: Aerodactyl","|-damage|p1a: Aerodactyl|26/363","|","|-heal|p2a: Mandibuzz|231/423|[from] item: Leftovers","|turn|25","|","|move|p1a: Aerodactyl|Stone Edge|p2a: Mandibuzz","|-supereffective|p2a: Mandibuzz","|-damage|p2a: Mandibuzz|3/423","|move|p2a: Mandibuzz|Foul Play|p1a: Aerodactyl","|-damage|p1a: Aerodactyl|0 fnt","|faint|p1a: Aerodactyl","|","|-heal|p2a: Mandibuzz|29/423|[from] item: Leftovers","|-end|p2a: Mandibuzz|move: Taunt","|","|switch|p1a: Vivillon|Vivillon, M|301/301","|turn|26","|","|move|p1a: Vivillon|Sleep Powder|p2a: Mandibuzz","|-immune|p2a: Mandibuzz|[msg]","|move|p2a: Mandibuzz|Roost|p2a: Mandibuzz","|-heal|p2a: Mandibuzz|241/423","|","|-heal|p2a: Mandibuzz|267/423|[from] item: Leftovers","|turn|27","|","|move|p1a: Vivillon|Quiver Dance|p1a: Vivillon","|-boost|p1a: Vivillon|spa|1","|-boost|p1a: Vivillon|spd|1","|-boost|p1a: Vivillon|spe|1","|move|p2a: Mandibuzz|Foul Play|p1a: Vivillon","|-damage|p1a: Vivillon|189/301","|","|-heal|p2a: Mandibuzz|293/423|[from] item: Leftovers","|turn|28","|","|move|p1a: Vivillon|Quiver Dance|p1a: Vivillon","|-boost|p1a: Vivillon|spa|1","|-boost|p1a: Vivillon|spd|1","|-boost|p1a: Vivillon|spe|1","|move|p2a: Mandibuzz|Foul Play|p1a: Vivillon","|-damage|p1a: Vivillon|81/301","|","|-heal|p2a: Mandibuzz|319/423|[from] item: Leftovers","|turn|29","|","|move|p1a: Vivillon|Hurricane|p2a: Mandibuzz","|-damage|p2a: Mandibuzz|0 fnt","|faint|p2a: Mandibuzz","|","|","|switch|p2a: Sableye|Sableye, F|304/304","|turn|30","|","|detailschange|p2a: Sableye|Sableye-Mega, F","|-mega|p2a: Sableye|Sableye|Sablenite","|move|p1a: Vivillon|Hurricane|p2a: Sableye","|-damage|p2a: Sableye|12/304","|move|p2a: Sableye|Shadow Ball|p1a: Vivillon","|-damage|p1a: Vivillon|14/301","|-unboost|p1a: Vivillon|spd|1","|","|turn|31","|","|move|p1a: Vivillon|Bug Buzz|p2a: Sableye","|-damage|p2a: Sableye|0 fnt","|faint|p2a: Sableye","|","|","|switch|p2a: Tyranitar|Tyranitar, M|79/404 par","|-weather|Sandstorm","|turn|32","|","|move|p1a: Vivillon|Bug Buzz|p2a: Tyranitar","|-supereffective|p2a: Tyranitar","|-damage|p2a: Tyranitar|0 fnt","|faint|p2a: Tyranitar","|","|win|Doctor Vergi"],"p1rating":{"entryid":"204669","serverid":"eos","formatid":"monotype","userid":"doctorvergi","username":"Doctor Vergi","w":2,"l":"3","t":"0","gxe":46.8,"r":"1478.0600264848","rd":"112.8871472591","sigma":"0","rptime":"1440838800","rpr":1474.4650403707,"rprd":103.79299271103,"rpsigma":"0","acre":1062.4051453265,"lacre":1062.4051453265,"oldacre":"1012.5612484219"},"p2rating":{"entryid":"45674","serverid":"eos","formatid":"monotype","userid":"infernosasuke","username":"Inferno Sasuke","w":"34","l":76,"t":"0","gxe":33.3,"r":"1361.4223224053","rd":"36.412489185181","sigma":"0","rptime":"1440838800","rpr":1368.4192556089,"rprd":35.881056455386,"rpsigma":"0","acre":1090.3528400936,"lacre":1090.3528400936,"oldacre":"1123.0452407836"},"endType":"normal"}