{"seed":[7507,22395,19144,58924],"turns":27,"p1":"Lytenary","p2":"Void KGBeast","p1team":[{"name":"Slowbro","species":"Slowbro","item":"rockyhelmet","ability":"Regenerator","moves":["slackoff","thunderwave","scald","flamethrower"],"nature":"Bold","evs":{"hp":248,"atk":0,"def":252,"spa":8,"spd":0,"spe":0},"ivs":{"hp":31,"atk":31,"def":31,"spa":31,"spd":31,"spe":31}},{"name":"Latias","species":"Latias","item":"leftovers","ability":"Levitate","moves":["recover","reflecttype","psyshock","dragonpulse"],"nature":"Calm","evs":{"hp":252,"atk":0,"def":0,"spa":4,"spd":252,"spe":0},"ivs":{"hp":31,"atk":31,"def":31,"spa":31,"spd":31,"spe":31}},{"name":"Hoopa-Unbound","species":"Hoopa-Unbound","item":"choicescarf","ability":"Magician","moves":["hyperspacefury","drainpunch","zenheadbutt","firepunch"],"nature":"Jolly","evs":{"hp":0,"atk":252,"def":0,"spa":0,"spd":4,"spe":252},"ivs":{"hp":31,"atk":31,"def":31,"spa":31,"spd":31,"spe":31}},{"name":"Gardevoir","species":"Gardevoir","item":"gardevoirite","ability":"Synchronize","moves":["hypervoice","psyshock","sing","grassknot"],"nature":"Timid","evs":{"hp":0,"atk":0,"def":0,"spa":252,"spd":4,"spe":252},"ivs":{"hp":31,"atk":31,"def":31,"spa":31,"spd":31,"spe":31}},{"name":"Metagross","species":"Metagross","item":"assaultvest","ability":"Clear Body","moves":["meteormash","bulletpunch","earthquake","thunderpunch"],"nature":"Adamant","evs":{"hp":248,"atk":252,"def":0,"spa":0,"spd":8,"spe":0},"ivs":{"hp":31,"atk":31,"def":31,"spa":31,"spd":31,"spe":31}},{"name":"Mew","species":"Mew","item":"leftovers","ability":"Synchronize","moves":["bulkup","calmmind","batonpass","softboiled"],"nature":"Calm","evs":{"hp":248,"atk":0,"def":8,"spa":0,"spd":252,"spe":0},"ivs":{"hp":31,"atk":31,"def":31,"spa":31,"spd":31,"spe":31}}],"p2team":[{"name":"Charizard","species":"Charizard","item":"charizarditey","ability":"Blaze","moves":["defog","focusblast","fireblast","solarbeam"],"nature":"Timid","evs":{"hp":0,"atk":0,"def":0,"spa":252,"spd":4,"spe":252},"ivs":{"hp":31,"atk":0,"def":31,"spa":31,"spd":31,"spe":31}},{"name":"Infernape","species":"Infernape","item":"focussash","ability":"Blaze","moves":["taunt","closecombat","fireblast","stoneedge"],"nature":"Naive","evs":{"hp":0,"atk":252,"def":0,"spa":4,"spd":0,"spe":252},"ivs":{"hp":31,"atk":30,"def":30,"spa":31,"spd":31,"spe":31}},{"name":"Victini","species":"Victini","item":"choicescarf","ability":"Victory Star","moves":["vcreate","boltstrike","uturn","glaciate"],"nature":"Naive","evs":{"hp":0,"atk":252,"def":0,"spa":4,"spd":0,"spe":252},"ivs":{"hp":31,"atk":31,"def":31,"spa":31,"spd":31,"spe":31}},{"name":"Heatran","species":"Heatran","item":"leftovers","ability":"Flash Fire","moves":["lavaplume","toxic","earthpower","flashcannon"],"nature":"Calm","evs":{"hp":248,"atk":0,"def":0,"spa":0,"spd":252,"spe":8},"ivs":{"hp":31,"atk":0,"def":31,"spa":31,"spd":31,"spe":31}},{"name":"Chandelure","species":"Chandelure","item":"choicescarf","ability":"Infiltrator","moves":["flamethrower","shadowball","energyball","hiddenpowerice"],"nature":"Timid","evs":{"hp":0,"atk":0,"def":0,"spa":252,"spd":4,"spe":252},"ivs":{"hp":31,"atk":0,"def":30,"spa":31,"spd":31,"spe":31}},{"name":"Torkoal","species":"Torkoal","item":"rockyhelmet","ability":"White Smoke","moves":["stealthrock","lavaplume","rapidspin","yawn"],"nature":"Bold","evs":{"hp":248,"atk":0,"def":252,"spa":8,"spd":0,"spe":0},"ivs":{"hp":31,"atk":0,"def":31,"spa":31,"spd":31,"spe":31}}],"log":["|player|p1|Lytenary|165","|player|p2|Void KGBeast|voidkgbeast.png","|gametype|singles","|gen|6","|tier|Monotype","|rated","|rule|Baton Pass Clause: Limit one Baton Passer, can't pass Spe and other stats simultaneously","|rule|Swagger Clause: Swagger is banned","|rule|Same Type Clause: Pokémon in a team must share a type","|clearpoke","|poke|p1|Slowbro, M","|poke|p1|Latias, F","|poke|p1|Hoopa-Unbound","|poke|p1|Gardevoir, M","|poke|p1|Metagross","|poke|p1|Mew","|poke|p2|Charizard, F","|poke|p2|Infernape, F","|poke|p2|Victini","|poke|p2|Heatran, M","|poke|p2|Chandelure, M","|poke|p2|Torkoal, F","|rule|Sleep Clause Mod: Limit one foe put to sleep","|rule|Species Clause: Limit one of each Pokémon","|rule|OHKO Clause: OHKO moves are banned","|rule|Moody Clause: Moody is banned","|rule|Evasion Moves Clause: Evasion moves are banned","|rule|Endless Battle Clause: Forcing endless battles is banned","|rule|HP Percentage Mod: HP is shown in percentages","|teampreview","|","|start","|switch|p1a: Mew|Mew|403/403","|switch|p2a: Chandelure|Chandelure, M|261/261","|turn|1","|","|switch|p2a: Charizard|Charizard, F|297/297","|switch|p1a: Hoopa-Unbound|Hoopa-Unbound|301/301","|","|turn|2","|","|switch|p2a: Torkoal|Torkoal, F|343/343","|move|p1a: Hoopa-Unbound|Hyperspace Fury|p2a: Torkoal","|-damage|p2a: Torkoal|220/343","|-unboost|p1a: Hoopa-Unbound|def|1","|","|turn|3","|","|move|p1a: Hoopa-Unbound|Hyperspace Fury|p2a: Torkoal","|-damage|p2a: Torkoal|100/343","|-unboost|p1a: Hoopa-Unbound|def|1","|move|p2a: Torkoal|Yawn|p1a: Hoopa-Unbound","|-start|p1a: Hoopa-Unbound|move: Yawn|[of] p2a: Torkoal","|","|turn|4","|","|switch|p1a: Slowbro|Slowbro, M|393/393","|move|p2a: Torkoal|Yawn|p1a: Slowbro","|-start|p1a: Slowbro|move: Yawn|[of] p2a: Torkoal","|","|turn|5","|","|switch|p1a: Hoopa-Unbound|Hoopa-Unbound|301/301","|move|p2a: Torkoal|Stealth Rock|p1a: Hoopa-Unbound","|-sidestart|p1: Lytenary|move: Stealth Rock","|","|turn|6","|","|move|p1a: Hoopa-Unbound|Hyperspace Fury|p2a: Torkoal","|-damage|p2a: Torkoal|0 fnt","|-unboost|p1a: Hoopa-Unbound|def|1","|faint|p2a: Torkoal","|","|","|switch|p2a: Victini|Victini|341/341","|turn|7","|","|switch|p1a: Slowbro|Slowbro, M|393/393","|-damage|p1a: Slowbro|344/393|[from] Stealth Rock","|move|p2a: Victini|U-turn|p1a: Slowbro","|-crit|p1a: Slowbro","|-supereffective|p1a: Slowbro","|-damage|p1a: Slowbro|190/393","|-damage|p2a: Victini|285/341|[from] item: Rocky Helmet|[of] p1a: Slowbro","|","|switch|p2a: Charizard|Charizard, F|297/297","|","|turn|8","|","|switch|p1a: Latias|Latias, F|364/364","|-damage|p1a: Latias|319/364|[from] Stealth Rock","|detailschange|p2a: Charizard|Charizard-Mega-Y, F","|-mega|p2a: Charizard|Charizard|Charizardite Y","|-weather|SunnyDay","|move|p2a: Charizard|Fire Blast|p1a: Latias","|-resisted|p1a: Latias","|-damage|p1a: Latias|210/364","|-status|p1a: Latias|brn","|","|-weather|SunnyDay|[upkeep]","|-heal|p1a: Latias|232/364 brn|[from] item: Leftovers","|-damage|p1a: Latias|187/364 brn|[from] brn","|turn|9","|","|switch|p2a: Victini|Victini|285/341","|move|p1a: Latias|Recover|p1a: Latias","|-heal|p1a: Latias|364/364 brn","|","|-weather|SunnyDay|[upkeep]","|-damage|p1a: Latias|319/364 brn|[from] brn","|turn|10","|","|move|p2a: Victini|U-turn|p1a: Latias","|-supereffective|p1a: Latias","|-damage|p1a: Latias|173/364 brn","|","|switch|p2a: Chandelure|Chandelure, M|261/261","|move|p1a: Latias|Dragon Pulse|p2a: Chandelure","|-damage|p2a: Chandelure|146/261","|","|-weather|SunnyDay|[upkeep]","|-heal|p1a: Latias|195/364 brn|[from] item: Leftovers","|-damage|p1a: Latias|150/364 brn|[from] brn","|turn|11","|","|move|p2a: Chandelure|Shadow Ball|p1a: Latias","|-supereffective|p1a: Latias","|-damage|p1a: Latias|0 fnt","|faint|p1a: Latias","|","|-weather|SunnyDay|[upkeep]","|","|switch|p1a: Hoopa-Unbound|Hoopa-Unbound|301/301","|-damage|p1a: Hoopa-Unbound|264/301|[from] Stealth Rock","|turn|12","|","|switch|p2a: Heatran|Heatran, M|385/385","|move|p1a: Hoopa-Unbound|Hyperspace Fury|p2a: Heatran","|-damage|p2a: Heatran|190/385","|-unboost|p1a: Hoopa-Unbound|def|1","|","|-weather|none","|-heal|p2a: Heatran|214/385|[from] item: Leftovers","|turn|13","|","|move|p1a: Hoopa-Unbound|Hyperspace Fury|p2a: Heatran","|-damage|p2a: Heatran|9/385","|-unboost|p1a: Hoopa-Unbound|def|1","|move|p2a: Heatran|Lava Plume|p1a: Hoopa-Unbound","|-damage|p1a: Hoopa-Unbound|174/301","|","|-heal|p2a: Heatran|33/385|[from] item: Leftovers","|turn|14","|","|move|p1a: Hoopa-Unbound|Hyperspace Fury|p2a: Heatran","|-damage|p2a: Heatran|0 fnt","|-unboost|p1a: Hoopa-Unbound|def|1","|faint|p2a: Heatran","|","|","|switch|p2a: Victini|Victini|285/341","|turn|15","|","|switch|p1a: Slowbro|Slowbro, M|321/393","|-damage|p1a: Slowbro|272/393|[from] Stealth Rock","|move|p2a: Victini|Bolt Strike|p1a: Slowbro","|-supereffective|p1a: Slowbro","|-damage|p1a: Slowbro|110/393","|-damage|p2a: Victini|229/341|[from] item: Rocky Helmet|[of] p1a: Slowbro","|","|turn|16","|","|move|p2a: Victini|Bolt Strike|p1a: Slowbro","|-supereffective|p1a: Slowbro","|-damage|p1a: Slowbro|0 fnt","|-damage|p2a: Victini|173/341|[from] item: Rocky Helmet|[of] p1a: Slowbro","|faint|p1a: Slowbro","|","|","|switch|p1a: Mew|Mew|403/403","|-damage|p1a: Mew|353/403|[from] Stealth Rock","|turn|17","|","|switch|p2a: Charizard|Charizard-Mega-Y, F|297/297","|-weather|SunnyDay","|move|p1a: Mew|Bulk Up|p1a: Mew","|-boost|p1a: Mew|atk|1","|-boost|p1a: Mew|def|1","|","|-weather|SunnyDay|[upkeep]","|-heal|p1a: Mew|378/403|[from] item: Leftovers","|turn|18","|","|move|p2a: Charizard|Fire Blast|p1a: Mew","|-damage|p1a: Mew|137/403","|-status|p1a: Mew|brn","|move|p1a: Mew|Calm Mind|p1a: Mew","|-boost|p1a: Mew|spa|1","|-boost|p1a: Mew|spd|1","|","|-weather|SunnyDay|[upkeep]","|-heal|p1a: Mew|162/403 brn|[from] item: Leftovers","|-damage|p1a: Mew|112/403 brn|[from] brn","|turn|19","|","|move|p2a: Charizard|Fire Blast|p1a: Mew","|-damage|p1a: Mew|0 fnt","|faint|p1a: Mew","|","|-weather|SunnyDay|[upkeep]","|","|switch|p1a: Hoopa-Unbound|Hoopa-Unbound|174/301","|-damage|p1a: Hoopa-Unbound|137/301|[from] Stealth Rock","|turn|20","|","|switch|p2a: Infernape|Infernape, F|293/293","|move|p1a: Hoopa-Unbound|Hyperspace Fury|p2a: Infernape","|-resisted|p2a: Infernape","|-damage|p2a: Infernape|164/293","|-unboost|p1a: Hoopa-Unbound|def|1","|","|-weather|SunnyDay|[upkeep]","|turn|21","|","|switch|p1a: Metagross|Metagross|363/363","|-damage|p1a: Metagross|341/363|[from] Stealth Rock","|move|p2a: Infernape|Fire Blast|p1a: Metagross","|-supereffective|p1a: Metagross","|-damage|p1a: Metagross|71/363","|","|-weather|none","|turn|22","|","|move|p1a: Metagross|Bullet Punch|p2a: Infernape","|-resisted|p2a: Infernape","|-damage|p2a: Infernape|111/293","|move|p2a: Infernape|Close Combat|p1a: Metagross","|-damage|p1a: Metagross|0 fnt","|-unboost|p2a: Infernape|def|1","|-unboost|p2a: Infernape|spd|1","|faint|p1a: Metagross","|","|","|switch|p1a: Hoopa-Unbound|Hoopa-Unbound|137/301","|-damage|p1a: Hoopa-Unbound|100/301|[from] Stealth Rock","|turn|23","|","|move|p1a: Hoopa-Unbound|Drain Punch|p2a: Infernape","|-damage|p2a: Infernape|0 fnt","|-heal|p1a: Hoopa-Unbound|156/301|[from] drain|[of] p2a: Infernape","|faint|p2a: Infernape","|","|","|switch|p2a: Victini|Victini|173/341","|turn|24","|","|switch|p1a: Gardevoir|Gardevoir, M|277/277","|-damage|p1a: Gardevoir|243/277|[from] Stealth Rock","|move|p2a: Victini|U-turn|p1a: Gardevoir","|-damage|p1a: Gardevoir|146/277","|","|switch|p2a: Chandelure|Chandelure, M|146/261","|","|turn|25","|","|detailschange|p1a: Gardevoir|Gardevoir-Mega, M","|-mega|p1a: Gardevoir|Gardevoir|Gardevoirite","|move|p2a: Chandelure|Shadow Ball|p1a: Gardevoir","|-supereffective|p1a: Gardevoir","|-damage|p1a: Gardevoir|0 fnt","|faint|p1a: Gardevoir","|","|","|switch|p1a: Hoopa-Unbound|Hoopa-Unbound|156/301","|-damage|p1a: Hoopa-Unbound|119/301|[from] Stealth Rock","|turn|26","|","|move|p2a: Chandelure|Shadow Ball|p1a: Hoopa-Unbound","|-damage|p1a: Hoopa-Unbound|2/301","|move|p1a: Hoopa-Unbound|Hyperspace Fury|p2a: Chandelure","|-supereffective|p2a: Chandelure","|-damage|p2a: Chandelure|0 fnt","|-unboost|p1a: Hoopa-Unbound|def|1","|faint|p2a: Chandelure","|","|","|switch|p2a: Victini|Victini|173/341","|turn|27","|","|move|p2a: Victini|U-turn|p1a: Hoopa-Unbound","|-supereffective|p1a: Hoopa-Unbound","|-damage|p1a: Hoopa-Unbound|0 fnt","|faint|p1a: Hoopa-Unbound","|","|win|Void KGBeast"],"p1rating":{"entryid":"542309","serverid":"eos","formatid":"monotype","userid":"lytenary","username":"Lytenary","w":"4","l":3,"t":"0","gxe":55.4,"r":"1511.7227210923","rd":"107.26165787866","sigma":"0","rptime":"1440838800","rpr":1542.1652547169,"rprd":96.147758827539,"rpsigma":"0","acre":1086.100094911,"lacre":1086.100094911,"oldacre":"1105.0863744106"},"p2rating":{"entryid":"129714","serverid":"eos","formatid":"monotype","userid":"voidkgbeast","username":"Void KGBeast","w":33,"l":"15","t":"0","gxe":68,"r":"1638.1102416272","rd":"51.674337753747","sigma":"0","rptime":"1440838800","rpr":1642.8905404573,"rprd":51.224340334904,"rpsigma":"0","acre":1209.3182534141,"lacre":1209.3182534141,"oldacre":"1190.3319739145"},"endType":"normal"}