{"seed":[49253,7183,84,29607],"turns":20,"p1":"Union Beerus","p2":"Swiss Cheese Llama","p1team":[{"name":"Tyranitar","species":"Tyranitar","item":"tyranitarite","ability":"Sand Stream","moves":["dragondance","earthquake","stoneedge","thunderpunch"],"nature":"Adamant","evs":{"hp":0,"atk":252,"def":0,"spa":0,"spd":4,"spe":252},"ivs":{"hp":31,"atk":31,"def":31,"spa":31,"spd":31,"spe":31}},{"name":"Archeops","species":"Archeops","item":"","ability":"Defeatist","moves":["acrobatics","earthquake","rockslide","uturn"],"nature":"Jolly","evs":{"hp":0,"atk":252,"def":0,"spa":0,"spd":4,"spe":252},"ivs":{"hp":31,"atk":31,"def":31,"spa":31,"spd":31,"spe":31}},{"name":"Aerodactyl","species":"Aerodactyl","item":"choicescarf","ability":"Rock Head","moves":["doubleedge","dragonclaw","earthquake","stoneedge"],"nature":"Jolly","evs":{"hp":0,"atk":252,"def":0,"spa":0,"spd":4,"spe":252},"ivs":{"hp":31,"atk":31,"def":31,"spa":31,"spd":31,"spe":31}},{"name":"Regirock","species":"Regirock","item":"leftovers","ability":"Clear Body","moves":["curse","stoneedge","hammerarm","stealthrock"],"nature":"Adamant","evs":{"hp":252,"atk":252,"def":0,"spa":0,"spd":4,"spe":0},"ivs":{"hp":31,"atk":31,"def":31,"spa":31,"spd":31,"spe":31}},{"name":"Omastar","species":"Omastar","item":"focussash","ability":"Swift Swim","moves":["shellsmash","icebeam","scald","earthpower"],"nature":"Modest","evs":{"hp":0,"atk":0,"def":0,"spa":252,"spd":4,"spe":252},"ivs":{"hp":31,"atk":31,"def":31,"spa":31,"spd":31,"spe":31}},{"name":"Cradily","species":"Cradily","item":"leftovers","ability":"Suction Cups","moves":["recover","gigadrain","infestation","stockpile"],"nature":"Calm","evs":{"hp":252,"atk":0,"def":0,"spa":4,"spd":252,"spe":0},"ivs":{"hp":31,"atk":31,"def":31,"spa":31,"spd":31,"spe":31}}],"p2team":[{"name":"Cryogonal","species":"Cryogonal","item":"leftovers","ability":"Levitate","moves":["freezedry","recover","irondefense","rapidspin"],"nature":"Calm","evs":{"hp":248,"atk":0,"def":0,"spa":8,"spd":252,"spe":0},"shiny":true,"ivs":{"hp":31,"atk":31,"def":31,"spa":31,"spd":31,"spe":31}},{"name":"Glalie","species":"Glalie","item":"glalitite","ability":"Inner Focus","moves":["bodyslam","darkpulse","earthquake","hiddenpowerpsychic"],"nature":"Hasty","evs":{"hp":0,"atk":252,"def":0,"spa":4,"spd":0,"spe":252},"ivs":{"hp":31,"atk":30,"def":31,"spa":31,"spd":31,"spe":30},"shiny":true},{"name":"Avalugg","species":"Avalugg","item":"leftovers","ability":"Sturdy","moves":["rapidspin","recover","gyroball","protect"],"nature":"Relaxed","evs":{"hp":252,"atk":4,"def":252,"spa":0,"spd":0,"spe":0},"ivs":{"hp":31,"atk":31,"def":31,"spa":31,"spd":31,"spe":0},"shiny":true},{"name":"Articuno","species":"Articuno","item":"weaknesspolicy","ability":"Pressure","moves":["freezedry","raindance","hurricane","roost"],"nature":"Calm","evs":{"hp":248,"atk":0,"def":0,"spa":8,"spd":252,"spe":0},"shiny":true,"ivs":{"hp":31,"atk":31,"def":31,"spa":31,"spd":31,"spe":31}},{"name":"Lapras","species":"Lapras","item":"airballoon","ability":"Water Absorb","moves":["thunder","freezedry","drillrun","hydropump"],"nature":"Mild","evs":{"hp":248,"atk":8,"def":0,"spa":252,"spd":0,"spe":0},"shiny":true,"ivs":{"hp":31,"atk":31,"def":31,"spa":31,"spd":31,"spe":31}},{"name":"Beartic","species":"Beartic","item":"weaknesspolicy","ability":"Swift Swim","moves":["raindance","shadowclaw","playrough","iciclecrash"],"nature":"Adamant","evs":{"hp":0,"atk":252,"def":0,"spa":0,"spd":4,"spe":252},"shiny":true,"ivs":{"hp":31,"atk":31,"def":31,"spa":31,"spd":31,"spe":31}}],"log":["|player|p1|Union Beerus|169","|player|p2|Swiss Cheese Llama|209","|gametype|singles","|gen|6","|tier|Monotype","|rated","|rule|Baton Pass Clause: Limit one Baton Passer, can't pass Spe and other stats simultaneously","|rule|Swagger Clause: Swagger is banned","|rule|Same Type Clause: Pokémon in a team must share a type","|clearpoke","|poke|p1|Tyranitar, M","|poke|p1|Archeops, F","|poke|p1|Aerodactyl, M","|poke|p1|Regirock","|poke|p1|Omastar, M","|poke|p1|Cradily, F","|poke|p2|Cryogonal, shiny","|poke|p2|Glalie, M, shiny","|poke|p2|Avalugg, M, shiny","|poke|p2|Articuno, shiny","|poke|p2|Lapras, F, shiny","|poke|p2|Beartic, F, shiny","|rule|Sleep Clause Mod: Limit one foe put to sleep","|rule|Species Clause: Limit one of each Pokémon","|rule|OHKO Clause: OHKO moves are banned","|rule|Moody Clause: Moody is banned","|rule|Evasion Moves Clause: Evasion moves are banned","|rule|Endless Battle Clause: Forcing endless battles is banned","|rule|HP Percentage Mod: HP is shown in percentages","|teampreview","|","|start","|switch|p1a: Regirock|Regirock|364/364","|switch|p2a: Glalie|Glalie, M, shiny|301/301","|turn|1","|","|detailschange|p2a: Glalie|Glalie-Mega, M, shiny","|-mega|p2a: Glalie|Glalie|Glalitite","|move|p2a: Glalie|Earthquake|p1a: Regirock","|-supereffective|p1a: Regirock","|-damage|p1a: Regirock|250/364","|move|p1a: Regirock|Stealth Rock|p2a: Glalie","|-sidestart|p2: Swiss Cheese Llama|move: Stealth Rock","|","|-heal|p1a: Regirock|272/364|[from] item: Leftovers","|turn|2","|","|move|p2a: Glalie|Body Slam|p1a: Regirock","|-damage|p1a: Regirock|170/364","|move|p1a: Regirock|Stone Edge|p2a: Glalie","|-supereffective|p2a: Glalie","|-damage|p2a: Glalie|0 fnt","|faint|p2a: Glalie","|","|-heal|p1a: Regirock|192/364|[from] item: Leftovers","|","|switch|p2a: Avalugg|Avalugg, M, shiny|394/394","|-damage|p2a: Avalugg|296/394|[from] Stealth Rock","|turn|3","|","|move|p1a: Regirock|Stone Edge|p2a: Avalugg","|-supereffective|p2a: Avalugg","|-damage|p2a: Avalugg|132/394","|move|p2a: Avalugg|Rapid Spin|p1a: Regirock","|-resisted|p1a: Regirock","|-damage|p1a: Regirock|187/364","|-sideend|p2: Swiss Cheese Llama|Stealth Rock|[from] move: Rapid Spin|[of] p2a: Avalugg","|","|-heal|p1a: Regirock|209/364|[from] item: Leftovers","|-heal|p2a: Avalugg|156/394|[from] item: Leftovers","|turn|4","|","|move|p2a: Avalugg|Protect|p2a: Avalugg","|-singleturn|p2a: Avalugg|Protect","|move|p1a: Regirock|Stone Edge|p2a: Avalugg","|-activate|p2a: Avalugg|Protect","|","|-heal|p1a: Regirock|231/364|[from] item: Leftovers","|-heal|p2a: Avalugg|180/394|[from] item: Leftovers","|turn|5","|","|move|p1a: Regirock|Curse|p1a: Regirock","|-unboost|p1a: Regirock|spe|1","|-boost|p1a: Regirock|atk|1","|-boost|p1a: Regirock|def|1","|move|p2a: Avalugg|Recover|p2a: Avalugg","|-heal|p2a: Avalugg|377/394","|","|-heal|p1a: Regirock|253/364|[from] item: Leftovers","|-heal|p2a: Avalugg|394/394|[from] item: Leftovers","|turn|6","|","|move|p1a: Regirock|Curse|p1a: Regirock","|-unboost|p1a: Regirock|spe|1","|-boost|p1a: Regirock|atk|1","|-boost|p1a: Regirock|def|1","|move|p2a: Avalugg|Gyro Ball|p1a: Regirock","|-supereffective|p1a: Regirock","|-damage|p1a: Regirock|237/364","|","|-heal|p1a: Regirock|259/364|[from] item: Leftovers","|turn|7","|","|move|p1a: Regirock|Stone Edge|p2a: Avalugg","|-crit|p2a: Avalugg","|-supereffective|p2a: Avalugg","|-ability|p2a: Avalugg|Sturdy","|-damage|p2a: Avalugg|1/394","|move|p2a: Avalugg|Gyro Ball|p1a: Regirock","|-supereffective|p1a: Regirock","|-damage|p1a: Regirock|241/364","|","|-heal|p1a: Regirock|263/364|[from] item: Leftovers","|-heal|p2a: Avalugg|25/394|[from] item: Leftovers","|turn|8","|","|move|p2a: Avalugg|Protect|p2a: Avalugg","|-singleturn|p2a: Avalugg|Protect","|move|p1a: Regirock|Hammer Arm|p2a: Avalugg","|-activate|p2a: Avalugg|Protect","|","|-heal|p1a: Regirock|285/364|[from] item: Leftovers","|-heal|p2a: Avalugg|49/394|[from] item: Leftovers","|turn|9","|","|move|p1a: Regirock|Hammer Arm|p2a: Avalugg","|-crit|p2a: Avalugg","|-supereffective|p2a: Avalugg","|-damage|p2a: Avalugg|0 fnt","|-unboost|p1a: Regirock|spe|1","|faint|p2a: Avalugg","|","|-heal|p1a: Regirock|307/364|[from] item: Leftovers","|","|switch|p2a: Lapras|Lapras, F, shiny|463/463","|-item|p2a: Lapras|Air Balloon","|turn|10","|","|move|p2a: Lapras|Drill Run|p1a: Regirock","|-supereffective|p1a: Regirock","|-damage|p1a: Regirock|271/364","|move|p1a: Regirock|Stone Edge|p2a: Lapras|[miss]","|-miss|p1a: Regirock|p2a: Lapras","|","|-heal|p1a: Regirock|293/364|[from] item: Leftovers","|turn|11","|","|move|p2a: Lapras|Hydro Pump|p1a: Regirock","|-supereffective|p1a: Regirock","|-damage|p1a: Regirock|0 fnt","|faint|p1a: Regirock","|","|","|switch|p1a: Cradily|Cradily, F|376/376","|turn|12","|","|move|p2a: Lapras|Drill Run|p1a: Cradily","|-damage|p1a: Cradily|318/376","|move|p1a: Cradily|Infestation|p2a: Lapras","|-damage|p2a: Lapras|447/463","|-enditem|p2a: Lapras|Air Balloon","|-activate|p2a: Lapras|move: Infestation|[of] p1a: Cradily","|","|-heal|p1a: Cradily|341/376|[from] item: Leftovers","|-damage|p2a: Lapras|390/463|[from] move: Infestation|[partiallytrapped]","|turn|13","|","|move|p2a: Lapras|Freeze-Dry|p1a: Cradily","|-supereffective|p1a: Cradily","|-damage|p1a: Cradily|209/376","|move|p1a: Cradily|Stockpile|p1a: Cradily","|-start|p1a: Cradily|stockpile1","|-boost|p1a: Cradily|def|1","|-boost|p1a: Cradily|spd|1","|","|-heal|p1a: Cradily|232/376|[from] item: Leftovers","|-damage|p2a: Lapras|333/463|[from] move: Infestation|[partiallytrapped]","|turn|14","|","|move|p2a: Lapras|Freeze-Dry|p1a: Cradily","|-supereffective|p1a: Cradily","|-damage|p1a: Cradily|140/376","|move|p1a: Cradily|Giga Drain|p2a: Lapras","|-supereffective|p2a: Lapras","|-damage|p2a: Lapras|165/463","|-heal|p1a: Cradily|224/376|[from] drain|[of] p2a: Lapras","|","|-heal|p1a: Cradily|247/376|[from] item: Leftovers","|-damage|p2a: Lapras|108/463|[from] move: Infestation|[partiallytrapped]","|turn|15","|","|move|p2a: Lapras|Freeze-Dry|p1a: Cradily","|-supereffective|p1a: Cradily","|-damage|p1a: Cradily|161/376","|move|p1a: Cradily|Giga Drain|p2a: Lapras","|-supereffective|p2a: Lapras","|-damage|p2a: Lapras|0 fnt","|-heal|p1a: Cradily|215/376|[from] drain|[of] p2a: Lapras","|faint|p2a: Lapras","|","|-heal|p1a: Cradily|238/376|[from] item: Leftovers","|","|switch|p2a: Beartic|Beartic, F, shiny|331/331","|turn|16","|","|move|p2a: Beartic|Icicle Crash|p1a: Cradily","|-supereffective|p1a: Cradily","|-damage|p1a: Cradily|50/376","|cant|p1a: Cradily|flinch","|","|-heal|p1a: Cradily|73/376|[from] item: Leftovers","|turn|17","|","|move|p2a: Beartic|Icicle Crash|p1a: Cradily","|-supereffective|p1a: Cradily","|-damage|p1a: Cradily|0 fnt","|faint|p1a: Cradily","|","|","|switch|p1a: Aerodactyl|Aerodactyl, M|301/301","|turn|18","|","|move|p1a: Aerodactyl|Stone Edge|p2a: Beartic","|-supereffective|p2a: Beartic","|-damage|p2a: Beartic|0 fnt","|faint|p2a: Beartic","|","|","|switch|p2a: Cryogonal|Cryogonal, shiny|343/343","|turn|19","|","|move|p1a: Aerodactyl|Stone Edge|p2a: Cryogonal","|-supereffective|p2a: Cryogonal","|-damage|p2a: Cryogonal|0 fnt","|faint|p2a: Cryogonal","|","|","|switch|p2a: Articuno|Articuno, shiny|383/383","|-ability|p2a: Articuno|Pressure","|turn|20","|","|move|p1a: Aerodactyl|Stone Edge|p2a: Articuno","|-supereffective|p2a: Articuno","|-damage|p2a: Articuno|0 fnt","|faint|p2a: Articuno","|","|win|Union Beerus"],"p1rating":{"entryid":"577945","serverid":"eos","formatid":"monotype","userid":"unionbeerus","username":"Union Beerus","w":2,"l":"1","t":"0","gxe":54.2,"r":"1500.513834028","rd":"116.34546821057","sigma":"0","rptime":"1440838800","rpr":1533.3350535115,"rprd":111.14214839118,"rpsigma":"0","acre":1068.6854819893,"lacre":1068.6854819893,"oldacre":"1030.0037343149"},"p2rating":{"entryid":"616137","serverid":"eos","formatid":"monotype","userid":"swisscheesellama","username":"Swiss Cheese Llama","w":"1","l":2,"t":"0","gxe":47.5,"r":"1500","rd":"130","sigma":"0","rptime":"1440838800","rpr":1480.5148640391,"rprd":111.3914985368,"rpsigma":"0","acre":1040.3282735901,"lacre":1040.3282735901,"oldacre":"1061.2330443551"},"endType":"normal"}