{"seed":[60747,56834,61163,61937],"turns":21,"p1":"Hm Rider","p2":"Cryѕtаl Rain","p1team":[{"name":"Scolipede","species":"Scolipede","item":"mentalherb","ability":"Speed Boost","moves":["protect","batonpass","toxicspikes","substitute"],"nature":"","happiness":0,"evs":{"hp":0,"atk":0,"def":0,"spa":0,"spd":0,"spe":0},"ivs":{"hp":31,"atk":31,"def":31,"spa":31,"spd":31,"spe":31}},{"name":"Heracross","species":"Heracross","item":"heracronite","ability":"Swarm","moves":["rockblast","pinmissile","closecombat","swordsdance"],"nature":"Adamant","evs":{"hp":248,"atk":252,"def":0,"spa":0,"spd":8,"spe":0},"ivs":{"hp":31,"atk":31,"def":31,"spa":31,"spd":31,"spe":31}},{"name":"Vivillon","species":"Vivillon","item":"focussash","ability":"Compound Eyes","moves":["hurricane","quiverdance","bugbuzz","sleeppowder"],"nature":"Modest","evs":{"hp":0,"atk":0,"def":0,"spa":252,"spd":4,"spe":252},"ivs":{"hp":31,"atk":31,"def":31,"spa":31,"spd":31,"spe":31}},{"name":"Volcarona","species":"Volcarona","item":"lumberry","ability":"Swarm","moves":["fierydance","quiverdance","gigadrain","bugbuzz"],"nature":"","evs":{"hp":0,"atk":0,"def":0,"spa":0,"spd":0,"spe":0},"ivs":{"hp":31,"atk":31,"def":31,"spa":31,"spd":31,"spe":31}},{"name":"Vespiquen","species":"Vespiquen","item":"leftovers","ability":"Pressure","moves":["healorder","defendorder","toxic","infestation"],"nature":"Bold","evs":{"hp":248,"atk":0,"def":80,"spa":8,"spd":172,"spe":0},"ivs":{"hp":31,"atk":31,"def":31,"spa":31,"spd":31,"spe":31}},{"name":"Escavalier","species":"Escavalier","item":"assaultvest","ability":"Overcoat","moves":["megahorn","drillrun","knockoff","ironhead"],"nature":"Adamant","evs":{"hp":248,"atk":252,"def":0,"spa":0,"spd":8,"spe":0},"ivs":{"hp":31,"atk":31,"def":31,"spa":31,"spd":31,"spe":31}}],"p2team":[{"name":"Medicham","species":"Medicham","item":"medichamite","ability":"Pure Power","moves":["psychocut","highjumpkick","bulletpunch","fakeout"],"nature":"Jolly","evs":{"hp":0,"atk":252,"def":0,"spa":0,"spd":4,"spe":252},"ivs":{"hp":31,"atk":31,"def":31,"spa":31,"spd":31,"spe":31}},{"name":"Breloom","species":"Breloom","item":"focussash","ability":"Technician","moves":["machpunch","bulletseed","rocktomb","spore"],"nature":"Jolly","evs":{"hp":0,"atk":252,"def":0,"spa":0,"spd":4,"spe":252},"ivs":{"hp":31,"atk":31,"def":31,"spa":31,"spd":31,"spe":31}},{"name":"Terrakion","species":"Terrakion","item":"choicescarf","ability":"Justified","moves":["earthquake","closecombat","stoneedge","ironhead"],"nature":"Jolly","evs":{"hp":0,"atk":252,"def":0,"spa":0,"spd":4,"spe":252},"ivs":{"hp":31,"atk":31,"def":31,"spa":31,"spd":31,"spe":31}},{"name":"Scrafty","species":"Scrafty","item":"leftovers","ability":"Shed Skin","moves":["dragondance","icepunch","drainpunch","knockoff"],"nature":"Adamant","evs":{"hp":0,"atk":252,"def":0,"spa":0,"spd":4,"spe":252},"ivs":{"hp":31,"atk":31,"def":31,"spa":31,"spd":31,"spe":31}},{"name":"Cobalion","species":"Cobalion","item":"leftovers","ability":"Justified","moves":["voltswitch","ironhead","stealthrock","thunderwave"],"nature":"Jolly","evs":{"hp":252,"atk":4,"def":0,"spa":0,"spd":0,"spe":252},"ivs":{"hp":31,"atk":31,"def":31,"spa":31,"spd":31,"spe":31}},{"name":"Keldeo","species":"Keldeo","item":"choicespecs","ability":"Justified","moves":["secretsword","scald","icywind","hiddenpowerelectric"],"nature":"Timid","evs":{"hp":0,"atk":0,"def":0,"spa":252,"spd":4,"spe":252},"ivs":{"hp":31,"atk":31,"def":31,"spa":30,"spd":31,"spe":31}}],"log":["|player|p1|Hm Rider|13","|player|p2|Cryѕtаl Rain|crystalraichu.png","|gametype|singles","|gen|6","|tier|Monotype","|rated","|rule|Baton Pass Clause: Limit one Baton Passer, can't pass Spe and other stats simultaneously","|rule|Swagger Clause: Swagger is banned","|rule|Same Type Clause: Pokémon in a team must share a type","|clearpoke","|poke|p1|Scolipede, F","|poke|p1|Heracross, M","|poke|p1|Vivillon, M","|poke|p1|Volcarona, M","|poke|p1|Vespiquen, F","|poke|p1|Escavalier, F","|poke|p2|Medicham, M","|poke|p2|Breloom, F","|poke|p2|Terrakion","|poke|p2|Scrafty, M","|poke|p2|Cobalion","|poke|p2|Keldeo","|rule|Sleep Clause Mod: Limit one foe put to sleep","|rule|Species Clause: Limit one of each Pokémon","|rule|OHKO Clause: OHKO moves are banned","|rule|Moody Clause: Moody is banned","|rule|Evasion Moves Clause: Evasion moves are banned","|rule|Endless Battle Clause: Forcing endless battles is banned","|rule|HP Percentage Mod: HP is shown in percentages","|teampreview","|","|start","|switch|p1a: Scolipede|Scolipede, F|261/261","|switch|p2a: Cobalion|Cobalion|386/386","|turn|1","|","|move|p1a: Scolipede|Protect|p1a: Scolipede","|-singleturn|p1a: Scolipede|Protect","|move|p2a: Cobalion|Stealth Rock|p1a: Scolipede","|-sidestart|p1: Hm Rider|move: Stealth Rock","|","|-boost|p1a: Scolipede|spe|1|[from] ability: Speed Boost","|turn|2","|","|move|p1a: Scolipede|Substitute|p1a: Scolipede","|-start|p1a: Scolipede|Substitute","|-damage|p1a: Scolipede|196/261","|move|p2a: Cobalion|Thunder Wave|p1a: Scolipede","|-fail|p1a: Scolipede","|","|-boost|p1a: Scolipede|spe|1|[from] ability: Speed Boost","|turn|3","|","|switch|p2a: Keldeo|Keldeo|323/323","|move|p1a: Scolipede|Protect|p1a: Scolipede","|-fail|p1a: Scolipede","|","|-boost|p1a: Scolipede|spe|1|[from] ability: Speed Boost","|turn|4","|","|move|p1a: Scolipede|Toxic Spikes|p2a: Keldeo","|-sidestart|p2: Cryѕtаl Rain|move: Toxic Spikes","|move|p2a: Keldeo|Scald|p1a: Scolipede","|-end|p1a: Scolipede|Substitute","|","|-boost|p1a: Scolipede|spe|1|[from] ability: Speed Boost","|turn|5","|","|move|p1a: Scolipede|Substitute|p1a: Scolipede","|-start|p1a: Scolipede|Substitute","|-damage|p1a: Scolipede|131/261","|move|p2a: Keldeo|Scald|p1a: Scolipede","|-crit|p1a: Scolipede","|-end|p1a: Scolipede|Substitute","|","|-boost|p1a: Scolipede|spe|1|[from] ability: Speed Boost","|turn|6","|","|move|p1a: Scolipede|Protect|p1a: Scolipede","|-singleturn|p1a: Scolipede|Protect","|move|p2a: Keldeo|Scald|p1a: Scolipede","|-activate|p1a: Scolipede|Protect","|","|-boost|p1a: Scolipede|spe|1|[from] ability: Speed Boost","|turn|7","|","|move|p1a: Scolipede|Substitute|p1a: Scolipede","|-start|p1a: Scolipede|Substitute","|-damage|p1a: Scolipede|66/261","|move|p2a: Keldeo|Scald|p1a: Scolipede","|-end|p1a: Scolipede|Substitute","|","|turn|8","|","|move|p1a: Scolipede|Baton Pass|p1a: Scolipede","|","|switch|p1a: Heracross|Heracross, M|363/363","|-damage|p1a: Heracross|318/363|[from] Stealth Rock","|move|p2a: Keldeo|Scald|p1a: Heracross","|-damage|p1a: Heracross|107/363","|","|turn|9","|","|detailschange|p1a: Heracross|Heracross-Mega, M","|-mega|p1a: Heracross|Heracross|Heracronite","|move|p1a: Heracross|Pin Missile|p2a: Keldeo","|-resisted|p2a: Keldeo","|-damage|p2a: Keldeo|287/323","|-resisted|p2a: Keldeo","|-damage|p2a: Keldeo|254/323","|-resisted|p2a: Keldeo","|-damage|p2a: Keldeo|221/323","|-resisted|p2a: Keldeo","|-damage|p2a: Keldeo|186/323","|-resisted|p2a: Keldeo","|-damage|p2a: Keldeo|152/323","|-hitcount|p2a: Keldeo|5","|move|p2a: Keldeo|Scald|p1a: Heracross","|-crit|p1a: Heracross","|-damage|p1a: Heracross|0 fnt","|faint|p1a: Heracross","|","|","|switch|p1a: Escavalier|Escavalier, F|343/343","|-damage|p1a: Escavalier|301/343|[from] Stealth Rock","|turn|10","|","|move|p2a: Keldeo|Scald|p1a: Escavalier","|-damage|p1a: Escavalier|160/343","|move|p1a: Escavalier|Iron Head|p2a: Keldeo","|-resisted|p2a: Keldeo","|-damage|p2a: Keldeo|68/323","|","|turn|11","|","|move|p2a: Keldeo|Scald|p1a: Escavalier","|-damage|p1a: Escavalier|33/343","|move|p1a: Escavalier|Iron Head|p2a: Keldeo","|-resisted|p2a: Keldeo","|-damage|p2a: Keldeo|0 fnt","|faint|p2a: Keldeo","|","|","|switch|p2a: Cobalion|Cobalion|386/386","|turn|12","|","|move|p2a: Cobalion|Iron Head|p1a: Escavalier","|-resisted|p1a: Escavalier","|-damage|p1a: Escavalier|0 fnt","|faint|p1a: Escavalier","|","|","|switch|p1a: Vivillon|Vivillon, M|301/301","|-damage|p1a: Vivillon|151/301|[from] Stealth Rock","|turn|13","|","|move|p2a: Cobalion|Volt Switch|p1a: Vivillon","|-supereffective|p1a: Vivillon","|-damage|p1a: Vivillon|0 fnt","|faint|p1a: Vivillon","|","|switch|p2a: Medicham|Medicham, M|261/261","|-status|p2a: Medicham|psn","|","|-damage|p2a: Medicham|229/261 psn|[from] psn","|","|switch|p1a: Volcarona|Volcarona, M|311/311","|-damage|p1a: Volcarona|156/311|[from] Stealth Rock","|turn|14","|","|detailschange|p2a: Medicham|Medicham-Mega, M","|-mega|p2a: Medicham|Medicham|Medichamite","|move|p2a: Medicham|Fake Out|p1a: Volcarona","|-damage|p1a: Volcarona|43/311","|cant|p1a: Volcarona|flinch","|","|-damage|p2a: Medicham|197/261 psn|[from] psn","|turn|15","|","|move|p2a: Medicham|Bullet Punch|p1a: Volcarona","|-resisted|p1a: Volcarona","|-damage|p1a: Volcarona|0 fnt","|faint|p1a: Volcarona","|","|-damage|p2a: Medicham|165/261 psn|[from] psn","|","|switch|p1a: Vespiquen|Vespiquen, F|343/343","|-damage|p1a: Vespiquen|172/343|[from] Stealth Rock","|-ability|p1a: Vespiquen|Pressure","|turn|16","|","|move|p2a: Medicham|Psycho Cut|p1a: Vespiquen","|-damage|p1a: Vespiquen|9/343","|move|p1a: Vespiquen|Heal Order|p1a: Vespiquen","|-heal|p1a: Vespiquen|181/343","|","|-heal|p1a: Vespiquen|202/343|[from] item: Leftovers","|-damage|p2a: Medicham|133/261 psn|[from] psn","|turn|17","|","|switch|p2a: Cobalion|Cobalion|386/386","|move|p1a: Vespiquen|Heal Order|p1a: Vespiquen","|-heal|p1a: Vespiquen|343/343","|","|turn|18","|","|move|p2a: Cobalion|Thunder Wave|p1a: Vespiquen","|-status|p1a: Vespiquen|par","|move|p1a: Vespiquen|Defend Order|p1a: Vespiquen","|-boost|p1a: Vespiquen|def|1","|-boost|p1a: Vespiquen|spd|1","|","|turn|19","|","|move|p2a: Cobalion|Volt Switch|p1a: Vespiquen","|-supereffective|p1a: Vespiquen","|-damage|p1a: Vespiquen|289/343 par","|","|switch|p2a: Terrakion|Terrakion|323/323","|-status|p2a: Terrakion|psn","|move|p1a: Vespiquen|Infestation|p2a: Terrakion","|-resisted|p2a: Terrakion","|-damage|p2a: Terrakion|312/323 psn","|-activate|p2a: Terrakion|move: Infestation|[of] p1a: Vespiquen","|","|-heal|p1a: Vespiquen|310/343 par|[from] item: Leftovers","|-damage|p2a: Terrakion|272/323 psn|[from] psn","|-damage|p2a: Terrakion|232/323 psn|[from] move: Infestation|[partiallytrapped]","|turn|20","|","|move|p2a: Terrakion|Stone Edge|p1a: Vespiquen","|-supereffective|p1a: Vespiquen","|-damage|p1a: Vespiquen|0 fnt","|faint|p1a: Vespiquen","|","|-damage|p2a: Terrakion|192/323 psn|[from] psn","|","|switch|p1a: Scolipede|Scolipede, F|66/261","|-damage|p1a: Scolipede|1/261|[from] Stealth Rock","|turn|21","|","|move|p2a: Terrakion|Stone Edge|p1a: Scolipede","|-supereffective|p1a: Scolipede","|-damage|p1a: Scolipede|0 fnt","|faint|p1a: Scolipede","|","|win|Cryѕtаl Rain"],"p1rating":{"entryid":"552316","serverid":"eos","formatid":"monotype","userid":"hmrider","username":"Hm Rider","w":"8","l":8,"t":"0","gxe":51.3,"r":"1522.88126144","rd":"77.178756150096","sigma":"0","rptime":"1440838800","rpr":1509.6651458644,"rprd":75.49471923159,"rpsigma":"0","acre":1113.3533501994,"lacre":1113.3533501994,"oldacre":"1135.5346784877"},"p2rating":{"entryid":"372740","serverid":"eos","formatid":"monotype","userid":"crytlrain","username":"Cryѕtаl Rain","w":12,"l":"4","t":"0","gxe":62.4,"r":"1584.2077358537","rd":"78.712913995166","sigma":"0","rptime":"1440838800","rpr":1597.9418114624,"rprd":76.92496556704,"rpsigma":"0","acre":1197.0555427356,"lacre":1197.0555427356,"oldacre":"1174.8742144473"},"endType":"normal"}