{"seed":[6655,54824,17511,47037],"turns":33,"p1":"Alliance - Mxy","p2":"Inferno Sasuke","p1team":[{"name":"Excadrill","species":"Excadrill","item":"leftovers","ability":"Mold Breaker","moves":["earthquake","stealthrock","toxic","ironhead"],"nature":"Careful","evs":{"hp":248,"atk":8,"def":0,"spa":0,"spd":252,"spe":0},"ivs":{"hp":31,"atk":31,"def":31,"spa":31,"spd":31,"spe":31}},{"name":"Skarmory","species":"Skarmory","item":"rockyhelmet","ability":"Sturdy","moves":["bravebird","roost","defog","spikes"],"nature":"Impish","evs":{"hp":248,"atk":0,"def":252,"spa":0,"spd":0,"spe":8},"ivs":{"hp":31,"atk":31,"def":31,"spa":31,"spd":31,"spe":31}},{"name":"Jirachi","species":"Jirachi","item":"leftovers","ability":"Serene Grace","moves":["wish","bodyslam","protect","drainpunch"],"nature":"Careful","evs":{"hp":248,"atk":0,"def":0,"spa":0,"spd":152,"spe":108},"ivs":{"hp":31,"atk":31,"def":31,"spa":31,"spd":31,"spe":31}},{"name":"Aggron","species":"Aggron","item":"aggronite","ability":"Sturdy","moves":["seismictoss","shadowclaw","rest","sleeptalk"],"nature":"Careful","evs":{"hp":248,"atk":0,"def":8,"spa":0,"spd":252,"spe":0},"ivs":{"hp":31,"atk":31,"def":31,"spa":31,"spd":31,"spe":31}},{"name":"Bisharp","species":"Bisharp","item":"choicescarf","ability":"Defiant","moves":["knockoff","ironhead","psychocut","stoneedge"],"nature":"Jolly","evs":{"hp":0,"atk":252,"def":0,"spa":0,"spd":4,"spe":252},"ivs":{"hp":31,"atk":31,"def":31,"spa":31,"spd":31,"spe":31}},{"name":"Heatran","species":"Heatran","item":"leftovers","ability":"Flash Fire","moves":["toxic","substitute","lavaplume","earthpower"],"nature":"Calm","evs":{"hp":248,"atk":0,"def":0,"spa":0,"spd":176,"spe":84},"ivs":{"hp":31,"atk":31,"def":31,"spa":31,"spd":31,"spe":31}}],"p2team":[{"name":"Bisharp","species":"Bisharp","item":"lumberry","ability":"Defiant","moves":["ironhead","knockoff","suckerpunch","swordsdance"],"nature":"Adamant","evs":{"hp":0,"atk":252,"def":0,"spa":0,"spd":4,"spe":252},"ivs":{"hp":31,"atk":31,"def":31,"spa":31,"spd":31,"spe":31}},{"name":"Hoopa-Unbound","species":"Hoopa-Unbound","item":"choicescarf","ability":"Magician","moves":["hyperspacefury","zenheadbutt","gunkshot","firepunch"],"nature":"Jolly","evs":{"hp":0,"atk":252,"def":0,"spa":0,"spd":0,"spe":252},"ivs":{"hp":31,"atk":31,"def":31,"spa":31,"spd":31,"spe":31}},{"name":"Crawdaunt","species":"Crawdaunt","item":"lifeorb","ability":"Adaptability","moves":["crabhammer","knockoff","aquajet","swordsdance"],"nature":"Adamant","evs":{"hp":0,"atk":252,"def":4,"spa":0,"spd":0,"spe":252},"ivs":{"hp":31,"atk":31,"def":31,"spa":31,"spd":31,"spe":31}},{"name":"Mandibuzz","species":"Mandibuzz","item":"leftovers","ability":"Overcoat","moves":["foulplay","toxic","roost","defog"],"nature":"Impish","evs":{"hp":248,"atk":0,"def":252,"spa":0,"spd":8,"spe":0},"ivs":{"hp":31,"atk":0,"def":31,"spa":31,"spd":31,"spe":31}},{"name":"Tyranitar","species":"Tyranitar","item":"leftovers","ability":"Sand Stream","moves":["crunch","stoneedge","fireblast","stealthrock"],"nature":"Sassy","evs":{"hp":252,"atk":4,"def":0,"spa":0,"spd":252,"spe":0},"ivs":{"hp":31,"atk":31,"def":31,"spa":31,"spd":31,"spe":31}},{"name":"Sableye","species":"Sableye","item":"sablenite","ability":"Keen Eye","moves":["shadowball","calmmind","willowisp","recover"],"nature":"Bold","evs":{"hp":252,"atk":0,"def":252,"spa":0,"spd":4,"spe":0},"ivs":{"hp":31,"atk":0,"def":31,"spa":31,"spd":31,"spe":31}}],"log":["|player|p1|Alliance - Mxy|270","|player|p2|Inferno Sasuke|infernosasuke.png","|gametype|singles","|gen|6","|tier|Monotype","|rated","|rule|Baton Pass Clause: Limit one Baton Passer, can't pass Spe and other stats simultaneously","|rule|Swagger Clause: Swagger is banned","|rule|Same Type Clause: Pokémon in a team must share a type","|clearpoke","|poke|p1|Excadrill, M","|poke|p1|Skarmory, F","|poke|p1|Jirachi","|poke|p1|Aggron, F","|poke|p1|Bisharp, F","|poke|p1|Heatran, F","|poke|p2|Bisharp, F","|poke|p2|Hoopa-Unbound","|poke|p2|Crawdaunt, M","|poke|p2|Mandibuzz, F","|poke|p2|Tyranitar, F","|poke|p2|Sableye, M","|rule|Sleep Clause Mod: Limit one foe put to sleep","|rule|Species Clause: Limit one of each Pokémon","|rule|OHKO Clause: OHKO moves are banned","|rule|Moody Clause: Moody is banned","|rule|Evasion Moves Clause: Evasion moves are banned","|rule|Endless Battle Clause: Forcing endless battles is banned","|rule|HP Percentage Mod: HP is shown in percentages","|teampreview","|","|start","|switch|p1a: Aggron|Aggron, F|343/343","|switch|p2a: Sableye|Sableye, M|304/304","|turn|1","|","|detailschange|p2a: Sableye|Sableye-Mega, M","|-mega|p2a: Sableye|Sableye|Sablenite","|detailschange|p1a: Aggron|Aggron-Mega, F","|-mega|p1a: Aggron|Aggron|Aggronite","|move|p2a: Sableye|Calm Mind|p2a: Sableye","|-boost|p2a: Sableye|spa|1","|-boost|p2a: Sableye|spd|1","|move|p1a: Aggron|Shadow Claw|p2a: Sableye","|-damage|p2a: Sableye|262/304","|","|turn|2","|","|switch|p1a: Excadrill|Excadrill, M|423/423","|-ability|p1a: Excadrill|Mold Breaker","|move|p2a: Sableye|Calm Mind|p2a: Sableye","|-boost|p2a: Sableye|spa|1","|-boost|p2a: Sableye|spd|1","|","|turn|3","|","|move|p1a: Excadrill|Toxic|p2a: Sableye|[miss]","|-miss|p1a: Excadrill|p2a: Sableye","|move|p2a: Sableye|Shadow Ball|p1a: Excadrill","|-damage|p1a: Excadrill|281/423","|","|-heal|p1a: Excadrill|307/423|[from] item: Leftovers","|turn|4","|","|move|p1a: Excadrill|Toxic|p2a: Sableye","|-status|p2a: Sableye|tox","|move|p2a: Sableye|Calm Mind|p2a: Sableye","|-boost|p2a: Sableye|spa|1","|-boost|p2a: Sableye|spd|1","|","|-heal|p1a: Excadrill|333/423|[from] item: Leftovers","|-damage|p2a: Sableye|243/304 tox|[from] psn","|turn|5","|","|move|p1a: Excadrill|Earthquake|p2a: Sableye","|-damage|p2a: Sableye|152/304 tox","|move|p2a: Sableye|Shadow Ball|p1a: Excadrill","|-damage|p1a: Excadrill|144/423","|","|-heal|p1a: Excadrill|170/423|[from] item: Leftovers","|-damage|p2a: Sableye|114/304 tox|[from] psn","|turn|6","|","|move|p1a: Excadrill|Earthquake|p2a: Sableye","|-damage|p2a: Sableye|14/304 tox","|move|p2a: Sableye|Recover|p2a: Sableye","|-heal|p2a: Sableye|166/304 tox","|","|-heal|p1a: Excadrill|196/423|[from] item: Leftovers","|-damage|p2a: Sableye|109/304 tox|[from] psn","|turn|7","|","|switch|p2a: Mandibuzz|Mandibuzz, F|423/423","|move|p1a: Excadrill|Earthquake|p2a: Mandibuzz","|-immune|p2a: Mandibuzz|[msg]","|","|-heal|p1a: Excadrill|222/423|[from] item: Leftovers","|turn|8","|","|move|p1a: Excadrill|Stealth Rock|p2a: Mandibuzz","|-sidestart|p2: Inferno Sasuke|move: Stealth Rock","|move|p2a: Mandibuzz|Foul Play|p1a: Excadrill","|-damage|p1a: Excadrill|0 fnt","|faint|p1a: Excadrill","|","|","|switch|p1a: Heatran|Heatran, F|385/385","|turn|9","|","|move|p1a: Heatran|Substitute|p1a: Heatran","|-start|p1a: Heatran|Substitute","|-damage|p1a: Heatran|289/385","|move|p2a: Mandibuzz|Foul Play|p1a: Heatran","|-activate|p1a: Heatran|Substitute|[damage]","|","|-heal|p1a: Heatran|313/385|[from] item: Leftovers","|turn|10","|","|move|p1a: Heatran|Toxic|p2a: Mandibuzz","|-status|p2a: Mandibuzz|tox","|move|p2a: Mandibuzz|Defog|p1a: Heatran","|-sideend|p2: Inferno Sasuke|Stealth Rock|[from] move: Defog|[of] p2a: Mandibuzz","|","|-heal|p1a: Heatran|337/385|[from] item: Leftovers","|-damage|p2a: Mandibuzz|397/423 tox|[from] psn","|turn|11","|","|move|p1a: Heatran|Lava Plume|p2a: Mandibuzz","|-damage|p2a: Mandibuzz|283/423 tox","|move|p2a: Mandibuzz|Foul Play|p1a: Heatran","|-end|p1a: Heatran|Substitute","|","|-heal|p1a: Heatran|361/385|[from] item: Leftovers","|-heal|p2a: Mandibuzz|309/423 tox|[from] item: Leftovers","|-damage|p2a: Mandibuzz|257/423 tox|[from] psn","|turn|12","|","|move|p1a: Heatran|Substitute|p1a: Heatran","|-start|p1a: Heatran|Substitute","|-damage|p1a: Heatran|265/385","|move|p2a: Mandibuzz|Foul Play|p1a: Heatran","|-activate|p1a: Heatran|Substitute|[damage]","|","|-heal|p1a: Heatran|289/385|[from] item: Leftovers","|-heal|p2a: Mandibuzz|283/423 tox|[from] item: Leftovers","|-damage|p2a: Mandibuzz|205/423 tox|[from] psn","|turn|13","|","|switch|p2a: Crawdaunt|Crawdaunt, M|267/267","|move|p1a: Heatran|Lava Plume|p2a: Crawdaunt","|-resisted|p2a: Crawdaunt","|-damage|p2a: Crawdaunt|168/267","|","|-heal|p1a: Heatran|313/385|[from] item: Leftovers","|turn|14","|","|move|p2a: Crawdaunt|Aqua Jet|p1a: Heatran","|-supereffective|p1a: Heatran","|-end|p1a: Heatran|Substitute","|-damage|p2a: Crawdaunt|142/267|[from] item: Life Orb","|move|p1a: Heatran|Earth Power|p2a: Crawdaunt","|-damage|p2a: Crawdaunt|6/267","|","|-heal|p1a: Heatran|337/385|[from] item: Leftovers","|turn|15","|","|switch|p1a: Aggron|Aggron-Mega, F|343/343","|move|p2a: Crawdaunt|Aqua Jet|p1a: Aggron","|-damage|p1a: Aggron|283/343","|-damage|p2a: Crawdaunt|0 fnt|[from] item: Life Orb","|faint|p2a: Crawdaunt","|","|","|switch|p2a: Hoopa-Unbound|Hoopa-Unbound|301/301","|turn|16","|","|move|p2a: Hoopa-Unbound|Fire Punch|p1a: Aggron","|-supereffective|p1a: Aggron","|-damage|p1a: Aggron|211/343","|move|p1a: Aggron|Seismic Toss|p2a: Hoopa-Unbound","|-damage|p2a: Hoopa-Unbound|201/301","|","|turn|17","|","|switch|p2a: Bisharp|Bisharp, F|271/271","|move|p1a: Aggron|Seismic Toss|p2a: Bisharp","|-damage|p2a: Bisharp|171/271","|","|turn|18","|","|move|p2a: Bisharp|Knock Off|p1a: Aggron","|-damage|p1a: Aggron|154/343","|move|p1a: Aggron|Seismic Toss|p2a: Bisharp","|-damage|p2a: Bisharp|71/271","|","|turn|19","|","|move|p2a: Bisharp|Sucker Punch|p1a: Aggron","|-damage|p1a: Aggron|87/343","|move|p1a: Aggron|Seismic Toss|p2a: Bisharp","|-damage|p2a: Bisharp|0 fnt","|faint|p2a: Bisharp","|","|","|switch|p2a: Tyranitar|Tyranitar, F|404/404","|-weather|Sandstorm","|turn|20","|","|move|p2a: Tyranitar|Fire Blast|p1a: Aggron","|-supereffective|p1a: Aggron","|-damage|p1a: Aggron|0 fnt","|faint|p1a: Aggron","|","|-weather|Sandstorm|[upkeep]","|","|switch|p1a: Heatran|Heatran, F|337/385","|turn|21","|","|move|p1a: Heatran|Substitute|p1a: Heatran","|-start|p1a: Heatran|Substitute","|-damage|p1a: Heatran|241/385","|move|p2a: Tyranitar|Stone Edge|p1a: Heatran|[miss]","|-miss|p2a: Tyranitar|p1a: Heatran","|","|-weather|Sandstorm|[upkeep]","|-heal|p1a: Heatran|265/385|[from] item: Leftovers","|turn|22","|","|move|p1a: Heatran|Toxic|p2a: Tyranitar","|-status|p2a: Tyranitar|tox","|move|p2a: Tyranitar|Stone Edge|p1a: Heatran","|-end|p1a: Heatran|Substitute","|","|-weather|Sandstorm|[upkeep]","|-heal|p1a: Heatran|289/385|[from] item: Leftovers","|-damage|p2a: Tyranitar|379/404 tox|[from] psn","|turn|23","|","|move|p1a: Heatran|Earth Power|p2a: Tyranitar","|-crit|p2a: Tyranitar","|-supereffective|p2a: Tyranitar","|-damage|p2a: Tyranitar|249/404 tox","|-unboost|p2a: Tyranitar|spd|1","|move|p2a: Tyranitar|Stone Edge|p1a: Heatran","|-damage|p1a: Heatran|145/385","|","|-weather|Sandstorm|[upkeep]","|-heal|p1a: Heatran|169/385|[from] item: Leftovers","|-heal|p2a: Tyranitar|274/404 tox|[from] item: Leftovers","|-damage|p2a: Tyranitar|224/404 tox|[from] psn","|turn|24","|","|switch|p1a: Jirachi|Jirachi|403/403","|move|p2a: Tyranitar|Stone Edge|p1a: Jirachi","|-resisted|p1a: Jirachi","|-damage|p1a: Jirachi|328/403","|","|-weather|none","|-heal|p1a: Jirachi|353/403|[from] item: Leftovers","|-heal|p2a: Tyranitar|249/404 tox|[from] item: Leftovers","|-damage|p2a: Tyranitar|174/404 tox|[from] psn","|turn|25","|","|move|p1a: Jirachi|Drain Punch|p2a: Tyranitar","|-supereffective|p2a: Tyranitar","|-damage|p2a: Tyranitar|0 fnt","|-heal|p1a: Jirachi|403/403|[from] drain|[of] p2a: Tyranitar","|faint|p2a: Tyranitar","|","|","|switch|p2a: Hoopa-Unbound|Hoopa-Unbound|201/301","|turn|26","|","|move|p2a: Hoopa-Unbound|Hyperspace Fury|p1a: Jirachi","|-supereffective|p1a: Jirachi","|-damage|p1a: Jirachi|0 fnt","|-unboost|p2a: Hoopa-Unbound|def|1","|faint|p1a: Jirachi","|","|","|switch|p1a: Bisharp|Bisharp, F|271/271","|turn|27","|","|switch|p2a: Mandibuzz|Mandibuzz, F|205/423 tox","|move|p1a: Bisharp|Stone Edge|p2a: Mandibuzz","|-supereffective|p2a: Mandibuzz","|-damage|p2a: Mandibuzz|39/423 tox","|","|-heal|p2a: Mandibuzz|65/423 tox|[from] item: Leftovers","|-damage|p2a: Mandibuzz|39/423 tox|[from] psn","|turn|28","|","|move|p1a: Bisharp|Stone Edge|p2a: Mandibuzz","|-supereffective|p2a: Mandibuzz","|-damage|p2a: Mandibuzz|0 fnt","|faint|p2a: Mandibuzz","|","|","|switch|p2a: Hoopa-Unbound|Hoopa-Unbound|201/301","|turn|29","|","|switch|p1a: Heatran|Heatran, F|169/385","|move|p2a: Hoopa-Unbound|Fire Punch|p1a: Heatran","|-start|p1a: Heatran|ability: Flash Fire","|","|-heal|p1a: Heatran|193/385|[from] item: Leftovers","|turn|30","|","|switch|p2a: Sableye|Sableye-Mega, M|109/304 tox","|move|p1a: Heatran|Lava Plume|p2a: Sableye","|-damage|p2a: Sableye|0 fnt","|faint|p2a: Sableye","|","|-heal|p1a: Heatran|217/385|[from] item: Leftovers","|","|switch|p2a: Hoopa-Unbound|Hoopa-Unbound|201/301","|turn|31","|","|move|p2a: Hoopa-Unbound|Hyperspace Fury|p1a: Heatran","|-damage|p1a: Heatran|15/385","|-unboost|p2a: Hoopa-Unbound|def|1","|move|p1a: Heatran|Lava Plume|p2a: Hoopa-Unbound","|-damage|p2a: Hoopa-Unbound|53/301","|","|-heal|p1a: Heatran|39/385|[from] item: Leftovers","|turn|32","|","|move|p2a: Hoopa-Unbound|Hyperspace Fury|p1a: Heatran","|-crit|p1a: Heatran","|-damage|p1a: Heatran|0 fnt","|-unboost|p2a: Hoopa-Unbound|def|1","|faint|p1a: Heatran","|","|","|switch|p1a: Skarmory|Skarmory, F|333/333","|turn|33","|","|move|p2a: Hoopa-Unbound|Hyperspace Fury|p1a: Skarmory","|-crit|p1a: Skarmory","|-damage|p1a: Skarmory|140/333","|-unboost|p2a: Hoopa-Unbound|def|1","|move|p1a: Skarmory|Brave Bird|p2a: Hoopa-Unbound","|-damage|p2a: Hoopa-Unbound|0 fnt","|-damage|p1a: Skarmory|123/333|[from] recoil|[of] p2a: Hoopa-Unbound","|faint|p2a: Hoopa-Unbound","|","|win|Alliance - Mxy"],"p1rating":{"entryid":"127788","serverid":"eos","formatid":"monotype","userid":"alliancemxy","username":"Alliance - Mxy","w":27,"l":"14","t":"0","gxe":62.2,"r":"1587.3877217491","rd":"58.246800544352","sigma":"0","rptime":"1440838800","rpr":1595.1225118364,"rprd":55.782986823487,"rpsigma":"0","acre":1220.9896620447,"lacre":1220.9896620447,"oldacre":"1202.8414230947"},"p2rating":{"entryid":"45674","serverid":"eos","formatid":"monotype","userid":"infernosasuke","username":"Inferno Sasuke","w":"33","l":75,"t":"0","gxe":32.8,"r":"1361.4223224053","rd":"36.412489185181","sigma":"0","rptime":"1440838800","rpr":1364.8341460972,"rprd":36.143752814057,"rpsigma":"0","acre":1086.9736000581,"lacre":1086.9736000581,"oldacre":"1105.1218390081"},"endType":"normal"}