{"seed":[5435,39107,64718,5797],"turns":16,"p1":"Alliance - Mxy","p2":"BagelBeagle","p1team":[{"name":"Excadrill","species":"Excadrill","item":"leftovers","ability":"Mold Breaker","moves":["earthquake","stealthrock","toxic","ironhead"],"nature":"Careful","evs":{"hp":248,"atk":8,"def":0,"spa":0,"spd":252,"spe":0},"ivs":{"hp":31,"atk":31,"def":31,"spa":31,"spd":31,"spe":31}},{"name":"Skarmory","species":"Skarmory","item":"rockyhelmet","ability":"Sturdy","moves":["bravebird","roost","defog","spikes"],"nature":"Impish","evs":{"hp":248,"atk":0,"def":252,"spa":0,"spd":0,"spe":8},"ivs":{"hp":31,"atk":31,"def":31,"spa":31,"spd":31,"spe":31}},{"name":"Jirachi","species":"Jirachi","item":"leftovers","ability":"Serene Grace","moves":["wish","bodyslam","protect","drainpunch"],"nature":"Careful","evs":{"hp":248,"atk":0,"def":0,"spa":0,"spd":152,"spe":108},"ivs":{"hp":31,"atk":31,"def":31,"spa":31,"spd":31,"spe":31}},{"name":"Aggron","species":"Aggron","item":"aggronite","ability":"Sturdy","moves":["seismictoss","rockslide","rest","sleeptalk"],"nature":"Careful","evs":{"hp":248,"atk":0,"def":8,"spa":0,"spd":252,"spe":0},"ivs":{"hp":31,"atk":31,"def":31,"spa":31,"spd":31,"spe":31}},{"name":"Bisharp","species":"Bisharp","item":"choicescarf","ability":"Defiant","moves":["knockoff","ironhead","psychocut","stoneedge"],"nature":"Jolly","evs":{"hp":0,"atk":252,"def":0,"spa":0,"spd":4,"spe":252},"ivs":{"hp":31,"atk":31,"def":31,"spa":31,"spd":31,"spe":31}},{"name":"Heatran","species":"Heatran","item":"leftovers","ability":"Flash Fire","moves":["toxic","substitute","lavaplume","earthpower"],"nature":"Calm","evs":{"hp":248,"atk":0,"def":0,"spa":0,"spd":176,"spe":84},"ivs":{"hp":31,"atk":31,"def":31,"spa":31,"spd":31,"spe":31}}],"p2team":[{"name":"Potassium Dargon","species":"charizard","item":"charizarditey","ability":"Blaze","moves":["hiddenpowerice","flamethrower","roost","solarbeam"],"nature":"Modest","evs":{"hp":248,"atk":0,"def":0,"spa":252,"spd":8,"spe":0},"ivs":{"hp":31,"atk":30,"def":30,"spa":31,"spd":31,"spe":31},"shiny":true},{"name":"PLUGMEUPBITCH","species":"rotomheat","item":"chestoberry","ability":"Levitate","moves":["rest","overheat","voltswitch","willowisp"],"nature":"Calm","evs":{"hp":248,"atk":0,"def":0,"spa":8,"spd":252,"spe":0},"shiny":true,"ivs":{"hp":31,"atk":31,"def":31,"spa":31,"spd":31,"spe":31}},{"name":"Poor AND Irish","species":"torkoal","item":"leftovers","ability":"White Smoke","moves":["rapidspin","stealthrock","lavaplume","yawn"],"nature":"Bold","evs":{"hp":252,"atk":0,"def":252,"spa":4,"spd":0,"spe":0},"shiny":true,"ivs":{"hp":31,"atk":31,"def":31,"spa":31,"spd":31,"spe":31}},{"name":"Senpai Please~","species":"ninetales","item":"heatrock","ability":"Drought","moves":["willowisp","energyball","flamethrower","calmmind"],"nature":"Timid","evs":{"hp":0,"atk":0,"def":0,"spa":252,"spd":4,"spe":252},"shiny":true,"ivs":{"hp":31,"atk":31,"def":31,"spa":31,"spd":31,"spe":31}},{"name":"ScrewTactics Inc.","species":"darmanitan","item":"choicescarf","ability":"Sheer Force","moves":["earthquake","brickbreak","flareblitz","rockslide"],"nature":"Jolly","evs":{"hp":0,"atk":252,"def":0,"spa":0,"spd":4,"spe":252},"shiny":true,"ivs":{"hp":31,"atk":31,"def":31,"spa":31,"spd":31,"spe":31}},{"name":"Arcanine's Bitch","species":"entei","item":"choiceband","ability":"Pressure","moves":["extremespeed","sacredfire","stoneedge","ironhead"],"nature":"Adamant","evs":{"hp":0,"atk":252,"def":0,"spa":0,"spd":4,"spe":252},"shiny":true,"ivs":{"hp":31,"atk":31,"def":31,"spa":31,"spd":31,"spe":31}}],"log":["|player|p1|Alliance - Mxy|270","|player|p2|BagelBeagle|52","|gametype|singles","|gen|6","|tier|Monotype","|rated","|rule|Baton Pass Clause: Limit one Baton Passer, can't pass Spe and other stats simultaneously","|rule|Swagger Clause: Swagger is banned","|rule|Same Type Clause: Pokémon in a team must share a type","|clearpoke","|poke|p1|Excadrill, F","|poke|p1|Skarmory, M","|poke|p1|Jirachi","|poke|p1|Aggron, F","|poke|p1|Bisharp, M","|poke|p1|Heatran, F","|poke|p2|Charizard, M, shiny","|poke|p2|Rotom-Heat, shiny","|poke|p2|Torkoal, F, shiny","|poke|p2|Ninetales, F, shiny","|poke|p2|Darmanitan, F, shiny","|poke|p2|Entei, shiny","|rule|Sleep Clause Mod: Limit one foe put to sleep","|rule|Species Clause: Limit one of each Pokémon","|rule|OHKO Clause: OHKO moves are banned","|rule|Moody Clause: Moody is banned","|rule|Evasion Moves Clause: Evasion moves are banned","|rule|Endless Battle Clause: Forcing endless battles is banned","|rule|HP Percentage Mod: HP is shown in percentages","|teampreview","|","|start","|switch|p1a: Excadrill|Excadrill, F|423/423","|switch|p2a: Poor AND Irish|Torkoal, F, shiny|344/344","|-ability|p1a: Excadrill|Mold Breaker","|turn|1","|","|move|p1a: Excadrill|Stealth Rock|p2a: Poor AND Irish","|-sidestart|p2: BagelBeagle|move: Stealth Rock","|move|p2a: Poor AND Irish|Lava Plume|p1a: Excadrill","|-supereffective|p1a: Excadrill","|-damage|p1a: Excadrill|271/423","|","|-heal|p1a: Excadrill|297/423|[from] item: Leftovers","|turn|2","|","|move|p1a: Excadrill|Earthquake|p2a: Poor AND Irish","|-supereffective|p2a: Poor AND Irish","|-damage|p2a: Poor AND Irish|170/344","|move|p2a: Poor AND Irish|Stealth Rock|p1a: Excadrill","|-sidestart|p1: Alliance - Mxy|move: Stealth Rock","|","|-heal|p1a: Excadrill|323/423|[from] item: Leftovers","|-heal|p2a: Poor AND Irish|191/344|[from] item: Leftovers","|turn|3","|","|move|p1a: Excadrill|Earthquake|p2a: Poor AND Irish","|-supereffective|p2a: Poor AND Irish","|-damage|p2a: Poor AND Irish|27/344","|move|p2a: Poor AND Irish|Lava Plume|p1a: Excadrill","|-supereffective|p1a: Excadrill","|-damage|p1a: Excadrill|153/423","|","|-heal|p1a: Excadrill|179/423|[from] item: Leftovers","|-heal|p2a: Poor AND Irish|48/344|[from] item: Leftovers","|turn|4","|","|move|p1a: Excadrill|Earthquake|p2a: Poor AND Irish","|-supereffective|p2a: Poor AND Irish","|-damage|p2a: Poor AND Irish|0 fnt","|faint|p2a: Poor AND Irish","|","|-heal|p1a: Excadrill|205/423|[from] item: Leftovers","|","|switch|p2a: ScrewTactics Inc.|Darmanitan, F, shiny|351/351","|-damage|p2a: ScrewTactics Inc.|264/351|[from] Stealth Rock","|turn|5","|","|move|p2a: ScrewTactics Inc.|Earthquake|p1a: Excadrill","|-supereffective|p1a: Excadrill","|-damage|p1a: Excadrill|0 fnt","|faint|p1a: Excadrill","|","|","|switch|p1a: Skarmory|Skarmory, M|333/333","|-damage|p1a: Skarmory|292/333|[from] Stealth Rock","|turn|6","|","|switch|p2a: Senpai Please~|Ninetales, F, shiny|287/287","|-damage|p2a: Senpai Please~|216/287|[from] Stealth Rock","|-weather|SunnyDay","|move|p1a: Skarmory|Spikes|p2a: Senpai Please~","|-sidestart|p2: BagelBeagle|Spikes","|","|-weather|SunnyDay|[upkeep]","|turn|7","|","|switch|p1a: Heatran|Heatran, F|385/385","|-damage|p1a: Heatran|337/385|[from] Stealth Rock","|move|p2a: Senpai Please~|Calm Mind|p2a: Senpai Please~","|-boost|p2a: Senpai Please~|spa|1","|-boost|p2a: Senpai Please~|spd|1","|","|-weather|SunnyDay|[upkeep]","|-heal|p1a: Heatran|361/385|[from] item: Leftovers","|turn|8","|","|switch|p2a: PLUGMEUPBITCH|Rotom-Heat, shiny|303/303","|-damage|p2a: PLUGMEUPBITCH|228/303|[from] Stealth Rock","|move|p1a: Heatran|Substitute|p1a: Heatran","|-start|p1a: Heatran|Substitute","|-damage|p1a: Heatran|265/385","|","|-weather|SunnyDay|[upkeep]","|-heal|p1a: Heatran|289/385|[from] item: Leftovers","|turn|9","|","|move|p1a: Heatran|Toxic|p2a: PLUGMEUPBITCH","|-status|p2a: PLUGMEUPBITCH|tox","|move|p2a: PLUGMEUPBITCH|Volt Switch|p1a: Heatran","|-crit|p1a: Heatran","|-end|p1a: Heatran|Substitute","|","|switch|p2a: ScrewTactics Inc.|Darmanitan, F, shiny|264/351","|-damage|p2a: ScrewTactics Inc.|221/351|[from] Spikes","|-damage|p2a: ScrewTactics Inc.|134/351|[from] Stealth Rock","|","|-weather|SunnyDay|[upkeep]","|-heal|p1a: Heatran|313/385|[from] item: Leftovers","|turn|10","|","|switch|p1a: Skarmory|Skarmory, M|292/333","|-damage|p1a: Skarmory|251/333|[from] Stealth Rock","|move|p2a: ScrewTactics Inc.|Brick Break|p1a: Skarmory","|-damage|p1a: Skarmory|195/333","|-damage|p2a: ScrewTactics Inc.|76/351|[from] item: Rocky Helmet|[of] p1a: Skarmory","|","|-weather|SunnyDay|[upkeep]","|turn|11","|","|move|p2a: ScrewTactics Inc.|Brick Break|p1a: Skarmory","|-damage|p1a: Skarmory|144/333","|-damage|p2a: ScrewTactics Inc.|18/351|[from] item: Rocky Helmet|[of] p1a: Skarmory","|move|p1a: Skarmory|Roost|p1a: Skarmory","|-heal|p1a: Skarmory|311/333","|","|-weather|SunnyDay|[upkeep]","|turn|12","|","|move|p2a: ScrewTactics Inc.|Brick Break|p1a: Skarmory","|-damage|p1a: Skarmory|257/333","|-damage|p2a: ScrewTactics Inc.|0 fnt|[from] item: Rocky Helmet|[of] p1a: Skarmory","|faint|p2a: ScrewTactics Inc.","|move|p1a: Skarmory|Roost|p1a: Skarmory","|-heal|p1a: Skarmory|333/333","|","|-weather|SunnyDay|[upkeep]","|","|switch|p2a: Arcanine's Bitch|Entei, shiny|371/371","|-damage|p2a: Arcanine's Bitch|279/371|[from] Stealth Rock","|-damage|p2a: Arcanine's Bitch|233/371|[from] Spikes","|-ability|p2a: Arcanine's Bitch|Pressure","|turn|13","|","|move|p2a: Arcanine's Bitch|Sacred Fire|p1a: Skarmory","|-supereffective|p1a: Skarmory","|-ability|p1a: Skarmory|Sturdy","|-damage|p1a: Skarmory|1/333","|-status|p1a: Skarmory|brn","|move|p1a: Skarmory|Spikes|p2a: Arcanine's Bitch","|-sidestart|p2: BagelBeagle|Spikes","|","|-weather|none","|-damage|p1a: Skarmory|0 fnt|[from] brn","|faint|p1a: Skarmory","|","|switch|p1a: Heatran|Heatran, F|313/385","|-damage|p1a: Heatran|265/385|[from] Stealth Rock","|turn|14","|","|switch|p2a: PLUGMEUPBITCH|Rotom-Heat, shiny|228/303 tox","|-damage|p2a: PLUGMEUPBITCH|153/303 tox|[from] Stealth Rock","|move|p1a: Heatran|Substitute|p1a: Heatran","|-start|p1a: Heatran|Substitute","|-damage|p1a: Heatran|169/385","|","|-heal|p1a: Heatran|193/385|[from] item: Leftovers","|-damage|p2a: PLUGMEUPBITCH|135/303 tox|[from] psn","|turn|15","|","|move|p1a: Heatran|Lava Plume|p2a: PLUGMEUPBITCH","|-resisted|p2a: PLUGMEUPBITCH","|-damage|p2a: PLUGMEUPBITCH|95/303 tox","|move|p2a: PLUGMEUPBITCH|Rest|p2a: PLUGMEUPBITCH","|-status|p2a: PLUGMEUPBITCH|slp","|-heal|p2a: PLUGMEUPBITCH|303/303 slp|[silent]","|-status|p2a: PLUGMEUPBITCH|slp|[from] move: Rest","|-enditem|p2a: PLUGMEUPBITCH|Chesto Berry|[eat]","|-curestatus|p2a: PLUGMEUPBITCH|slp","|","|-heal|p1a: Heatran|217/385|[from] item: Leftovers","|turn|16","|","|move|p1a: Heatran|Toxic|p2a: PLUGMEUPBITCH","|-status|p2a: PLUGMEUPBITCH|tox","|move|p2a: PLUGMEUPBITCH|Volt Switch|p1a: Heatran","|-activate|p1a: Heatran|Substitute|[damage]","|","|win|Alliance - Mxy"],"p1rating":{"entryid":"127788","serverid":"eos","formatid":"monotype","userid":"alliancemxy","username":"Alliance - Mxy","w":32,"l":"14","t":"0","gxe":66.3,"r":"1587.3877217491","rd":"58.246800544352","sigma":"0","rptime":"1440838800","rpr":1628.736422667,"rprd":52.848651830027,"rpsigma":"0","acre":1298.296025257,"lacre":1298.296025257,"oldacre":"1282.5461872613"},"p2rating":{"entryid":"162238","serverid":"eos","formatid":"monotype","userid":"bagelbeagle","username":"BagelBeagle","w":"9","l":10,"t":"0","gxe":49.6,"r":"1508.396406365","rd":"73.954299113305","sigma":"0","rptime":"1440838800","rpr":1496.8044122425,"rprd":72.459224711165,"rpsigma":"0","acre":1131.8417336243,"lacre":1131.8417336243,"oldacre":"1147.59157162"},"endType":"forfeit"}