{"seed":[58350,26470,46899,44071],"turns":20,"p1":"Vin Pyre","p2":"Primal GT DuckSoup","p1team":[{"name":"Metallica","species":"steelix","item":"steelixite","ability":"Sturdy","moves":["heavyslam","earthquake","rest","sleeptalk"],"nature":"Adamant","evs":{"hp":252,"atk":56,"def":200,"spa":0,"spd":0,"spe":0},"ivs":{"hp":31,"atk":31,"def":31,"spa":31,"spd":31,"spe":31}},{"name":"Genie","species":"landorus","item":"lifeorb","ability":"Sheer Force","moves":["earthpower","sludgewave","gravity","focusblast"],"nature":"Timid","evs":{"hp":4,"atk":0,"def":0,"spa":252,"spd":0,"spe":252},"shiny":true,"ivs":{"hp":31,"atk":31,"def":31,"spa":31,"spd":31,"spe":31}},{"name":"Seismitoad","species":"Seismitoad","item":"assaultvest","ability":"Water Absorb","moves":["earthpower","grassknot","scald","icywind"],"nature":"Modest","evs":{"hp":240,"atk":0,"def":0,"spa":232,"spd":28,"spe":8},"ivs":{"hp":31,"atk":30,"def":31,"spa":31,"spd":31,"spe":31}},{"name":"Quagsire","species":"Quagsire","item":"leftovers","ability":"Unaware","moves":["recover","earthquake","encore","toxic"],"nature":"Relaxed","evs":{"hp":252,"atk":4,"def":252,"spa":0,"spd":0,"spe":0},"ivs":{"hp":31,"atk":31,"def":31,"spa":31,"spd":31,"spe":31}},{"name":"Garchomp","species":"Garchomp","item":"choicescarf","ability":"Rough Skin","moves":["earthquake","stoneedge","fireblast","dragonclaw"],"nature":"Jolly","evs":{"hp":0,"atk":252,"def":0,"spa":0,"spd":4,"spe":252},"shiny":true,"ivs":{"hp":31,"atk":31,"def":31,"spa":31,"spd":31,"spe":31}},{"name":"Hippo","species":"hippowdon","item":"leftovers","ability":"Sand Stream","moves":["earthquake","stealthrock","slackoff","icefang"],"nature":"Impish","evs":{"hp":248,"atk":8,"def":252,"spa":0,"spd":0,"spe":0},"shiny":true,"ivs":{"hp":31,"atk":31,"def":31,"spa":31,"spd":31,"spe":31}}],"p2team":[{"name":"Porygon2","species":"Porygon2","item":"eviolite","ability":"Trace","moves":["foulplay","trickroom","recover","toxic"],"nature":"Sassy","evs":{"hp":168,"atk":0,"def":136,"spa":0,"spd":204,"spe":0},"ivs":{"hp":31,"atk":31,"def":31,"spa":31,"spd":31,"spe":0}},{"name":"Exploud","species":"Exploud","item":"choicespecs","ability":"Scrappy","moves":["boomburst","overheat","focusblast","surf"],"nature":"Quiet","evs":{"hp":248,"atk":0,"def":0,"spa":252,"spd":8,"spe":0},"ivs":{"hp":31,"atk":31,"def":31,"spa":31,"spd":31,"spe":31}},{"name":"Audino","species":"Audino","item":"audinite","ability":"Regenerator","moves":["drainingkiss","calmmind","healbell","trickroom"],"nature":"Relaxed","evs":{"hp":252,"atk":0,"def":252,"spa":0,"spd":4,"spe":0},"ivs":{"hp":31,"atk":31,"def":31,"spa":31,"spd":31,"spe":0}},{"name":"Meloetta","species":"Meloetta","item":"ironball","ability":"Serene Grace","moves":["dazzlinggleam","thunderbolt","psyshock","trickroom"],"nature":"Quiet","evs":{"hp":248,"atk":0,"def":0,"spa":108,"spd":152,"spe":0},"ivs":{"hp":31,"atk":31,"def":31,"spa":31,"spd":31,"spe":0}},{"name":"Staraptor","species":"Staraptor","item":"leftovers","ability":"Intimidate","moves":["roost","featherdance","quickattack","bravebird"],"nature":"Relaxed","evs":{"hp":248,"atk":8,"def":252,"spa":0,"spd":0,"spe":0},"ivs":{"hp":31,"atk":31,"def":31,"spa":31,"spd":31,"spe":31}},{"name":"Ditto","species":"Ditto","item":"ironball","ability":"Imposter","moves":["transform"],"nature":"Bold","evs":{"hp":248,"atk":0,"def":252,"spa":0,"spd":8,"spe":0},"ivs":{"hp":31,"atk":31,"def":31,"spa":31,"spd":31,"spe":31}}],"log":["|player|p1|Vin Pyre|158","|player|p2|Primal GT DuckSoup|121","|gametype|singles","|gen|6","|tier|Monotype","|rated","|rule|Baton Pass Clause: Limit one Baton Passer, can't pass Spe and other stats simultaneously","|rule|Swagger Clause: Swagger is banned","|rule|Same Type Clause: Pokémon in a team must share a type","|clearpoke","|poke|p1|Steelix, M","|poke|p1|Landorus, M, shiny","|poke|p1|Seismitoad, F","|poke|p1|Quagsire, F","|poke|p1|Garchomp, F, shiny","|poke|p1|Hippowdon, F, shiny","|poke|p2|Porygon2","|poke|p2|Exploud, M","|poke|p2|Audino, F","|poke|p2|Meloetta","|poke|p2|Staraptor, F","|poke|p2|Ditto","|rule|Sleep Clause Mod: Limit one foe put to sleep","|rule|Species Clause: Limit one of each Pokémon","|rule|OHKO Clause: OHKO moves are banned","|rule|Moody Clause: Moody is banned","|rule|Evasion Moves Clause: Evasion moves are banned","|rule|Endless Battle Clause: Forcing endless battles is banned","|rule|HP Percentage Mod: HP is shown in percentages","|teampreview","|","|start","|switch|p1a: Hippo|Hippowdon, F, shiny|419/419","|switch|p2a: Audino|Audino, F|410/410","|-weather|Sandstorm","|turn|1","|","|detailschange|p2a: Audino|Audino-Mega, F","|-mega|p2a: Audino|Audino|Audinite","|move|p1a: Hippo|Stealth Rock|p2a: Audino","|-sidestart|p2: Primal GT DuckSoup|move: Stealth Rock","|move|p2a: Audino|Trick Room|p2a: Audino","|-fieldstart|move: Trick Room|[of] p2a: Audino","|","|-weather|Sandstorm|[upkeep]","|-damage|p2a: Audino|385/410|[from] sandstorm","|turn|2","|","|switch|p2a: Exploud|Exploud, M|411/411","|-damage|p2a: Exploud|360/411|[from] Stealth Rock","|switch|p1a: Seismitoad|Seismitoad, F|411/411","|","|-weather|Sandstorm|[upkeep]","|-damage|p2a: Exploud|335/411|[from] sandstorm","|turn|3","|","|move|p2a: Exploud|Boomburst|p1a: Seismitoad","|-damage|p1a: Seismitoad|153/411","|move|p1a: Seismitoad|Scald|p2a: Exploud","|-crit|p2a: Exploud","|-damage|p2a: Exploud|106/411","|","|-weather|Sandstorm|[upkeep]","|-damage|p2a: Exploud|81/411|[from] sandstorm","|turn|4","|","|move|p2a: Exploud|Boomburst|p1a: Seismitoad","|-damage|p1a: Seismitoad|0 fnt","|faint|p1a: Seismitoad","|","|-weather|Sandstorm|[upkeep]","|-damage|p2a: Exploud|56/411|[from] sandstorm","|","|switch|p1a: Metallica|Steelix, M|354/354","|turn|5","|","|switch|p2a: Staraptor|Staraptor, F|373/373","|-damage|p2a: Staraptor|280/373|[from] Stealth Rock","|-ability|p2a: Staraptor|Intimidate","|-unboost|p1a: Metallica|atk|1","|detailschange|p1a: Metallica|Steelix-Mega, M","|-mega|p1a: Metallica|Steelix|Steelixite","|move|p1a: Metallica|Heavy Slam|p2a: Staraptor","|-damage|p2a: Staraptor|123/373","|","|-weather|none","|-heal|p2a: Staraptor|146/373|[from] item: Leftovers","|-fieldend|move: Trick Room","|turn|6","|","|switch|p1a: Hippo|Hippowdon, F, shiny|419/419","|-weather|Sandstorm","|move|p2a: Staraptor|Feather Dance|p1a: Hippo","|-unboost|p1a: Hippo|atk|2","|","|-weather|Sandstorm|[upkeep]","|-damage|p2a: Staraptor|123/373|[from] sandstorm","|-heal|p2a: Staraptor|146/373|[from] item: Leftovers","|turn|7","|","|switch|p1a: Genie|Landorus, M, shiny|320/320","|move|p2a: Staraptor|Roost|p2a: Staraptor","|-heal|p2a: Staraptor|333/373","|","|-weather|Sandstorm|[upkeep]","|-damage|p2a: Staraptor|310/373|[from] sandstorm","|-heal|p2a: Staraptor|333/373|[from] item: Leftovers","|turn|8","|","|move|p1a: Genie|Sludge Wave|p2a: Staraptor","|-damage|p2a: Staraptor|61/373","|move|p2a: Staraptor|Feather Dance|p1a: Genie","|-unboost|p1a: Genie|atk|2","|","|-weather|Sandstorm|[upkeep]","|-damage|p2a: Staraptor|38/373|[from] sandstorm","|-heal|p2a: Staraptor|61/373|[from] item: Leftovers","|turn|9","|","|move|p1a: Genie|Sludge Wave|p2a: Staraptor","|-damage|p2a: Staraptor|0 fnt","|faint|p2a: Staraptor","|","|-weather|Sandstorm|[upkeep]","|","|switch|p2a: Meloetta|Meloetta|403/403","|-damage|p2a: Meloetta|353/403|[from] Stealth Rock","|turn|10","|","|switch|p1a: Quagsire|Quagsire, F|394/394","|move|p2a: Meloetta|Trick Room|p2a: Meloetta","|-fieldstart|move: Trick Room|[of] p2a: Meloetta","|","|-weather|none","|turn|11","|","|move|p2a: Meloetta|Dazzling Gleam|p1a: Quagsire","|-damage|p1a: Quagsire|270/394","|move|p1a: Quagsire|Earthquake|p2a: Meloetta","|-damage|p2a: Meloetta|214/403","|","|-heal|p1a: Quagsire|294/394|[from] item: Leftovers","|turn|12","|","|switch|p2a: Porygon2|Porygon2|353/353","|-damage|p2a: Porygon2|309/353|[from] Stealth Rock","|-ability|p2a: Porygon2|Unaware|[from] ability: Trace|[of] p1a: Quagsire","|move|p1a: Quagsire|Earthquake|p2a: Porygon2","|-damage|p2a: Porygon2|249/353","|","|-heal|p1a: Quagsire|318/394|[from] item: Leftovers","|turn|13","|","|move|p1a: Quagsire|Toxic|p2a: Porygon2","|-status|p2a: Porygon2|tox","|move|p2a: Porygon2|Toxic|p1a: Quagsire","|-status|p1a: Quagsire|tox","|","|-heal|p1a: Quagsire|342/394 tox|[from] item: Leftovers","|-damage|p1a: Quagsire|318/394 tox|[from] psn","|-damage|p2a: Porygon2|227/353 tox|[from] psn","|turn|14","|","|move|p1a: Quagsire|Encore|p2a: Porygon2","|-start|p2a: Porygon2|Encore","|move|p2a: Porygon2|Toxic|p1a: Quagsire","|-fail|p1a: Quagsire|tox","|","|-heal|p1a: Quagsire|342/394 tox|[from] item: Leftovers","|-damage|p1a: Quagsire|294/394 tox|[from] psn","|-damage|p2a: Porygon2|183/353 tox|[from] psn","|-fieldend|move: Trick Room","|turn|15","|","|switch|p1a: Metallica|Steelix-Mega, M|354/354","|move|p2a: Porygon2|Toxic|p1a: Metallica","|-immune|p1a: Metallica|[msg]","|","|-damage|p2a: Porygon2|117/353 tox|[from] psn","|turn|16","|","|move|p2a: Porygon2|Toxic|p1a: Metallica","|-immune|p1a: Metallica|[msg]","|move|p1a: Metallica|Heavy Slam|p2a: Porygon2","|-damage|p2a: Porygon2|0 fnt","|faint|p2a: Porygon2","|","|","|switch|p2a: Ditto|Ditto|299/299","|-damage|p2a: Ditto|262/299|[from] Stealth Rock","|-transform|p2a: Ditto|p1a: Metallica","|turn|17","|","|switch|p1a: Hippo|Hippowdon, F, shiny|419/419","|-weather|Sandstorm","|move|p2a: Ditto|Earthquake|p1a: Hippo","|-damage|p1a: Hippo|280/419","|","|-weather|Sandstorm|[upkeep]","|-heal|p1a: Hippo|306/419|[from] item: Leftovers","|turn|18","|","|switch|p1a: Genie|Landorus, M, shiny|320/320","|switch|p2a: Audino|Audino-Mega, F|385/410","|-damage|p2a: Audino|334/410|[from] Stealth Rock","|","|-weather|Sandstorm|[upkeep]","|-damage|p2a: Audino|309/410|[from] sandstorm","|turn|19","|","|move|p1a: Genie|Sludge Wave|p2a: Audino","|-supereffective|p2a: Audino","|-damage|p2a: Audino|39/410","|move|p2a: Audino|Calm Mind|p2a: Audino","|-boost|p2a: Audino|spa|1","|-boost|p2a: Audino|spd|1","|","|-weather|Sandstorm|[upkeep]","|-damage|p2a: Audino|14/410|[from] sandstorm","|turn|20","|","|move|p1a: Genie|Sludge Wave|p2a: Audino","|-supereffective|p2a: Audino","|-damage|p2a: Audino|0 fnt","|faint|p2a: Audino","|","|-weather|Sandstorm|[upkeep]","|","|win|Vin Pyre"],"p1rating":{"entryid":"470016","serverid":"eos","formatid":"monotype","userid":"vinpyre","username":"Vin Pyre","w":4,"l":"1","t":"0","gxe":61.6,"r":"1596.4928778237","rd":"112.04571933751","sigma":"0","rptime":"1440752400","rpr":1592.6505676832,"rprd":103.19947209055,"rpsigma":"0","acre":1104.1477320686,"lacre":1104.1477320686,"oldacre":"1064.5409083865"},"p2rating":{"entryid":"432064","serverid":"eos","formatid":"monotype","userid":"primalgtducksoup","username":"Primal GT DuckSoup","w":"8","l":2,"t":"0","gxe":62.7,"r":"1623.0135063424","rd":"90.731374959907","sigma":"0","rptime":"1440752400","rpr":1600.445299765,"rprd":88.116562058374,"rpsigma":"0","acre":1141.8471743233,"lacre":1141.8471743233,"oldacre":"1174.5057396467"},"endType":"forfeit"}