{"seed":[61123,45132,9054,43462],"turns":22,"p1":"Hm Cra","p2":"Doctor Vergi","p1team":[{"name":"Absol","species":"Absol","item":"absolite","ability":"Pressure","moves":["thunderbolt","shadowclaw","flamethrower","icebeam"],"nature":"Hasty","evs":{"hp":0,"atk":4,"def":0,"spa":252,"spd":0,"spe":252},"ivs":{"hp":31,"atk":31,"def":31,"spa":31,"spd":31,"spe":31}},{"name":"Weavile","species":"Weavile","item":"expertbelt","ability":"Pressure","moves":["icebeam","foulplay","xscissor","focusblast"],"nature":"Hasty","evs":{"hp":0,"atk":4,"def":0,"spa":252,"spd":0,"spe":252},"ivs":{"hp":31,"atk":31,"def":31,"spa":31,"spd":31,"spe":31}},{"name":"Bisharp","species":"Bisharp","item":"choicescarf","ability":"Defiant","moves":["stoneedge","suckerpunch","psychocut","knockoff"],"nature":"Jolly","evs":{"hp":0,"atk":252,"def":0,"spa":0,"spd":4,"spe":252},"ivs":{"hp":31,"atk":31,"def":31,"spa":31,"spd":31,"spe":31}},{"name":"Krookodile","species":"Krookodile","item":"rockyhelmet","ability":"Intimidate","moves":["aquatail","earthquake","outrage","superpower"],"nature":"Adamant","evs":{"hp":248,"atk":252,"def":0,"spa":0,"spd":8,"spe":0},"ivs":{"hp":31,"atk":31,"def":31,"spa":31,"spd":31,"spe":31}},{"name":"Pangoro","species":"Pangoro","item":"blackbelt","ability":"Iron Fist","moves":["hammerarm","zenheadbutt","earthquake","crunch"],"nature":"Adamant","evs":{"hp":248,"atk":252,"def":0,"spa":0,"spd":8,"spe":0},"ivs":{"hp":31,"atk":31,"def":31,"spa":31,"spd":31,"spe":31}},{"name":"Tyranitar","species":"Tyranitar","item":"tyranitarite","ability":"Sand Stream","moves":["flamethrower","thunder","icebeam","crunch"],"nature":"Rash","evs":{"hp":112,"atk":8,"def":0,"spa":252,"spd":0,"spe":0},"ivs":{"hp":31,"atk":31,"def":31,"spa":31,"spd":31,"spe":31}}],"p2team":[{"name":"Venusaur","species":"Venusaur","item":"venusaurite","ability":"Overgrow","moves":["leechseed","sludgebomb","gigadrain","synthesis"],"nature":"Bold","evs":{"hp":252,"atk":0,"def":252,"spa":4,"spd":0,"spe":0},"ivs":{"hp":31,"atk":31,"def":31,"spa":31,"spd":31,"spe":31}},{"name":"Cradily","species":"Cradily","item":"leftovers","ability":"Storm Drain","moves":["rockslide","toxic","stockpile","recover"],"nature":"Careful","evs":{"hp":252,"atk":4,"def":84,"spa":0,"spd":168,"spe":0},"ivs":{"hp":31,"atk":31,"def":31,"spa":31,"spd":31,"spe":31}},{"name":"Ferrothorn","species":"Ferrothorn","item":"leftovers","ability":"Iron Barbs","moves":["leechseed","spikes","thunderwave","gyroball"],"nature":"Relaxed","evs":{"hp":252,"atk":4,"def":164,"spa":0,"spd":88,"spe":0},"ivs":{"hp":31,"atk":31,"def":31,"spa":31,"spd":31,"spe":0}},{"name":"Gourgeist-Super","species":"Gourgeist-Super","item":"leftovers","ability":"Pickup","moves":["willowisp","phantomforce","synthesis","leechseed"],"nature":"Impish","evs":{"hp":248,"atk":8,"def":196,"spa":0,"spd":56,"spe":0},"ivs":{"hp":31,"atk":31,"def":31,"spa":31,"spd":31,"spe":31}},{"name":"Breloom","species":"Breloom","item":"focussash","ability":"Technician","moves":["spore","machpunch","bulletseed","swordsdance"],"nature":"Jolly","evs":{"hp":0,"atk":252,"def":0,"spa":0,"spd":4,"spe":252},"ivs":{"hp":31,"atk":31,"def":31,"spa":31,"spd":31,"spe":31}},{"name":"Serperior","species":"Serperior","item":"choicescarf","ability":"Contrary","moves":["leafstorm","dragonpulse","substitute","hiddenpowerfire"],"nature":"Timid","evs":{"hp":0,"atk":0,"def":0,"spa":252,"spd":4,"spe":252},"ivs":{"hp":31,"atk":30,"def":31,"spa":30,"spd":31,"spe":30}}],"log":["|player|p1|Hm Cra|169","|player|p2|Doctor Vergi|doctorvergi.png","|gametype|singles","|gen|6","|tier|Monotype","|rated","|rule|Baton Pass Clause: Limit one Baton Passer, can't pass Spe and other stats simultaneously","|rule|Swagger Clause: Swagger is banned","|rule|Same Type Clause: Pokémon in a team must share a type","|clearpoke","|poke|p1|Absol, M","|poke|p1|Weavile, M","|poke|p1|Bisharp, F","|poke|p1|Krookodile, F","|poke|p1|Pangoro, F","|poke|p1|Tyranitar, M","|poke|p2|Venusaur, F","|poke|p2|Cradily, F","|poke|p2|Ferrothorn, F","|poke|p2|Gourgeist-*, M","|poke|p2|Breloom, M","|poke|p2|Serperior, M","|rule|Sleep Clause Mod: Limit one foe put to sleep","|rule|Species Clause: Limit one of each Pokémon","|rule|OHKO Clause: OHKO moves are banned","|rule|Moody Clause: Moody is banned","|rule|Evasion Moves Clause: Evasion moves are banned","|rule|Endless Battle Clause: Forcing endless battles is banned","|rule|HP Percentage Mod: HP is shown in percentages","|teampreview","|","|start","|switch|p1a: Absol|Absol, M|271/271","|switch|p2a: Gourgeist-Super|Gourgeist-Super, M|373/373","|-ability|p1a: Absol|Pressure","|turn|1","|","|move|p1a: Absol|Ice Beam|p2a: Gourgeist-Super","|-supereffective|p2a: Gourgeist-Super","|-damage|p2a: Gourgeist-Super|201/373","|move|p2a: Gourgeist-Super|Will-O-Wisp|p1a: Absol","|-status|p1a: Absol|brn","|","|-heal|p2a: Gourgeist-Super|224/373|[from] item: Leftovers","|-damage|p1a: Absol|238/271 brn|[from] brn","|turn|2","|","|move|p1a: Absol|Flamethrower|p2a: Gourgeist-Super","|-supereffective|p2a: Gourgeist-Super","|-damage|p2a: Gourgeist-Super|36/373","|move|p2a: Gourgeist-Super|Leech Seed|p1a: Absol","|-start|p1a: Absol|move: Leech Seed","|","|-heal|p2a: Gourgeist-Super|59/373|[from] item: Leftovers","|-damage|p1a: Absol|205/271 brn|[from] Leech Seed|[of] p2a: Gourgeist-Super","|-heal|p2a: Gourgeist-Super|92/373|[silent]","|-damage|p1a: Absol|172/271 brn|[from] brn","|turn|3","|","|switch|p2a: Cradily|Cradily, F|376/376","|move|p1a: Absol|Ice Beam|p2a: Cradily","|-supereffective|p2a: Cradily","|-damage|p2a: Cradily|264/376","|","|-heal|p2a: Cradily|287/376|[from] item: Leftovers","|-damage|p1a: Absol|139/271 brn|[from] Leech Seed|[of] p2a: Cradily","|-heal|p2a: Cradily|320/376|[silent]","|-damage|p1a: Absol|106/271 brn|[from] brn","|turn|4","|","|move|p1a: Absol|Flamethrower|p2a: Cradily","|-crit|p2a: Cradily","|-damage|p2a: Cradily|240/376","|move|p2a: Cradily|Stockpile|p2a: Cradily","|-start|p2a: Cradily|stockpile1","|-boost|p2a: Cradily|def|1","|-boost|p2a: Cradily|spd|1","|","|-heal|p2a: Cradily|263/376|[from] item: Leftovers","|-damage|p1a: Absol|73/271 brn|[from] Leech Seed|[of] p2a: Cradily","|-heal|p2a: Cradily|296/376|[silent]","|-damage|p1a: Absol|40/271 brn|[from] brn","|turn|5","|","|move|p1a: Absol|Ice Beam|p2a: Cradily","|-supereffective|p2a: Cradily","|-damage|p2a: Cradily|220/376","|move|p2a: Cradily|Stockpile|p2a: Cradily","|-start|p2a: Cradily|stockpile2","|-boost|p2a: Cradily|def|1","|-boost|p2a: Cradily|spd|1","|","|-heal|p2a: Cradily|243/376|[from] item: Leftovers","|-damage|p1a: Absol|7/271 brn|[from] Leech Seed|[of] p2a: Cradily","|-heal|p2a: Cradily|276/376|[silent]","|-damage|p1a: Absol|0 fnt|[from] brn","|faint|p1a: Absol","|","|switch|p1a: Weavile|Weavile, M|281/281","|-ability|p1a: Weavile|Pressure","|turn|6","|","|move|p1a: Weavile|Focus Blast|p2a: Cradily","|-supereffective|p2a: Cradily","|-damage|p2a: Cradily|202/376","|move|p2a: Cradily|Rock Slide|p1a: Weavile","|-supereffective|p1a: Weavile","|-damage|p1a: Weavile|29/281","|","|-heal|p2a: Cradily|225/376|[from] item: Leftovers","|turn|7","|","|move|p1a: Weavile|Focus Blast|p2a: Cradily|[miss]","|-miss|p1a: Weavile|p2a: Cradily","|move|p2a: Cradily|Recover|p2a: Cradily","|-heal|p2a: Cradily|376/376","|","|turn|8","|","|move|p1a: Weavile|Focus Blast|p2a: Cradily","|-supereffective|p2a: Cradily","|-damage|p2a: Cradily|306/376","|move|p2a: Cradily|Rock Slide|p1a: Weavile","|-supereffective|p1a: Weavile","|-damage|p1a: Weavile|0 fnt","|faint|p1a: Weavile","|","|-heal|p2a: Cradily|329/376|[from] item: Leftovers","|","|switch|p1a: Bisharp|Bisharp, F|271/271","|turn|9","|","|switch|p2a: Ferrothorn|Ferrothorn, F|352/352","|move|p1a: Bisharp|Knock Off|p2a: Ferrothorn","|-damage|p2a: Ferrothorn|240/352","|-damage|p1a: Bisharp|238/271|[from] ability: Iron Barbs|[of] p2a: Ferrothorn","|-enditem|p2a: Ferrothorn|Leftovers|[from] move: Knock Off|[of] p1a: Bisharp","|","|turn|10","|","|move|p1a: Bisharp|Knock Off|p2a: Ferrothorn","|-damage|p2a: Ferrothorn|161/352","|-damage|p1a: Bisharp|205/271|[from] ability: Iron Barbs|[of] p2a: Ferrothorn","|move|p2a: Ferrothorn|Leech Seed|p1a: Bisharp|[miss]","|-miss|p2a: Ferrothorn|p1a: Bisharp","|","|turn|11","|","|switch|p1a: Pangoro|Pangoro, F|393/393","|move|p2a: Ferrothorn|Leech Seed|p1a: Pangoro","|-start|p1a: Pangoro|move: Leech Seed","|","|-damage|p1a: Pangoro|344/393|[from] Leech Seed|[of] p2a: Ferrothorn","|-heal|p2a: Ferrothorn|210/352|[silent]","|turn|12","|","|switch|p2a: Gourgeist-Super|Gourgeist-Super, M|92/373","|move|p1a: Pangoro|Earthquake|p2a: Gourgeist-Super","|-resisted|p2a: Gourgeist-Super","|-damage|p2a: Gourgeist-Super|50/373","|","|-heal|p2a: Gourgeist-Super|73/373|[from] item: Leftovers","|-damage|p1a: Pangoro|295/393|[from] Leech Seed|[of] p2a: Gourgeist-Super","|-heal|p2a: Gourgeist-Super|122/373|[silent]","|turn|13","|","|move|p1a: Pangoro|Crunch|p2a: Gourgeist-Super","|-supereffective|p2a: Gourgeist-Super","|-damage|p2a: Gourgeist-Super|0 fnt","|faint|p2a: Gourgeist-Super","|","|","|switch|p2a: Breloom|Breloom, M|261/261","|turn|14","|","|move|p2a: Breloom|Spore|p1a: Pangoro","|-status|p1a: Pangoro|slp","|cant|p1a: Pangoro|slp","|","|-damage|p1a: Pangoro|246/393 slp|[from] Leech Seed|[of] p2a: Breloom","|turn|15","|","|move|p2a: Breloom|Swords Dance|p2a: Breloom","|-boost|p2a: Breloom|atk|2","|-curestatus|p1a: Pangoro|slp","|move|p1a: Pangoro|Zen Headbutt|p2a: Breloom","|-supereffective|p2a: Breloom","|-damage|p2a: Breloom|17/261","|","|-damage|p1a: Pangoro|197/393|[from] Leech Seed|[of] p2a: Breloom","|-heal|p2a: Breloom|66/261|[silent]","|turn|16","|","|move|p2a: Breloom|Spore|p1a: Pangoro","|-status|p1a: Pangoro|slp","|cant|p1a: Pangoro|slp","|","|-damage|p1a: Pangoro|148/393 slp|[from] Leech Seed|[of] p2a: Breloom","|-heal|p2a: Breloom|115/261|[silent]","|turn|17","|","|move|p2a: Breloom|Mach Punch|p1a: Pangoro","|-supereffective|p1a: Pangoro","|-damage|p1a: Pangoro|0 fnt","|faint|p1a: Pangoro","|","|","|switch|p1a: Bisharp|Bisharp, F|205/271","|turn|18","|","|move|p2a: Breloom|Mach Punch|p1a: Bisharp","|-supereffective|p1a: Bisharp","|-damage|p1a: Bisharp|0 fnt","|faint|p1a: Bisharp","|","|","|switch|p1a: Krookodile|Krookodile, F|393/393","|-ability|p1a: Krookodile|Intimidate","|-unboost|p2a: Breloom|atk|1","|turn|19","|","|move|p2a: Breloom|Mach Punch|p1a: Krookodile","|-supereffective|p1a: Krookodile","|-damage|p1a: Krookodile|25/393","|-damage|p2a: Breloom|72/261|[from] item: Rocky Helmet|[of] p1a: Krookodile","|move|p1a: Krookodile|Earthquake|p2a: Breloom","|-resisted|p2a: Breloom","|-damage|p2a: Breloom|0 fnt","|faint|p2a: Breloom","|","|","|switch|p2a: Serperior|Serperior, M|291/291","|turn|20","|","|move|p2a: Serperior|Leaf Storm|p1a: Krookodile","|-supereffective|p1a: Krookodile","|-damage|p1a: Krookodile|0 fnt","|-boost|p2a: Serperior|spa|2","|faint|p1a: Krookodile","|","|","|switch|p1a: Tyranitar|Tyranitar, M|369/369","|-weather|Sandstorm","|turn|21","|","|move|p2a: Serperior|Leaf Storm|p1a: Tyranitar|[miss]","|-miss|p2a: Serperior|p1a: Tyranitar","|move|p1a: Tyranitar|Flamethrower|p2a: Serperior","|-supereffective|p2a: Serperior","|-damage|p2a: Serperior|105/291","|","|-weather|Sandstorm|[upkeep]","|-damage|p2a: Serperior|87/291|[from] sandstorm","|turn|22","|","|move|p2a: Serperior|Leaf Storm|p1a: Tyranitar","|-supereffective|p1a: Tyranitar","|-damage|p1a: Tyranitar|0 fnt","|-boost|p2a: Serperior|spa|2","|faint|p1a: Tyranitar","|","|win|Doctor Vergi"],"p1rating":{"entryid":624784,"formatid":"monotype","userid":"hmcra","username":"Hm Cra","r":1500,"rd":130,"sigma":0,"rpr":1456.8269195004,"rprd":122.63935153333,"rpsigma":0,"rptime":1440838800,"w":0,"l":1,"t":0,"gxe":44.6,"acre":1000,"lacre":1000,"oldacre":1000},"p2rating":{"entryid":"204669","serverid":"eos","formatid":"monotype","userid":"doctorvergi","username":"Doctor Vergi","w":3,"l":"5","t":"0","gxe":44.5,"r":"1478.0600264848","rd":"112.8871472591","sigma":"0","rptime":"1440838800","rpr":1457.0866086894,"rprd":93.160314738466,"rpsigma":"0","acre":1064.2521904158,"lacre":1064.2521904158,"oldacre":"1032.373410014"},"endType":"normal"}