{"seed":[30790,14593,490,44943],"turns":60,"p1":"Doctor Vergi","p2":"gtx♅Bugy","p1team":[{"name":"Venusaur","species":"Venusaur","item":"venusaurite","ability":"Overgrow","moves":["leechseed","sludgebomb","gigadrain","synthesis"],"nature":"Calm","evs":{"hp":252,"atk":0,"def":0,"spa":4,"spd":252,"spe":0},"ivs":{"hp":31,"atk":31,"def":31,"spa":31,"spd":31,"spe":31}},{"name":"Cradily","species":"Cradily","item":"leftovers","ability":"Storm Drain","moves":["rockslide","toxic","stockpile","recover"],"nature":"Careful","evs":{"hp":252,"atk":4,"def":84,"spa":0,"spd":168,"spe":0},"ivs":{"hp":31,"atk":31,"def":31,"spa":31,"spd":31,"spe":31}},{"name":"Ferrothorn","species":"Ferrothorn","item":"leftovers","ability":"Iron Barbs","moves":["leechseed","spikes","protect","gyroball"],"nature":"Relaxed","evs":{"hp":252,"atk":4,"def":164,"spa":0,"spd":88,"spe":0},"ivs":{"hp":31,"atk":31,"def":31,"spa":31,"spd":31,"spe":0}},{"name":"Gourgeist-Super","species":"Gourgeist-Super","item":"leftovers","ability":"Pickup","moves":["willowisp","phantomforce","synthesis","leechseed"],"nature":"Impish","evs":{"hp":248,"atk":8,"def":196,"spa":0,"spd":56,"spe":0},"ivs":{"hp":31,"atk":31,"def":31,"spa":31,"spd":31,"spe":31}},{"name":"Breloom","species":"Breloom","item":"toxicorb","ability":"Poison Heal","moves":["spore","drainpunch","leechseed","substitute"],"nature":"Impish","evs":{"hp":248,"atk":8,"def":252,"spa":0,"spd":0,"spe":0},"ivs":{"hp":31,"atk":31,"def":31,"spa":31,"spd":31,"spe":31}},{"name":"Serperior","species":"Serperior","item":"choicescarf","ability":"Contrary","moves":["leafstorm","dragonpulse","substitute","hiddenpowerfire"],"nature":"Timid","evs":{"hp":0,"atk":0,"def":0,"spa":252,"spd":4,"spe":252},"ivs":{"hp":31,"atk":30,"def":31,"spa":30,"spd":31,"spe":30}}],"p2team":[{"name":"Dj Gible","species":"garchomp","item":"choicescarf","ability":"Rough Skin","moves":["outrage","earthquake","crunch","irontail"],"nature":"Jolly","evs":{"hp":0,"atk":252,"def":0,"spa":0,"spd":4,"spe":252},"shiny":true,"ivs":{"hp":31,"atk":31,"def":31,"spa":31,"spd":31,"spe":31}},{"name":"Dr.Freeze","species":"kyuremblack","item":"choicescarf","ability":"Teravolt","moves":["icebeam","dragonclaw","fusionbolt","ironhead"],"nature":"Naive","evs":{"hp":0,"atk":252,"def":0,"spa":4,"spd":0,"spe":252},"shiny":true,"ivs":{"hp":31,"atk":31,"def":31,"spa":31,"spd":31,"spe":31}},{"name":"Goober","species":"goodra","item":"assaultvest","ability":"Gooey","moves":["flamethrower","icebeam","thunderbolt","dragonpulse"],"nature":"Modest","evs":{"hp":248,"atk":0,"def":0,"spa":252,"spd":8,"spe":0},"shiny":true,"ivs":{"hp":31,"atk":31,"def":31,"spa":31,"spd":31,"spe":31}},{"name":"666","species":"hydreigon","item":"choicescarf","ability":"Levitate","moves":["dracometeor","darkpulse","fireblast","flashcannon"],"nature":"Timid","evs":{"hp":0,"atk":0,"def":0,"spa":252,"spd":4,"spe":252},"shiny":true,"ivs":{"hp":31,"atk":31,"def":31,"spa":31,"spd":31,"spe":31}},{"name":"Jet Streams","species":"latios","item":"choicescarf","ability":"Levitate","moves":["energyball","surf","dragonpulse","psychic"],"nature":"Timid","evs":{"hp":0,"atk":0,"def":0,"spa":252,"spd":4,"spe":252},"shiny":true,"ivs":{"hp":31,"atk":31,"def":31,"spa":31,"spd":31,"spe":31}},{"name":"Tyrone","species":"haxorus","item":"lumberry","ability":"Mold Breaker","moves":["dragonclaw","dragondance","earthquake","poisonjab"],"nature":"Adamant","evs":{"hp":0,"atk":252,"def":0,"spa":0,"spd":36,"spe":220},"shiny":true,"ivs":{"hp":31,"atk":31,"def":31,"spa":31,"spd":31,"spe":31}}],"log":["|player|p1|Doctor Vergi|doctorvergi.png","|player|p2|gtx♅Bugy|92","|gametype|singles","|gen|6","|tier|Monotype","|rated","|rule|Baton Pass Clause: Limit one Baton Passer, can't pass Spe and other stats simultaneously","|rule|Swagger Clause: Swagger is banned","|rule|Same Type Clause: Pokémon in a team must share a type","|clearpoke","|poke|p1|Venusaur, M","|poke|p1|Cradily, F","|poke|p1|Ferrothorn, M","|poke|p1|Gourgeist-*, M","|poke|p1|Breloom, F","|poke|p1|Serperior, F","|poke|p2|Garchomp, F, shiny","|poke|p2|Kyurem-Black, shiny","|poke|p2|Goodra, F, shiny","|poke|p2|Hydreigon, F, shiny","|poke|p2|Latios, M, shiny","|poke|p2|Haxorus, F, shiny","|rule|Sleep Clause Mod: Limit one foe put to sleep","|rule|Species Clause: Limit one of each Pokémon","|rule|OHKO Clause: OHKO moves are banned","|rule|Moody Clause: Moody is banned","|rule|Evasion Moves Clause: Evasion moves are banned","|rule|Endless Battle Clause: Forcing endless battles is banned","|rule|HP Percentage Mod: HP is shown in percentages","|teampreview","|","|start","|switch|p1a: Ferrothorn|Ferrothorn, M|352/352","|switch|p2a: Tyrone|Haxorus, F, shiny|293/293","|-ability|p2a: Tyrone|Mold Breaker","|turn|1","|","|move|p2a: Tyrone|Dragon Dance|p2a: Tyrone","|-boost|p2a: Tyrone|atk|1","|-boost|p2a: Tyrone|spe|1","|move|p1a: Ferrothorn|Leech Seed|p2a: Tyrone","|-start|p2a: Tyrone|move: Leech Seed","|","|-damage|p2a: Tyrone|257/293|[from] Leech Seed|[of] p1a: Ferrothorn","|turn|2","|","|move|p2a: Tyrone|Dragon Dance|p2a: Tyrone","|-boost|p2a: Tyrone|atk|1","|-boost|p2a: Tyrone|spe|1","|move|p1a: Ferrothorn|Gyro Ball|p2a: Tyrone","|-damage|p2a: Tyrone|62/293","|","|-damage|p2a: Tyrone|26/293|[from] Leech Seed|[of] p1a: Ferrothorn","|turn|3","|","|move|p1a: Ferrothorn|Protect|p1a: Ferrothorn","|-singleturn|p1a: Ferrothorn|Protect","|move|p2a: Tyrone|Earthquake|p1a: Ferrothorn","|-activate|p1a: Ferrothorn|Protect","|","|-damage|p2a: Tyrone|0 fnt|[from] Leech Seed|[of] p1a: Ferrothorn","|faint|p2a: Tyrone","|","|switch|p2a: Goober|Goodra, F, shiny|383/383","|turn|4","|","|switch|p1a: Cradily|Cradily, F|376/376","|move|p2a: Goober|Flamethrower|p1a: Cradily","|-damage|p1a: Cradily|296/376","|-status|p1a: Cradily|brn","|","|-heal|p1a: Cradily|319/376 brn|[from] item: Leftovers","|-damage|p1a: Cradily|272/376 brn|[from] brn","|turn|5","|","|move|p2a: Goober|Dragon Pulse|p1a: Cradily","|-damage|p1a: Cradily|158/376 brn","|move|p1a: Cradily|Toxic|p2a: Goober","|-status|p2a: Goober|tox","|","|-heal|p1a: Cradily|181/376 brn|[from] item: Leftovers","|-damage|p2a: Goober|360/383 tox|[from] psn","|-damage|p1a: Cradily|134/376 brn|[from] brn","|turn|6","|","|switch|p2a: 666|Hydreigon, F, shiny|325/325","|move|p1a: Cradily|Recover|p1a: Cradily","|-heal|p1a: Cradily|322/376 brn","|","|-heal|p1a: Cradily|345/376 brn|[from] item: Leftovers","|-damage|p1a: Cradily|298/376 brn|[from] brn","|turn|7","|","|move|p2a: 666|Flash Cannon|p1a: Cradily","|-supereffective|p1a: Cradily","|-damage|p1a: Cradily|160/376 brn","|move|p1a: Cradily|Recover|p1a: Cradily","|-heal|p1a: Cradily|348/376 brn","|","|-heal|p1a: Cradily|371/376 brn|[from] item: Leftovers","|-damage|p1a: Cradily|324/376 brn|[from] brn","|turn|8","|","|switch|p2a: Goober|Goodra, F, shiny|360/383 tox","|switch|p1a: Venusaur|Venusaur, M|364/364","|","|-damage|p2a: Goober|337/383 tox|[from] psn","|turn|9","|","|detailschange|p1a: Venusaur|Venusaur-Mega, M","|-mega|p1a: Venusaur|Venusaur|Venusaurite","|move|p1a: Venusaur|Leech Seed|p2a: Goober","|-start|p2a: Goober|move: Leech Seed","|move|p2a: Goober|Ice Beam|p1a: Venusaur","|-crit|p1a: Venusaur","|-supereffective|p1a: Venusaur","|-damage|p1a: Venusaur|258/364","|","|-damage|p2a: Goober|290/383 tox|[from] Leech Seed|[of] p1a: Venusaur","|-heal|p1a: Venusaur|305/364|[silent]","|-damage|p2a: Goober|244/383 tox|[from] psn","|turn|10","|","|switch|p2a: Jet Streams|Latios, M, shiny|301/301","|move|p1a: Venusaur|Sludge Bomb|p2a: Jet Streams","|-damage|p2a: Jet Streams|190/301","|","|turn|11","|","|switch|p1a: Ferrothorn|Ferrothorn, M|352/352","|move|p2a: Jet Streams|Psychic|p1a: Ferrothorn","|-resisted|p1a: Ferrothorn","|-damage|p1a: Ferrothorn|281/352","|","|-heal|p1a: Ferrothorn|303/352|[from] item: Leftovers","|turn|12","|","|switch|p2a: Goober|Goodra, F, shiny|244/383 tox","|move|p1a: Ferrothorn|Spikes|p2a: Goober","|-sidestart|p2: gtx♅Bugy|Spikes","|","|-heal|p1a: Ferrothorn|325/352|[from] item: Leftovers","|-damage|p2a: Goober|221/383 tox|[from] psn","|turn|13","|","|move|p1a: Ferrothorn|Protect|p1a: Ferrothorn","|-singleturn|p1a: Ferrothorn|Protect","|move|p2a: Goober|Flamethrower|p1a: Ferrothorn","|-activate|p1a: Ferrothorn|Protect","|","|-heal|p1a: Ferrothorn|347/352|[from] item: Leftovers","|-damage|p2a: Goober|175/383 tox|[from] psn","|turn|14","|","|switch|p1a: Venusaur|Venusaur-Mega, M|305/364","|move|p2a: Goober|Flamethrower|p1a: Venusaur","|-supereffective|p1a: Venusaur","|-damage|p1a: Venusaur|239/364","|","|-damage|p2a: Goober|106/383 tox|[from] psn","|turn|15","|","|move|p2a: Goober|Flamethrower|p1a: Venusaur","|-supereffective|p1a: Venusaur","|-damage|p1a: Venusaur|175/364","|move|p1a: Venusaur|Synthesis|p1a: Venusaur","|-heal|p1a: Venusaur|357/364","|","|-damage|p2a: Goober|14/383 tox|[from] psn","|turn|16","|","|move|p2a: Goober|Flamethrower|p1a: Venusaur","|-supereffective|p1a: Venusaur","|-damage|p1a: Venusaur|293/364","|move|p1a: Venusaur|Giga Drain|p2a: Goober","|-resisted|p2a: Goober","|-damage|p2a: Goober|0 fnt","|-heal|p1a: Venusaur|300/364|[from] drain|[of] p2a: Goober","|faint|p2a: Goober","|","|","|switch|p2a: Jet Streams|Latios, M, shiny|190/301","|turn|17","|","|switch|p2a: 666|Hydreigon, F, shiny|325/325","|switch|p1a: Ferrothorn|Ferrothorn, M|347/352","|","|-heal|p1a: Ferrothorn|352/352|[from] item: Leftovers","|turn|18","|","|move|p1a: Ferrothorn|Protect|p1a: Ferrothorn","|-singleturn|p1a: Ferrothorn|Protect","|move|p2a: 666|Fire Blast|p1a: Ferrothorn","|-activate|p1a: Ferrothorn|Protect","|","|turn|19","|","|switch|p2a: Jet Streams|Latios, M, shiny|190/301","|switch|p1a: Venusaur|Venusaur-Mega, M|300/364","|","|turn|20","|","|switch|p1a: Ferrothorn|Ferrothorn, M|352/352","|move|p2a: Jet Streams|Psychic|p1a: Ferrothorn","|-resisted|p1a: Ferrothorn","|-damage|p1a: Ferrothorn|285/352","|","|-heal|p1a: Ferrothorn|307/352|[from] item: Leftovers","|turn|21","|","|switch|p2a: Dj Gible|Garchomp, F, shiny|357/357","|-damage|p2a: Dj Gible|313/357|[from] Spikes","|move|p1a: Ferrothorn|Gyro Ball|p2a: Dj Gible","|-damage|p2a: Dj Gible|142/357","|-damage|p1a: Ferrothorn|263/352|[from] ability: Rough Skin|[of] p2a: Dj Gible","|","|-heal|p1a: Ferrothorn|285/352|[from] item: Leftovers","|turn|22","|","|move|p1a: Ferrothorn|Protect|p1a: Ferrothorn","|-singleturn|p1a: Ferrothorn|Protect","|move|p2a: Dj Gible|Earthquake|p1a: Ferrothorn","|-activate|p1a: Ferrothorn|Protect","|","|-heal|p1a: Ferrothorn|307/352|[from] item: Leftovers","|turn|23","|","|move|p2a: Dj Gible|Earthquake|p1a: Ferrothorn","|-damage|p1a: Ferrothorn|192/352","|move|p1a: Ferrothorn|Gyro Ball|p2a: Dj Gible","|-damage|p2a: Dj Gible|0 fnt","|-damage|p1a: Ferrothorn|148/352|[from] ability: Rough Skin|[of] p2a: Dj Gible","|faint|p2a: Dj Gible","|","|-heal|p1a: Ferrothorn|170/352|[from] item: Leftovers","|","|switch|p2a: 666|Hydreigon, F, shiny|325/325","|turn|24","|","|switch|p1a: Venusaur|Venusaur-Mega, M|300/364","|move|p2a: 666|Fire Blast|p1a: Venusaur","|-supereffective|p1a: Venusaur","|-damage|p1a: Venusaur|216/364","|","|turn|25","|","|move|p2a: 666|Fire Blast|p1a: Venusaur","|-crit|p1a: Venusaur","|-supereffective|p1a: Venusaur","|-damage|p1a: Venusaur|100/364","|move|p1a: Venusaur|Leech Seed|p2a: 666","|-start|p2a: 666|move: Leech Seed","|","|-damage|p2a: 666|285/325|[from] Leech Seed|[of] p1a: Venusaur","|-heal|p1a: Venusaur|140/364|[silent]","|turn|26","|","|switch|p2a: Jet Streams|Latios, M, shiny|190/301","|move|p1a: Venusaur|Synthesis|p1a: Venusaur","|-heal|p1a: Venusaur|322/364","|","|turn|27","|","|move|p2a: Jet Streams|Psychic|p1a: Venusaur","|-supereffective|p1a: Venusaur","|-damage|p1a: Venusaur|118/364","|move|p1a: Venusaur|Leech Seed|p2a: Jet Streams","|-start|p2a: Jet Streams|move: Leech Seed","|","|-damage|p2a: Jet Streams|153/301|[from] Leech Seed|[of] p1a: Venusaur","|-heal|p1a: Venusaur|155/364|[silent]","|turn|28","|","|switch|p2a: 666|Hydreigon, F, shiny|285/325","|switch|p1a: Gourgeist-Super|Gourgeist-Super, M|373/373","|","|turn|29","|","|switch|p1a: Cradily|Cradily, F|324/376 brn","|move|p2a: 666|Dark Pulse|p1a: Cradily","|-damage|p1a: Cradily|215/376 brn","|","|-heal|p1a: Cradily|238/376 brn|[from] item: Leftovers","|-damage|p1a: Cradily|191/376 brn|[from] brn","|turn|30","|","|move|p2a: 666|Dark Pulse|p1a: Cradily","|-damage|p1a: Cradily|91/376 brn","|move|p1a: Cradily|Recover|p1a: Cradily","|-heal|p1a: Cradily|279/376 brn","|","|-heal|p1a: Cradily|302/376 brn|[from] item: Leftovers","|-damage|p1a: Cradily|255/376 brn|[from] brn","|turn|31","|","|move|p2a: 666|Dark Pulse|p1a: Cradily","|-damage|p1a: Cradily|152/376 brn","|move|p1a: Cradily|Recover|p1a: Cradily","|-heal|p1a: Cradily|340/376 brn","|","|-heal|p1a: Cradily|363/376 brn|[from] item: Leftovers","|-damage|p1a: Cradily|316/376 brn|[from] brn","|turn|32","|","|switch|p1a: Serperior|Serperior, F|291/291","|move|p2a: 666|Dark Pulse|p1a: Serperior","|-damage|p1a: Serperior|134/291","|","|turn|33","|","|move|p1a: Serperior|Dragon Pulse|p2a: 666","|-supereffective|p2a: 666","|-damage|p2a: 666|135/325","|move|p2a: 666|Dark Pulse|p1a: Serperior","|-crit|p1a: Serperior","|-damage|p1a: Serperior|0 fnt","|faint|p1a: Serperior","|","|","|switch|p1a: Breloom|Breloom, F|323/323","|turn|34","|","|move|p2a: 666|Dark Pulse|p1a: Breloom","|-resisted|p1a: Breloom","|-damage|p1a: Breloom|211/323","|move|p1a: Breloom|Spore|p2a: 666","|-status|p2a: 666|slp","|","|-status|p1a: Breloom|tox|[from] item: Toxic Orb","|turn|35","|","|cant|p2a: 666|slp","|move|p1a: Breloom|Substitute|p1a: Breloom","|-start|p1a: Breloom|Substitute","|-damage|p1a: Breloom|131/323 tox","|","|-heal|p1a: Breloom|171/323 tox|[from] ability: Poison Heal","|turn|36","|","|cant|p2a: 666|slp","|move|p1a: Breloom|Leech Seed|p2a: 666|[miss]","|-miss|p1a: Breloom|p2a: 666","|","|-heal|p1a: Breloom|211/323 tox|[from] ability: Poison Heal","|turn|37","|","|-curestatus|p2a: 666|slp","|move|p2a: 666|Dark Pulse|p1a: Breloom","|-resisted|p1a: Breloom","|-end|p1a: Breloom|Substitute","|move|p1a: Breloom|Leech Seed|p2a: 666","|-start|p2a: 666|move: Leech Seed","|","|-damage|p2a: 666|95/325|[from] Leech Seed|[of] p1a: Breloom","|-heal|p1a: Breloom|251/323 tox|[silent]","|-heal|p1a: Breloom|291/323 tox|[from] ability: Poison Heal","|turn|38","|","|switch|p2a: Jet Streams|Latios, M, shiny|153/301","|move|p1a: Breloom|Drain Punch|p2a: Jet Streams","|-resisted|p2a: Jet Streams","|-damage|p2a: Jet Streams|90/301","|-heal|p1a: Breloom|323/323 tox|[from] drain|[of] p2a: Jet Streams","|","|turn|39","|","|switch|p1a: Ferrothorn|Ferrothorn, M|170/352","|move|p2a: Jet Streams|Psychic|p1a: Ferrothorn","|-resisted|p1a: Ferrothorn","|-damage|p1a: Ferrothorn|105/352","|","|-heal|p1a: Ferrothorn|127/352|[from] item: Leftovers","|turn|40","|","|move|p2a: Jet Streams|Psychic|p1a: Ferrothorn","|-resisted|p1a: Ferrothorn","|-damage|p1a: Ferrothorn|60/352","|move|p1a: Ferrothorn|Leech Seed|p2a: Jet Streams","|-start|p2a: Jet Streams|move: Leech Seed","|","|-heal|p1a: Ferrothorn|82/352|[from] item: Leftovers","|-damage|p2a: Jet Streams|53/301|[from] Leech Seed|[of] p1a: Ferrothorn","|-heal|p1a: Ferrothorn|119/352|[silent]","|turn|41","|","|switch|p2a: 666|Hydreigon, F, shiny|95/325","|move|p1a: Ferrothorn|Protect|p1a: Ferrothorn","|-fail|p1a: Ferrothorn","|","|-heal|p1a: Ferrothorn|141/352|[from] item: Leftovers","|turn|42","|","|move|p1a: Ferrothorn|Protect|p1a: Ferrothorn","|-singleturn|p1a: Ferrothorn|Protect","|move|p2a: 666|Fire Blast|p1a: Ferrothorn","|-activate|p1a: Ferrothorn|Protect","|","|-heal|p1a: Ferrothorn|163/352|[from] item: Leftovers","|turn|43","|","|move|p2a: 666|Fire Blast|p1a: Ferrothorn","|-supereffective|p1a: Ferrothorn","|-damage|p1a: Ferrothorn|0 fnt","|faint|p1a: Ferrothorn","|","|","|switch|p1a: Cradily|Cradily, F|316/376 brn","|turn|44","|","|move|p2a: 666|Fire Blast|p1a: Cradily|[miss]","|-miss|p2a: 666|p1a: Cradily","|move|p1a: Cradily|Rock Slide|p2a: 666","|-damage|p2a: 666|57/325","|","|-heal|p1a: Cradily|339/376 brn|[from] item: Leftovers","|-damage|p1a: Cradily|292/376 brn|[from] brn","|turn|45","|","|move|p2a: 666|Fire Blast|p1a: Cradily","|-damage|p1a: Cradily|204/376 brn","|move|p1a: Cradily|Toxic|p2a: 666","|-status|p2a: 666|tox","|","|-heal|p1a: Cradily|227/376 brn|[from] item: Leftovers","|-damage|p2a: 666|37/325 tox|[from] psn","|-damage|p1a: Cradily|180/376 brn|[from] brn","|turn|46","|","|switch|p2a: Dr.Freeze|Kyurem-Black, shiny|391/391","|-damage|p2a: Dr.Freeze|343/391|[from] Spikes","|-ability|p2a: Dr.Freeze|Teravolt","|move|p1a: Cradily|Recover|p1a: Cradily","|-heal|p1a: Cradily|368/376 brn","|","|-heal|p1a: Cradily|376/376 brn|[from] item: Leftovers","|-damage|p1a: Cradily|329/376 brn|[from] brn","|turn|47","|","|switch|p1a: Gourgeist-Super|Gourgeist-Super, M|373/373","|move|p2a: Dr.Freeze|Ice Beam|p1a: Gourgeist-Super","|-supereffective|p1a: Gourgeist-Super","|-damage|p1a: Gourgeist-Super|85/373","|","|-heal|p1a: Gourgeist-Super|108/373|[from] item: Leftovers","|turn|48","|","|move|p2a: Dr.Freeze|Ice Beam|p1a: Gourgeist-Super","|-supereffective|p1a: Gourgeist-Super","|-damage|p1a: Gourgeist-Super|0 fnt","|faint|p1a: Gourgeist-Super","|","|","|switch|p1a: Venusaur|Venusaur-Mega, M|155/364","|turn|49","|","|move|p2a: Dr.Freeze|Ice Beam|p1a: Venusaur","|-supereffective|p1a: Venusaur","|-damage|p1a: Venusaur|0 fnt","|faint|p1a: Venusaur","|","|","|switch|p1a: Breloom|Breloom, F|323/323 tox","|turn|50","|","|move|p2a: Dr.Freeze|Ice Beam|p1a: Breloom","|-supereffective|p1a: Breloom","|-damage|p1a: Breloom|0 fnt","|faint|p1a: Breloom","|","|","|switch|p1a: Cradily|Cradily, F|329/376 brn","|turn|51","|","|switch|p2a: Jet Streams|Latios, M, shiny|53/301","|move|p1a: Cradily|Toxic|p2a: Jet Streams","|-status|p2a: Jet Streams|tox","|","|-heal|p1a: Cradily|352/376 brn|[from] item: Leftovers","|-damage|p2a: Jet Streams|35/301 tox|[from] psn","|-damage|p1a: Cradily|305/376 brn|[from] brn","|turn|52","|","|move|p2a: Jet Streams|Dragon Pulse|p1a: Cradily","|-damage|p1a: Cradily|194/376 brn","|move|p1a: Cradily|Stockpile|p1a: Cradily","|-start|p1a: Cradily|stockpile1","|-boost|p1a: Cradily|def|1","|-boost|p1a: Cradily|spd|1","|","|-heal|p1a: Cradily|217/376 brn|[from] item: Leftovers","|-damage|p2a: Jet Streams|0 fnt|[from] psn","|-damage|p1a: Cradily|170/376 brn|[from] brn","|faint|p2a: Jet Streams","|","|switch|p2a: Dr.Freeze|Kyurem-Black, shiny|343/391","|-damage|p2a: Dr.Freeze|295/391|[from] Spikes","|-ability|p2a: Dr.Freeze|Teravolt","|turn|53","|","|move|p2a: Dr.Freeze|Iron Head|p1a: Cradily","|-supereffective|p1a: Cradily","|-damage|p1a: Cradily|26/376 brn","|move|p1a: Cradily|Recover|p1a: Cradily","|-heal|p1a: Cradily|214/376 brn","|","|-heal|p1a: Cradily|237/376 brn|[from] item: Leftovers","|-damage|p1a: Cradily|190/376 brn|[from] brn","|turn|54","|","|move|p2a: Dr.Freeze|Iron Head|p1a: Cradily","|-supereffective|p1a: Cradily","|-damage|p1a: Cradily|40/376 brn","|move|p1a: Cradily|Recover|p1a: Cradily","|-heal|p1a: Cradily|228/376 brn","|","|-heal|p1a: Cradily|251/376 brn|[from] item: Leftovers","|-damage|p1a: Cradily|204/376 brn|[from] brn","|turn|55","|","|move|p2a: Dr.Freeze|Iron Head|p1a: Cradily","|-supereffective|p1a: Cradily","|-damage|p1a: Cradily|58/376 brn","|move|p1a: Cradily|Recover|p1a: Cradily","|-heal|p1a: Cradily|246/376 brn","|","|-heal|p1a: Cradily|269/376 brn|[from] item: Leftovers","|-damage|p1a: Cradily|222/376 brn|[from] brn","|turn|56","|","|move|p2a: Dr.Freeze|Iron Head|p1a: Cradily","|-supereffective|p1a: Cradily","|-damage|p1a: Cradily|78/376 brn","|move|p1a: Cradily|Recover|p1a: Cradily","|-heal|p1a: Cradily|266/376 brn","|","|-heal|p1a: Cradily|289/376 brn|[from] item: Leftovers","|-damage|p1a: Cradily|242/376 brn|[from] brn","|turn|57","|","|move|p2a: Dr.Freeze|Iron Head|p1a: Cradily","|-supereffective|p1a: Cradily","|-damage|p1a: Cradily|92/376 brn","|move|p1a: Cradily|Recover|p1a: Cradily","|-heal|p1a: Cradily|280/376 brn","|","|-heal|p1a: Cradily|303/376 brn|[from] item: Leftovers","|-damage|p1a: Cradily|256/376 brn|[from] brn","|turn|58","|","|move|p2a: Dr.Freeze|Iron Head|p1a: Cradily","|-supereffective|p1a: Cradily","|-damage|p1a: Cradily|112/376 brn","|move|p1a: Cradily|Recover|p1a: Cradily","|-heal|p1a: Cradily|300/376 brn","|","|-heal|p1a: Cradily|323/376 brn|[from] item: Leftovers","|-damage|p1a: Cradily|276/376 brn|[from] brn","|turn|59","|","|move|p2a: Dr.Freeze|Iron Head|p1a: Cradily","|-supereffective|p1a: Cradily","|-damage|p1a: Cradily|130/376 brn","|cant|p1a: Cradily|flinch","|","|-heal|p1a: Cradily|153/376 brn|[from] item: Leftovers","|-damage|p1a: Cradily|106/376 brn|[from] brn","|turn|60","|","|move|p2a: Dr.Freeze|Iron Head|p1a: Cradily","|-supereffective|p1a: Cradily","|-damage|p1a: Cradily|0 fnt","|faint|p1a: Cradily","|","|win|gtx♅Bugy"],"p1rating":{"entryid":"204669","serverid":"eos","formatid":"monotype","userid":"doctorvergi","username":"Doctor Vergi","w":"5","l":6,"t":"0","gxe":49.2,"r":"1478.0600264848","rd":"112.8871472591","sigma":"0","rptime":"1440838800","rpr":1493.4388674702,"rprd":85.363406178327,"rpsigma":"0","acre":1102.2349772877,"lacre":1102.2349772877,"oldacre":"1123.3697945728"},"p2rating":{"entryid":"464882","serverid":"eos","formatid":"monotype","userid":"gtxbugy","username":"GTX♅Bugy","w":16,"l":"8","t":"0","gxe":62.3,"r":"1599.3507868679","rd":"73.08536963748","sigma":"0","rptime":"1440838800","rpr":1596.1813561448,"rprd":66.624160968015,"rpsigma":"0","acre":1198.6549371723,"lacre":1198.6549371723,"oldacre":"1177.5201198872"},"endType":"normal"}