{"seed":[21846,15369,22068,9841],"turns":24,"p1":"Jake1079","p2":"worst mono ladder","p1team":[{"name":"Aggron","species":"Aggron","item":"aggronite","ability":"Sturdy","moves":["autotomize","earthquake","ironhead","icepunch"],"nature":"Adamant","evs":{"hp":0,"atk":252,"def":0,"spa":0,"spd":8,"spe":248},"ivs":{"hp":31,"atk":31,"def":31,"spa":31,"spd":31,"spe":31}},{"name":"Ferrothorn","species":"Ferrothorn","item":"rockyhelmet","ability":"Iron Barbs","moves":["stealthrock","leechseed","protect","gyroball"],"nature":"Relaxed","evs":{"hp":248,"atk":8,"def":252,"spa":0,"spd":0,"spe":0},"ivs":{"hp":31,"atk":31,"def":31,"spa":31,"spd":31,"spe":0}},{"name":"Scizor","species":"Scizor","item":"occaberry","ability":"Technician","moves":["bugbite","bulletpunch","swordsdance","roost"],"nature":"Adamant","evs":{"hp":248,"atk":252,"def":0,"spa":0,"spd":8,"spe":0},"ivs":{"hp":31,"atk":31,"def":31,"spa":31,"spd":31,"spe":31}},{"name":"Empoleon","species":"Empoleon","item":"choicespecs","ability":"Torrent","moves":["flashcannon","scald","icebeam","hiddenpowerfire"],"nature":"Modest","evs":{"hp":248,"atk":0,"def":0,"spa":252,"spd":8,"spe":0},"ivs":{"hp":31,"atk":30,"def":31,"spa":30,"spd":31,"spe":30}},{"name":"Heatran","species":"Heatran","item":"choicescarf","ability":"Flash Fire","moves":["flamethrower","flashcannon","earthpower","darkpulse"],"nature":"Timid","evs":{"hp":4,"atk":0,"def":0,"spa":252,"spd":0,"spe":252},"ivs":{"hp":31,"atk":31,"def":31,"spa":31,"spd":31,"spe":31}},{"name":"Bronzong","species":"Bronzong","item":"lightclay","ability":"Levitate","moves":["lightscreen","reflect","toxic","explosion"],"nature":"Careful","evs":{"hp":248,"atk":8,"def":0,"spa":0,"spd":252,"spe":0},"ivs":{"hp":31,"atk":31,"def":31,"spa":31,"spd":31,"spe":31}}],"p2team":[{"name":"Scizor","species":"Scizor","item":"scizorite","ability":"Technician","moves":["swordsdance","bulletpunch","bugbite","roost"],"nature":"Impish","evs":{"hp":248,"atk":44,"def":16,"spa":0,"spd":200,"spe":0},"ivs":{"hp":31,"atk":31,"def":31,"spa":31,"spd":31,"spe":31}},{"name":"Skarmory","species":"Skarmory","item":"custapberry","ability":"Sturdy","moves":["ironhead","bravebird","roost","spikes"],"nature":"Impish","evs":{"hp":248,"atk":0,"def":236,"spa":0,"spd":0,"spe":24},"ivs":{"hp":31,"atk":31,"def":31,"spa":31,"spd":31,"spe":31}},{"name":"Bisharp","species":"Bisharp","item":"assaultvest","ability":"Defiant","moves":["pursuit","suckerpunch","knockoff","ironhead"],"nature":"Adamant","evs":{"hp":192,"atk":220,"def":0,"spa":0,"spd":0,"spe":96},"ivs":{"hp":31,"atk":31,"def":31,"spa":31,"spd":31,"spe":31}},{"name":"Heatran","species":"Heatran","item":"airballoon","ability":"Flash Fire","moves":["lavaplume","earthpower","flashcannon","stealthrock"],"nature":"Modest","evs":{"hp":0,"atk":0,"def":0,"spa":252,"spd":4,"spe":252},"ivs":{"hp":31,"atk":31,"def":31,"spa":31,"spd":31,"spe":31}},{"name":"Excadrill","species":"Excadrill","item":"choicescarf","ability":"Mold Breaker","moves":["earthquake","rockslide","rapidspin","ironhead"],"nature":"Jolly","evs":{"hp":0,"atk":252,"def":0,"spa":0,"spd":4,"spe":252},"ivs":{"hp":31,"atk":31,"def":31,"spa":31,"spd":31,"spe":31}},{"name":"Doublade","species":"Doublade","item":"eviolite","ability":"No Guard","moves":["swordsdance","shadowsneak","sacredsword","ironhead"],"nature":"Adamant","evs":{"hp":248,"atk":252,"def":0,"spa":0,"spd":8,"spe":0},"ivs":{"hp":31,"atk":31,"def":31,"spa":31,"spd":31,"spe":31}}],"log":["|player|p1|Jake1079|290","|player|p2|worst mono ladder|41","|gametype|singles","|gen|6","|tier|Monotype","|rated","|rule|Baton Pass Clause: Limit one Baton Passer, can't pass Spe and other stats simultaneously","|rule|Swagger Clause: Swagger is banned","|rule|Same Type Clause: Pokémon in a team must share a type","|clearpoke","|poke|p1|Aggron, F","|poke|p1|Ferrothorn, M","|poke|p1|Scizor, M","|poke|p1|Empoleon, F","|poke|p1|Heatran, M","|poke|p1|Bronzong","|poke|p2|Scizor, M","|poke|p2|Skarmory, F","|poke|p2|Bisharp, F","|poke|p2|Heatran, M","|poke|p2|Excadrill, F","|poke|p2|Doublade, F","|rule|Sleep Clause Mod: Limit one foe put to sleep","|rule|Species Clause: Limit one of each Pokémon","|rule|OHKO Clause: OHKO moves are banned","|rule|Moody Clause: Moody is banned","|rule|Evasion Moves Clause: Evasion moves are banned","|rule|Endless Battle Clause: Forcing endless battles is banned","|rule|HP Percentage Mod: HP is shown in percentages","|teampreview","|","|start","|switch|p1a: Aggron|Aggron, F|281/281","|switch|p2a: Heatran|Heatran, M|323/323","|-item|p2a: Heatran|Air Balloon","|turn|1","|","|move|p2a: Heatran|Stealth Rock|p1a: Aggron","|-sidestart|p1: Jake1079|move: Stealth Rock","|move|p1a: Aggron|Autotomize|p1a: Aggron","|-boost|p1a: Aggron|spe|2","|-start|p1a: Aggron|Autotomize","|","|turn|2","|","|move|p1a: Aggron|Iron Head|p2a: Heatran","|-resisted|p2a: Heatran","|-damage|p2a: Heatran|293/323","|-enditem|p2a: Heatran|Air Balloon","|move|p2a: Heatran|Lava Plume|p1a: Aggron","|-damage|p1a: Aggron|38/281","|","|turn|3","|","|switch|p2a: Skarmory|Skarmory, F|333/333","|detailschange|p1a: Aggron|Aggron-Mega, F","|-mega|p1a: Aggron|Aggron|Aggronite","|move|p1a: Aggron|Earthquake|p2a: Skarmory","|-immune|p2a: Skarmory|[msg]","|","|turn|4","|","|move|p1a: Aggron|Ice Punch|p2a: Skarmory","|-damage|p2a: Skarmory|274/333","|move|p2a: Skarmory|Spikes|p1a: Aggron","|-sidestart|p1: Jake1079|Spikes","|","|turn|5","|","|move|p1a: Aggron|Ice Punch|p2a: Skarmory","|-damage|p2a: Skarmory|213/333","|move|p2a: Skarmory|Spikes|p1a: Aggron","|-sidestart|p1: Jake1079|Spikes","|","|turn|6","|","|move|p1a: Aggron|Ice Punch|p2a: Skarmory","|-damage|p2a: Skarmory|151/333","|move|p2a: Skarmory|Spikes|p1a: Aggron","|-sidestart|p1: Jake1079|Spikes","|","|turn|7","|","|move|p1a: Aggron|Ice Punch|p2a: Skarmory","|-damage|p2a: Skarmory|91/333","|move|p2a: Skarmory|Roost|p2a: Skarmory","|-heal|p2a: Skarmory|258/333","|","|turn|8","|","|move|p1a: Aggron|Ice Punch|p2a: Skarmory","|-damage|p2a: Skarmory|195/333","|move|p2a: Skarmory|Iron Head|p1a: Aggron","|-resisted|p1a: Aggron","|-damage|p1a: Aggron|18/281","|","|turn|9","|","|move|p1a: Aggron|Ice Punch|p2a: Skarmory","|-crit|p2a: Skarmory","|-damage|p2a: Skarmory|98/333","|-status|p2a: Skarmory|frz","|cant|p2a: Skarmory|frz","|","|turn|10","|","|move|p1a: Aggron|Ice Punch|p2a: Skarmory","|-damage|p2a: Skarmory|37/333 frz","|cant|p2a: Skarmory|frz","|","|turn|11","|-enditem|p2a: Skarmory|Custap Berry|[eat]","|-activate|p2a: Skarmory|Custap Berry","|","|cant|p2a: Skarmory|frz","|move|p1a: Aggron|Ice Punch|p2a: Skarmory","|-damage|p2a: Skarmory|0 fnt","|faint|p2a: Skarmory","|","|","|switch|p2a: Bisharp|Bisharp, F|319/319","|turn|12","|","|move|p2a: Bisharp|Sucker Punch|p1a: Aggron","|-damage|p1a: Aggron|0 fnt","|faint|p1a: Aggron","|","|","|switch|p1a: Ferrothorn|Ferrothorn, M|351/351","|-damage|p1a: Ferrothorn|330/351|[from] Stealth Rock","|-damage|p1a: Ferrothorn|243/351|[from] Spikes","|turn|13","|","|move|p2a: Bisharp|Knock Off|p1a: Ferrothorn","|-damage|p1a: Ferrothorn|137/351","|-damage|p2a: Bisharp|280/319|[from] ability: Iron Barbs|[of] p1a: Ferrothorn","|-damage|p2a: Bisharp|227/319|[from] item: Rocky Helmet|[of] p1a: Ferrothorn","|-enditem|p1a: Ferrothorn|Rocky Helmet|[from] move: Knock Off|[of] p2a: Bisharp","|move|p1a: Ferrothorn|Stealth Rock|p2a: Bisharp","|-sidestart|p2: worst mono ladder|move: Stealth Rock","|","|turn|14","|","|move|p2a: Bisharp|Knock Off|p1a: Ferrothorn","|-damage|p1a: Ferrothorn|61/351","|-damage|p2a: Bisharp|188/319|[from] ability: Iron Barbs|[of] p1a: Ferrothorn","|move|p1a: Ferrothorn|Leech Seed|p2a: Bisharp","|-start|p2a: Bisharp|move: Leech Seed","|","|-damage|p2a: Bisharp|149/319|[from] Leech Seed|[of] p1a: Ferrothorn","|-heal|p1a: Ferrothorn|100/351|[silent]","|turn|15","|","|switch|p2a: Doublade|Doublade, F|321/321","|-damage|p2a: Doublade|301/321|[from] Stealth Rock","|move|p1a: Ferrothorn|Protect|p1a: Ferrothorn","|-fail|p1a: Ferrothorn","|","|turn|16","|","|move|p2a: Doublade|Sacred Sword|p1a: Ferrothorn","|-supereffective|p1a: Ferrothorn","|-damage|p1a: Ferrothorn|0 fnt","|-damage|p2a: Doublade|261/321|[from] ability: Iron Barbs|[of] p1a: Ferrothorn","|faint|p1a: Ferrothorn","|","|","|switch|p1a: Scizor|Scizor, M|343/343","|-damage|p1a: Scizor|301/343|[from] Stealth Rock","|-damage|p1a: Scizor|216/343|[from] Spikes","|turn|17","|","|move|p1a: Scizor|Roost|p1a: Scizor","|-heal|p1a: Scizor|343/343","|move|p2a: Doublade|Swords Dance|p2a: Doublade","|-boost|p2a: Doublade|atk|2","|","|turn|18","|","|move|p1a: Scizor|Swords Dance|p1a: Scizor","|-boost|p1a: Scizor|atk|2","|move|p2a: Doublade|Sacred Sword|p1a: Scizor","|-damage|p1a: Scizor|131/343","|","|turn|19","|","|move|p1a: Scizor|Bullet Punch|p2a: Doublade","|-resisted|p2a: Doublade","|-damage|p2a: Doublade|203/321","|move|p2a: Doublade|Shadow Sneak|p1a: Scizor","|-crit|p1a: Scizor","|-damage|p1a: Scizor|0 fnt","|faint|p1a: Scizor","|","|","|switch|p1a: Empoleon|Empoleon, F|371/371","|-damage|p1a: Empoleon|348/371|[from] Stealth Rock","|-damage|p1a: Empoleon|256/371|[from] Spikes","|turn|20","|","|move|p1a: Empoleon|Scald|p2a: Doublade","|-damage|p2a: Doublade|0 fnt","|faint|p2a: Doublade","|","|","|switch|p2a: Bisharp|Bisharp, F|149/319","|-damage|p2a: Bisharp|130/319|[from] Stealth Rock","|turn|21","|","|move|p2a: Bisharp|Knock Off|p1a: Empoleon","|-damage|p1a: Empoleon|60/371","|-enditem|p1a: Empoleon|Choice Specs|[from] move: Knock Off|[of] p2a: Bisharp","|move|p1a: Empoleon|Scald|p2a: Bisharp","|-damage|p2a: Bisharp|0 fnt","|faint|p2a: Bisharp","|","|","|switch|p2a: Excadrill|Excadrill, F|361/361","|-damage|p2a: Excadrill|350/361|[from] Stealth Rock","|-ability|p2a: Excadrill|Mold Breaker","|turn|22","|","|move|p2a: Excadrill|Earthquake|p1a: Empoleon","|-supereffective|p1a: Empoleon","|-damage|p1a: Empoleon|0 fnt","|faint|p1a: Empoleon","|","|","|switch|p1a: Bronzong|Bronzong|337/337","|-damage|p1a: Bronzong|316/337|[from] Stealth Rock","|turn|23","|","|move|p2a: Excadrill|Earthquake|p1a: Bronzong","|-supereffective|p1a: Bronzong","|-damage|p1a: Bronzong|0 fnt","|faint|p1a: Bronzong","|","|","|switch|p1a: Heatran|Heatran, M|324/324","|-damage|p1a: Heatran|284/324|[from] Stealth Rock","|-damage|p1a: Heatran|203/324|[from] Spikes","|turn|24","|","|move|p2a: Excadrill|Earthquake|p1a: Heatran","|-supereffective|p1a: Heatran","|-damage|p1a: Heatran|0 fnt","|faint|p1a: Heatran","|","|win|worst mono ladder"],"p1rating":{"entryid":"56288","serverid":"eos","formatid":"monotype","userid":"jake1079","username":"Jake1079","w":"17","l":28,"t":"0","gxe":41,"r":"1452.2173345418","rd":"55.038241219726","sigma":"0","rptime":"1440838800","rpr":1430.4915745726,"rprd":53.231027854362,"rpsigma":"0","acre":1058.9183565912,"lacre":1058.9183565912,"oldacre":"1087.8294281584"},"p2rating":{"entryid":633448,"formatid":"monotype","userid":"worstmonoladder","username":"worst mono ladder","r":1500,"rd":130,"sigma":0,"rpr":1536.5842298756,"rprd":122.11043410516,"rpsigma":0,"rptime":1440838800,"w":1,"l":0,"t":0,"gxe":54.6,"acre":1049.9017084757,"lacre":1049.9017084757,"oldacre":1000},"endType":"normal"}