{"seed":[8032,43211,19114,40826],"turns":32,"p1":"Nefertum","p2":"GTX♅Jhulez","p1team":[{"name":"Chansey","species":"Chansey","item":"eviolite","ability":"Natural Cure","moves":["thunderwave","stealthrock","softboiled","seismictoss"],"nature":"Bold","evs":{"hp":248,"atk":0,"def":252,"spa":0,"spd":8,"spe":0},"ivs":{"hp":31,"atk":0,"def":31,"spa":31,"spd":31,"spe":31}},{"name":"Porygon2","species":"Porygon2","item":"eviolite","ability":"Trace","moves":["icebeam","discharge","hiddenpowerfire","recover"],"nature":"Bold","evs":{"hp":248,"atk":0,"def":252,"spa":8,"spd":0,"spe":0},"ivs":{"hp":31,"atk":30,"def":31,"spa":30,"spd":31,"spe":30}},{"name":"Staraptor","species":"Staraptor","item":"choicescarf","ability":"Reckless","moves":["bravebird","closecombat","uturn","steelwing"],"nature":"Jolly","evs":{"hp":0,"atk":252,"def":0,"spa":0,"spd":4,"spe":252},"ivs":{"hp":31,"atk":31,"def":31,"spa":31,"spd":31,"spe":31}},{"name":"Pidgeot","species":"Pidgeot","item":"pidgeotite","ability":"Keen Eye","moves":["hurricane","defog","heatwave","roost"],"nature":"Timid","evs":{"hp":0,"atk":0,"def":4,"spa":252,"spd":0,"spe":252},"ivs":{"hp":31,"atk":31,"def":31,"spa":31,"spd":31,"spe":31}},{"name":"Diggersby","species":"Diggersby","item":"choiceband","ability":"Huge Power","moves":["earthquake","knockoff","return","quickattack"],"nature":"Adamant","evs":{"hp":0,"atk":252,"def":0,"spa":0,"spd":4,"spe":252},"ivs":{"hp":31,"atk":31,"def":31,"spa":31,"spd":31,"spe":31}},{"name":"Ditto","species":"Ditto","item":"choicescarf","ability":"Imposter","moves":["transform"],"nature":"Bold","evs":{"hp":248,"atk":0,"def":252,"spa":0,"spd":8,"spe":0},"ivs":{"hp":31,"atk":31,"def":31,"spa":31,"spd":31,"spe":31}}],"p2team":[{"name":"Sableye","species":"Sableye","item":"sablenite","ability":"Prankster","moves":["calmmind","darkpulse","dazzlinggleam","recover"],"nature":"Bold","evs":{"hp":248,"atk":0,"def":252,"spa":8,"spd":0,"spe":0},"ivs":{"hp":31,"atk":31,"def":31,"spa":31,"spd":31,"spe":31}},{"name":"Gengar","species":"Gengar","item":"lifeorb","ability":"Levitate","moves":["knockoff","focusblast","shadowball","sludgewave"],"nature":"Hasty","evs":{"hp":0,"atk":4,"def":0,"spa":252,"spd":0,"spe":252},"ivs":{"hp":31,"atk":31,"def":31,"spa":31,"spd":31,"spe":31}},{"name":"Aegislash","species":"Aegislash","item":"weaknesspolicy","ability":"Stance Change","moves":["sacredsword","shadowsneak","swordsdance","kingsshield"],"nature":"Adamant","evs":{"hp":248,"atk":252,"def":0,"spa":0,"spd":8,"spe":0},"ivs":{"hp":31,"atk":31,"def":31,"spa":31,"spd":31,"spe":31}},{"name":"Golurk","species":"Golurk","item":"leftovers","ability":"Iron Fist","moves":["earthquake","drainpunch","shadowpunch","stealthrock"],"nature":"Adamant","evs":{"hp":252,"atk":252,"def":0,"spa":0,"spd":4,"spe":0},"ivs":{"hp":31,"atk":31,"def":31,"spa":31,"spd":31,"spe":31}},{"name":"Dusknoir","species":"Dusknoir","item":"leftovers","ability":"Pressure","moves":["willowisp","seismictoss","painsplit","confuseray"],"nature":"Calm","evs":{"hp":252,"atk":0,"def":4,"spa":0,"spd":252,"spe":0},"ivs":{"hp":31,"atk":31,"def":31,"spa":31,"spd":31,"spe":31}},{"name":"Spiritomb","species":"Spiritomb","item":"leftovers","ability":"Infiltrator","moves":["calmmind","darkpulse","rest","sleeptalk"],"nature":"Bold","evs":{"hp":252,"atk":0,"def":252,"spa":0,"spd":4,"spe":0},"ivs":{"hp":31,"atk":31,"def":31,"spa":31,"spd":31,"spe":31}}],"log":["|player|p1|Nefertum|52","|player|p2|GTX♅Jhulez|191","|gametype|singles","|gen|6","|tier|Monotype","|rated","|rule|Baton Pass Clause: Limit one Baton Passer, can't pass Spe and other stats simultaneously","|rule|Swagger Clause: Swagger is banned","|rule|Same Type Clause: Pokémon in a team must share a type","|clearpoke","|poke|p1|Chansey, F","|poke|p1|Porygon2","|poke|p1|Staraptor, M","|poke|p1|Pidgeot, F","|poke|p1|Diggersby, F","|poke|p1|Ditto","|poke|p2|Sableye, M","|poke|p2|Gengar, M","|poke|p2|Aegislash, F","|poke|p2|Golurk","|poke|p2|Dusknoir, F","|poke|p2|Spiritomb, F","|rule|Sleep Clause Mod: Limit one foe put to sleep","|rule|Species Clause: Limit one of each Pokémon","|rule|OHKO Clause: OHKO moves are banned","|rule|Moody Clause: Moody is banned","|rule|Evasion Moves Clause: Evasion moves are banned","|rule|Endless Battle Clause: Forcing endless battles is banned","|rule|HP Percentage Mod: HP is shown in percentages","|teampreview","|","|start","|switch|p1a: Pidgeot|Pidgeot, F|307/307","|switch|p2a: Sableye|Sableye, M|303/303","|turn|1","|","|switch|p2a: Dusknoir|Dusknoir, F|294/294","|-ability|p2a: Dusknoir|Pressure","|detailschange|p1a: Pidgeot|Pidgeot-Mega, F","|-mega|p1a: Pidgeot|Pidgeot|Pidgeotite","|move|p1a: Pidgeot|Hurricane|p2a: Dusknoir","|-damage|p2a: Dusknoir|167/294","|","|-heal|p2a: Dusknoir|185/294|[from] item: Leftovers","|turn|2","|","|switch|p1a: Diggersby|Diggersby, F|311/311","|move|p2a: Dusknoir|Confuse Ray|p1a: Diggersby","|-start|p1a: Diggersby|confusion","|","|-heal|p2a: Dusknoir|203/294|[from] item: Leftovers","|turn|3","|","|-activate|p1a: Diggersby|confusion","|-damage|p1a: Diggersby|188/311|[from] confusion","|move|p2a: Dusknoir|Will-O-Wisp|p1a: Diggersby","|-status|p1a: Diggersby|brn","|","|-heal|p2a: Dusknoir|221/294|[from] item: Leftovers","|-damage|p1a: Diggersby|150/311 brn|[from] brn","|turn|4","|","|-activate|p1a: Diggersby|confusion","|-damage|p1a: Diggersby|90/311 brn|[from] confusion","|move|p2a: Dusknoir|Seismic Toss|p1a: Diggersby","|-damage|p1a: Diggersby|0 fnt","|faint|p1a: Diggersby","|","|-heal|p2a: Dusknoir|239/294|[from] item: Leftovers","|","|switch|p1a: Porygon2|Porygon2|373/373","|-ability|p1a: Porygon2|Pressure|[from] ability: Trace|[of] p2a: Dusknoir","|-ability|p1a: Porygon2|Pressure","|turn|5","|","|switch|p2a: Gengar|Gengar, M|261/261","|move|p1a: Porygon2|Discharge|p2a: Gengar","|-damage|p2a: Gengar|173/261","|","|turn|6","|","|move|p2a: Gengar|Knock Off|p1a: Porygon2","|-damage|p1a: Porygon2|335/373","|-enditem|p1a: Porygon2|Eviolite|[from] move: Knock Off|[of] p2a: Gengar","|-damage|p2a: Gengar|147/261|[from] item: Life Orb","|move|p1a: Porygon2|Discharge|p2a: Gengar","|-damage|p2a: Gengar|65/261","|","|turn|7","|","|switch|p2a: Golurk|Golurk|382/382","|move|p1a: Porygon2|Discharge|p2a: Golurk","|-immune|p2a: Golurk|[msg]","|","|turn|8","|","|move|p1a: Porygon2|Ice Beam|p2a: Golurk","|-supereffective|p2a: Golurk","|-damage|p2a: Golurk|218/382","|move|p2a: Golurk|Stealth Rock|p1a: Porygon2","|-sidestart|p1: Nefertum|move: Stealth Rock","|","|-heal|p2a: Golurk|241/382|[from] item: Leftovers","|turn|9","|","|move|p1a: Porygon2|Ice Beam|p2a: Golurk","|-supereffective|p2a: Golurk","|-damage|p2a: Golurk|55/382","|move|p2a: Golurk|Drain Punch|p1a: Porygon2","|-supereffective|p1a: Porygon2","|-damage|p1a: Porygon2|155/373","|-heal|p2a: Golurk|145/382|[from] drain|[of] p1a: Porygon2","|","|-heal|p2a: Golurk|168/382|[from] item: Leftovers","|turn|10","|","|move|p1a: Porygon2|Ice Beam|p2a: Golurk","|-supereffective|p2a: Golurk","|-damage|p2a: Golurk|0 fnt","|faint|p2a: Golurk","|","|","|switch|p2a: Dusknoir|Dusknoir, F|239/294","|-ability|p2a: Dusknoir|Pressure","|turn|11","|","|move|p1a: Porygon2|Recover|p1a: Porygon2","|-heal|p1a: Porygon2|342/373","|move|p2a: Dusknoir|Will-O-Wisp|p1a: Porygon2","|-status|p1a: Porygon2|brn","|","|-heal|p2a: Dusknoir|257/294|[from] item: Leftovers","|-damage|p1a: Porygon2|296/373 brn|[from] brn","|turn|12","|","|move|p1a: Porygon2|Discharge|p2a: Dusknoir","|-damage|p2a: Dusknoir|218/294","|move|p2a: Dusknoir|Confuse Ray|p1a: Porygon2","|-start|p1a: Porygon2|confusion","|","|-heal|p2a: Dusknoir|236/294|[from] item: Leftovers","|-damage|p1a: Porygon2|250/373 brn|[from] brn","|turn|13","|","|switch|p1a: Staraptor|Staraptor, M|311/311","|-damage|p1a: Staraptor|234/311|[from] Stealth Rock","|move|p2a: Dusknoir|Seismic Toss|p1a: Staraptor","|-damage|p1a: Staraptor|134/311","|","|-heal|p2a: Dusknoir|254/294|[from] item: Leftovers","|turn|14","|","|move|p1a: Staraptor|Brave Bird|p2a: Dusknoir","|-damage|p2a: Dusknoir|59/294","|-damage|p1a: Staraptor|70/311|[from] recoil|[of] p2a: Dusknoir","|move|p2a: Dusknoir|Will-O-Wisp|p1a: Staraptor","|-status|p1a: Staraptor|brn","|","|-heal|p2a: Dusknoir|77/294|[from] item: Leftovers","|-damage|p1a: Staraptor|32/311 brn|[from] brn","|turn|15","|","|switch|p2a: Sableye|Sableye, M|303/303","|move|p1a: Staraptor|Brave Bird|p2a: Sableye","|-damage|p2a: Sableye|193/303","|-damage|p1a: Staraptor|0 fnt|[from] recoil|[of] p2a: Sableye","|faint|p1a: Staraptor","|","|","|switch|p1a: Pidgeot|Pidgeot-Mega, F|307/307","|-damage|p1a: Pidgeot|231/307|[from] Stealth Rock","|turn|16","|","|detailschange|p2a: Sableye|Sableye-Mega, M","|-mega|p2a: Sableye|Sableye|Sablenite","|move|p2a: Sableye|Calm Mind|p2a: Sableye","|-boost|p2a: Sableye|spa|1","|-boost|p2a: Sableye|spd|1","|move|p1a: Pidgeot|Hurricane|p2a: Sableye","|-damage|p2a: Sableye|82/303","|-start|p2a: Sableye|confusion","|","|turn|17","|","|move|p1a: Pidgeot|Hurricane|p2a: Sableye","|-damage|p2a: Sableye|0 fnt","|faint|p2a: Sableye","|","|","|switch|p2a: Gengar|Gengar, M|65/261","|turn|18","|","|move|p1a: Pidgeot|Hurricane|p2a: Gengar","|-damage|p2a: Gengar|0 fnt","|faint|p2a: Gengar","|","|","|switch|p2a: Aegislash|Aegislash, F|323/323","|turn|19","|","|move|p1a: Pidgeot|Heat Wave|p2a: Aegislash","|-supereffective|p2a: Aegislash","|-damage|p2a: Aegislash|163/323","|-enditem|p2a: Aegislash|Weakness Policy","|-boost|p2a: Aegislash|atk|2|[from] item: Weakness Policy","|-boost|p2a: Aegislash|spa|2|[from] item: Weakness Policy","|move|p2a: Aegislash|Swords Dance|p2a: Aegislash","|-boost|p2a: Aegislash|atk|2","|","|turn|20","|","|move|p2a: Aegislash|King's Shield|p2a: Aegislash","|-singleturn|p2a: Aegislash|Protect","|move|p1a: Pidgeot|Heat Wave|p2a: Aegislash","|-activate|p2a: Aegislash|Protect","|","|turn|21","|","|move|p1a: Pidgeot|Heat Wave|p2a: Aegislash","|-supereffective|p2a: Aegislash","|-damage|p2a: Aegislash|13/323","|-formechange|p2a: Aegislash|Aegislash-Blade","|move|p2a: Aegislash|Sacred Sword|p1a: Pidgeot","|-damage|p1a: Pidgeot|0 fnt","|faint|p1a: Pidgeot","|","|","|switch|p1a: Ditto|Ditto|299/299","|-damage|p1a: Ditto|262/299|[from] Stealth Rock","|-transform|p1a: Ditto|p2a: Aegislash","|turn|22","|","|-formechange|p2a: Aegislash|Aegislash","|move|p2a: Aegislash|King's Shield|p2a: Aegislash","|-singleturn|p2a: Aegislash|Protect","|move|p1a: Ditto|Shadow Sneak|p2a: Aegislash","|-activate|p2a: Aegislash|Protect","|-unboost|p1a: Ditto|atk|2","|","|turn|23","|","|switch|p2a: Dusknoir|Dusknoir, F|77/294","|-ability|p2a: Dusknoir|Pressure","|move|p1a: Ditto|Shadow Sneak|p2a: Dusknoir","|-supereffective|p2a: Dusknoir","|-damage|p2a: Dusknoir|0 fnt","|faint|p2a: Dusknoir","|","|","|switch|p2a: Aegislash|Aegislash, F|13/323","|turn|24","|","|move|p2a: Aegislash|King's Shield|p2a: Aegislash","|-singleturn|p2a: Aegislash|Protect","|move|p1a: Ditto|Shadow Sneak|p2a: Aegislash","|-activate|p2a: Aegislash|Protect","|-unboost|p1a: Ditto|atk|2","|","|turn|25","|","|switch|p2a: Spiritomb|Spiritomb, F|304/304","|move|p1a: Ditto|Shadow Sneak|p2a: Spiritomb","|-damage|p2a: Spiritomb|243/304","|","|-heal|p2a: Spiritomb|262/304|[from] item: Leftovers","|turn|26","|","|switch|p1a: Chansey|Chansey, F|703/703","|-damage|p1a: Chansey|616/703|[from] Stealth Rock","|move|p2a: Spiritomb|Dark Pulse|p1a: Chansey","|-damage|p1a: Chansey|558/703","|","|-heal|p2a: Spiritomb|281/304|[from] item: Leftovers","|turn|27","|","|move|p1a: Chansey|Stealth Rock|p2a: Spiritomb","|-sidestart|p2: GTX♅Jhulez|move: Stealth Rock","|move|p2a: Spiritomb|Calm Mind|p2a: Spiritomb","|-boost|p2a: Spiritomb|spa|1","|-boost|p2a: Spiritomb|spd|1","|","|-heal|p2a: Spiritomb|300/304|[from] item: Leftovers","|turn|28","|","|move|p1a: Chansey|Thunder Wave|p2a: Spiritomb","|-status|p2a: Spiritomb|par","|move|p2a: Spiritomb|Calm Mind|p2a: Spiritomb","|-boost|p2a: Spiritomb|spa|1","|-boost|p2a: Spiritomb|spd|1","|","|-heal|p2a: Spiritomb|304/304 par|[from] item: Leftovers","|turn|29","|","|switch|p1a: Ditto|Ditto|262/299","|-damage|p1a: Ditto|225/299|[from] Stealth Rock","|-transform|p1a: Ditto|p2a: Spiritomb","|move|p2a: Spiritomb|Calm Mind|p2a: Spiritomb","|-boost|p2a: Spiritomb|spa|1","|-boost|p2a: Spiritomb|spd|1","|","|turn|30","|","|move|p1a: Ditto|Dark Pulse|p2a: Spiritomb","|-damage|p2a: Spiritomb|244/304 par","|cant|p2a: Spiritomb|flinch","|","|-heal|p2a: Spiritomb|263/304 par|[from] item: Leftovers","|turn|31","|","|move|p1a: Ditto|Dark Pulse|p2a: Spiritomb","|-crit|p2a: Spiritomb","|-damage|p2a: Spiritomb|28/304 par","|cant|p2a: Spiritomb|par","|","|-heal|p2a: Spiritomb|47/304 par|[from] item: Leftovers","|turn|32","|","|move|p1a: Ditto|Dark Pulse|p2a: Spiritomb","|-damage|p2a: Spiritomb|0 fnt","|faint|p2a: Spiritomb","|","|","|switch|p2a: Aegislash|Aegislash, F|13/323","|-damage|p2a: Aegislash|0 fnt|[from] Stealth Rock","|faint|p2a: Aegislash","|","|win|Nefertum"],"p1rating":{"entryid":"577436","serverid":"eos","formatid":"monotype","userid":"nefertum","username":"Nefertum","w":5,"l":"1","t":"0","gxe":64.2,"r":"1500.513834028","rd":"116.34546821057","sigma":"0","rptime":"1440838800","rpr":1614.5826134031,"rprd":98.121600002253,"rpsigma":"0","acre":1152.2252019857,"lacre":1152.2252019857,"oldacre":"1128.9610976989"},"p2rating":{"entryid":"480255","serverid":"eos","formatid":"monotype","userid":"gtxjhulez","username":"GTX♅Jhulez","w":"3","l":3,"t":"0","gxe":52.5,"r":"1548.6541779305","rd":"101.71848947772","sigma":"0","rptime":"1440838800","rpr":1519.2851419122,"rprd":98.143943792384,"rpsigma":"0","acre":1081.533632404,"lacre":1081.533632404,"oldacre":"1104.7977366908"},"endType":"normal"}