{"seed":[53567,64239,38886,40477],"turns":32,"p1":"GL♅Reshiram","p2":"jakey2saucey06","p1team":[{"name":"Heatran","species":"Heatran","item":"leftovers","ability":"Flash Fire","moves":["lavaplume","toxic","taunt","stealthrock"],"nature":"Calm","evs":{"hp":248,"atk":0,"def":0,"spa":0,"spd":192,"spe":68},"ivs":{"hp":31,"atk":31,"def":31,"spa":31,"spd":31,"spe":31}},{"name":"Ninetales","species":"Ninetales","item":"choicescarf","ability":"Drought","moves":["psyshock","fireblast","energyball","hiddenpowerelectric"],"nature":"Modest","evs":{"hp":0,"atk":0,"def":4,"spa":252,"spd":0,"spe":252},"ivs":{"hp":31,"atk":0,"def":31,"spa":31,"spd":31,"spe":31}},{"name":"Torkoal","species":"Torkoal","item":"leftovers","ability":"Shell Armor","moves":["protect","willowisp","clearsmog","rapidspin"],"nature":"Bold","evs":{"hp":252,"atk":0,"def":252,"spa":4,"spd":0,"spe":0},"ivs":{"hp":31,"atk":31,"def":31,"spa":31,"spd":31,"spe":31}},{"name":"Rotom-Heat","species":"Rotom-Heat","item":"lightclay","ability":"Levitate","moves":["voltswitch","painsplit","reflect","lightscreen"],"nature":"Timid","evs":{"hp":36,"atk":0,"def":0,"spa":0,"spd":220,"spe":252},"ivs":{"hp":31,"atk":31,"def":31,"spa":31,"spd":31,"spe":31}},{"name":"Infernape","species":"Infernape","item":"lifeorb","ability":"Iron Fist","moves":["thunderpunch","flareblitz","closecombat","machpunch"],"nature":"Jolly","evs":{"hp":0,"atk":252,"def":0,"spa":0,"spd":4,"spe":252},"ivs":{"hp":31,"atk":31,"def":31,"spa":31,"spd":31,"spe":31}},{"name":"Charizard","species":"Charizard","item":"charizarditey","ability":"Blaze","moves":["fireblast","solarbeam","airslash","roost"],"nature":"Timid","evs":{"hp":0,"atk":0,"def":0,"spa":252,"spd":4,"spe":252},"ivs":{"hp":31,"atk":31,"def":31,"spa":31,"spd":31,"spe":31}}],"p2team":[{"name":"Azumarill","species":"Azumarill","item":"sitrusberry","ability":"Huge Power","moves":["bellydrum","aquajet","playrough","knockoff"],"nature":"Adamant","evs":{"hp":252,"atk":252,"def":0,"spa":0,"spd":0,"spe":4},"gender":"M","ivs":{"hp":31,"atk":31,"def":31,"spa":31,"spd":31,"spe":31}},{"name":"Gardevoir","species":"Gardevoir","item":"gardevoirite","ability":"Trace","moves":["hypervoice","psyshock","focusblast","calmmind"],"nature":"Timid","evs":{"hp":4,"atk":0,"def":0,"spa":252,"spd":0,"spe":252},"gender":"F","ivs":{"hp":31,"atk":31,"def":31,"spa":31,"spd":31,"spe":31}},{"name":"Sylveon","species":"Sylveon","item":"choicespecs","ability":"Pixilate","moves":["hypervoice","psyshock","hiddenpowerfire","hyperbeam"],"nature":"Modest","evs":{"hp":240,"atk":0,"def":0,"spa":252,"spd":0,"spe":16},"gender":"F","ivs":{"atk":30,"spa":30,"spe":30,"hp":31,"def":31,"spd":31}},{"name":"Klefki","species":"Klefki","item":"lightclay","ability":"Prankster","moves":["lightscreen","reflect","thunderwave","foulplay"],"nature":"Impish","evs":{"hp":252,"atk":0,"def":64,"spa":0,"spd":192,"spe":0},"gender":"M","ivs":{"hp":31,"atk":31,"def":31,"spa":31,"spd":31,"spe":31}},{"name":"Togekiss","species":"Togekiss","item":"leftovers","ability":"Serene Grace","moves":["nastyplot","airslash","thunderwave","roost"],"nature":"Timid","evs":{"hp":248,"atk":0,"def":76,"spa":0,"spd":8,"spe":176},"gender":"M","ivs":{"hp":31,"atk":31,"def":31,"spa":31,"spd":31,"spe":31}},{"name":"Slurpuff","species":"Slurpuff","item":"sitrusberry","ability":"Unburden","moves":["bellydrum","drainpunch","playrough","frustration"],"nature":"Adamant","evs":{"hp":204,"atk":252,"def":0,"spa":0,"spd":0,"spe":52},"gender":"F","happiness":0,"ivs":{"hp":31,"atk":31,"def":31,"spa":31,"spd":31,"spe":31}}],"log":["|player|p1|GL♅Reshiram|163","|player|p2|jakey2saucey06|122","|gametype|singles","|gen|6","|tier|Monotype","|rated","|rule|Baton Pass Clause: Limit one Baton Passer, can't pass Spe and other stats simultaneously","|rule|Swagger Clause: Swagger is banned","|rule|Same Type Clause: Pokémon in a team must share a type","|clearpoke","|poke|p1|Heatran, M","|poke|p1|Ninetales, F","|poke|p1|Torkoal, F","|poke|p1|Rotom-Heat","|poke|p1|Infernape, M","|poke|p1|Charizard, F","|poke|p2|Azumarill, M","|poke|p2|Gardevoir, F","|poke|p2|Sylveon, F","|poke|p2|Klefki, M","|poke|p2|Togekiss, M","|poke|p2|Slurpuff, F","|rule|Sleep Clause Mod: Limit one foe put to sleep","|rule|Species Clause: Limit one of each Pokémon","|rule|OHKO Clause: OHKO moves are banned","|rule|Moody Clause: Moody is banned","|rule|Evasion Moves Clause: Evasion moves are banned","|rule|Endless Battle Clause: Forcing endless battles is banned","|rule|HP Percentage Mod: HP is shown in percentages","|teampreview","|","|start","|switch|p1a: Rotom-Heat|Rotom-Heat|250/250","|switch|p2a: Klefki|Klefki, M|318/318","|turn|1","|","|move|p2a: Klefki|Light Screen|p2a: Klefki","|-sidestart|p2: jakey2saucey06|move: Light Screen","|move|p1a: Rotom-Heat|Reflect|p1a: Rotom-Heat","|-sidestart|p1: GL♅Reshiram|Reflect","|","|turn|2","|","|move|p2a: Klefki|Thunder Wave|p1a: Rotom-Heat","|-immune|p1a: Rotom-Heat|[msg]","|move|p1a: Rotom-Heat|Light Screen|p1a: Rotom-Heat","|-sidestart|p1: GL♅Reshiram|move: Light Screen","|","|turn|3","|","|move|p2a: Klefki|Reflect|p2a: Klefki","|-sidestart|p2: jakey2saucey06|Reflect","|move|p1a: Rotom-Heat|Volt Switch|p2a: Klefki","|-damage|p2a: Klefki|277/318","|","|switch|p1a: Ninetales|Ninetales, F|287/287","|-weather|SunnyDay","|","|-weather|SunnyDay|[upkeep]","|turn|4","|","|switch|p1a: Rotom-Heat|Rotom-Heat|250/250","|move|p2a: Klefki|Thunder Wave|p1a: Rotom-Heat","|-immune|p1a: Rotom-Heat|[msg]","|","|-weather|SunnyDay|[upkeep]","|turn|5","|","|move|p1a: Rotom-Heat|Volt Switch|p2a: Klefki","|-damage|p2a: Klefki|234/318","|","|switch|p1a: Heatran|Heatran, M|385/385","|move|p2a: Klefki|Foul Play|p1a: Heatran","|-damage|p1a: Heatran|357/385","|","|-weather|SunnyDay|[upkeep]","|-heal|p1a: Heatran|381/385|[from] item: Leftovers","|turn|6","|","|move|p1a: Heatran|Taunt|p2a: Klefki","|-start|p2a: Klefki|move: Taunt","|move|p2a: Klefki|Foul Play|p1a: Heatran","|-damage|p1a: Heatran|352/385","|","|-weather|SunnyDay|[upkeep]","|-heal|p1a: Heatran|376/385|[from] item: Leftovers","|turn|7","|","|move|p1a: Heatran|Stealth Rock|p2a: Klefki","|-sidestart|p2: jakey2saucey06|move: Stealth Rock","|move|p2a: Klefki|Foul Play|p1a: Heatran","|-damage|p1a: Heatran|346/385","|","|-weather|none","|-heal|p1a: Heatran|370/385|[from] item: Leftovers","|turn|8","|","|move|p1a: Heatran|Lava Plume|p2a: Klefki","|-supereffective|p2a: Klefki","|-damage|p2a: Klefki|116/318","|move|p2a: Klefki|Foul Play|p1a: Heatran","|-damage|p1a: Heatran|339/385","|","|-heal|p1a: Heatran|363/385|[from] item: Leftovers","|-end|p2a: Klefki|move: Taunt","|-sideend|p1: GL♅Reshiram|Reflect","|-sideend|p2: jakey2saucey06|move: Light Screen","|turn|9","|","|move|p2a: Klefki|Thunder Wave|p1a: Heatran","|-status|p1a: Heatran|par","|cant|p1a: Heatran|par","|","|-heal|p1a: Heatran|385/385 par|[from] item: Leftovers","|-sideend|p1: GL♅Reshiram|move: Light Screen","|turn|10","|","|move|p2a: Klefki|Reflect|p2a: Klefki","|-fail|p2a: Klefki","|move|p1a: Heatran|Lava Plume|p2a: Klefki","|-supereffective|p2a: Klefki","|-damage|p2a: Klefki|0 fnt","|faint|p2a: Klefki","|","|-sideend|p2: jakey2saucey06|Reflect","|","|switch|p2a: Azumarill|Azumarill, M|404/404","|-damage|p2a: Azumarill|354/404|[from] Stealth Rock","|turn|11","|","|move|p2a: Azumarill|Belly Drum|p2a: Azumarill","|-damage|p2a: Azumarill|152/404","|-setboost|p2a: Azumarill|atk|6|[from] move: Belly Drum","|-enditem|p2a: Azumarill|Sitrus Berry|[eat]","|-heal|p2a: Azumarill|253/404|[from] item: Sitrus Berry","|move|p1a: Heatran|Toxic|p2a: Azumarill","|-status|p2a: Azumarill|tox","|","|-damage|p2a: Azumarill|228/404 tox|[from] psn","|turn|12","|","|switch|p1a: Ninetales|Ninetales, F|287/287","|-weather|SunnyDay","|move|p2a: Azumarill|Aqua Jet|p1a: Ninetales","|-supereffective|p1a: Ninetales","|-damage|p1a: Ninetales|0 fnt","|faint|p1a: Ninetales","|","|-weather|SunnyDay|[upkeep]","|-damage|p2a: Azumarill|178/404 tox|[from] psn","|","|switch|p1a: Torkoal|Torkoal, F|344/344","|turn|13","|","|move|p1a: Torkoal|Protect|p1a: Torkoal","|-singleturn|p1a: Torkoal|Protect","|move|p2a: Azumarill|Knock Off|p1a: Torkoal","|-activate|p1a: Torkoal|Protect","|","|-weather|SunnyDay|[upkeep]","|-damage|p2a: Azumarill|103/404 tox|[from] psn","|turn|14","|","|move|p2a: Azumarill|Knock Off|p1a: Torkoal","|-damage|p1a: Torkoal|15/344","|-enditem|p1a: Torkoal|Leftovers|[from] move: Knock Off|[of] p2a: Azumarill","|move|p1a: Torkoal|Clear Smog|p2a: Azumarill","|-supereffective|p2a: Azumarill","|-damage|p2a: Azumarill|19/404 tox","|-clearboost|p2a: Azumarill","|","|-weather|SunnyDay|[upkeep]","|-damage|p2a: Azumarill|0 fnt|[from] psn","|faint|p2a: Azumarill","|","|switch|p2a: Slurpuff|Slurpuff, F|356/356","|-damage|p2a: Slurpuff|312/356|[from] Stealth Rock","|turn|15","|","|move|p2a: Slurpuff|Belly Drum|p2a: Slurpuff","|-damage|p2a: Slurpuff|134/356","|-setboost|p2a: Slurpuff|atk|6|[from] move: Belly Drum","|-enditem|p2a: Slurpuff|Sitrus Berry|[eat]","|-heal|p2a: Slurpuff|223/356|[from] item: Sitrus Berry","|move|p1a: Torkoal|Will-O-Wisp|p2a: Slurpuff","|-status|p2a: Slurpuff|brn","|","|-weather|SunnyDay|[upkeep]","|-damage|p2a: Slurpuff|179/356 brn|[from] brn","|turn|16","|","|move|p1a: Torkoal|Protect|p1a: Torkoal","|-singleturn|p1a: Torkoal|Protect","|move|p2a: Slurpuff|Drain Punch|p1a: Torkoal","|-activate|p1a: Torkoal|Protect","|","|-weather|none","|-damage|p2a: Slurpuff|135/356 brn|[from] brn","|turn|17","|","|move|p2a: Slurpuff|Drain Punch|p1a: Torkoal","|-damage|p1a: Torkoal|0 fnt","|-heal|p2a: Slurpuff|143/356 brn|[from] drain|[of] p1a: Torkoal","|faint|p1a: Torkoal","|","|-damage|p2a: Slurpuff|99/356 brn|[from] brn","|","|switch|p1a: Charizard|Charizard, F|297/297","|turn|18","|","|detailschange|p1a: Charizard|Charizard-Mega-Y, F","|-mega|p1a: Charizard|Charizard|Charizardite Y","|-weather|SunnyDay","|move|p2a: Slurpuff|Frustration|p1a: Charizard","|-damage|p1a: Charizard|56/297","|move|p1a: Charizard|Air Slash|p2a: Slurpuff","|-damage|p2a: Slurpuff|0 fnt","|faint|p2a: Slurpuff","|","|-weather|SunnyDay|[upkeep]","|","|switch|p2a: Togekiss|Togekiss, M|373/373","|-damage|p2a: Togekiss|280/373|[from] Stealth Rock","|turn|19","|","|switch|p1a: Heatran|Heatran, M|385/385 par","|move|p2a: Togekiss|Thunder Wave|p1a: Heatran","|-fail|p1a: Heatran|par","|","|-weather|SunnyDay|[upkeep]","|-heal|p2a: Togekiss|303/373|[from] item: Leftovers","|turn|20","|","|switch|p2a: Sylveon|Sylveon, F|391/391","|-damage|p2a: Sylveon|343/391|[from] Stealth Rock","|move|p1a: Heatran|Toxic|p2a: Sylveon","|-status|p2a: Sylveon|tox","|","|-weather|SunnyDay|[upkeep]","|-damage|p2a: Sylveon|319/391 tox|[from] psn","|turn|21","|","|move|p2a: Sylveon|Psyshock|p1a: Heatran","|-resisted|p1a: Heatran","|-damage|p1a: Heatran|323/385 par","|move|p1a: Heatran|Taunt|p2a: Sylveon","|-start|p2a: Sylveon|move: Taunt","|","|-weather|SunnyDay|[upkeep]","|-heal|p1a: Heatran|347/385 par|[from] item: Leftovers","|-damage|p2a: Sylveon|271/391 tox|[from] psn","|turn|22","|","|move|p2a: Sylveon|Psyshock|p1a: Heatran","|-resisted|p1a: Heatran","|-damage|p1a: Heatran|278/385 par","|cant|p1a: Heatran|par","|","|-weather|none","|-heal|p1a: Heatran|302/385 par|[from] item: Leftovers","|-damage|p2a: Sylveon|199/391 tox|[from] psn","|turn|23","|","|move|p2a: Sylveon|Psyshock|p1a: Heatran","|-resisted|p1a: Heatran","|-damage|p1a: Heatran|237/385 par","|move|p1a: Heatran|Lava Plume|p2a: Sylveon","|-damage|p2a: Sylveon|109/391 tox","|","|-heal|p1a: Heatran|261/385 par|[from] item: Leftovers","|-damage|p2a: Sylveon|13/391 tox|[from] psn","|turn|24","|","|switch|p1a: Rotom-Heat|Rotom-Heat|250/250","|move|p2a: Sylveon|Psyshock|p1a: Rotom-Heat","|-damage|p1a: Rotom-Heat|117/250","|","|-damage|p2a: Sylveon|0 fnt|[from] psn","|faint|p2a: Sylveon","|","|switch|p2a: Gardevoir|Gardevoir, F|278/278","|-damage|p2a: Gardevoir|244/278|[from] Stealth Rock","|-ability|p2a: Gardevoir|Levitate|[from] ability: Trace|[of] p1a: Rotom-Heat","|turn|25","|","|detailschange|p2a: Gardevoir|Gardevoir-Mega, F","|-mega|p2a: Gardevoir|Gardevoir|Gardevoirite","|move|p1a: Rotom-Heat|Light Screen|p1a: Rotom-Heat","|-sidestart|p1: GL♅Reshiram|move: Light Screen","|move|p2a: Gardevoir|Hyper Voice|p1a: Rotom-Heat","|-resisted|p1a: Rotom-Heat","|-damage|p1a: Rotom-Heat|72/250","|","|turn|26","|","|move|p2a: Gardevoir|Calm Mind|p2a: Gardevoir","|-boost|p2a: Gardevoir|spa|1","|-boost|p2a: Gardevoir|spd|1","|move|p1a: Rotom-Heat|Pain Split|p2a: Gardevoir","|-sethp|p2a: Gardevoir|158/278|p1a: Rotom-Heat|158/250|[from] move: Pain Split","|","|turn|27","|","|move|p2a: Gardevoir|Calm Mind|p2a: Gardevoir","|-boost|p2a: Gardevoir|spa|1","|-boost|p2a: Gardevoir|spd|1","|move|p1a: Rotom-Heat|Volt Switch|p2a: Gardevoir","|-damage|p2a: Gardevoir|125/278","|","|switch|p1a: Heatran|Heatran, M|261/385 par","|","|-heal|p1a: Heatran|285/385 par|[from] item: Leftovers","|turn|28","|","|move|p2a: Gardevoir|Focus Blast|p1a: Heatran","|-supereffective|p1a: Heatran","|-damage|p1a: Heatran|39/385 par","|move|p1a: Heatran|Toxic|p2a: Gardevoir","|-status|p2a: Gardevoir|tox","|","|-heal|p1a: Heatran|63/385 par|[from] item: Leftovers","|-damage|p2a: Gardevoir|108/278 tox|[from] psn","|turn|29","|","|move|p2a: Gardevoir|Calm Mind|p2a: Gardevoir","|-boost|p2a: Gardevoir|spa|1","|-boost|p2a: Gardevoir|spd|1","|cant|p1a: Heatran|par","|","|-heal|p1a: Heatran|87/385 par|[from] item: Leftovers","|-damage|p2a: Gardevoir|74/278 tox|[from] psn","|turn|30","|","|move|p2a: Gardevoir|Focus Blast|p1a: Heatran","|-supereffective|p1a: Heatran","|-damage|p1a: Heatran|0 fnt","|faint|p1a: Heatran","|","|-damage|p2a: Gardevoir|23/278 tox|[from] psn","|","|switch|p1a: Rotom-Heat|Rotom-Heat|158/250","|turn|31","|","|move|p2a: Gardevoir|Psyshock|p1a: Rotom-Heat","|-damage|p1a: Rotom-Heat|0 fnt","|faint|p1a: Rotom-Heat","|","|-damage|p2a: Gardevoir|0 fnt|[from] psn","|faint|p2a: Gardevoir","|","|switch|p1a: Infernape|Infernape, M|293/293","|switch|p2a: Togekiss|Togekiss, M|303/373","|-damage|p2a: Togekiss|210/373|[from] Stealth Rock","|turn|32","|","|move|p1a: Infernape|Flare Blitz|p2a: Togekiss","|-crit|p2a: Togekiss","|-damage|p2a: Togekiss|0 fnt","|-damage|p1a: Infernape|224/293|[from] recoil|[of] p2a: Togekiss","|-damage|p1a: Infernape|195/293|[from] item: Life Orb","|faint|p2a: Togekiss","|","|win|GL♅Reshiram"],"p1rating":{"entryid":"319032","serverid":"eos","formatid":"monotype","userid":"glreshiram","username":"GL♅Reshiram","w":10,"l":"13","t":"0","gxe":44.5,"r":"1425.0706566429","rd":"69.71312385814","sigma":"0","rptime":"1440838800","rpr":1457.4650514846,"rprd":67.540652956281,"rpsigma":"0","acre":1119.9845090093,"lacre":1119.9845090093,"oldacre":"1102.1286655308"},"p2rating":{"entryid":"636200","serverid":"eos","formatid":"monotype","userid":"jakey2saucey06","username":"jakey2saucey06","w":"0","l":2,"t":"0","gxe":39.8,"r":"1500","rd":"130","sigma":"0","rptime":"1440838800","rpr":1417.9751993021,"rprd":116.39850097517,"rpsigma":"0","acre":1000,"lacre":1000,"oldacre":"1000"},"endType":"normal"}