{"seed":[54276,29422,51531,12918],"turns":28,"p1":"Carnie Marx","p2":"Hm Narwhal","p1team":[{"name":"Braviary","species":"Braviary","item":"muscleband","ability":"Sheer Force","moves":["bravebird","uturn","crushclaw","shadowclaw"],"nature":"Adamant","evs":{"hp":248,"atk":252,"def":0,"spa":0,"spd":8,"spe":0},"ivs":{"hp":31,"atk":31,"def":31,"spa":31,"spd":31,"spe":31}},{"name":"Landorus","species":"Landorus","item":"choicescarf","ability":"Sheer Force","moves":["earthpower","psychic","focusblast","sludgewave"],"nature":"Timid","evs":{"hp":0,"atk":0,"def":0,"spa":252,"spd":4,"spe":252},"ivs":{"hp":31,"atk":31,"def":31,"spa":31,"spd":31,"spe":31}},{"name":"Defog","species":"skarmory","item":"rockyhelmet","ability":"Sturdy","moves":["bravebird","stealthrock","ironhead","defog"],"nature":"Adamant","evs":{"hp":232,"atk":252,"def":0,"spa":0,"spd":0,"spe":24},"ivs":{"hp":31,"atk":31,"def":31,"spa":31,"spd":31,"spe":31}},{"name":"Archeops","species":"Archeops","item":"choiceband","ability":"Defeatist","moves":["dragonclaw","earthquake","headsmash","uturn"],"nature":"Jolly","evs":{"hp":0,"atk":252,"def":0,"spa":0,"spd":4,"spe":252},"ivs":{"hp":31,"atk":31,"def":31,"spa":31,"spd":31,"spe":31}},{"name":"Thundurus-Therian","species":"Thundurus-Therian","item":"choicespecs","ability":"Volt Absorb","moves":["darkpulse","discharge","sludgewave","voltswitch"],"nature":"Timid","evs":{"hp":0,"atk":0,"def":0,"spa":252,"spd":4,"spe":252},"ivs":{"hp":31,"atk":31,"def":31,"spa":31,"spd":31,"spe":31}},{"name":"Murkrow","species":"Murkrow","item":"eviolite","ability":"Prankster","moves":["darkpulse","thunderwave","featherdance","roost"],"nature":"Calm","evs":{"hp":248,"atk":0,"def":0,"spa":8,"spd":252,"spe":0},"ivs":{"hp":31,"atk":31,"def":31,"spa":31,"spd":31,"spe":31}}],"p2team":[{"name":"Crustling","species":"crustle","item":"liechiberry","ability":"Sturdy","moves":["xscissor","rockslide","earthquake","shellsmash"],"nature":"Adamant","evs":{"hp":4,"atk":252,"def":0,"spa":0,"spd":0,"spe":252},"shiny":true,"ivs":{"hp":31,"atk":31,"def":31,"spa":31,"spd":31,"spe":31}},{"name":"Scizor","species":"Scizor","item":"leftovers","ability":"Light Metal","moves":["swordsdance","roost","bulletpunch","uturn"],"nature":"Impish","evs":{"hp":248,"atk":44,"def":16,"spa":0,"spd":200,"spe":0},"ivs":{"hp":31,"atk":31,"def":31,"spa":31,"spd":31,"spe":31}},{"name":"Volcarona","species":"Volcarona","item":"sitrusberry","ability":"Flame Body","moves":["quiverdance","flamethrower","bugbuzz","gigadrain"],"nature":"Timid","evs":{"hp":50,"atk":0,"def":0,"spa":252,"spd":4,"spe":202},"ivs":{"hp":31,"atk":31,"def":31,"spa":31,"spd":31,"spe":31}},{"name":"Shuckle","species":"Shuckle","item":"mentalherb","ability":"Sturdy","moves":["stickyweb","stealthrock","encore","infestation"],"nature":"Bold","evs":{"hp":252,"atk":0,"def":252,"spa":0,"spd":4,"spe":0},"ivs":{"hp":31,"atk":31,"def":31,"spa":31,"spd":31,"spe":31}},{"name":"Beedrill","species":"Beedrill","item":"beedrillite","ability":"Sniper","moves":["poisonjab","uturn","knockoff","protect"],"nature":"Jolly","evs":{"hp":0,"atk":252,"def":0,"spa":0,"spd":4,"spe":252},"ivs":{"hp":31,"atk":31,"def":31,"spa":31,"spd":31,"spe":31}},{"name":"Galvantula","species":"Galvantula","item":"choicespecs","ability":"Compound Eyes","moves":["thunder","energyball","bugbuzz","voltswitch"],"nature":"Timid","evs":{"hp":0,"atk":0,"def":0,"spa":252,"spd":4,"spe":252},"ivs":{"hp":31,"atk":31,"def":31,"spa":31,"spd":31,"spe":31}}],"log":["|player|p1|Carnie Marx|165","|player|p2|Hm Narwhal|266","|gametype|singles","|gen|6","|tier|Monotype","|rated","|rule|Baton Pass Clause: Limit one Baton Passer, can't pass Spe and other stats simultaneously","|rule|Swagger Clause: Swagger is banned","|rule|Same Type Clause: Pokémon in a team must share a type","|clearpoke","|poke|p1|Braviary, M","|poke|p1|Landorus, M","|poke|p1|Skarmory, M","|poke|p1|Archeops, F","|poke|p1|Thundurus-Therian, M","|poke|p1|Murkrow, M","|poke|p2|Crustle, F, shiny","|poke|p2|Scizor, F","|poke|p2|Volcarona, F","|poke|p2|Shuckle, M","|poke|p2|Beedrill, F","|poke|p2|Galvantula, F","|rule|Sleep Clause Mod: Limit one foe put to sleep","|rule|Species Clause: Limit one of each Pokémon","|rule|OHKO Clause: OHKO moves are banned","|rule|Moody Clause: Moody is banned","|rule|Evasion Moves Clause: Evasion moves are banned","|rule|Endless Battle Clause: Forcing endless battles is banned","|rule|HP Percentage Mod: HP is shown in percentages","|teampreview","|","|start","|switch|p1a: Braviary|Braviary, M|403/403","|switch|p2a: Crustling|Crustle, F, shiny|282/282","|turn|1","|","|move|p1a: Braviary|Brave Bird|p2a: Crustling","|-damage|p2a: Crustling|69/282","|-damage|p1a: Braviary|333/403|[from] recoil|[of] p2a: Crustling","|-enditem|p2a: Crustling|Liechi Berry|[eat]","|-boost|p2a: Crustling|atk|1|[from] item: Liechi Berry","|move|p2a: Crustling|Shell Smash|p2a: Crustling","|-unboost|p2a: Crustling|def|1","|-unboost|p2a: Crustling|spd|1","|-boost|p2a: Crustling|atk|2","|-boost|p2a: Crustling|spa|2","|-boost|p2a: Crustling|spe|2","|","|turn|2","|","|move|p2a: Crustling|Rock Slide|p1a: Braviary","|-supereffective|p1a: Braviary","|-damage|p1a: Braviary|0 fnt","|faint|p1a: Braviary","|","|","|switch|p1a: Defog|Skarmory, M|329/329","|turn|3","|","|move|p2a: Crustling|Rock Slide|p1a: Defog","|-damage|p1a: Defog|122/329","|move|p1a: Defog|Iron Head|p2a: Crustling","|-supereffective|p2a: Crustling","|-damage|p2a: Crustling|0 fnt","|faint|p2a: Crustling","|","|","|switch|p2a: Galvantula|Galvantula, F|281/281","|turn|4","|","|switch|p1a: Landorus|Landorus, M|319/319","|move|p2a: Galvantula|Thunder|p1a: Landorus","|-immune|p1a: Landorus|[msg]","|","|turn|5","|","|switch|p2a: Shuckle|Shuckle, M|244/244","|move|p1a: Landorus|Earth Power|p2a: Shuckle","|-damage|p2a: Shuckle|154/244","|","|turn|6","|","|switch|p1a: Defog|Skarmory, M|122/329","|move|p2a: Shuckle|Stealth Rock|p1a: Defog","|-sidestart|p1: Carnie Marx|move: Stealth Rock","|","|turn|7","|","|move|p1a: Defog|Defog|p2a: Shuckle","|-unboost|p2a: Shuckle|evasion|1","|-sideend|p1: Carnie Marx|Stealth Rock|[from] move: Defog|[of] p1a: Defog","|move|p2a: Shuckle|Infestation|p1a: Defog","|-resisted|p1a: Defog","|-damage|p1a: Defog|120/329","|-damage|p2a: Shuckle|114/244|[from] item: Rocky Helmet|[of] p1a: Defog","|-activate|p1a: Defog|move: Infestation|[of] p2a: Shuckle","|","|-damage|p1a: Defog|79/329|[from] move: Infestation|[partiallytrapped]","|turn|8","|","|move|p1a: Defog|Iron Head|p2a: Shuckle","|-crit|p2a: Shuckle","|-supereffective|p2a: Shuckle","|-damage|p2a: Shuckle|0 fnt","|faint|p2a: Shuckle","|","|","|switch|p2a: Volcarona|Volcarona, F|323/323","|turn|9","|","|move|p2a: Volcarona|Quiver Dance|p2a: Volcarona","|-boost|p2a: Volcarona|spa|1","|-boost|p2a: Volcarona|spd|1","|-boost|p2a: Volcarona|spe|1","|move|p1a: Defog|Brave Bird|p2a: Volcarona","|-supereffective|p2a: Volcarona","|-damage|p2a: Volcarona|0 fnt","|-status|p1a: Defog|brn","|-damage|p1a: Defog|0 fnt|[from] recoil|[of] p2a: Volcarona","|faint|p2a: Volcarona","|faint|p1a: Defog","|","|","|switch|p1a: Landorus|Landorus, M|319/319","|switch|p2a: Beedrill|Beedrill, F|271/271","|turn|10","|","|detailschange|p2a: Beedrill|Beedrill-Mega, F","|-mega|p2a: Beedrill|Beedrill|Beedrillite","|move|p2a: Beedrill|Protect|p2a: Beedrill","|-singleturn|p2a: Beedrill|Protect","|move|p1a: Landorus|Earth Power|p2a: Beedrill","|-activate|p2a: Beedrill|Protect","|","|turn|11","|","|move|p1a: Landorus|Earth Power|p2a: Beedrill","|-damage|p2a: Beedrill|55/271","|move|p2a: Beedrill|Knock Off|p1a: Landorus","|-crit|p1a: Landorus","|-damage|p1a: Landorus|119/319","|-enditem|p1a: Landorus|Choice Scarf|[from] move: Knock Off|[of] p2a: Beedrill","|","|turn|12","|","|move|p2a: Beedrill|Knock Off|p1a: Landorus","|-damage|p1a: Landorus|23/319","|move|p1a: Landorus|Earth Power|p2a: Beedrill","|-damage|p2a: Beedrill|0 fnt","|faint|p2a: Beedrill","|","|","|switch|p2a: Scizor|Scizor, F|343/343","|turn|13","|","|move|p2a: Scizor|Bullet Punch|p1a: Landorus","|-damage|p1a: Landorus|0 fnt","|faint|p1a: Landorus","|","|","|switch|p1a: Murkrow|Murkrow, M|323/323","|turn|14","|","|move|p1a: Murkrow|Feather Dance|p2a: Scizor","|-unboost|p2a: Scizor|atk|2","|move|p2a: Scizor|Swords Dance|p2a: Scizor","|-boost|p2a: Scizor|atk|2","|","|turn|15","|","|move|p1a: Murkrow|Thunder Wave|p2a: Scizor","|-status|p2a: Scizor|par","|move|p2a: Scizor|Bullet Punch|p1a: Murkrow","|-damage|p1a: Murkrow|248/323","|","|turn|16","|","|move|p1a: Murkrow|Feather Dance|p2a: Scizor","|-unboost|p2a: Scizor|atk|2","|cant|p2a: Scizor|par","|","|turn|17","|","|move|p1a: Murkrow|Feather Dance|p2a: Scizor","|-unboost|p2a: Scizor|atk|2","|move|p2a: Scizor|Bullet Punch|p1a: Murkrow","|-damage|p1a: Murkrow|220/323","|","|turn|18","|","|move|p1a: Murkrow|Dark Pulse|p2a: Scizor","|-damage|p2a: Scizor|259/343 par","|move|p2a: Scizor|U-turn|p1a: Murkrow","|-damage|p1a: Murkrow|168/323","|","|switch|p2a: Galvantula|Galvantula, F|281/281","|","|turn|19","|","|move|p1a: Murkrow|Roost|p1a: Murkrow","|-heal|p1a: Murkrow|323/323","|move|p2a: Galvantula|Volt Switch|p1a: Murkrow","|-damage|p1a: Murkrow|196/323","|","|switch|p2a: Scizor|Scizor, F|259/343 par","|","|-heal|p2a: Scizor|280/343 par|[from] item: Leftovers","|turn|20","|","|move|p1a: Murkrow|Roost|p1a: Murkrow","|-heal|p1a: Murkrow|323/323","|move|p2a: Scizor|Bullet Punch|p1a: Murkrow","|-crit|p1a: Murkrow","|-damage|p1a: Murkrow|191/323","|","|-heal|p2a: Scizor|301/343 par|[from] item: Leftovers","|turn|21","|","|move|p1a: Murkrow|Feather Dance|p2a: Scizor","|-unboost|p2a: Scizor|atk|2","|move|p2a: Scizor|Bullet Punch|p1a: Murkrow","|-damage|p1a: Murkrow|149/323","|","|-heal|p2a: Scizor|322/343 par|[from] item: Leftovers","|turn|22","|","|move|p1a: Murkrow|Roost|p1a: Murkrow","|-heal|p1a: Murkrow|311/323","|cant|p2a: Scizor|par","|","|-heal|p2a: Scizor|343/343 par|[from] item: Leftovers","|turn|23","|","|move|p1a: Murkrow|Dark Pulse|p2a: Scizor","|-damage|p2a: Scizor|265/343 par","|move|p2a: Scizor|U-turn|p1a: Murkrow","|-damage|p1a: Murkrow|239/323","|","|switch|p2a: Galvantula|Galvantula, F|281/281","|","|turn|24","|","|switch|p1a: Thundurus-Therian|Thundurus-Therian, M|299/299","|move|p2a: Galvantula|Thunder|p1a: Thundurus-Therian","|-immune|p1a: Thundurus-Therian|[msg]","|","|turn|25","|","|switch|p2a: Scizor|Scizor, F|265/343 par","|move|p1a: Thundurus-Therian|Dark Pulse|p2a: Scizor","|-damage|p2a: Scizor|108/343 par","|","|-heal|p2a: Scizor|129/343 par|[from] item: Leftovers","|turn|26","|","|move|p1a: Thundurus-Therian|Dark Pulse|p2a: Scizor","|-damage|p2a: Scizor|0 fnt","|faint|p2a: Scizor","|","|","|switch|p2a: Galvantula|Galvantula, F|281/281","|turn|27","|","|move|p2a: Galvantula|Energy Ball|p1a: Thundurus-Therian","|-resisted|p1a: Thundurus-Therian","|-damage|p1a: Thundurus-Therian|226/299","|move|p1a: Thundurus-Therian|Dark Pulse|p2a: Galvantula","|-damage|p2a: Galvantula|46/281","|","|turn|28","|","|move|p2a: Galvantula|Energy Ball|p1a: Thundurus-Therian","|-resisted|p1a: Thundurus-Therian","|-damage|p1a: Thundurus-Therian|149/299","|move|p1a: Thundurus-Therian|Dark Pulse|p2a: Galvantula","|-damage|p2a: Galvantula|0 fnt","|faint|p2a: Galvantula","|","|win|Carnie Marx"],"p1rating":{"entryid":"459706","serverid":"eos","formatid":"monotype","userid":"carniemarx","username":"Carnie Marx","w":3,"l":"3","t":"0","gxe":48.3,"r":"1484.4252141346","rd":"107.74661638686","sigma":"0","rptime":"1440838800","rpr":1486.2965729071,"rprd":99.760301493999,"rpsigma":"0","acre":1060.3623393867,"lacre":1060.3623393867,"oldacre":"1023.3798499715"},"p2rating":{"entryid":"633873","serverid":"eos","formatid":"monotype","userid":"hmnarwhal","username":"Hm Narwhal","w":"1","l":4,"t":"0","gxe":40,"r":"1500","rd":"130","sigma":"0","rptime":"1440838800","rpr":1420.2977511793,"rprd":102.37949584953,"rpsigma":"0","acre":1013.6435872865,"lacre":1013.6435872865,"oldacre":"1028.0401496656"},"endType":"normal"}