{"seed":[33874,5925,11498,61726],"turns":18,"p1":"Gym Ldr Mitsuka∆","p2":"Raiteri","p1team":[{"name":"Venusaur","species":"Venusaur","item":"venusaurite","ability":"Chlorophyll","moves":["synthesis","gigadrain","sludgebomb","leechseed"],"nature":"Modest","evs":{"hp":252,"atk":0,"def":0,"spa":252,"spd":4,"spe":0},"ivs":{"hp":31,"atk":31,"def":31,"spa":31,"spd":31,"spe":31}},{"name":"Cradily","species":"Cradily","item":"leftovers","ability":"Storm Drain","moves":["recover","mirrorcoat","gigadrain","ancientpower"],"nature":"Calm","evs":{"hp":252,"atk":0,"def":40,"spa":0,"spd":216,"spe":0},"ivs":{"hp":31,"atk":31,"def":31,"spa":31,"spd":31,"spe":31}},{"name":"Ferrothorn","species":"Ferrothorn","item":"occaberry","ability":"Iron Barbs","moves":["stealthrock","gyroball","leechseed","knockoff"],"nature":"Relaxed","evs":{"hp":248,"atk":8,"def":252,"spa":0,"spd":0,"spe":0},"ivs":{"hp":31,"atk":31,"def":31,"spa":31,"spd":31,"spe":0}},{"name":"Breloom","species":"Breloom","item":"focussash","ability":"Technician","moves":["spore","machpunch","poweruppunch","rocktomb"],"nature":"Jolly","evs":{"hp":0,"atk":252,"def":0,"spa":0,"spd":4,"spe":252},"ivs":{"hp":31,"atk":31,"def":31,"spa":31,"spd":31,"spe":31}},{"name":"Bellossom","species":"Bellossom","item":"weaknesspolicy","ability":"Chlorophyll","moves":["drainpunch","petalblizzard","sleeppowder","swordsdance"],"nature":"Adamant","evs":{"hp":100,"atk":252,"def":0,"spa":0,"spd":0,"spe":156},"ivs":{"hp":31,"atk":31,"def":31,"spa":31,"spd":31,"spe":31}},{"name":"Celebi","species":"Celebi","item":"choicescarf","ability":"Natural Cure","moves":["trick","hiddenpowerfire","gigadrain","psychic"],"nature":"Timid","evs":{"hp":0,"atk":0,"def":0,"spa":252,"spd":4,"spe":252},"ivs":{"hp":31,"atk":30,"def":31,"spa":30,"spd":31,"spe":30}}],"p2team":[{"name":"Avalugg","species":"Avalugg","item":"leftovers","ability":"Sturdy","moves":["avalanche","roar","toxic","rapidspin"],"nature":"Impish","evs":{"hp":252,"atk":4,"def":252,"spa":0,"spd":0,"spe":0},"ivs":{"hp":31,"atk":31,"def":31,"spa":31,"spd":31,"spe":31}},{"name":"Glaceon","species":"Glaceon","item":"lifeorb","ability":"Snow Cloak","moves":["icebeam","shadowball","signalbeam","hiddenpowerground"],"nature":"Modest","evs":{"hp":248,"atk":0,"def":0,"spa":252,"spd":8,"spe":0},"ivs":{"hp":31,"atk":31,"def":31,"spa":30,"spd":30,"spe":31}},{"name":"Abomasnow","species":"Abomasnow","item":"abomasite","ability":"Snow Warning","moves":["woodhammer","leechseed","iceshard","seedbomb"],"nature":"Adamant","evs":{"hp":248,"atk":252,"def":0,"spa":0,"spd":8,"spe":0},"ivs":{"hp":31,"atk":31,"def":31,"spa":31,"spd":31,"spe":31}},{"name":"Lapras","species":"Lapras","item":"leftovers","ability":"Water Absorb","moves":["avalanche","dragondance","healbell","whirlpool"],"nature":"Careful","evs":{"hp":252,"atk":0,"def":4,"spa":0,"spd":252,"spe":0},"ivs":{"hp":31,"atk":31,"def":31,"spa":31,"spd":31,"spe":31}},{"name":"Cloyster","species":"Cloyster","item":"whiteherb","ability":"Skill Link","moves":["iciclespear","rockblast","shellsmash","substitute"],"nature":"Adamant","evs":{"hp":0,"atk":252,"def":0,"spa":0,"spd":4,"spe":252},"ivs":{"hp":31,"atk":31,"def":31,"spa":31,"spd":31,"spe":31}},{"name":"Froslass","species":"Froslass","item":"sitrusberry","ability":"Cursed Body","moves":["thunderwave","iceshard","destinybond","crunch"],"nature":"Jolly","evs":{"hp":0,"atk":252,"def":0,"spa":0,"spd":4,"spe":252},"ivs":{"hp":31,"atk":31,"def":31,"spa":31,"spd":31,"spe":31}}],"log":["|player|p1|Gym Ldr Mitsuka∆|1","|player|p2|Raiteri|151","|gametype|singles","|gen|6","|tier|Monotype","|rated","|rule|Baton Pass Clause: Limit one Baton Passer, can't pass Spe and other stats simultaneously","|rule|Swagger Clause: Swagger is banned","|rule|Same Type Clause: Pokémon in a team must share a type","|clearpoke","|poke|p1|Venusaur, F","|poke|p1|Cradily, M","|poke|p1|Ferrothorn, M","|poke|p1|Breloom, M","|poke|p1|Bellossom, F","|poke|p1|Celebi","|poke|p2|Avalugg, F","|poke|p2|Glaceon, F","|poke|p2|Abomasnow, M","|poke|p2|Lapras, F","|poke|p2|Cloyster, F","|poke|p2|Froslass, F","|rule|Sleep Clause Mod: Limit one foe put to sleep","|rule|Species Clause: Limit one of each Pokémon","|rule|OHKO Clause: OHKO moves are banned","|rule|Moody Clause: Moody is banned","|rule|Evasion Moves Clause: Evasion moves are banned","|rule|Endless Battle Clause: Forcing endless battles is banned","|rule|HP Percentage Mod: HP is shown in percentages","|teampreview","|","|start","|switch|p1a: Ferrothorn|Ferrothorn, M|351/351","|switch|p2a: Abomasnow|Abomasnow, M|383/383","|-weather|Hail","|turn|1","|","|switch|p2a: Froslass|Froslass, F|281/281","|move|p1a: Ferrothorn|Stealth Rock|p2a: Froslass","|-sidestart|p2: Raiteri|move: Stealth Rock","|","|-weather|Hail|[upkeep]","|-damage|p1a: Ferrothorn|330/351|[from] hail","|turn|2","|","|move|p2a: Froslass|Thunder Wave|p1a: Ferrothorn","|-status|p1a: Ferrothorn|par","|move|p1a: Ferrothorn|Knock Off|p2a: Froslass","|-supereffective|p2a: Froslass","|-damage|p2a: Froslass|97/281","|-enditem|p2a: Froslass|Sitrus Berry|[from] move: Knock Off|[of] p1a: Ferrothorn","|","|-weather|Hail|[upkeep]","|-damage|p1a: Ferrothorn|309/351 par|[from] hail","|turn|3","|","|move|p2a: Froslass|Destiny Bond|p2a: Froslass","|-singlemove|p2a: Froslass|Destiny Bond","|move|p1a: Ferrothorn|Leech Seed|p2a: Froslass","|-start|p2a: Froslass|move: Leech Seed","|","|-weather|Hail|[upkeep]","|-damage|p1a: Ferrothorn|288/351 par|[from] hail","|-damage|p2a: Froslass|62/281|[from] Leech Seed|[of] p1a: Ferrothorn","|-heal|p1a: Ferrothorn|323/351 par|[silent]","|turn|4","|","|switch|p2a: Glaceon|Glaceon, F|333/333","|-damage|p2a: Glaceon|250/333|[from] Stealth Rock","|move|p1a: Ferrothorn|Stealth Rock|p2a: Glaceon","|-fail|p2a: Glaceon","|","|-weather|Hail|[upkeep]","|-damage|p1a: Ferrothorn|302/351 par|[from] hail","|turn|5","|","|move|p2a: Glaceon|Hidden Power|p1a: Ferrothorn","|-damage|p1a: Ferrothorn|220/351 par","|-damage|p2a: Glaceon|217/333|[from] item: Life Orb","|move|p1a: Ferrothorn|Gyro Ball|p2a: Glaceon","|-supereffective|p2a: Glaceon","|-damage|p2a: Glaceon|0 fnt","|faint|p2a: Glaceon","|","|-weather|none","|","|switch|p2a: Lapras|Lapras, F|464/464","|-damage|p2a: Lapras|348/464|[from] Stealth Rock","|turn|6","|","|move|p1a: Ferrothorn|Leech Seed|p2a: Lapras|[miss]","|-miss|p1a: Ferrothorn|p2a: Lapras","|move|p2a: Lapras|Avalanche|p1a: Ferrothorn","|-damage|p1a: Ferrothorn|184/351 par","|-damage|p2a: Lapras|290/464|[from] ability: Iron Barbs|[of] p1a: Ferrothorn","|","|-heal|p2a: Lapras|319/464|[from] item: Leftovers","|turn|7","|","|switch|p2a: Abomasnow|Abomasnow, M|383/383","|-damage|p2a: Abomasnow|288/383|[from] Stealth Rock","|-weather|Hail","|cant|p1a: Ferrothorn|par","|","|-weather|Hail|[upkeep]","|-damage|p1a: Ferrothorn|163/351 par|[from] hail","|turn|8","|","|detailschange|p2a: Abomasnow|Abomasnow-Mega, M","|-mega|p2a: Abomasnow|Abomasnow|Abomasite","|move|p2a: Abomasnow|Ice Shard|p1a: Ferrothorn","|-damage|p1a: Ferrothorn|112/351 par","|move|p1a: Ferrothorn|Gyro Ball|p2a: Abomasnow","|-supereffective|p2a: Abomasnow","|-damage|p2a: Abomasnow|0 fnt","|faint|p2a: Abomasnow","|","|-weather|Hail|[upkeep]","|-damage|p1a: Ferrothorn|91/351 par|[from] hail","|","|switch|p2a: Froslass|Froslass, F|62/281","|-damage|p2a: Froslass|0 fnt|[from] Stealth Rock","|faint|p2a: Froslass","|","|switch|p2a: Avalugg|Avalugg, F|394/394","|-damage|p2a: Avalugg|296/394|[from] Stealth Rock","|turn|9","|","|move|p2a: Avalugg|Rapid Spin|p1a: Ferrothorn","|-resisted|p1a: Ferrothorn","|-damage|p1a: Ferrothorn|86/351 par","|-damage|p2a: Avalugg|247/394|[from] ability: Iron Barbs|[of] p1a: Ferrothorn","|-sideend|p2: Raiteri|Stealth Rock|[from] move: Rapid Spin|[of] p2a: Avalugg","|move|p1a: Ferrothorn|Leech Seed|p2a: Avalugg","|-start|p2a: Avalugg|move: Leech Seed","|","|-weather|Hail|[upkeep]","|-damage|p1a: Ferrothorn|65/351 par|[from] hail","|-heal|p2a: Avalugg|271/394|[from] item: Leftovers","|-damage|p2a: Avalugg|222/394|[from] Leech Seed|[of] p1a: Ferrothorn","|-heal|p1a: Ferrothorn|114/351 par|[silent]","|turn|10","|","|move|p1a: Ferrothorn|Stealth Rock|p2a: Avalugg","|-sidestart|p2: Raiteri|move: Stealth Rock","|move|p2a: Avalugg|Avalanche|p1a: Ferrothorn","|-damage|p1a: Ferrothorn|63/351 par","|-damage|p2a: Avalugg|173/394|[from] ability: Iron Barbs|[of] p1a: Ferrothorn","|","|-weather|Hail|[upkeep]","|-damage|p1a: Ferrothorn|42/351 par|[from] hail","|-heal|p2a: Avalugg|197/394|[from] item: Leftovers","|-damage|p2a: Avalugg|148/394|[from] Leech Seed|[of] p1a: Ferrothorn","|-heal|p1a: Ferrothorn|91/351 par|[silent]","|turn|11","|","|move|p1a: Ferrothorn|Stealth Rock|p2a: Avalugg","|-fail|p2a: Avalugg","|move|p2a: Avalugg|Avalanche|p1a: Ferrothorn","|-damage|p1a: Ferrothorn|40/351 par","|-damage|p2a: Avalugg|99/394|[from] ability: Iron Barbs|[of] p1a: Ferrothorn","|","|-weather|none","|-heal|p2a: Avalugg|123/394|[from] item: Leftovers","|-damage|p2a: Avalugg|74/394|[from] Leech Seed|[of] p1a: Ferrothorn","|-heal|p1a: Ferrothorn|89/351 par|[silent]","|turn|12","|","|move|p2a: Avalugg|Rapid Spin|p1a: Ferrothorn","|-resisted|p1a: Ferrothorn","|-damage|p1a: Ferrothorn|84/351 par","|-damage|p2a: Avalugg|25/394|[from] ability: Iron Barbs|[of] p1a: Ferrothorn","|-end|p2a: Avalugg|Leech Seed|[from] move: Rapid Spin|[of] p2a: Avalugg","|-sideend|p2: Raiteri|Stealth Rock|[from] move: Rapid Spin|[of] p2a: Avalugg","|move|p1a: Ferrothorn|Stealth Rock|p2a: Avalugg","|-sidestart|p2: Raiteri|move: Stealth Rock","|","|-heal|p2a: Avalugg|49/394|[from] item: Leftovers","|turn|13","|","|switch|p1a: Celebi|Celebi|341/341","|move|p2a: Avalugg|Rapid Spin|p1a: Celebi","|-damage|p1a: Celebi|322/341","|-sideend|p2: Raiteri|Stealth Rock|[from] move: Rapid Spin|[of] p2a: Avalugg","|","|-heal|p2a: Avalugg|73/394|[from] item: Leftovers","|turn|14","|","|move|p1a: Celebi|Giga Drain|p2a: Avalugg","|-damage|p2a: Avalugg|0 fnt","|-heal|p1a: Celebi|341/341|[from] drain|[of] p2a: Avalugg","|faint|p2a: Avalugg","|","|","|switch|p2a: Cloyster|Cloyster, F|241/241","|turn|15","|","|move|p1a: Celebi|Giga Drain|p2a: Cloyster","|-supereffective|p2a: Cloyster","|-damage|p2a: Cloyster|0 fnt","|faint|p2a: Cloyster","|","|","|switch|p2a: Lapras|Lapras, F|319/464","|turn|16","|","|move|p1a: Celebi|Giga Drain|p2a: Lapras","|-supereffective|p2a: Lapras","|-damage|p2a: Lapras|151/464","|move|p2a: Lapras|Avalanche|p1a: Celebi","|-supereffective|p1a: Celebi","|-damage|p1a: Celebi|83/341","|","|-heal|p2a: Lapras|180/464|[from] item: Leftovers","|turn|17","|","|move|p1a: Celebi|Giga Drain|p2a: Lapras","|-supereffective|p2a: Lapras","|-damage|p2a: Lapras|22/464","|-heal|p1a: Celebi|162/341|[from] drain|[of] p2a: Lapras","|move|p2a: Lapras|Avalanche|p1a: Celebi","|-supereffective|p1a: Celebi","|-damage|p1a: Celebi|0 fnt","|faint|p1a: Celebi","|","|-heal|p2a: Lapras|51/464|[from] item: Leftovers","|","|switch|p1a: Bellossom|Bellossom, F|316/316","|turn|18","|","|move|p1a: Bellossom|Petal Blizzard|p2a: Lapras","|-supereffective|p2a: Lapras","|-damage|p2a: Lapras|0 fnt","|faint|p2a: Lapras","|","|win|Gym Ldr Mitsuka∆"],"p1rating":{"entryid":"379503","serverid":"eos","formatid":"monotype","userid":"gymldrmitsuka","username":"Gym Ldr Mitsuka∆","w":17,"l":"14","t":"0","gxe":54.2,"r":"1522.406344736","rd":"61.808644438858","sigma":"0","rptime":"1440838800","rpr":1531.9296857341,"rprd":60.952421258774,"rpsigma":"0","acre":1225.4627111119,"lacre":1225.4627111119,"oldacre":"1210.626929717"},"p2rating":{"entryid":"386564","serverid":"eos","formatid":"monotype","userid":"raiteri","username":"Raiteri","w":"2","l":3,"t":"0","gxe":46.5,"r":"1500.4665945795","rd":"106.68067541209","sigma":"0","rptime":"1440838800","rpr":1472.8130030917,"rprd":102.16095899145,"rpsigma":"0","acre":1049.3722537513,"lacre":1049.3722537513,"oldacre":"1060.7107113618"},"endType":"normal"}