{"seed":[29207,50925,15004,45203],"turns":30,"p1":"DopleDouger","p2":"NETFLIX DOMA","p1team":[{"name":"Slurpuff","species":"Slurpuff","item":"sitrusberry","ability":"Unburden","moves":["bellydrum","playrough","drainpunch","hiddenpowerrock"],"nature":"Naughty","evs":{"hp":0,"atk":252,"def":0,"spa":4,"spd":0,"spe":252},"ivs":{"hp":31,"atk":31,"def":30,"spa":31,"spd":30,"spe":30}},{"name":"Dragonite","species":"Dragonite","item":"weaknesspolicy","ability":"Multiscale","moves":["dragondance","dragonclaw","extremespeed","ironhead"],"nature":"Adamant","evs":{"hp":0,"atk":252,"def":0,"spa":0,"spd":4,"spe":252},"ivs":{"hp":31,"atk":31,"def":31,"spa":31,"spd":31,"spe":31}},{"name":"Victini","species":"Victini","item":"choiceband","ability":"Victory Star","moves":["finalgambit","vcreate","boltstrike","zenheadbutt"],"nature":"Jolly","evs":{"hp":252,"atk":0,"def":0,"spa":0,"spd":0,"spe":252},"ivs":{"hp":31,"atk":31,"def":31,"spa":31,"spd":31,"spe":31}},{"name":"Skarmory","species":"Skarmory","item":"rockyhelmet","ability":"Sturdy","moves":["bravebird","stealthrock","whirlwind","roost"],"nature":"Impish","evs":{"hp":248,"atk":0,"def":236,"spa":0,"spd":0,"spe":24},"ivs":{"hp":31,"atk":31,"def":31,"spa":31,"spd":31,"spe":31}},{"name":"Hoopa-Unbound","species":"Hoopa-Unbound","item":"choicescarf","ability":"Magician","moves":["hyperspacehole","hyperspacefury","energyball","focusblast"],"nature":"Hasty","evs":{"hp":0,"atk":4,"def":0,"spa":252,"spd":0,"spe":252},"ivs":{"hp":31,"atk":31,"def":31,"spa":31,"spd":31,"spe":31}},{"name":"Slowbro","species":"Slowbro","item":"slowbronite","ability":"Regenerator","moves":["scald","calmmind","slackoff","psyshock"],"nature":"Bold","evs":{"hp":248,"atk":0,"def":252,"spa":8,"spd":0,"spe":0},"ivs":{"hp":31,"atk":31,"def":31,"spa":31,"spd":31,"spe":31}}],"p2team":[{"name":"TANK MONSTER","species":"aggron","item":"aggronite","ability":"Sturdy","moves":["heavyslam","stoneedge","earthquake","substitute"],"nature":"Impish","evs":{"hp":75,"atk":200,"def":0,"spa":0,"spd":158,"spe":75},"gender":"M","shiny":true,"ivs":{"hp":31,"atk":31,"def":31,"spa":31,"spd":31,"spe":31}},{"name":"WTF!!! It","species":"infernape","item":"choicescarf","ability":"Blaze","moves":["fireblast","earthquake","heatwave","dig"],"nature":"Hasty","evs":{"hp":56,"atk":252,"def":0,"spa":100,"spd":100,"spe":0},"gender":"M","shiny":true,"ivs":{"hp":31,"atk":31,"def":31,"spa":31,"spd":31,"spe":31}},{"name":"PinkDeath","species":"crobat","item":"blacksludge","ability":"Inner Focus","moves":["heatwave","toxic","crosspoison","darkpulse"],"nature":"Hasty","evs":{"hp":0,"atk":0,"def":0,"spa":252,"spd":222,"spe":34},"gender":"M","shiny":true,"ivs":{"hp":31,"atk":31,"def":31,"spa":31,"spd":31,"spe":31}},{"name":"King OF Death","species":"empoleon","item":"shellbell","ability":"Torrent","moves":["drillpeck","earthquake","flashcannon","dive"],"nature":"Naive","evs":{"hp":200,"atk":252,"def":0,"spa":56,"spd":0,"spe":0},"ivs":{"hp":31,"atk":31,"def":31,"spa":31,"spd":31,"spe":31}},{"name":"WingedDemon","species":"vivillon","item":"airballoon","ability":"Shield Dust","moves":["gigadrain","calmmind","bugbuzz","roost"],"nature":"","evs":{"hp":0,"atk":0,"def":0,"spa":252,"spd":100,"spe":156},"gender":"F","shiny":true,"ivs":{"hp":31,"atk":31,"def":31,"spa":31,"spd":31,"spe":31}},{"name":"ILuvToCut","species":"breloom","item":"muscleband","ability":"Effect Spore","moves":["drainpunch","leechseed","spore","gigadrain"],"nature":"","evs":{"hp":0,"atk":100,"def":180,"spa":180,"spd":0,"spe":48},"shiny":true,"ivs":{"hp":31,"atk":31,"def":31,"spa":31,"spd":31,"spe":31}}],"log":["|player|p1|DopleDouger|94","|player|p2|NETFLIX DOMA|284","|gametype|singles","|gen|6","|tier|OU","|rated","|clearpoke","|poke|p1|Slurpuff, F","|poke|p1|Dragonite, F","|poke|p1|Victini","|poke|p1|Skarmory, M","|poke|p1|Hoopa-Unbound","|poke|p1|Slowbro, F","|poke|p2|Aggron, M, shiny","|poke|p2|Infernape, M, shiny","|poke|p2|Crobat, M, shiny","|poke|p2|Empoleon, F","|poke|p2|Vivillon, F, shiny","|poke|p2|Breloom, M, shiny","|rule|Swagger Clause: Swagger is banned","|rule|Baton Pass Clause: Limit one Baton Passer, can't pass Spe and other stats simultaneously","|rule|Sleep Clause Mod: Limit one foe put to sleep","|rule|Species Clause: Limit one of each Pokémon","|rule|OHKO Clause: OHKO moves are banned","|rule|Moody Clause: Moody is banned","|rule|Evasion Moves Clause: Evasion moves are banned","|rule|Endless Battle Clause: Forcing endless battles is banned","|rule|HP Percentage Mod: HP is shown in percentages","|teampreview","|","|start","|switch|p1a: Victini|Victini|404/404","|switch|p2a: ILuvToCut|Breloom, M, shiny|261/261","|turn|1","|","|move|p1a: Victini|Final Gambit|p2a: ILuvToCut","|-damage|p2a: ILuvToCut|0 fnt","|faint|p1a: Victini","|faint|p2a: ILuvToCut","|","|","|switch|p2a: WingedDemon|Vivillon, F, shiny|301/301","|switch|p1a: Slurpuff|Slurpuff, F|305/305","|-item|p2a: WingedDemon|Air Balloon","|turn|2","|","|switch|p2a: PinkDeath|Crobat, M, shiny|311/311","|move|p1a: Slurpuff|Belly Drum|p1a: Slurpuff","|-damage|p1a: Slurpuff|153/305","|-setboost|p1a: Slurpuff|atk|6|[from] move: Belly Drum","|","|turn|3","|","|move|p2a: PinkDeath|Cross Poison|p1a: Slurpuff","|-supereffective|p1a: Slurpuff","|-damage|p1a: Slurpuff|0 fnt","|faint|p1a: Slurpuff","|","|","|switch|p1a: Skarmory|Skarmory, M|333/333","|turn|4","|","|move|p2a: PinkDeath|Heat Wave|p1a: Skarmory","|-supereffective|p1a: Skarmory","|-damage|p1a: Skarmory|123/333","|move|p1a: Skarmory|Stealth Rock|p2a: PinkDeath","|-sidestart|p2: NETFLIX DOMA|move: Stealth Rock","|","|turn|5","|","|switch|p1a: Slowbro|Slowbro, F|393/393","|move|p2a: PinkDeath|Heat Wave|p1a: Slowbro","|-resisted|p1a: Slowbro","|-damage|p1a: Slowbro|349/393","|","|turn|6","|","|detailschange|p1a: Slowbro|Slowbro-Mega, F","|-mega|p1a: Slowbro|Slowbro|Slowbronite","|move|p2a: PinkDeath|Dark Pulse|p1a: Slowbro","|-supereffective|p1a: Slowbro","|-damage|p1a: Slowbro|193/393","|move|p1a: Slowbro|Calm Mind|p1a: Slowbro","|-boost|p1a: Slowbro|spa|1","|-boost|p1a: Slowbro|spd|1","|","|turn|7","|","|move|p2a: PinkDeath|Dark Pulse|p1a: Slowbro","|-supereffective|p1a: Slowbro","|-damage|p1a: Slowbro|93/393","|move|p1a: Slowbro|Slack Off|p1a: Slowbro","|-heal|p1a: Slowbro|290/393","|","|turn|8","|","|move|p2a: PinkDeath|Dark Pulse|p1a: Slowbro","|-supereffective|p1a: Slowbro","|-damage|p1a: Slowbro|182/393","|move|p1a: Slowbro|Calm Mind|p1a: Slowbro","|-boost|p1a: Slowbro|spa|1","|-boost|p1a: Slowbro|spd|1","|","|turn|9","|","|move|p2a: PinkDeath|Toxic|p1a: Slowbro","|-status|p1a: Slowbro|tox","|move|p1a: Slowbro|Slack Off|p1a: Slowbro","|-heal|p1a: Slowbro|379/393 tox","|","|-damage|p1a: Slowbro|355/393 tox|[from] psn","|turn|10","|","|move|p2a: PinkDeath|Dark Pulse|p1a: Slowbro","|-supereffective|p1a: Slowbro","|-damage|p1a: Slowbro|273/393 tox","|move|p1a: Slowbro|Psyshock|p2a: PinkDeath","|-supereffective|p2a: PinkDeath","|-damage|p2a: PinkDeath|0 fnt","|faint|p2a: PinkDeath","|","|-damage|p1a: Slowbro|225/393 tox|[from] psn","|","|switch|p2a: King OF Death|Empoleon, F|359/359","|-damage|p2a: King OF Death|337/359|[from] Stealth Rock","|turn|11","|","|switch|p1a: Skarmory|Skarmory, M|123/333","|move|p2a: King OF Death|Dive|p1a: Skarmory|[still]","|-prepare|p2a: King OF Death|Dive|p1a: Skarmory","|","|turn|12","|","|move|p1a: Skarmory|Roost|p1a: Skarmory","|-heal|p1a: Skarmory|290/333","|move|p2a: King OF Death|Dive|p1a: Skarmory|[from]lockedmove","|-damage|p1a: Skarmory|230/333","|-damage|p2a: King OF Death|278/359|[from] item: Rocky Helmet|[of] p1a: Skarmory","|-heal|p2a: King OF Death|285/359|[from] item: Shell Bell|[of] p1a: Skarmory","|","|turn|13","|","|switch|p2a: WTF!!! It|Infernape, M, shiny|307/307","|-damage|p2a: WTF!!! It|269/307|[from] Stealth Rock","|move|p1a: Skarmory|Whirlwind|p2a: WTF!!! It","|drag|p2a: King OF Death|Empoleon, F|285/359","|-damage|p2a: King OF Death|263/359|[from] Stealth Rock","|","|turn|14","|","|switch|p2a: WTF!!! It|Infernape, M, shiny|269/307","|-damage|p2a: WTF!!! It|231/307|[from] Stealth Rock","|move|p1a: Skarmory|Roost|p1a: Skarmory","|-heal|p1a: Skarmory|333/333","|","|turn|15","|","|move|p2a: WTF!!! It|Heat Wave|p1a: Skarmory","|-supereffective|p1a: Skarmory","|-ability|p1a: Skarmory|Sturdy","|-damage|p1a: Skarmory|1/333","|move|p1a: Skarmory|Whirlwind|p2a: WTF!!! It","|drag|p2a: WingedDemon|Vivillon, F, shiny|301/301","|-damage|p2a: WingedDemon|151/301|[from] Stealth Rock","|-item|p2a: WingedDemon|Air Balloon","|","|turn|16","|","|move|p2a: WingedDemon|Bug Buzz|p1a: Skarmory","|-resisted|p1a: Skarmory","|-damage|p1a: Skarmory|0 fnt","|faint|p1a: Skarmory","|","|","|switch|p1a: Dragonite|Dragonite, F|323/323","|turn|17","|","|move|p1a: Dragonite|Dragon Dance|p1a: Dragonite","|-boost|p1a: Dragonite|atk|1","|-boost|p1a: Dragonite|spe|1","|move|p2a: WingedDemon|Roost|p2a: WingedDemon","|-heal|p2a: WingedDemon|301/301","|","|turn|18","|","|move|p1a: Dragonite|Dragon Claw|p2a: WingedDemon","|-damage|p2a: WingedDemon|0 fnt","|-enditem|p2a: WingedDemon|Air Balloon","|faint|p2a: WingedDemon","|","|","|switch|p2a: TANK MONSTER|Aggron, M, shiny|299/299","|-damage|p2a: TANK MONSTER|281/299|[from] Stealth Rock","|turn|19","|","|switch|p1a: Hoopa-Unbound|Hoopa-Unbound|301/301","|detailschange|p2a: TANK MONSTER|Aggron-Mega, M, shiny","|-mega|p2a: TANK MONSTER|Aggron|Aggronite","|move|p2a: TANK MONSTER|Stone Edge|p1a: Hoopa-Unbound","|-damage|p1a: Hoopa-Unbound|89/301","|","|turn|20","|","|move|p1a: Hoopa-Unbound|Focus Blast|p2a: TANK MONSTER|[miss]","|-miss|p1a: Hoopa-Unbound|p2a: TANK MONSTER","|move|p2a: TANK MONSTER|Stone Edge|p1a: Hoopa-Unbound","|-damage|p1a: Hoopa-Unbound|0 fnt","|faint|p1a: Hoopa-Unbound","|","|","|switch|p1a: Slowbro|Slowbro-Mega, F|225/393 tox","|turn|21","|","|move|p2a: TANK MONSTER|Substitute|p2a: TANK MONSTER","|-start|p2a: TANK MONSTER|Substitute","|-damage|p2a: TANK MONSTER|207/299","|move|p1a: Slowbro|Scald|p2a: TANK MONSTER","|-end|p2a: TANK MONSTER|Substitute","|","|-damage|p1a: Slowbro|201/393 tox|[from] psn","|turn|22","|","|move|p2a: TANK MONSTER|Heavy Slam|p1a: Slowbro","|-resisted|p1a: Slowbro","|-damage|p1a: Slowbro|165/393 tox","|move|p1a: Slowbro|Scald|p2a: TANK MONSTER","|-damage|p2a: TANK MONSTER|78/299","|","|-damage|p1a: Slowbro|117/393 tox|[from] psn","|turn|23","|","|move|p2a: TANK MONSTER|Heavy Slam|p1a: Slowbro","|-resisted|p1a: Slowbro","|-damage|p1a: Slowbro|84/393 tox","|move|p1a: Slowbro|Slack Off|p1a: Slowbro","|-heal|p1a: Slowbro|281/393 tox","|","|-damage|p1a: Slowbro|209/393 tox|[from] psn","|turn|24","|","|move|p2a: TANK MONSTER|Stone Edge|p1a: Slowbro|[miss]","|-miss|p2a: TANK MONSTER|p1a: Slowbro","|move|p1a: Slowbro|Scald|p2a: TANK MONSTER","|-damage|p2a: TANK MONSTER|0 fnt","|faint|p2a: TANK MONSTER","|","|-damage|p1a: Slowbro|113/393 tox|[from] psn","|","|switch|p2a: King OF Death|Empoleon, F|263/359","|-damage|p2a: King OF Death|241/359|[from] Stealth Rock","|turn|25","|","|move|p2a: King OF Death|Dive|p1a: Slowbro|[still]","|-prepare|p2a: King OF Death|Dive|p1a: Slowbro","|move|p1a: Slowbro|Psyshock|p2a: King OF Death|[miss]","|-miss|p1a: Slowbro|p2a: King OF Death","|","|-damage|p1a: Slowbro|0 fnt|[from] psn","|faint|p1a: Slowbro","|","|switch|p1a: Dragonite|Dragonite, F|323/323","|turn|26","|","|move|p1a: Dragonite|Dragon Dance|p1a: Dragonite","|-boost|p1a: Dragonite|atk|1","|-boost|p1a: Dragonite|spe|1","|move|p2a: King OF Death|Dive|p1a: Dragonite|[from]lockedmove","|-resisted|p1a: Dragonite","|-damage|p1a: Dragonite|295/323","|-heal|p2a: King OF Death|244/359|[from] item: Shell Bell|[of] p1a: Dragonite","|","|turn|27","|","|move|p1a: Dragonite|Dragon Dance|p1a: Dragonite","|-boost|p1a: Dragonite|atk|1","|-boost|p1a: Dragonite|spe|1","|move|p2a: King OF Death|Flash Cannon|p1a: Dragonite","|-damage|p1a: Dragonite|189/323","|-heal|p2a: King OF Death|257/359|[from] item: Shell Bell|[of] p1a: Dragonite","|","|turn|28","|","|move|p1a: Dragonite|Dragon Claw|p2a: King OF Death","|-resisted|p2a: King OF Death","|-damage|p2a: King OF Death|92/359","|move|p2a: King OF Death|Flash Cannon|p1a: Dragonite","|-damage|p1a: Dragonite|77/323","|-unboost|p1a: Dragonite|spd|1","|-heal|p2a: King OF Death|106/359|[from] item: Shell Bell|[of] p1a: Dragonite","|","|turn|29","|","|move|p1a: Dragonite|Dragon Claw|p2a: King OF Death","|-resisted|p2a: King OF Death","|-damage|p2a: King OF Death|0 fnt","|faint|p2a: King OF Death","|","|","|switch|p2a: WTF!!! It|Infernape, M, shiny|231/307","|-damage|p2a: WTF!!! It|193/307|[from] Stealth Rock","|turn|30","|","|move|p1a: Dragonite|Dragon Claw|p2a: WTF!!! It","|-damage|p2a: WTF!!! It|0 fnt","|faint|p2a: WTF!!! It","|","|win|DopleDouger"],"p1rating":{"entryid":"7673279","serverid":"eos","formatid":"ou","userid":"dopledouger","username":"DopleDouger","w":3,"l":"0","t":"0","gxe":65.2,"r":"1500","rd":"130","sigma":"0","rptime":"1439715600","rpr":1624.421332941,"rprd":112.78965116982,"rpsigma":"0","acre":1114.6623533436,"lacre":1114.6623533436,"oldacre":"1095.9528167868"},"p2rating":{"entryid":"7673278","serverid":"eos","formatid":"ou","userid":"netflixdoma","username":"NETFLIX DOMA","w":"0","l":3,"t":"0","gxe":39.7,"r":"1500","rd":"130","sigma":"0","rptime":"1439715600","rpr":1417.2491202925,"rprd":112.78965116982,"rpsigma":"0","acre":1000,"lacre":1000,"oldacre":"1000"},"endType":"normal"}