{"seed":[35211,54253,11814,16765],"turns":17,"p1":"Tio_Red 1.0","p2":"yvank","p1team":[{"name":"Pitera","species":"aerodactyl","item":"aerodactylite","ability":"Pressure","moves":["honeclaws","aerialace","firefang","earthquake"],"nature":"Adamant","evs":{"hp":0,"atk":252,"def":0,"spa":0,"spd":4,"spe":252},"gender":"M","ivs":{"hp":31,"atk":31,"def":31,"spa":31,"spd":31,"spe":31}},{"name":"Leo Stronda","species":"chesnaught","item":"focussash","ability":"Bulletproof","moves":["aerialace","drainpunch","rockslide","painsplit"],"nature":"Adamant","evs":{"hp":0,"atk":252,"def":252,"spa":0,"spd":0,"spe":4},"gender":"M","ivs":{"hp":31,"atk":31,"def":31,"spa":31,"spd":31,"spe":31}},{"name":"Lavalanche","species":"heatran","item":"airballoon","ability":"Flash Fire","moves":["flamethrower","stealthrock","hiddenpowerice","flashcannon"],"nature":"Bold","evs":{"hp":0,"atk":0,"def":76,"spa":252,"spd":180,"spe":0},"gender":"M","shiny":true,"ivs":{"atk":30,"def":30,"hp":31,"spe":31,"spa":31,"spd":31}},{"name":"Dracula","species":"drapion","item":"blacksludge","ability":"Battle Armor","moves":["knockoff","toxicspikes","taunt","whirlwind"],"nature":"Careful","evs":{"hp":248,"atk":0,"def":0,"spa":0,"spd":216,"spe":44},"gender":"M","ivs":{"hp":31,"atk":31,"def":31,"spa":31,"spd":31,"spe":31}},{"name":"Shark Attack","species":"sharpedo","item":"blackglasses","ability":"Speed Boost","moves":["aquajet","crunch","zenheadbutt","icefang"],"nature":"Adamant","evs":{"hp":0,"atk":252,"def":4,"spa":0,"spd":0,"spe":252},"gender":"M","ivs":{"hp":31,"atk":31,"def":31,"spa":31,"spd":31,"spe":31}},{"name":"Batman","species":"noivern","item":"lifeorb","ability":"Infiltrator","moves":["hurricane","focusblast","dracometeor","flamethrower"],"nature":"Timid","evs":{"hp":0,"atk":0,"def":4,"spa":252,"spd":0,"spe":252},"gender":"M","ivs":{"hp":31,"atk":31,"def":31,"spa":31,"spd":31,"spe":31}}],"p2team":[{"name":"Porygon-Z","species":"Porygon-Z","item":"lifeorb","ability":"Adaptability","moves":["triattack","thunderbolt","foulplay","signalbeam"],"nature":"Modest","evs":{"hp":4,"atk":0,"def":0,"spa":252,"spd":0,"spe":252},"ivs":{"hp":31,"atk":31,"def":31,"spa":31,"spd":31,"spe":31}},{"name":"Victini","species":"Victini","item":"leftovers","ability":"Victory Star","moves":["brickbreak","boltstrike","vcreate","uturn"],"nature":"Adamant","evs":{"hp":4,"atk":252,"def":0,"spa":0,"spd":0,"spe":252},"ivs":{"hp":31,"atk":31,"def":31,"spa":31,"spd":31,"spe":31}},{"name":"Sharpedo","species":"Sharpedo","item":"lifeorb","ability":"Speed Boost","moves":["protect","waterfall","crunch","earthquake"],"nature":"Adamant","evs":{"hp":4,"atk":252,"def":0,"spa":0,"spd":0,"spe":252},"ivs":{"hp":31,"atk":31,"def":31,"spa":31,"spd":31,"spe":31}},{"name":"Porygon2","species":"Porygon2","item":"eviolite","ability":"Trace","moves":["chargebeam","recover","psyshock","hiddenpowerwater"],"nature":"Bold","evs":{"hp":0,"atk":0,"def":152,"spa":208,"spd":148,"spe":0},"ivs":{"hp":31,"atk":30,"def":30,"spa":30,"spd":31,"spe":31}},{"name":"Ditto","species":"Ditto","item":"choicescarf","ability":"Imposter","moves":["transform"],"nature":"Relaxed","evs":{"hp":252,"atk":0,"def":252,"spa":0,"spd":0,"spe":0},"ivs":{"hp":31,"atk":31,"def":31,"spa":31,"spd":31,"spe":31}},{"name":"Alakazam","species":"Alakazam","item":"alakazite","ability":"Magic Guard","moves":["psychic","hiddenpowerfire","focusblast","calmmind"],"nature":"Modest","evs":{"hp":4,"atk":0,"def":0,"spa":252,"spd":0,"spe":252},"ivs":{"hp":31,"atk":30,"def":31,"spa":30,"spd":31,"spe":30}}],"log":["|player|p1|Tio_Red 1.0|163","|player|p2|yvank|290","|gametype|singles","|gen|6","|tier|OU","|rated","|clearpoke","|poke|p1|Aerodactyl, M","|poke|p1|Chesnaught, M","|poke|p1|Heatran, M, shiny","|poke|p1|Drapion, M","|poke|p1|Sharpedo, M","|poke|p1|Noivern, M","|poke|p2|Porygon-Z","|poke|p2|Victini","|poke|p2|Sharpedo, F","|poke|p2|Porygon2","|poke|p2|Ditto","|poke|p2|Alakazam, M","|rule|Swagger Clause: Swagger is banned","|rule|Baton Pass Clause: Limit one Baton Passer, can't pass Spe and other stats simultaneously","|rule|Sleep Clause Mod: Limit one foe put to sleep","|rule|Species Clause: Limit one of each Pokémon","|rule|OHKO Clause: OHKO moves are banned","|rule|Moody Clause: Moody is banned","|rule|Evasion Moves Clause: Evasion moves are banned","|rule|Endless Battle Clause: Forcing endless battles is banned","|rule|HP Percentage Mod: HP is shown in percentages","|teampreview","|","|start","|switch|p1a: Dracula|Drapion, M|343/343","|switch|p2a: Sharpedo|Sharpedo, F|282/282","|turn|1","|","|move|p2a: Sharpedo|Protect|p2a: Sharpedo","|-singleturn|p2a: Sharpedo|Protect","|move|p1a: Dracula|Toxic Spikes|p2a: Sharpedo","|-sidestart|p2: yvank|move: Toxic Spikes","|","|-boost|p2a: Sharpedo|spe|1|[from] ability: Speed Boost","|turn|2","|","|switch|p1a: Pitera|Aerodactyl, M|301/301","|-ability|p1a: Pitera|Pressure","|move|p2a: Sharpedo|Waterfall|p1a: Pitera","|-supereffective|p1a: Pitera","|-damage|p1a: Pitera|0 fnt","|-damage|p2a: Sharpedo|254/282|[from] item: Life Orb","|faint|p1a: Pitera","|","|-boost|p2a: Sharpedo|spe|1|[from] ability: Speed Boost","|","|switch|p1a: Batman|Noivern, M|311/311","|turn|3","|","|move|p2a: Sharpedo|Crunch|p1a: Batman","|-crit|p1a: Batman","|-damage|p1a: Batman|0 fnt","|-damage|p2a: Sharpedo|226/282|[from] item: Life Orb","|faint|p1a: Batman","|","|-boost|p2a: Sharpedo|spe|1|[from] ability: Speed Boost","|","|switch|p1a: Dracula|Drapion, M|343/343","|turn|4","|","|move|p2a: Sharpedo|Waterfall|p1a: Dracula","|-damage|p1a: Dracula|152/343","|-damage|p2a: Sharpedo|198/282|[from] item: Life Orb","|move|p1a: Dracula|Whirlwind|p2a: Sharpedo","|drag|p2a: Ditto|Ditto|300/300","|-status|p2a: Ditto|psn","|-transform|p2a: Ditto|p1a: Dracula","|","|-heal|p1a: Dracula|173/343|[from] item: Black Sludge","|-damage|p2a: Ditto|263/300 psn|[from] psn","|turn|5","|","|move|p2a: Ditto|Toxic Spikes|p1a: Dracula","|-sidestart|p1: Tio_Red 1.0|move: Toxic Spikes","|move|p1a: Dracula|Taunt|p2a: Ditto","|-start|p2a: Ditto|move: Taunt","|","|-heal|p1a: Dracula|194/343|[from] item: Black Sludge","|-damage|p2a: Ditto|226/300 psn|[from] psn","|turn|6","|","|switch|p2a: Sharpedo|Sharpedo, F|198/282","|-status|p2a: Sharpedo|psn","|move|p1a: Dracula|Knock Off|p2a: Sharpedo","|-resisted|p2a: Sharpedo","|-damage|p2a: Sharpedo|85/282 psn","|-enditem|p2a: Sharpedo|Life Orb|[from] move: Knock Off|[of] p1a: Dracula","|","|-heal|p1a: Dracula|215/343|[from] item: Black Sludge","|-damage|p2a: Sharpedo|50/282 psn|[from] psn","|turn|7","|","|move|p2a: Sharpedo|Crunch|p1a: Dracula","|-resisted|p1a: Dracula","|-damage|p1a: Dracula|152/343","|move|p1a: Dracula|Knock Off|p2a: Sharpedo","|-resisted|p2a: Sharpedo","|-damage|p2a: Sharpedo|0 fnt","|faint|p2a: Sharpedo","|","|-heal|p1a: Dracula|173/343|[from] item: Black Sludge","|","|switch|p2a: Ditto|Ditto|226/300 psn","|-transform|p2a: Ditto|p1a: Dracula","|turn|8","|","|move|p1a: Dracula|Knock Off|p2a: Ditto","|-resisted|p2a: Ditto","|-damage|p2a: Ditto|175/300 psn","|-enditem|p2a: Ditto|Choice Scarf|[from] move: Knock Off|[of] p1a: Dracula","|move|p2a: Ditto|Whirlwind|p1a: Dracula","|drag|p1a: Leo Stronda|Chesnaught, M|317/317","|-status|p1a: Leo Stronda|psn","|","|-damage|p2a: Ditto|138/300 psn|[from] psn","|-damage|p1a: Leo Stronda|278/317 psn|[from] psn","|turn|9","|","|move|p1a: Leo Stronda|Drain Punch|p2a: Ditto","|-damage|p2a: Ditto|20/300 psn","|-heal|p1a: Leo Stronda|317/317 psn|[from] drain|[of] p2a: Ditto","|move|p2a: Ditto|Whirlwind|p1a: Leo Stronda","|drag|p1a: Lavalanche|Heatran, M, shiny|323/323","|-item|p1a: Lavalanche|Air Balloon","|","|-damage|p2a: Ditto|0 fnt|[from] psn","|faint|p2a: Ditto","|","|switch|p2a: Porygon-Z|Porygon-Z|312/312","|-status|p2a: Porygon-Z|psn","|turn|10","|","|move|p2a: Porygon-Z|Thunderbolt|p1a: Lavalanche","|-damage|p1a: Lavalanche|192/323","|-enditem|p1a: Lavalanche|Air Balloon","|-status|p1a: Lavalanche|par","|-damage|p2a: Porygon-Z|281/312 psn|[from] item: Life Orb","|cant|p1a: Lavalanche|par","|","|-damage|p2a: Porygon-Z|242/312 psn|[from] psn","|turn|11","|","|move|p2a: Porygon-Z|Thunderbolt|p1a: Lavalanche","|-damage|p1a: Lavalanche|67/323 par","|-damage|p2a: Porygon-Z|211/312 psn|[from] item: Life Orb","|cant|p1a: Lavalanche|par","|","|-damage|p2a: Porygon-Z|172/312 psn|[from] psn","|turn|12","|","|move|p2a: Porygon-Z|Thunderbolt|p1a: Lavalanche","|-damage|p1a: Lavalanche|0 fnt","|-damage|p2a: Porygon-Z|141/312 psn|[from] item: Life Orb","|faint|p1a: Lavalanche","|","|-damage|p2a: Porygon-Z|102/312 psn|[from] psn","|","|switch|p1a: Dracula|Drapion, M|173/343","|-sideend|p1: Tio_Red 1.0|move: Toxic Spikes|[of] p1a: Dracula","|turn|13","|","|move|p2a: Porygon-Z|Thunderbolt|p1a: Dracula","|-damage|p1a: Dracula|21/343","|-damage|p2a: Porygon-Z|71/312 psn|[from] item: Life Orb","|move|p1a: Dracula|Knock Off|p2a: Porygon-Z","|-damage|p2a: Porygon-Z|0 fnt","|-enditem|p2a: Porygon-Z|Life Orb|[from] move: Knock Off|[of] p1a: Dracula","|faint|p2a: Porygon-Z","|","|-heal|p1a: Dracula|42/343|[from] item: Black Sludge","|","|switch|p2a: Porygon2|Porygon2|311/311","|-status|p2a: Porygon2|psn","|-ability|p2a: Porygon2|Battle Armor|[from] ability: Trace|[of] p1a: Dracula","|turn|14","|","|move|p1a: Dracula|Knock Off|p2a: Porygon2","|-damage|p2a: Porygon2|256/311 psn","|-enditem|p2a: Porygon2|Eviolite|[from] move: Knock Off|[of] p1a: Dracula","|move|p2a: Porygon2|Charge Beam|p1a: Dracula","|-damage|p1a: Dracula|0 fnt","|-boost|p2a: Porygon2|spa|1","|faint|p1a: Dracula","|","|-damage|p2a: Porygon2|218/311 psn|[from] psn","|","|switch|p1a: Leo Stronda|Chesnaught, M|317/317 psn","|turn|15","|","|move|p1a: Leo Stronda|Drain Punch|p2a: Porygon2","|-supereffective|p2a: Porygon2","|-damage|p2a: Porygon2|0 fnt","|faint|p2a: Porygon2","|","|-damage|p1a: Leo Stronda|278/317 psn|[from] psn","|","|switch|p2a: Victini|Victini|342/342","|-status|p2a: Victini|psn","|turn|16","|","|move|p2a: Victini|V-create|p1a: Leo Stronda","|-supereffective|p1a: Leo Stronda","|-damage|p1a: Leo Stronda|0 fnt","|-unboost|p2a: Victini|spe|1","|-unboost|p2a: Victini|def|1","|-unboost|p2a: Victini|spd|1","|faint|p1a: Leo Stronda","|","|-damage|p2a: Victini|300/342 psn|[from] psn","|","|switch|p1a: Shark Attack|Sharpedo, M|281/281","|turn|17","|","|move|p1a: Shark Attack|Aqua Jet|p2a: Victini","|-supereffective|p2a: Victini","|-damage|p2a: Victini|94/342 psn","|move|p2a: Victini|U-turn|p1a: Shark Attack","|-supereffective|p1a: Shark Attack","|-damage|p1a: Shark Attack|0 fnt","|faint|p1a: Shark Attack","|","|win|yvank"],"p1rating":{"entryid":"7680348","serverid":"eos","formatid":"ou","userid":"tiored10","username":"Tio_Red 1.0","w":"7","l":2,"t":"0","gxe":62.5,"r":"1500","rd":"130","sigma":"0","rptime":"1439715600","rpr":1599.6030651173,"rprd":90.252062421055,"rpsigma":"0","acre":1133.401027084,"lacre":1133.401027084,"oldacre":"1167.1633488168"},"p2rating":{"entryid":"6275587","serverid":"eos","formatid":"ou","userid":"yvank","username":"yvank","w":2,"l":"1","t":"0","gxe":55.4,"r":"1459.8393856612","rd":"133.13495892582","sigma":"0","rptime":"1439715600","rpr":1543.4542605192,"rprd":119.16956560565,"rpsigma":"0","acre":1085.9167575567,"lacre":1085.9167575567,"oldacre":"1040"},"endType":"normal"}