{"seed":[42514,1036,2778,37819],"turns":28,"p1":"R06L29A01","p2":"Dragonic Patrick","p1team":[{"name":"Chansey","species":"Chansey","item":"eviolite","ability":"Natural Cure","moves":["thunderwave","stealthrock","aromatherapy","seismictoss"],"nature":"Impish","evs":{"hp":248,"atk":0,"def":252,"spa":0,"spd":8,"spe":0},"ivs":{"hp":31,"atk":31,"def":31,"spa":31,"spd":31,"spe":31}},{"name":"Suicune","species":"Suicune","item":"leftovers","ability":"Pressure","moves":["scald","rest","sleeptalk","calmmind"],"nature":"Calm","evs":{"hp":252,"atk":0,"def":252,"spa":0,"spd":4,"spe":0},"shiny":true,"ivs":{"hp":31,"atk":31,"def":31,"spa":31,"spd":31,"spe":31}},{"name":"Scizor","species":"Scizor","item":"choiceband","ability":"Technician","moves":["knockoff","uturn","bulletpunch","airslash"],"nature":"Adamant","evs":{"hp":248,"atk":252,"def":0,"spa":8,"spd":0,"spe":0},"ivs":{"hp":31,"atk":31,"def":31,"spa":31,"spd":31,"spe":31}},{"name":"Dragonite","species":"Dragonite","item":"weaknesspolicy","ability":"Multiscale","moves":["dragondance","dragonclaw","earthquake","extremespeed"],"nature":"Jolly","evs":{"hp":0,"atk":252,"def":0,"spa":0,"spd":4,"spe":252},"ivs":{"hp":31,"atk":31,"def":31,"spa":31,"spd":31,"spe":31}},{"name":"Rotom-Wash","species":"Rotom-Wash","item":"leftovers","ability":"Levitate","moves":["voltswitch","hydropump","willowisp","foulplay"],"nature":"Timid","evs":{"hp":252,"atk":0,"def":0,"spa":4,"spd":252,"spe":0},"shiny":true,"ivs":{"hp":31,"atk":31,"def":31,"spa":31,"spd":31,"spe":31}},{"name":"Venusaur","species":"Venusaur","item":"venusaurite","ability":"Overgrow","moves":["gigadrain","leechseed","sludgebomb","doubleedge"],"nature":"Quiet","evs":{"hp":248,"atk":8,"def":0,"spa":0,"spd":252,"spe":0},"shiny":true,"ivs":{"hp":31,"atk":31,"def":31,"spa":31,"spd":31,"spe":31}}],"p2team":[{"name":"The stored destruc","species":"latios","item":"latiosite","ability":"Levitate","moves":["dragonpulse","storedpower","calmmind","roost"],"nature":"Timid","evs":{"hp":252,"atk":0,"def":0,"spa":4,"spd":0,"spe":252},"ivs":{"hp":31,"atk":31,"def":31,"spa":31,"spd":31,"spe":31}},{"name":"mew mew meeew","species":"mew","item":"weaknesspolicy","ability":"Synchronize","moves":["batonpass","barrier","roost","amnesia"],"nature":"","evs":{"hp":252,"atk":0,"def":0,"spa":0,"spd":0,"spe":252},"shiny":true,"ivs":{"hp":31,"atk":31,"def":31,"spa":31,"spd":31,"spe":31}},{"name":"the finaal rekt","species":"espeon","item":"leftovers","ability":"Magic Bounce","moves":["morningsun","calmmind","storedpower","dazzlinggleam"],"nature":"Timid","evs":{"hp":252,"atk":0,"def":0,"spa":0,"spd":0,"spe":252},"shiny":true,"ivs":{"hp":31,"atk":31,"def":31,"spa":31,"spd":31,"spe":31}},{"name":"The bitch","species":"wobbuffet","item":"custapberry","ability":"Shadow Tag","moves":["destinybond","encore","counter","mirrorcoat"],"nature":"Calm","evs":{"hp":252,"atk":0,"def":252,"spa":0,"spd":0,"spe":0},"ivs":{"hp":31,"atk":31,"def":31,"spa":31,"spd":31,"spe":31}},{"name":"Złotoryj","species":"hoopaunbound","item":"choicescarf","ability":"Magician","moves":["hyperspacefury","drainpunch","gunkshot","phantomforce"],"nature":"Adamant","evs":{"hp":0,"atk":252,"def":0,"spa":4,"spd":0,"spe":252},"ivs":{"hp":31,"atk":31,"def":31,"spa":31,"spd":31,"spe":31}},{"name":"pmd4 awaits","species":"cresselia","item":"leftovers","ability":"Levitate","moves":["calmmind","moonblast","moonlight","thunderwave"],"nature":"Calm","evs":{"hp":252,"atk":0,"def":0,"spa":0,"spd":252,"spe":0},"ivs":{"hp":31,"atk":31,"def":31,"spa":31,"spd":31,"spe":31}}],"log":["|player|p1|R06L29A01|209","|player|p2|Dragonic Patrick|153","|gametype|singles","|gen|6","|tier|OU","|rated","|clearpoke","|poke|p1|Chansey, F","|poke|p1|Suicune, shiny","|poke|p1|Scizor, F","|poke|p1|Dragonite, M","|poke|p1|Rotom-Wash, shiny","|poke|p1|Venusaur, M, shiny","|poke|p2|Latios, M","|poke|p2|Mew, shiny","|poke|p2|Espeon, M, shiny","|poke|p2|Wobbuffet, F","|poke|p2|Hoopa-Unbound","|poke|p2|Cresselia, F","|rule|Swagger Clause: Swagger is banned","|rule|Baton Pass Clause: Limit one Baton Passer, can't pass Spe and other stats simultaneously","|rule|Sleep Clause Mod: Limit one foe put to sleep","|rule|Species Clause: Limit one of each Pokémon","|rule|OHKO Clause: OHKO moves are banned","|rule|Moody Clause: Moody is banned","|rule|Evasion Moves Clause: Evasion moves are banned","|rule|Endless Battle Clause: Forcing endless battles is banned","|rule|HP Percentage Mod: HP is shown in percentages","|teampreview","|","|start","|switch|p1a: Scizor|Scizor, F|343/343","|switch|p2a: mew mew meeew|Mew, shiny|404/404","|turn|1","|","|move|p2a: mew mew meeew|Barrier|p2a: mew mew meeew","|-boost|p2a: mew mew meeew|def|2","|move|p1a: Scizor|Knock Off|p2a: mew mew meeew","|-supereffective|p2a: mew mew meeew","|-damage|p2a: mew mew meeew|204/404","|-enditem|p2a: mew mew meeew|Weakness Policy","|-boost|p2a: mew mew meeew|atk|2|[from] item: Weakness Policy","|-boost|p2a: mew mew meeew|spa|2|[from] item: Weakness Policy","|","|turn|2","|","|switch|p1a: Rotom-Wash|Rotom-Wash, shiny|304/304","|move|p2a: mew mew meeew|Roost|p2a: mew mew meeew","|-heal|p2a: mew mew meeew|404/404","|","|turn|3","|","|move|p2a: mew mew meeew|Amnesia|p2a: mew mew meeew","|-boost|p2a: mew mew meeew|spd|2","|move|p1a: Rotom-Wash|Will-O-Wisp|p2a: mew mew meeew|[miss]","|-miss|p1a: Rotom-Wash|p2a: mew mew meeew","|","|turn|4","|","|move|p2a: mew mew meeew|Barrier|p2a: mew mew meeew","|-boost|p2a: mew mew meeew|def|2","|move|p1a: Rotom-Wash|Will-O-Wisp|p2a: mew mew meeew|[miss]","|-miss|p1a: Rotom-Wash|p2a: mew mew meeew","|","|turn|5","|","|move|p2a: mew mew meeew|Barrier|p2a: mew mew meeew","|-boost|p2a: mew mew meeew|def|2","|move|p1a: Rotom-Wash|Will-O-Wisp|p2a: mew mew meeew","|-status|p2a: mew mew meeew|brn","|-status|p1a: Rotom-Wash|brn","|","|-damage|p2a: mew mew meeew|354/404 brn|[from] brn","|-damage|p1a: Rotom-Wash|266/304 brn|[from] brn","|turn|6","|","|switch|p1a: Chansey|Chansey, F|703/703","|move|p2a: mew mew meeew|Amnesia|p2a: mew mew meeew","|-boost|p2a: mew mew meeew|spd|2","|","|-damage|p2a: mew mew meeew|304/404 brn|[from] brn","|turn|7","|","|move|p2a: mew mew meeew|Baton Pass|p2a: mew mew meeew","|","|switch|p2a: The stored destruc|Latios, M|364/364","|move|p1a: Chansey|Stealth Rock|p2a: The stored destruc","|-sidestart|p2: Dragonic Patrick|move: Stealth Rock","|","|turn|8","|","|detailschange|p2a: The stored destruc|Latios-Mega, M","|-mega|p2a: The stored destruc|Latios|Latiosite","|move|p2a: The stored destruc|Stored Power|p1a: Chansey","|-damage|p1a: Chansey|34/703","|move|p1a: Chansey|Thunder Wave|p2a: The stored destruc","|-status|p2a: The stored destruc|par","|","|turn|9","|","|move|p1a: Chansey|Aromatherapy|p1a: Chansey","|-cureteam|p1a: Chansey|[from] move: Aromatherapy","|cant|p2a: The stored destruc|par","|","|turn|10","|","|move|p1a: Chansey|Seismic Toss|p2a: The stored destruc","|-damage|p2a: The stored destruc|264/364 par","|move|p2a: The stored destruc|Stored Power|p1a: Chansey","|-damage|p1a: Chansey|0 fnt","|faint|p1a: Chansey","|","|","|switch|p1a: Rotom-Wash|Rotom-Wash, shiny|266/304","|turn|11","|","|move|p1a: Rotom-Wash|Foul Play|p2a: The stored destruc","|-supereffective|p2a: The stored destruc","|-damage|p2a: The stored destruc|186/364 par","|move|p2a: The stored destruc|Roost|p2a: The stored destruc","|-heal|p2a: The stored destruc|364/364 par","|","|-heal|p1a: Rotom-Wash|285/304|[from] item: Leftovers","|turn|12","|","|move|p1a: Rotom-Wash|Volt Switch|p2a: The stored destruc","|-resisted|p2a: The stored destruc","|-damage|p2a: The stored destruc|352/364 par","|","|switch|p1a: Scizor|Scizor, F|343/343","|move|p2a: The stored destruc|Stored Power|p1a: Scizor","|-resisted|p1a: Scizor","|-damage|p1a: Scizor|0 fnt","|faint|p1a: Scizor","|","|","|switch|p1a: Venusaur|Venusaur, M, shiny|363/363","|turn|13","|","|detailschange|p1a: Venusaur|Venusaur-Mega, M, shiny","|-mega|p1a: Venusaur|Venusaur|Venusaurite","|move|p1a: Venusaur|Leech Seed|p2a: The stored destruc","|-start|p2a: The stored destruc|move: Leech Seed","|move|p2a: The stored destruc|Stored Power|p1a: Venusaur","|-supereffective|p1a: Venusaur","|-damage|p1a: Venusaur|0 fnt","|faint|p1a: Venusaur","|","|","|switch|p1a: Dragonite|Dragonite, M|323/323","|turn|14","|","|move|p1a: Dragonite|Dragon Dance|p1a: Dragonite","|-boost|p1a: Dragonite|atk|1","|-boost|p1a: Dragonite|spe|1","|move|p2a: The stored destruc|Stored Power|p1a: Dragonite","|-damage|p1a: Dragonite|0 fnt","|faint|p1a: Dragonite","|","|","|switch|p1a: Rotom-Wash|Rotom-Wash, shiny|285/304","|turn|15","|","|move|p1a: Rotom-Wash|Foul Play|p2a: The stored destruc","|-supereffective|p2a: The stored destruc","|-damage|p2a: The stored destruc|270/364 par","|move|p2a: The stored destruc|Stored Power|p1a: Rotom-Wash","|-damage|p1a: Rotom-Wash|0 fnt","|faint|p1a: Rotom-Wash","|","|","|switch|p1a: Suicune|Suicune, shiny|404/404","|-ability|p1a: Suicune|Pressure","|turn|16","|","|move|p1a: Suicune|Calm Mind|p1a: Suicune","|-boost|p1a: Suicune|spa|1","|-boost|p1a: Suicune|spd|1","|cant|p2a: The stored destruc|par","|","|-damage|p2a: The stored destruc|225/364 par|[from] Leech Seed|[of] p1a: Suicune","|turn|17","|","|move|p1a: Suicune|Calm Mind|p1a: Suicune","|-boost|p1a: Suicune|spa|1","|-boost|p1a: Suicune|spd|1","|cant|p2a: The stored destruc|par","|","|-damage|p2a: The stored destruc|180/364 par|[from] Leech Seed|[of] p1a: Suicune","|turn|18","|","|move|p1a: Suicune|Calm Mind|p1a: Suicune","|-boost|p1a: Suicune|spa|1","|-boost|p1a: Suicune|spd|1","|cant|p2a: The stored destruc|par","|","|-damage|p2a: The stored destruc|135/364 par|[from] Leech Seed|[of] p1a: Suicune","|turn|19","|","|move|p1a: Suicune|Scald|p2a: The stored destruc","|-resisted|p2a: The stored destruc","|-damage|p2a: The stored destruc|103/364 par","|cant|p2a: The stored destruc|par","|","|-damage|p2a: The stored destruc|58/364 par|[from] Leech Seed|[of] p1a: Suicune","|turn|20","|","|move|p1a: Suicune|Calm Mind|p1a: Suicune","|-boost|p1a: Suicune|spa|1","|-boost|p1a: Suicune|spd|1","|move|p2a: The stored destruc|Stored Power|p1a: Suicune","|-damage|p1a: Suicune|118/404","|","|-heal|p1a: Suicune|143/404|[from] item: Leftovers","|-damage|p2a: The stored destruc|13/364 par|[from] Leech Seed|[of] p1a: Suicune","|-heal|p1a: Suicune|188/404|[silent]","|turn|21","|","|move|p1a: Suicune|Scald|p2a: The stored destruc","|-resisted|p2a: The stored destruc","|-damage|p2a: The stored destruc|0 fnt","|faint|p2a: The stored destruc","|","|-heal|p1a: Suicune|213/404|[from] item: Leftovers","|","|switch|p2a: Złotoryj|Hoopa-Unbound|301/301","|-damage|p2a: Złotoryj|264/301|[from] Stealth Rock","|turn|22","|","|move|p2a: Złotoryj|Hyperspace Fury|p1a: Suicune","|-damage|p1a: Suicune|39/404","|-unboost|p2a: Złotoryj|def|1","|move|p1a: Suicune|Rest|p1a: Suicune","|-status|p1a: Suicune|slp","|-heal|p1a: Suicune|404/404 slp|[silent]","|-status|p1a: Suicune|slp|[from] move: Rest","|","|turn|23","|","|move|p2a: Złotoryj|Hyperspace Fury|p1a: Suicune","|-damage|p1a: Suicune|250/404 slp","|-unboost|p2a: Złotoryj|def|1","|cant|p1a: Suicune|slp","|move|p1a: Suicune|Sleep Talk|p1a: Suicune","|move|p1a: Suicune|Scald|p2a: Złotoryj|[from]Sleep Talk","|-damage|p2a: Złotoryj|53/301","|","|-heal|p1a: Suicune|275/404 slp|[from] item: Leftovers","|turn|24","|","|move|p2a: Złotoryj|Hyperspace Fury|p1a: Suicune","|-damage|p1a: Suicune|118/404 slp","|-unboost|p2a: Złotoryj|def|1","|cant|p1a: Suicune|slp","|move|p1a: Suicune|Sleep Talk|p1a: Suicune","|move|p1a: Suicune|Scald|p2a: Złotoryj|[from]Sleep Talk","|-damage|p2a: Złotoryj|0 fnt","|faint|p2a: Złotoryj","|","|-heal|p1a: Suicune|143/404 slp|[from] item: Leftovers","|","|switch|p2a: The bitch|Wobbuffet, F|584/584","|-damage|p2a: The bitch|511/584|[from] Stealth Rock","|turn|25","|","|-curestatus|p1a: Suicune|slp","|move|p1a: Suicune|Rest|p1a: Suicune","|-status|p1a: Suicune|slp","|-heal|p1a: Suicune|404/404 slp|[silent]","|-status|p1a: Suicune|slp|[from] move: Rest","|move|p2a: The bitch|Destiny Bond|p2a: The bitch","|-singlemove|p2a: The bitch|Destiny Bond","|","|turn|26","|","|cant|p1a: Suicune|slp","|move|p1a: Suicune|Sleep Talk|p1a: Suicune","|move|p1a: Suicune|Rest|p1a: Suicune|[from]Sleep Talk","|-fail|p1a: Suicune","|move|p2a: The bitch|Destiny Bond|p2a: The bitch","|-singlemove|p2a: The bitch|Destiny Bond","|","|turn|27","|","|cant|p1a: Suicune|slp","|move|p1a: Suicune|Sleep Talk|p1a: Suicune","|move|p1a: Suicune|Scald|p2a: The bitch|[from]Sleep Talk","|-damage|p2a: The bitch|118/584","|-status|p2a: The bitch|brn","|move|p2a: The bitch|Destiny Bond|p2a: The bitch","|-singlemove|p2a: The bitch|Destiny Bond","|","|-damage|p2a: The bitch|45/584 brn|[from] brn","|turn|28","|-enditem|p2a: The bitch|Custap Berry|[eat]","|-activate|p2a: The bitch|Custap Berry","|","|move|p2a: The bitch|Destiny Bond|p2a: The bitch","|-singlemove|p2a: The bitch|Destiny Bond","|-curestatus|p1a: Suicune|slp","|move|p1a: Suicune|Calm Mind|p1a: Suicune","|-boost|p1a: Suicune|spa|1","|-boost|p1a: Suicune|spd|1","|","|-damage|p2a: The bitch|0 fnt|[from] brn","|faint|p2a: The bitch","|","|win|R06L29A01"],"p1rating":{"entryid":7675811,"formatid":"ou","userid":"r06l29a01","username":"R06L29A01","r":1500,"rd":130,"sigma":0,"rpr":1540.1606143388,"rprd":122.8583080769,"rpsigma":0,"rptime":1439715600,"w":1,"l":0,"t":0,"gxe":55,"acre":1040,"lacre":1040,"oldacre":1000},"p2rating":{"entryid":"7655266","serverid":"eos","formatid":"ou","userid":"dragonicpatrick","username":"Dragonic Patrick","w":"0","l":2,"t":"0","gxe":41,"r":1459.8393856612,"rd":122.8583080769,"sigma":"0","rptime":1439715600,"rpr":1427.3826802321,"rprd":116.84146468108,"rpsigma":"0","acre":1000,"lacre":1000,"oldacre":"1000"},"endType":"forfeit"}