{"seed":[44434,29842,55735,24535],"turns":23,"p1":"NETFLIX DOMA","p2":"Dragonic Patrick","p1team":[{"name":"Venusaur","species":"Venusaur","item":"venusaurite","ability":"Chlorophyll","moves":["synthesis","leechseed","gigadrain","hiddenpowerwater"],"nature":"","evs":{"hp":0,"atk":0,"def":100,"spa":252,"spd":100,"spe":56},"gender":"M","ivs":{"hp":31,"atk":30,"def":30,"spa":30,"spd":31,"spe":31},"shiny":true},{"name":"WTF!!! It","species":"infernape","item":"choicescarf","ability":"Blaze","moves":["nastyplot","earthquake","heatwave","dig"],"nature":"Hasty","evs":{"hp":56,"atk":252,"def":0,"spa":100,"spd":100,"spe":0},"gender":"M","shiny":true,"ivs":{"hp":31,"atk":31,"def":31,"spa":31,"spd":31,"spe":31}},{"name":"PinkDeath","species":"crobat","item":"blacksludge","ability":"Inner Focus","moves":["heatwave","toxic","crosspoison","darkpulse"],"nature":"Hardy","evs":{"hp":0,"atk":0,"def":0,"spa":252,"spd":222,"spe":34},"gender":"M","shiny":true,"ivs":{"hp":31,"atk":31,"def":31,"spa":31,"spd":31,"spe":31}},{"name":"Very Happy Feet","species":"empoleon","item":"shellbell","ability":"Torrent","moves":["drillpeck","icebeam","flashcannon","dive"],"nature":"Naive","evs":{"hp":200,"atk":252,"def":0,"spa":56,"spd":0,"spe":0},"shiny":true,"ivs":{"hp":31,"atk":31,"def":31,"spa":31,"spd":31,"spe":31}},{"name":"WingedDemon","species":"vivillon","item":"leftovers","ability":"Shield Dust","moves":["gigadrain","hiddenpowerice","bugbuzz","roost"],"nature":"","evs":{"hp":0,"atk":0,"def":0,"spa":252,"spd":100,"spe":156},"gender":"F","ivs":{"hp":31,"atk":30,"def":30,"spa":31,"spd":31,"spe":31},"shiny":true},{"name":"Timothy","species":"milotic","item":"leftovers","ability":"Marvel Scale","moves":["dragonpulse","blizzard","hydropump","substitute"],"nature":"","evs":{"hp":0,"atk":4,"def":0,"spa":252,"spd":0,"spe":252},"gender":"F","shiny":true,"ivs":{"hp":31,"atk":31,"def":31,"spa":31,"spd":31,"spe":31}}],"p2team":[{"name":"forgotten dragon","species":"latios","item":"latiosite","ability":"Levitate","moves":["dragonpulse","storedpower","calmmind","roost"],"nature":"Timid","evs":{"hp":252,"atk":0,"def":0,"spa":4,"spd":0,"spe":252},"ivs":{"hp":31,"atk":31,"def":31,"spa":31,"spd":31,"spe":31}},{"name":"mew mew meeew","species":"mew","item":"weaknesspolicy","ability":"Synchronize","moves":["batonpass","barrier","roost","amnesia"],"nature":"","evs":{"hp":252,"atk":0,"def":0,"spa":0,"spd":0,"spe":252},"shiny":true,"ivs":{"hp":31,"atk":31,"def":31,"spa":31,"spd":31,"spe":31}},{"name":"ESPEON.EXE","species":"espeon","item":"leftovers","ability":"Magic Bounce","moves":["morningsun","calmmind","storedpower","dazzlinggleam"],"nature":"Timid","evs":{"hp":252,"atk":0,"def":0,"spa":0,"spd":0,"spe":252},"shiny":true,"ivs":{"hp":31,"atk":31,"def":31,"spa":31,"spd":31,"spe":31}},{"name":"The bitch","species":"wobbuffet","item":"custapberry","ability":"Shadow Tag","moves":["destinybond","encore","counter","mirrorcoat"],"nature":"Calm","evs":{"hp":252,"atk":0,"def":252,"spa":0,"spd":0,"spe":0},"ivs":{"hp":31,"atk":31,"def":31,"spa":31,"spd":31,"spe":31}},{"name":"Złotoryj","species":"hoopaunbound","item":"choicescarf","ability":"Magician","moves":["hyperspacefury","drainpunch","gunkshot","phantomforce"],"nature":"Adamant","evs":{"hp":0,"atk":252,"def":0,"spa":4,"spd":0,"spe":252},"ivs":{"hp":31,"atk":31,"def":31,"spa":31,"spd":31,"spe":31}},{"name":"C4","species":"metagross","item":"choiceband","ability":"Clear Body","moves":["explosion","meteormash","poweruppunch","rockslide"],"nature":"Adamant","evs":{"hp":252,"atk":252,"def":0,"spa":0,"spd":0,"spe":4},"shiny":true,"ivs":{"hp":31,"atk":31,"def":31,"spa":31,"spd":31,"spe":31}}],"log":["|player|p1|NETFLIX DOMA|284","|player|p2|Dragonic Patrick|153","|gametype|singles","|gen|6","|tier|OU","|rated","|clearpoke","|poke|p1|Venusaur, M, shiny","|poke|p1|Infernape, M, shiny","|poke|p1|Crobat, M, shiny","|poke|p1|Empoleon, M, shiny","|poke|p1|Vivillon, F, shiny","|poke|p1|Milotic, F, shiny","|poke|p2|Latios, M","|poke|p2|Mew, shiny","|poke|p2|Espeon, F, shiny","|poke|p2|Wobbuffet, F","|poke|p2|Hoopa-Unbound","|poke|p2|Metagross, shiny","|rule|Swagger Clause: Swagger is banned","|rule|Baton Pass Clause: Limit one Baton Passer, can't pass Spe and other stats simultaneously","|rule|Sleep Clause Mod: Limit one foe put to sleep","|rule|Species Clause: Limit one of each Pokémon","|rule|OHKO Clause: OHKO moves are banned","|rule|Moody Clause: Moody is banned","|rule|Evasion Moves Clause: Evasion moves are banned","|rule|Endless Battle Clause: Forcing endless battles is banned","|rule|HP Percentage Mod: HP is shown in percentages","|teampreview","|","|start","|switch|p1a: WingedDemon|Vivillon, F, shiny|301/301","|switch|p2a: The bitch|Wobbuffet, F|584/584","|turn|1","|","|move|p1a: WingedDemon|Bug Buzz|p2a: The bitch","|-supereffective|p2a: The bitch","|-damage|p2a: The bitch|240/584","|move|p2a: The bitch|Mirror Coat|p1a: WingedDemon","|-damage|p1a: WingedDemon|0 fnt","|faint|p1a: WingedDemon","|","|","|switch|p1a: PinkDeath|Crobat, M, shiny|311/311","|turn|2","|","|move|p1a: PinkDeath|Dark Pulse|p2a: The bitch","|-supereffective|p2a: The bitch","|-damage|p2a: The bitch|58/584","|move|p2a: The bitch|Destiny Bond|p2a: The bitch","|-singlemove|p2a: The bitch|Destiny Bond","|","|turn|3","|","|switch|p2a: C4|Metagross, shiny|364/364","|move|p1a: PinkDeath|Dark Pulse|p2a: C4","|-supereffective|p2a: C4","|-damage|p2a: C4|220/364","|","|turn|4","|","|move|p1a: PinkDeath|Dark Pulse|p2a: C4","|-supereffective|p2a: C4","|-damage|p2a: C4|68/364","|move|p2a: C4|Explosion|p1a: PinkDeath","|-damage|p1a: PinkDeath|0 fnt","|faint|p2a: C4","|faint|p1a: PinkDeath","|","|","|switch|p2a: mew mew meeew|Mew, shiny|404/404","|switch|p1a: WTF!!! It|Infernape, M, shiny|307/307","|turn|5","|","|move|p1a: WTF!!! It|Heat Wave|p2a: mew mew meeew","|-damage|p2a: mew mew meeew|283/404","|-status|p2a: mew mew meeew|brn","|move|p2a: mew mew meeew|Barrier|p2a: mew mew meeew","|-boost|p2a: mew mew meeew|def|2","|","|-damage|p2a: mew mew meeew|233/404 brn|[from] brn","|turn|6","|","|move|p1a: WTF!!! It|Heat Wave|p2a: mew mew meeew","|-damage|p2a: mew mew meeew|116/404 brn","|move|p2a: mew mew meeew|Amnesia|p2a: mew mew meeew","|-boost|p2a: mew mew meeew|spd|2","|","|-damage|p2a: mew mew meeew|66/404 brn|[from] brn","|turn|7","|","|move|p1a: WTF!!! It|Heat Wave|p2a: mew mew meeew","|-damage|p2a: mew mew meeew|0 fnt","|faint|p2a: mew mew meeew","|","|","|switch|p2a: The bitch|Wobbuffet, F|58/584","|turn|8","|-enditem|p2a: The bitch|Custap Berry|[eat]","|-activate|p2a: The bitch|Custap Berry","|","|move|p2a: The bitch|Destiny Bond|p2a: The bitch","|-singlemove|p2a: The bitch|Destiny Bond","|move|p1a: WTF!!! It|Heat Wave|p2a: The bitch","|-damage|p2a: The bitch|0 fnt","|faint|p2a: The bitch","|-activate|p2a: The bitch|Destiny Bond","|faint|p1a: WTF!!! It","|","|","|switch|p2a: ESPEON.EXE|Espeon, F, shiny|334/334","|switch|p1a: Very Happy Feet|Empoleon, M, shiny|359/359","|turn|9","|","|move|p2a: ESPEON.EXE|Calm Mind|p2a: ESPEON.EXE","|-boost|p2a: ESPEON.EXE|spa|1","|-boost|p2a: ESPEON.EXE|spd|1","|move|p1a: Very Happy Feet|Drill Peck|p2a: ESPEON.EXE","|-damage|p2a: ESPEON.EXE|222/334","|","|-heal|p2a: ESPEON.EXE|242/334|[from] item: Leftovers","|turn|10","|","|move|p2a: ESPEON.EXE|Calm Mind|p2a: ESPEON.EXE","|-boost|p2a: ESPEON.EXE|spa|1","|-boost|p2a: ESPEON.EXE|spd|1","|move|p1a: Very Happy Feet|Drill Peck|p2a: ESPEON.EXE","|-damage|p2a: ESPEON.EXE|137/334","|","|-heal|p2a: ESPEON.EXE|157/334|[from] item: Leftovers","|turn|11","|","|move|p2a: ESPEON.EXE|Morning Sun|p2a: ESPEON.EXE","|-heal|p2a: ESPEON.EXE|324/334","|move|p1a: Very Happy Feet|Drill Peck|p2a: ESPEON.EXE","|-damage|p2a: ESPEON.EXE|222/334","|","|-heal|p2a: ESPEON.EXE|242/334|[from] item: Leftovers","|turn|12","|","|move|p2a: ESPEON.EXE|Calm Mind|p2a: ESPEON.EXE","|-boost|p2a: ESPEON.EXE|spa|1","|-boost|p2a: ESPEON.EXE|spd|1","|move|p1a: Very Happy Feet|Drill Peck|p2a: ESPEON.EXE","|-damage|p2a: ESPEON.EXE|126/334","|","|-heal|p2a: ESPEON.EXE|146/334|[from] item: Leftovers","|turn|13","|","|move|p2a: ESPEON.EXE|Morning Sun|p2a: ESPEON.EXE","|-heal|p2a: ESPEON.EXE|313/334","|move|p1a: Very Happy Feet|Drill Peck|p2a: ESPEON.EXE","|-damage|p2a: ESPEON.EXE|208/334","|","|-heal|p2a: ESPEON.EXE|228/334|[from] item: Leftovers","|turn|14","|","|move|p2a: ESPEON.EXE|Calm Mind|p2a: ESPEON.EXE","|-boost|p2a: ESPEON.EXE|spa|1","|-boost|p2a: ESPEON.EXE|spd|1","|move|p1a: Very Happy Feet|Drill Peck|p2a: ESPEON.EXE","|-damage|p2a: ESPEON.EXE|120/334","|","|-heal|p2a: ESPEON.EXE|140/334|[from] item: Leftovers","|turn|15","|","|move|p2a: ESPEON.EXE|Morning Sun|p2a: ESPEON.EXE","|-heal|p2a: ESPEON.EXE|307/334","|move|p1a: Very Happy Feet|Drill Peck|p2a: ESPEON.EXE","|-damage|p2a: ESPEON.EXE|191/334","|","|-heal|p2a: ESPEON.EXE|211/334|[from] item: Leftovers","|turn|16","|","|move|p2a: ESPEON.EXE|Calm Mind|p2a: ESPEON.EXE","|-boost|p2a: ESPEON.EXE|spa|1","|-boost|p2a: ESPEON.EXE|spd|1","|move|p1a: Very Happy Feet|Drill Peck|p2a: ESPEON.EXE","|-damage|p2a: ESPEON.EXE|95/334","|","|-heal|p2a: ESPEON.EXE|115/334|[from] item: Leftovers","|turn|17","|","|move|p2a: ESPEON.EXE|Morning Sun|p2a: ESPEON.EXE","|-heal|p2a: ESPEON.EXE|282/334","|move|p1a: Very Happy Feet|Drill Peck|p2a: ESPEON.EXE","|-damage|p2a: ESPEON.EXE|174/334","|","|-heal|p2a: ESPEON.EXE|194/334|[from] item: Leftovers","|turn|18","|","|move|p2a: ESPEON.EXE|Morning Sun|p2a: ESPEON.EXE","|-heal|p2a: ESPEON.EXE|334/334","|move|p1a: Very Happy Feet|Drill Peck|p2a: ESPEON.EXE","|-damage|p2a: ESPEON.EXE|233/334","|","|-heal|p2a: ESPEON.EXE|253/334|[from] item: Leftovers","|turn|19","|","|move|p2a: ESPEON.EXE|Calm Mind|p2a: ESPEON.EXE","|-boost|p2a: ESPEON.EXE|spa|1","|-boost|p2a: ESPEON.EXE|spd|1","|move|p1a: Very Happy Feet|Drill Peck|p2a: ESPEON.EXE","|-damage|p2a: ESPEON.EXE|139/334","|","|-heal|p2a: ESPEON.EXE|159/334|[from] item: Leftovers","|turn|20","|","|move|p2a: ESPEON.EXE|Morning Sun|p2a: ESPEON.EXE","|-heal|p2a: ESPEON.EXE|326/334","|move|p1a: Very Happy Feet|Drill Peck|p2a: ESPEON.EXE","|-damage|p2a: ESPEON.EXE|216/334","|","|-heal|p2a: ESPEON.EXE|236/334|[from] item: Leftovers","|turn|21","|","|move|p2a: ESPEON.EXE|Stored Power|p1a: Very Happy Feet","|-resisted|p1a: Very Happy Feet","|-damage|p1a: Very Happy Feet|0 fnt","|faint|p1a: Very Happy Feet","|","|-heal|p2a: ESPEON.EXE|256/334|[from] item: Leftovers","|","|switch|p1a: Timothy|Milotic, F, shiny|331/331","|turn|22","|","|move|p2a: ESPEON.EXE|Stored Power|p1a: Timothy","|-damage|p1a: Timothy|0 fnt","|faint|p1a: Timothy","|","|-heal|p2a: ESPEON.EXE|276/334|[from] item: Leftovers","|","|switch|p1a: Venusaur|Venusaur, M, shiny|301/301","|turn|23","|","|move|p2a: ESPEON.EXE|Stored Power|p1a: Venusaur","|-supereffective|p1a: Venusaur","|-damage|p1a: Venusaur|0 fnt","|faint|p1a: Venusaur","|","|win|Dragonic Patrick"],"p1rating":{"entryid":"7673278","serverid":"eos","formatid":"ou","userid":"netflixdoma","username":"NETFLIX DOMA","w":"1","l":9,"t":"0","gxe":30.9,"r":"1500","rd":"130","sigma":"0","rptime":"1439715600","rpr":1343.9645674918,"rprd":88.302041807132,"rpsigma":"0","acre":1000,"lacre":1000,"oldacre":"1000"},"p2rating":{"entryid":"7655266","serverid":"eos","formatid":"ou","userid":"dragonicpatrick","username":"Dragonic Patrick","w":3,"l":"2","t":"0","gxe":53.6,"r":"1459.8393856612","rd":"122.8583080769","sigma":"0","rptime":"1439715600","rpr":1528.3219723488,"rprd":103.00710023179,"rpsigma":"0","acre":1099.196562429,"lacre":1099.196562429,"oldacre":"1076.9385074279"},"endType":"normal"}