{"seed":[37332,18506,4787,52987],"turns":25,"p1":"NETFLIX DOMA","p2":"shiunin sora","p1team":[{"name":"Venusaur","species":"Venusaur","item":"venusaurite","ability":"Chlorophyll","moves":["synthesis","leechseed","gigadrain","hiddenpowerwater"],"nature":"","evs":{"hp":0,"atk":0,"def":100,"spa":252,"spd":100,"spe":56},"gender":"M","ivs":{"hp":31,"atk":30,"def":30,"spa":30,"spd":31,"spe":31},"shiny":true},{"name":"WTF!!! It","species":"infernape","item":"choicescarf","ability":"Blaze","moves":["nastyplot","earthquake","heatwave","dig"],"nature":"Hasty","evs":{"hp":56,"atk":252,"def":0,"spa":100,"spd":100,"spe":0},"gender":"M","shiny":true,"ivs":{"hp":31,"atk":31,"def":31,"spa":31,"spd":31,"spe":31}},{"name":"PinkDeath","species":"crobat","item":"blacksludge","ability":"Inner Focus","moves":["heatwave","toxic","crosspoison","darkpulse"],"nature":"Hardy","evs":{"hp":0,"atk":0,"def":0,"spa":252,"spd":222,"spe":34},"gender":"M","shiny":true,"ivs":{"hp":31,"atk":31,"def":31,"spa":31,"spd":31,"spe":31}},{"name":"Very Happy Feet","species":"empoleon","item":"shellbell","ability":"Torrent","moves":["drillpeck","icebeam","flashcannon","dive"],"nature":"Naive","evs":{"hp":200,"atk":252,"def":0,"spa":56,"spd":0,"spe":0},"shiny":true,"ivs":{"hp":31,"atk":31,"def":31,"spa":31,"spd":31,"spe":31}},{"name":"WingedDemon","species":"vivillon","item":"leftovers","ability":"Shield Dust","moves":["gigadrain","hiddenpowerice","bugbuzz","roost"],"nature":"","evs":{"hp":0,"atk":0,"def":0,"spa":252,"spd":100,"spe":156},"gender":"F","ivs":{"hp":31,"atk":30,"def":30,"spa":31,"spd":31,"spe":31},"shiny":true},{"name":"Timothy","species":"milotic","item":"leftovers","ability":"Marvel Scale","moves":["dragonpulse","blizzard","hydropump","substitute"],"nature":"","evs":{"hp":0,"atk":4,"def":0,"spa":252,"spd":0,"spe":252},"gender":"F","shiny":true,"ivs":{"hp":31,"atk":31,"def":31,"spa":31,"spd":31,"spe":31}}],"p2team":[{"name":"ya","species":"hippowdon","item":"leftovers","ability":"Sand Stream","moves":["earthquake","slackoff","toxic","whirlwind"],"nature":"Careful","evs":{"hp":248,"atk":8,"def":0,"spa":0,"spd":252,"spe":0},"ivs":{"hp":31,"atk":31,"def":31,"spa":31,"spd":31,"spe":31}},{"name":"men","species":"excadrill","item":"lifeorb","ability":"Sand Rush","moves":["rapidspin","ironhead","earthquake","rockslide"],"nature":"Adamant","evs":{"hp":0,"atk":252,"def":0,"spa":0,"spd":4,"spe":252},"ivs":{"hp":31,"atk":31,"def":31,"spa":31,"spd":31,"spe":31}},{"name":"men2","species":"jirachi","item":"leftovers","ability":"Serene Grace","moves":["stealthrock","uturn","ironhead","thunderwave"],"nature":"Jolly","evs":{"hp":252,"atk":104,"def":0,"spa":0,"spd":0,"spe":152},"ivs":{"hp":31,"atk":31,"def":31,"spa":31,"spd":31,"spe":31}},{"name":"men3","species":"celebi","item":"leftovers","ability":"Natural Cure","moves":["healbell","recover","gigadrain","perishsong"],"nature":"Calm","evs":{"hp":248,"atk":0,"def":0,"spa":0,"spd":224,"spe":36},"ivs":{"hp":31,"atk":31,"def":31,"spa":31,"spd":31,"spe":31}},{"name":"ya okas","species":"suicune","item":"leftovers","ability":"Pressure","moves":["scald","calmmind","rest","sleeptalk"],"nature":"Bold","evs":{"hp":248,"atk":0,"def":252,"spa":0,"spd":8,"spe":0},"ivs":{"hp":31,"atk":0,"def":31,"spa":31,"spd":31,"spe":31}},{"name":"memen","species":"metagross","item":"metagrossite","ability":"Clear Body","moves":["meteormash","zenheadbutt","icepunch","bulletpunch"],"nature":"Jolly","evs":{"hp":0,"atk":252,"def":0,"spa":0,"spd":4,"spe":252},"ivs":{"hp":31,"atk":31,"def":31,"spa":31,"spd":31,"spe":31}}],"log":["|player|p1|NETFLIX DOMA|284","|player|p2|shiunin sora|266","|gametype|singles","|gen|6","|tier|OU","|rated","|clearpoke","|poke|p1|Venusaur, M, shiny","|poke|p1|Infernape, M, shiny","|poke|p1|Crobat, M, shiny","|poke|p1|Empoleon, M, shiny","|poke|p1|Vivillon, F, shiny","|poke|p1|Milotic, F, shiny","|poke|p2|Hippowdon, M","|poke|p2|Excadrill, M","|poke|p2|Jirachi","|poke|p2|Celebi","|poke|p2|Suicune","|poke|p2|Metagross","|rule|Swagger Clause: Swagger is banned","|rule|Baton Pass Clause: Limit one Baton Passer, can't pass Spe and other stats simultaneously","|rule|Sleep Clause Mod: Limit one foe put to sleep","|rule|Species Clause: Limit one of each Pokémon","|rule|OHKO Clause: OHKO moves are banned","|rule|Moody Clause: Moody is banned","|rule|Evasion Moves Clause: Evasion moves are banned","|rule|Endless Battle Clause: Forcing endless battles is banned","|rule|HP Percentage Mod: HP is shown in percentages","|teampreview","|","|start","|switch|p1a: WingedDemon|Vivillon, F, shiny|301/301","|switch|p2a: ya|Hippowdon, M|419/419","|-weather|Sandstorm","|turn|1","|","|move|p1a: WingedDemon|Giga Drain|p2a: ya","|-supereffective|p2a: ya","|-damage|p2a: ya|295/419","|move|p2a: ya|Toxic|p1a: WingedDemon","|-status|p1a: WingedDemon|tox","|","|-weather|Sandstorm|[upkeep]","|-damage|p1a: WingedDemon|283/301 tox|[from] sandstorm","|-heal|p1a: WingedDemon|301/301 tox|[from] item: Leftovers","|-heal|p2a: ya|321/419|[from] item: Leftovers","|-damage|p1a: WingedDemon|283/301 tox|[from] psn","|turn|2","|","|move|p1a: WingedDemon|Hidden Power|p2a: ya","|-supereffective|p2a: ya","|-damage|p2a: ya|219/419","|move|p2a: ya|Slack Off|p2a: ya","|-heal|p2a: ya|419/419","|","|-weather|Sandstorm|[upkeep]","|-damage|p1a: WingedDemon|265/301 tox|[from] sandstorm","|-heal|p1a: WingedDemon|283/301 tox|[from] item: Leftovers","|-damage|p1a: WingedDemon|247/301 tox|[from] psn","|turn|3","|","|switch|p1a: Timothy|Milotic, F, shiny|331/331","|switch|p2a: men2|Jirachi|404/404","|","|-weather|Sandstorm|[upkeep]","|-damage|p1a: Timothy|311/331|[from] sandstorm","|-heal|p1a: Timothy|331/331|[from] item: Leftovers","|turn|4","|","|switch|p1a: WTF!!! It|Infernape, M, shiny|307/307","|move|p2a: men2|Stealth Rock|p1a: WTF!!! It","|-sidestart|p1: NETFLIX DOMA|move: Stealth Rock","|","|-weather|Sandstorm|[upkeep]","|-damage|p1a: WTF!!! It|288/307|[from] sandstorm","|turn|5","|","|switch|p2a: ya okas|Suicune|403/403","|-ability|p2a: ya okas|Pressure","|move|p1a: WTF!!! It|Heat Wave|p2a: ya okas","|-resisted|p2a: ya okas","|-damage|p2a: ya okas|343/403","|","|-weather|none","|-heal|p2a: ya okas|368/403|[from] item: Leftovers","|turn|6","|","|switch|p1a: Venusaur|Venusaur, M, shiny|301/301","|-damage|p1a: Venusaur|264/301|[from] Stealth Rock","|move|p2a: ya okas|Scald|p1a: Venusaur","|-crit|p1a: Venusaur","|-resisted|p1a: Venusaur","|-damage|p1a: Venusaur|206/301","|-status|p1a: Venusaur|brn","|","|-heal|p2a: ya okas|393/403|[from] item: Leftovers","|-damage|p1a: Venusaur|169/301 brn|[from] brn","|turn|7","|","|switch|p2a: men2|Jirachi|404/404","|move|p1a: Venusaur|Giga Drain|p2a: men2","|-resisted|p2a: men2","|-damage|p2a: men2|349/404","|-heal|p1a: Venusaur|197/301 brn|[from] drain|[of] p2a: men2","|","|-heal|p2a: men2|374/404|[from] item: Leftovers","|-damage|p1a: Venusaur|160/301 brn|[from] brn","|turn|8","|","|switch|p1a: WTF!!! It|Infernape, M, shiny|288/307","|-damage|p1a: WTF!!! It|250/307|[from] Stealth Rock","|move|p2a: men2|Iron Head|p1a: WTF!!! It","|-resisted|p1a: WTF!!! It","|-damage|p1a: WTF!!! It|178/307","|","|-heal|p2a: men2|399/404|[from] item: Leftovers","|turn|9","|","|switch|p2a: ya okas|Suicune|393/403","|-ability|p2a: ya okas|Pressure","|move|p1a: WTF!!! It|Heat Wave|p2a: ya okas","|-resisted|p2a: ya okas","|-damage|p2a: ya okas|336/403","|","|-heal|p2a: ya okas|361/403|[from] item: Leftovers","|turn|10","|","|switch|p1a: WingedDemon|Vivillon, F, shiny|247/301 tox","|-damage|p1a: WingedDemon|97/301 tox|[from] Stealth Rock","|move|p2a: ya okas|Scald|p1a: WingedDemon","|-damage|p1a: WingedDemon|0 fnt","|faint|p1a: WingedDemon","|","|-heal|p2a: ya okas|386/403|[from] item: Leftovers","|","|switch|p1a: Venusaur|Venusaur, M, shiny|160/301 brn","|-damage|p1a: Venusaur|123/301 brn|[from] Stealth Rock","|turn|11","|","|switch|p2a: men2|Jirachi|399/404","|move|p1a: Venusaur|Giga Drain|p2a: men2","|-resisted|p2a: men2","|-damage|p2a: men2|348/404","|-heal|p1a: Venusaur|149/301 brn|[from] drain|[of] p2a: men2","|","|-heal|p2a: men2|373/404|[from] item: Leftovers","|-damage|p1a: Venusaur|112/301 brn|[from] brn","|turn|12","|","|switch|p1a: WTF!!! It|Infernape, M, shiny|178/307","|-damage|p1a: WTF!!! It|140/307|[from] Stealth Rock","|move|p2a: men2|U-turn|p1a: WTF!!! It","|-resisted|p1a: WTF!!! It","|-damage|p1a: WTF!!! It|118/307","|","|switch|p2a: ya|Hippowdon, M|419/419","|-weather|Sandstorm","|","|-weather|Sandstorm|[upkeep]","|-damage|p1a: WTF!!! It|99/307|[from] sandstorm","|turn|13","|","|switch|p1a: Very Happy Feet|Empoleon, M, shiny|359/359","|-damage|p1a: Very Happy Feet|337/359|[from] Stealth Rock","|switch|p2a: ya okas|Suicune|386/403","|-ability|p2a: ya okas|Pressure","|","|-weather|Sandstorm|[upkeep]","|-damage|p2a: ya okas|361/403|[from] sandstorm","|-heal|p2a: ya okas|386/403|[from] item: Leftovers","|turn|14","|","|switch|p1a: Venusaur|Venusaur, M, shiny|112/301 brn","|-damage|p1a: Venusaur|75/301 brn|[from] Stealth Rock","|move|p2a: ya okas|Scald|p1a: Venusaur","|-resisted|p1a: Venusaur","|-damage|p1a: Venusaur|39/301 brn","|","|-weather|Sandstorm|[upkeep]","|-damage|p1a: Venusaur|21/301 brn|[from] sandstorm","|-damage|p2a: ya okas|361/403|[from] sandstorm","|-heal|p2a: ya okas|386/403|[from] item: Leftovers","|-damage|p1a: Venusaur|0 fnt|[from] brn","|faint|p1a: Venusaur","|","|switch|p1a: PinkDeath|Crobat, M, shiny|311/311","|-damage|p1a: PinkDeath|234/311|[from] Stealth Rock","|turn|15","|","|move|p1a: PinkDeath|Toxic|p2a: ya okas","|-status|p2a: ya okas|tox","|move|p2a: ya okas|Scald|p1a: PinkDeath","|-damage|p1a: PinkDeath|150/311","|","|-weather|Sandstorm|[upkeep]","|-damage|p1a: PinkDeath|131/311|[from] sandstorm","|-damage|p2a: ya okas|361/403 tox|[from] sandstorm","|-heal|p1a: PinkDeath|150/311|[from] item: Black Sludge","|-heal|p2a: ya okas|386/403 tox|[from] item: Leftovers","|-damage|p2a: ya okas|361/403 tox|[from] psn","|turn|16","|","|move|p1a: PinkDeath|Cross Poison|p2a: ya okas","|-damage|p2a: ya okas|307/403 tox","|move|p2a: ya okas|Scald|p1a: PinkDeath","|-damage|p1a: PinkDeath|71/311","|","|-weather|none","|-heal|p1a: PinkDeath|90/311|[from] item: Black Sludge","|-heal|p2a: ya okas|332/403 tox|[from] item: Leftovers","|-damage|p2a: ya okas|282/403 tox|[from] psn","|turn|17","|","|move|p1a: PinkDeath|Dark Pulse|p2a: ya okas","|-damage|p2a: ya okas|226/403 tox","|move|p2a: ya okas|Rest|p2a: ya okas","|-status|p2a: ya okas|slp","|-heal|p2a: ya okas|403/403 slp|[silent]","|-status|p2a: ya okas|slp|[from] move: Rest","|","|-heal|p1a: PinkDeath|109/311|[from] item: Black Sludge","|turn|18","|","|move|p1a: PinkDeath|Cross Poison|p2a: ya okas","|-damage|p2a: ya okas|349/403 slp","|cant|p2a: ya okas|slp","|move|p2a: ya okas|Sleep Talk|p2a: ya okas","|move|p2a: ya okas|Rest|p2a: ya okas|[from]Sleep Talk","|-fail|p2a: ya okas","|","|-heal|p1a: PinkDeath|128/311|[from] item: Black Sludge","|-heal|p2a: ya okas|374/403 slp|[from] item: Leftovers","|turn|19","|","|move|p1a: PinkDeath|Cross Poison|p2a: ya okas","|-damage|p2a: ya okas|326/403 slp","|cant|p2a: ya okas|slp","|move|p2a: ya okas|Sleep Talk|p2a: ya okas","|move|p2a: ya okas|Scald|p1a: PinkDeath|[from]Sleep Talk","|-damage|p1a: PinkDeath|47/311","|-status|p1a: PinkDeath|brn","|","|-heal|p1a: PinkDeath|66/311 brn|[from] item: Black Sludge","|-heal|p2a: ya okas|351/403 slp|[from] item: Leftovers","|-damage|p1a: PinkDeath|28/311 brn|[from] brn","|turn|20","|","|move|p1a: PinkDeath|Cross Poison|p2a: ya okas","|-damage|p2a: ya okas|327/403 slp","|-curestatus|p2a: ya okas|slp","|move|p2a: ya okas|Calm Mind|p2a: ya okas","|-boost|p2a: ya okas|spa|1","|-boost|p2a: ya okas|spd|1","|","|-heal|p1a: PinkDeath|47/311 brn|[from] item: Black Sludge","|-heal|p2a: ya okas|352/403|[from] item: Leftovers","|-damage|p1a: PinkDeath|9/311 brn|[from] brn","|turn|21","|","|move|p1a: PinkDeath|Toxic|p2a: ya okas","|-status|p2a: ya okas|tox","|move|p2a: ya okas|Calm Mind|p2a: ya okas","|-boost|p2a: ya okas|spa|1","|-boost|p2a: ya okas|spd|1","|","|-heal|p1a: PinkDeath|28/311 brn|[from] item: Black Sludge","|-heal|p2a: ya okas|377/403 tox|[from] item: Leftovers","|-damage|p1a: PinkDeath|0 fnt|[from] brn","|-damage|p2a: ya okas|352/403 tox|[from] psn","|faint|p1a: PinkDeath","|","|switch|p1a: Timothy|Milotic, F, shiny|331/331","|-damage|p1a: Timothy|290/331|[from] Stealth Rock","|turn|22","|","|move|p1a: Timothy|Dragon Pulse|p2a: ya okas","|-crit|p2a: ya okas","|-damage|p2a: ya okas|234/403 tox","|move|p2a: ya okas|Calm Mind|p2a: ya okas","|-boost|p2a: ya okas|spa|1","|-boost|p2a: ya okas|spd|1","|","|-heal|p1a: Timothy|310/331|[from] item: Leftovers","|-heal|p2a: ya okas|259/403 tox|[from] item: Leftovers","|-damage|p2a: ya okas|209/403 tox|[from] psn","|turn|23","|","|move|p1a: Timothy|Dragon Pulse|p2a: ya okas","|-damage|p2a: ya okas|180/403 tox","|move|p2a: ya okas|Rest|p2a: ya okas","|-status|p2a: ya okas|slp","|-heal|p2a: ya okas|403/403 slp|[silent]","|-status|p2a: ya okas|slp|[from] move: Rest","|","|-heal|p1a: Timothy|330/331|[from] item: Leftovers","|turn|24","|","|move|p1a: Timothy|Blizzard|p2a: ya okas","|-miss|p1a: Timothy|p2a: ya okas","|cant|p2a: ya okas|slp","|move|p2a: ya okas|Sleep Talk|p2a: ya okas","|move|p2a: ya okas|Rest|p2a: ya okas|[from]Sleep Talk","|-fail|p2a: ya okas","|","|-heal|p1a: Timothy|331/331|[from] item: Leftovers","|turn|25","|","|win|shiunin sora"],"p1rating":{"entryid":"7673278","serverid":"eos","formatid":"ou","userid":"netflixdoma","username":"NETFLIX DOMA","w":"1","l":6,"t":"0","gxe":35.9,"r":"1500","rd":"130","sigma":"0","rptime":"1439715600","rpr":1386.5410311387,"rprd":96.694998971663,"rpsigma":"0","acre":1022.1660277196,"lacre":1022.1660277196,"oldacre":"1040"},"p2rating":{"entryid":7676512,"formatid":"ou","userid":"shiuninsora","username":"shiunin sora","r":1500,"rd":130,"sigma":0,"rpr":1540.1606143388,"rprd":122.8583080769,"rpsigma":0,"rptime":1439715600,"w":1,"l":0,"t":0,"gxe":55,"acre":1044.584930701,"lacre":1044.584930701,"oldacre":1000},"endType":"forfeit"}