{"seed":[52062,12332,44384,24270],"turns":26,"p1":"mazzza","p2":"NETFLIX DOMA","p1team":[{"name":"Conkeldurr","species":"Conkeldurr","item":"assaultvest","ability":"Guts","moves":["drainpunch","icepunch","knockoff","machpunch"],"nature":"Adamant","evs":{"hp":244,"atk":252,"def":0,"spa":0,"spd":0,"spe":12},"ivs":{"hp":31,"atk":31,"def":31,"spa":31,"spd":31,"spe":31}},{"name":"Dragonite","species":"Dragonite","item":"weaknesspolicy","ability":"Multiscale","moves":["dragondance","dragonclaw","earthquake","extremespeed"],"nature":"Adamant","evs":{"hp":0,"atk":252,"def":0,"spa":0,"spd":4,"spe":252},"ivs":{"hp":31,"atk":31,"def":31,"spa":31,"spd":31,"spe":31}},{"name":"Ferrothorn","species":"Ferrothorn","item":"rockyhelmet","ability":"Iron Barbs","moves":["powerwhip","thunderwave","leechseed","protect"],"nature":"Impish","evs":{"hp":248,"atk":8,"def":252,"spa":0,"spd":0,"spe":0},"ivs":{"hp":31,"atk":31,"def":31,"spa":31,"spd":31,"spe":0}},{"name":"Slowking","species":"Slowking","item":"leftovers","ability":"Regenerator","moves":["scald","psyshock","toxic","slackoff"],"nature":"Calm","evs":{"hp":252,"atk":0,"def":0,"spa":4,"spd":252,"spe":0},"ivs":{"hp":31,"atk":0,"def":31,"spa":31,"spd":31,"spe":31}},{"name":"Infernape","species":"Infernape","item":"focussash","ability":"Iron Fist","moves":["stealthrock","overheat","closecombat","machpunch"],"nature":"Hasty","evs":{"hp":0,"atk":252,"def":0,"spa":4,"spd":0,"spe":252},"ivs":{"hp":31,"atk":31,"def":31,"spa":31,"spd":31,"spe":31}},{"name":"Venusaur","species":"Venusaur","item":"venusaurite","ability":"Chlorophyll","moves":["gigadrain","sludgebomb","sleeppowder","leechseed"],"nature":"Modest","evs":{"hp":252,"atk":0,"def":0,"spa":252,"spd":4,"spe":0},"ivs":{"hp":31,"atk":0,"def":31,"spa":31,"spd":31,"spe":31}}],"p2team":[{"name":"Venusaur","species":"Venusaur","item":"venusaurite","ability":"Chlorophyll","moves":["synthesis","leechseed","gigadrain","hiddenpowerwater"],"nature":"","evs":{"hp":0,"atk":0,"def":100,"spa":252,"spd":100,"spe":56},"gender":"M","ivs":{"hp":31,"atk":30,"def":30,"spa":30,"spd":31,"spe":31},"shiny":true},{"name":"WTF!!! It","species":"infernape","item":"choicescarf","ability":"Blaze","moves":["nastyplot","earthquake","heatwave","dig"],"nature":"Hasty","evs":{"hp":56,"atk":252,"def":0,"spa":100,"spd":100,"spe":0},"gender":"M","shiny":true,"ivs":{"hp":31,"atk":31,"def":31,"spa":31,"spd":31,"spe":31}},{"name":"PinkDeath","species":"crobat","item":"blacksludge","ability":"Inner Focus","moves":["heatwave","toxic","crosspoison","darkpulse"],"nature":"Hardy","evs":{"hp":0,"atk":0,"def":0,"spa":252,"spd":222,"spe":34},"gender":"M","shiny":true,"ivs":{"hp":31,"atk":31,"def":31,"spa":31,"spd":31,"spe":31}},{"name":"Very Happy Feet","species":"empoleon","item":"shellbell","ability":"Torrent","moves":["drillpeck","icebeam","flashcannon","dive"],"nature":"Naive","evs":{"hp":200,"atk":252,"def":0,"spa":56,"spd":0,"spe":0},"shiny":true,"ivs":{"hp":31,"atk":31,"def":31,"spa":31,"spd":31,"spe":31}},{"name":"WingedDemon","species":"vivillon","item":"leftovers","ability":"Shield Dust","moves":["gigadrain","hiddenpowerice","bugbuzz","roost"],"nature":"","evs":{"hp":0,"atk":0,"def":0,"spa":252,"spd":100,"spe":156},"gender":"F","ivs":{"hp":31,"atk":30,"def":30,"spa":31,"spd":31,"spe":31},"shiny":true},{"name":"Timothy","species":"milotic","item":"leftovers","ability":"Marvel Scale","moves":["dragonpulse","blizzard","hydropump","substitute"],"nature":"","evs":{"hp":0,"atk":4,"def":0,"spa":252,"spd":0,"spe":252},"gender":"F","shiny":true,"ivs":{"hp":31,"atk":31,"def":31,"spa":31,"spd":31,"spe":31}}],"log":["|player|p1|mazzza|170","|player|p2|NETFLIX DOMA|284","|gametype|singles","|gen|6","|tier|OU","|rated","|clearpoke","|poke|p1|Conkeldurr, M","|poke|p1|Dragonite, F","|poke|p1|Ferrothorn, M","|poke|p1|Slowking, M","|poke|p1|Infernape, M","|poke|p1|Venusaur, M","|poke|p2|Venusaur, M, shiny","|poke|p2|Infernape, M, shiny","|poke|p2|Crobat, M, shiny","|poke|p2|Empoleon, F, shiny","|poke|p2|Vivillon, F, shiny","|poke|p2|Milotic, F, shiny","|rule|Swagger Clause: Swagger is banned","|rule|Baton Pass Clause: Limit one Baton Passer, can't pass Spe and other stats simultaneously","|rule|Sleep Clause Mod: Limit one foe put to sleep","|rule|Species Clause: Limit one of each Pokémon","|rule|OHKO Clause: OHKO moves are banned","|rule|Moody Clause: Moody is banned","|rule|Evasion Moves Clause: Evasion moves are banned","|rule|Endless Battle Clause: Forcing endless battles is banned","|rule|HP Percentage Mod: HP is shown in percentages","|teampreview","|","|start","|switch|p1a: Infernape|Infernape, M|293/293","|switch|p2a: WingedDemon|Vivillon, F, shiny|301/301","|turn|1","|","|switch|p2a: Timothy|Milotic, F, shiny|331/331","|move|p1a: Infernape|Overheat|p2a: Timothy|[miss]","|-miss|p1a: Infernape|p2a: Timothy","|","|turn|2","|","|switch|p1a: Slowking|Slowking, M|394/394","|move|p2a: Timothy|Hydro Pump|p1a: Slowking|[miss]","|-miss|p2a: Timothy|p1a: Slowking","|","|turn|3","|","|switch|p1a: Conkeldurr|Conkeldurr, M|412/412","|move|p2a: Timothy|Dragon Pulse|p1a: Conkeldurr","|-damage|p1a: Conkeldurr|325/412","|","|turn|4","|","|move|p2a: Timothy|Blizzard|p1a: Conkeldurr","|-miss|p2a: Timothy|p1a: Conkeldurr","|move|p1a: Conkeldurr|Knock Off|p2a: Timothy","|-damage|p2a: Timothy|171/331","|-enditem|p2a: Timothy|Leftovers|[from] move: Knock Off|[of] p1a: Conkeldurr","|","|turn|5","|","|move|p2a: Timothy|Substitute|p2a: Timothy","|-start|p2a: Timothy|Substitute","|-damage|p2a: Timothy|89/331","|move|p1a: Conkeldurr|Drain Punch|p2a: Timothy","|-end|p2a: Timothy|Substitute","|-heal|p1a: Conkeldurr|366/412|[from] drain|[of] p2a: Timothy","|","|turn|6","|","|move|p2a: Timothy|Dragon Pulse|p1a: Conkeldurr","|-damage|p1a: Conkeldurr|283/412","|move|p1a: Conkeldurr|Knock Off|p2a: Timothy","|-crit|p2a: Timothy","|-damage|p2a: Timothy|0 fnt","|faint|p2a: Timothy","|","|","|switch|p2a: Venusaur|Venusaur, M, shiny|301/301","|turn|7","|","|detailschange|p2a: Venusaur|Venusaur-Mega, M, shiny","|-mega|p2a: Venusaur|Venusaur|Venusaurite","|move|p2a: Venusaur|Giga Drain|p1a: Conkeldurr","|-damage|p1a: Conkeldurr|165/412","|move|p1a: Conkeldurr|Ice Punch|p2a: Venusaur","|-supereffective|p2a: Venusaur","|-damage|p2a: Venusaur|217/301","|","|turn|8","|","|switch|p1a: Ferrothorn|Ferrothorn, M|351/351","|move|p2a: Venusaur|Giga Drain|p1a: Ferrothorn","|-resisted|p1a: Ferrothorn","|-damage|p1a: Ferrothorn|326/351","|-heal|p2a: Venusaur|230/301|[from] drain|[of] p1a: Ferrothorn","|","|turn|9","|","|move|p2a: Venusaur|Leech Seed|p1a: Ferrothorn","|-immune|p1a: Ferrothorn|[msg]","|move|p1a: Ferrothorn|Thunder Wave|p2a: Venusaur","|-status|p2a: Venusaur|par","|","|turn|10","|","|switch|p2a: WTF!!! It|Infernape, M, shiny|307/307","|switch|p1a: Venusaur|Venusaur, M|364/364","|","|turn|11","|","|detailschange|p1a: Venusaur|Venusaur-Mega, M","|-mega|p1a: Venusaur|Venusaur|Venusaurite","|move|p2a: WTF!!! It|Heat Wave|p1a: Venusaur","|-supereffective|p1a: Venusaur","|-damage|p1a: Venusaur|262/364","|move|p1a: Venusaur|Sludge Bomb|p2a: WTF!!! It","|-damage|p2a: WTF!!! It|127/307","|","|turn|12","|","|switch|p2a: PinkDeath|Crobat, M, shiny|311/311","|switch|p1a: Slowking|Slowking, M|394/394","|","|turn|13","|","|move|p2a: PinkDeath|Dark Pulse|p1a: Slowking","|-supereffective|p1a: Slowking","|-damage|p1a: Slowking|302/394","|move|p1a: Slowking|Psyshock|p2a: PinkDeath","|-supereffective|p2a: PinkDeath","|-damage|p2a: PinkDeath|89/311","|","|-heal|p2a: PinkDeath|108/311|[from] item: Black Sludge","|-heal|p1a: Slowking|326/394|[from] item: Leftovers","|turn|14","|","|move|p2a: PinkDeath|Dark Pulse|p1a: Slowking","|-supereffective|p1a: Slowking","|-damage|p1a: Slowking|240/394","|move|p1a: Slowking|Scald|p2a: PinkDeath","|-damage|p2a: PinkDeath|20/311","|","|-heal|p2a: PinkDeath|39/311|[from] item: Black Sludge","|-heal|p1a: Slowking|264/394|[from] item: Leftovers","|turn|15","|","|move|p2a: PinkDeath|Dark Pulse|p1a: Slowking","|-supereffective|p1a: Slowking","|-damage|p1a: Slowking|170/394","|move|p1a: Slowking|Slack Off|p1a: Slowking","|-heal|p1a: Slowking|367/394","|","|-heal|p2a: PinkDeath|58/311|[from] item: Black Sludge","|-heal|p1a: Slowking|391/394|[from] item: Leftovers","|turn|16","|","|move|p2a: PinkDeath|Dark Pulse|p1a: Slowking","|-supereffective|p1a: Slowking","|-damage|p1a: Slowking|309/394","|move|p1a: Slowking|Psyshock|p2a: PinkDeath","|-crit|p2a: PinkDeath","|-supereffective|p2a: PinkDeath","|-damage|p2a: PinkDeath|0 fnt","|faint|p2a: PinkDeath","|","|-heal|p1a: Slowking|333/394|[from] item: Leftovers","|","|switch|p2a: Very Happy Feet|Empoleon, F, shiny|359/359","|turn|17","|","|switch|p1a: Venusaur|Venusaur-Mega, M|262/364","|move|p2a: Very Happy Feet|Drill Peck|p1a: Venusaur","|-supereffective|p1a: Venusaur","|-damage|p1a: Venusaur|144/364","|","|turn|18","|","|move|p1a: Venusaur|Leech Seed|p2a: Very Happy Feet","|-start|p2a: Very Happy Feet|move: Leech Seed","|move|p2a: Very Happy Feet|Ice Beam|p1a: Venusaur","|-supereffective|p1a: Venusaur","|-damage|p1a: Venusaur|78/364","|","|-damage|p2a: Very Happy Feet|315/359|[from] Leech Seed|[of] p1a: Venusaur","|-heal|p1a: Venusaur|122/364|[silent]","|turn|19","|","|move|p1a: Venusaur|Sleep Powder|p2a: Very Happy Feet|[miss]","|-miss|p1a: Venusaur|p2a: Very Happy Feet","|move|p2a: Very Happy Feet|Drill Peck|p1a: Venusaur","|-supereffective|p1a: Venusaur","|-damage|p1a: Venusaur|0 fnt","|-heal|p2a: Very Happy Feet|330/359|[from] item: Shell Bell|[of] p1a: Venusaur","|faint|p1a: Venusaur","|","|","|switch|p1a: Conkeldurr|Conkeldurr, M|165/412","|turn|20","|","|move|p2a: Very Happy Feet|Drill Peck|p1a: Conkeldurr","|-supereffective|p1a: Conkeldurr","|-damage|p1a: Conkeldurr|9/412","|-heal|p2a: Very Happy Feet|349/359|[from] item: Shell Bell|[of] p1a: Conkeldurr","|move|p1a: Conkeldurr|Drain Punch|p2a: Very Happy Feet","|-supereffective|p2a: Very Happy Feet","|-damage|p2a: Very Happy Feet|0 fnt","|-heal|p1a: Conkeldurr|184/412|[from] drain|[of] p2a: Very Happy Feet","|faint|p2a: Very Happy Feet","|","|","|switch|p2a: WingedDemon|Vivillon, F, shiny|301/301","|turn|21","|","|move|p2a: WingedDemon|Roost|p2a: WingedDemon","|-fail|p2a: WingedDemon","|move|p1a: Conkeldurr|Ice Punch|p2a: WingedDemon","|-supereffective|p2a: WingedDemon","|-damage|p2a: WingedDemon|0 fnt","|faint|p2a: WingedDemon","|","|","|switch|p2a: WTF!!! It|Infernape, M, shiny|127/307","|turn|22","|","|move|p1a: Conkeldurr|Mach Punch|p2a: WTF!!! It","|-damage|p2a: WTF!!! It|0 fnt","|faint|p2a: WTF!!! It","|","|","|switch|p2a: Venusaur|Venusaur-Mega, M, shiny|230/301 par","|turn|23","|","|move|p1a: Conkeldurr|Ice Punch|p2a: Venusaur","|-supereffective|p2a: Venusaur","|-damage|p2a: Venusaur|148/301 par","|move|p2a: Venusaur|Giga Drain|p1a: Conkeldurr","|-damage|p1a: Conkeldurr|60/412","|-heal|p2a: Venusaur|210/301 par|[from] drain|[of] p1a: Conkeldurr","|","|turn|24","|","|move|p1a: Conkeldurr|Ice Punch|p2a: Venusaur","|-supereffective|p2a: Venusaur","|-damage|p2a: Venusaur|132/301 par","|cant|p2a: Venusaur|par","|","|turn|25","|","|move|p1a: Conkeldurr|Ice Punch|p2a: Venusaur","|-supereffective|p2a: Venusaur","|-damage|p2a: Venusaur|46/301 par","|move|p2a: Venusaur|Giga Drain|p1a: Conkeldurr","|-damage|p1a: Conkeldurr|0 fnt","|-heal|p2a: Venusaur|76/301 par|[from] drain|[of] p1a: Conkeldurr","|faint|p1a: Conkeldurr","|","|","|switch|p1a: Dragonite|Dragonite, F|323/323","|turn|26","|","|move|p1a: Dragonite|Dragon Claw|p2a: Venusaur","|-damage|p2a: Venusaur|0 fnt","|faint|p2a: Venusaur","|","|win|mazzza"],"p1rating":{"entryid":7679549,"formatid":"ou","userid":"mazzza","username":"mazzza","r":1500,"rd":130,"sigma":0,"rpr":1540.1606143388,"rprd":122.8583080769,"rpsigma":0,"rptime":1439715600,"w":1,"l":0,"t":0,"gxe":55,"acre":1040,"lacre":1040,"oldacre":1000},"p2rating":{"entryid":"7673278","serverid":"eos","formatid":"ou","userid":"netflixdoma","username":"NETFLIX DOMA","w":"1","l":12,"t":"0","gxe":27.5,"r":"1500","rd":"130","sigma":"0","rptime":"1439715600","rpr":1312.7365512415,"rprd":81.789403878857,"rpsigma":"0","acre":1000,"lacre":1000,"oldacre":"1000"},"endType":"normal"}