{"seed":[23101,22912,33449,31229],"turns":30,"p1":"redcarrot","p2":"TomNut","p1team":[{"name":"Ferrothorn","species":"Ferrothorn","item":"shedshell","ability":"Iron Barbs","moves":["stealthrock","leechseed","protect","powerwhip"],"nature":"Relaxed","evs":{"hp":252,"atk":4,"def":252,"spa":0,"spd":0,"spe":0},"ivs":{"hp":31,"atk":31,"def":31,"spa":31,"spd":31,"spe":0}},{"name":"Heatran","species":"Heatran","item":"leftovers","ability":"Flash Fire","moves":["lavaplume","toxic","earthpower","taunt"],"nature":"Calm","evs":{"hp":248,"atk":0,"def":0,"spa":0,"spd":192,"spe":68},"ivs":{"hp":31,"atk":31,"def":31,"spa":31,"spd":31,"spe":31}},{"name":"Sableye","species":"Sableye","item":"sablenite","ability":"Prankster","moves":["calmmind","shadowball","recover","willowisp"],"nature":"Bold","evs":{"hp":252,"atk":0,"def":252,"spa":0,"spd":4,"spe":0},"ivs":{"hp":31,"atk":31,"def":31,"spa":31,"spd":31,"spe":31}},{"name":"Dugtrio","species":"Dugtrio","item":"choiceband","ability":"Arena Trap","moves":["earthquake","stoneedge","suckerpunch","reversal"],"nature":"Jolly","evs":{"hp":0,"atk":252,"def":4,"spa":0,"spd":0,"spe":252},"ivs":{"hp":31,"atk":31,"def":31,"spa":31,"spd":31,"spe":31}},{"name":"Gastrodon","species":"Gastrodon","item":"leftovers","ability":"Storm Drain","moves":["scald","earthquake","toxic","recover"],"nature":"Relaxed","evs":{"hp":252,"atk":0,"def":252,"spa":0,"spd":4,"spe":0},"ivs":{"hp":31,"atk":31,"def":31,"spa":31,"spd":31,"spe":31}},{"name":"Talonflame","species":"Talonflame","item":"sharpbeak","ability":"Gale Wings","moves":["bravebird","flareblitz","swordsdance","roost"],"nature":"Jolly","evs":{"hp":0,"atk":252,"def":4,"spa":0,"spd":0,"spe":252},"ivs":{"hp":31,"atk":31,"def":31,"spa":31,"spd":31,"spe":31}}],"p2team":[{"name":"Sableye","species":"Sableye","item":"sablenite","ability":"Prankster","moves":["calmmind","recover","snarl","willowisp"],"nature":"Bold","evs":{"hp":252,"atk":0,"def":200,"spa":0,"spd":56,"spe":0},"ivs":{"hp":31,"atk":0,"def":31,"spa":31,"spd":31,"spe":31}},{"name":"Heatran","species":"Heatran","item":"choicespecs","ability":"Flash Fire","moves":["earthpower","flashcannon","lavaplume","hiddenpowerice"],"nature":"Modest","evs":{"hp":252,"atk":0,"def":4,"spa":0,"spd":0,"spe":252},"ivs":{"hp":31,"atk":30,"def":30,"spa":31,"spd":31,"spe":31}},{"name":"Scizor","species":"Scizor","item":"choiceband","ability":"Technician","moves":["uturn","bugbite","bulletpunch","pursuit"],"nature":"Adamant","evs":{"hp":252,"atk":252,"def":0,"spa":0,"spd":4,"spe":0},"ivs":{"hp":31,"atk":31,"def":31,"spa":31,"spd":31,"spe":31}},{"name":"Clefable","species":"Clefable","item":"leftovers","ability":"Unaware","moves":["calmmind","moonblast","flamethrower","moonlight"],"nature":"Bold","evs":{"hp":252,"atk":0,"def":252,"spa":0,"spd":4,"spe":0},"ivs":{"hp":31,"atk":0,"def":31,"spa":31,"spd":31,"spe":31}},{"name":"Amoonguss","species":"Amoonguss","item":"blacksludge","ability":"Regenerator","moves":["spore","gigadrain","sludgebomb","synthesis"],"nature":"Calm","evs":{"hp":252,"atk":0,"def":128,"spa":0,"spd":128,"spe":0},"ivs":{"hp":31,"atk":0,"def":31,"spa":31,"spd":31,"spe":31}},{"name":"Excadrill","species":"Excadrill","item":"choicescarf","ability":"Mold Breaker","moves":["earthquake","rockslide","facade","ironhead"],"nature":"Adamant","evs":{"hp":4,"atk":252,"def":0,"spa":0,"spd":0,"spe":252},"ivs":{"hp":31,"atk":31,"def":31,"spa":31,"spd":31,"spe":31}}],"log":["|player|p1|redcarrot|169","|player|p2|TomNut|29","|gametype|singles","|gen|6","|tier|OU","|rated","|clearpoke","|poke|p1|Ferrothorn, F","|poke|p1|Heatran, F","|poke|p1|Sableye, F","|poke|p1|Dugtrio, F","|poke|p1|Gastrodon, F","|poke|p1|Talonflame, F","|poke|p2|Sableye, F","|poke|p2|Heatran, M","|poke|p2|Scizor, M","|poke|p2|Clefable, M","|poke|p2|Amoonguss, F","|poke|p2|Excadrill, M","|rule|Swagger Clause: Swagger is banned","|rule|Baton Pass Clause: Limit one Baton Passer, can't pass Spe and other stats simultaneously","|rule|Sleep Clause Mod: Limit one foe put to sleep","|rule|Species Clause: Limit one of each Pokémon","|rule|OHKO Clause: OHKO moves are banned","|rule|Moody Clause: Moody is banned","|rule|Evasion Moves Clause: Evasion moves are banned","|rule|Endless Battle Clause: Forcing endless battles is banned","|rule|HP Percentage Mod: HP is shown in percentages","|teampreview","|","|start","|switch|p1a: Dugtrio|Dugtrio, F|211/211","|switch|p2a: Sableye|Sableye, F|304/304","|turn|1","|","|switch|p1a: Heatran|Heatran, F|385/385","|move|p2a: Sableye|Will-O-Wisp|p1a: Heatran","|-start|p1a: Heatran|ability: Flash Fire","|","|turn|2","|","|detailschange|p2a: Sableye|Sableye-Mega, F","|-mega|p2a: Sableye|Sableye|Sablenite","|move|p1a: Heatran|Earth Power|p2a: Sableye","|-damage|p2a: Sableye|234/304","|move|p2a: Sableye|Snarl|p1a: Heatran","|-damage|p1a: Heatran|346/385","|-unboost|p1a: Heatran|spa|1","|","|-heal|p1a: Heatran|370/385|[from] item: Leftovers","|turn|3","|","|-end|p1a: Heatran|ability: Flash Fire|[silent]","|switch|p1a: Sableye|Sableye, F|304/304","|move|p2a: Sableye|Snarl|p1a: Sableye","|-damage|p1a: Sableye|222/304","|-unboost|p1a: Sableye|spa|1","|","|turn|4","|","|detailschange|p1a: Sableye|Sableye-Mega, F","|-mega|p1a: Sableye|Sableye|Sablenite","|move|p1a: Sableye|Calm Mind|p1a: Sableye","|-boost|p1a: Sableye|spa|1","|-boost|p1a: Sableye|spd|1","|move|p2a: Sableye|Calm Mind|p2a: Sableye","|-boost|p2a: Sableye|spa|1","|-boost|p2a: Sableye|spd|1","|","|turn|5","|","|switch|p1a: Talonflame|Talonflame, F|297/297","|move|p2a: Sableye|Snarl|p1a: Talonflame","|-damage|p1a: Talonflame|180/297","|-unboost|p1a: Talonflame|spa|1","|","|turn|6","|","|move|p1a: Talonflame|Swords Dance|p1a: Talonflame","|-boost|p1a: Talonflame|atk|2","|move|p2a: Sableye|Snarl|p1a: Talonflame","|-damage|p1a: Talonflame|72/297","|-unboost|p1a: Talonflame|spa|1","|","|turn|7","|","|switch|p2a: Heatran|Heatran, M|386/386","|move|p1a: Talonflame|Roost|p1a: Talonflame","|-heal|p1a: Talonflame|221/297","|","|turn|8","|","|switch|p1a: Gastrodon|Gastrodon, F|426/426","|move|p2a: Heatran|Lava Plume|p1a: Gastrodon","|-resisted|p1a: Gastrodon","|-damage|p1a: Gastrodon|307/426","|-status|p1a: Gastrodon|brn","|","|-heal|p1a: Gastrodon|333/426 brn|[from] item: Leftovers","|-damage|p1a: Gastrodon|280/426 brn|[from] brn","|turn|9","|","|switch|p2a: Amoonguss|Amoonguss, F|432/432","|move|p1a: Gastrodon|Scald|p2a: Amoonguss","|-resisted|p2a: Amoonguss","|-damage|p2a: Amoonguss|390/432","|","|-heal|p1a: Gastrodon|306/426 brn|[from] item: Leftovers","|-heal|p2a: Amoonguss|417/432|[from] item: Black Sludge","|-damage|p1a: Gastrodon|253/426 brn|[from] brn","|turn|10","|","|switch|p1a: Sableye|Sableye-Mega, F|222/304","|move|p2a: Amoonguss|Giga Drain|p1a: Sableye","|-damage|p1a: Sableye|149/304","|-heal|p2a: Amoonguss|432/432|[from] drain|[of] p1a: Sableye","|","|turn|11","|","|switch|p2a: Clefable|Clefable, M|394/394","|move|p1a: Sableye|Recover|p1a: Sableye","|-heal|p1a: Sableye|301/304","|","|turn|12","|","|switch|p1a: Heatran|Heatran, F|370/385","|move|p2a: Clefable|Calm Mind|p2a: Clefable","|-boost|p2a: Clefable|spa|1","|-boost|p2a: Clefable|spd|1","|","|-heal|p1a: Heatran|385/385|[from] item: Leftovers","|turn|13","|","|move|p1a: Heatran|Taunt|p2a: Clefable","|-start|p2a: Clefable|move: Taunt","|cant|p2a: Clefable|move: Taunt|Calm Mind","|","|turn|14","|","|switch|p2a: Heatran|Heatran, M|386/386","|move|p1a: Heatran|Earth Power|p2a: Heatran","|-supereffective|p2a: Heatran","|-damage|p2a: Heatran|42/386","|","|turn|15","|","|switch|p1a: Gastrodon|Gastrodon, F|253/426 brn","|move|p2a: Heatran|Earth Power|p1a: Gastrodon","|-crit|p1a: Gastrodon","|-damage|p1a: Gastrodon|10/426 brn","|","|-heal|p1a: Gastrodon|36/426 brn|[from] item: Leftovers","|-damage|p1a: Gastrodon|0 fnt|[from] brn","|faint|p1a: Gastrodon","|","|switch|p1a: Dugtrio|Dugtrio, F|211/211","|turn|16","|","|move|p1a: Dugtrio|Earthquake|p2a: Heatran","|-supereffective|p2a: Heatran","|-damage|p2a: Heatran|0 fnt","|faint|p2a: Heatran","|","|","|switch|p2a: Scizor|Scizor, M|344/344","|turn|17","|","|switch|p1a: Ferrothorn|Ferrothorn, F|352/352","|move|p2a: Scizor|Bullet Punch|p1a: Ferrothorn","|-resisted|p1a: Ferrothorn","|-damage|p1a: Ferrothorn|303/352","|-damage|p2a: Scizor|301/344|[from] ability: Iron Barbs|[of] p1a: Ferrothorn","|","|turn|18","|","|switch|p2a: Clefable|Clefable, M|394/394","|move|p1a: Ferrothorn|Leech Seed|p2a: Clefable","|-start|p2a: Clefable|move: Leech Seed","|","|-damage|p2a: Clefable|345/394|[from] Leech Seed|[of] p1a: Ferrothorn","|-heal|p1a: Ferrothorn|352/352|[silent]","|turn|19","|","|switch|p1a: Heatran|Heatran, F|385/385","|move|p2a: Clefable|Flamethrower|p1a: Heatran","|-start|p1a: Heatran|ability: Flash Fire","|","|-heal|p2a: Clefable|369/394|[from] item: Leftovers","|-damage|p2a: Clefable|320/394|[from] Leech Seed|[of] p1a: Heatran","|turn|20","|","|switch|p2a: Sableye|Sableye-Mega, F|234/304","|move|p1a: Heatran|Lava Plume|p2a: Sableye","|-damage|p2a: Sableye|98/304","|","|turn|21","|","|move|p1a: Heatran|Lava Plume|p2a: Sableye","|-damage|p2a: Sableye|0 fnt","|faint|p2a: Sableye","|","|","|switch|p2a: Excadrill|Excadrill, M|362/362","|-ability|p2a: Excadrill|Mold Breaker","|turn|22","|","|-end|p1a: Heatran|ability: Flash Fire|[silent]","|switch|p1a: Sableye|Sableye-Mega, F|301/304","|move|p2a: Excadrill|Rock Slide|p1a: Sableye","|-damage|p1a: Sableye|235/304","|","|turn|23","|","|switch|p2a: Amoonguss|Amoonguss, F|432/432","|move|p1a: Sableye|Will-O-Wisp|p2a: Amoonguss","|-status|p2a: Amoonguss|brn","|","|-damage|p2a: Amoonguss|378/432 brn|[from] brn","|turn|24","|","|move|p2a: Amoonguss|Giga Drain|p1a: Sableye","|-damage|p1a: Sableye|172/304","|-heal|p2a: Amoonguss|410/432 brn|[from] drain|[of] p1a: Sableye","|move|p1a: Sableye|Calm Mind|p1a: Sableye","|-boost|p1a: Sableye|spa|1","|-boost|p1a: Sableye|spd|1","|","|-heal|p2a: Amoonguss|432/432 brn|[from] item: Black Sludge","|-damage|p2a: Amoonguss|378/432 brn|[from] brn","|turn|25","|","|switch|p2a: Clefable|Clefable, M|320/394","|move|p1a: Sableye|Recover|p1a: Sableye","|-heal|p1a: Sableye|304/304","|","|-heal|p2a: Clefable|344/394|[from] item: Leftovers","|turn|26","|","|switch|p1a: Heatran|Heatran, F|385/385","|move|p2a: Clefable|Moonblast|p1a: Heatran","|-resisted|p1a: Heatran","|-damage|p1a: Heatran|365/385","|","|-heal|p1a: Heatran|385/385|[from] item: Leftovers","|-heal|p2a: Clefable|368/394|[from] item: Leftovers","|turn|27","|","|move|p1a: Heatran|Lava Plume|p2a: Clefable","|-damage|p2a: Clefable|229/394","|move|p2a: Clefable|Calm Mind|p2a: Clefable","|-boost|p2a: Clefable|spa|1","|-boost|p2a: Clefable|spd|1","|","|-heal|p2a: Clefable|253/394|[from] item: Leftovers","|turn|28","|","|move|p1a: Heatran|Taunt|p2a: Clefable","|-start|p2a: Clefable|move: Taunt","|cant|p2a: Clefable|move: Taunt|Moonlight","|","|-heal|p2a: Clefable|277/394|[from] item: Leftovers","|turn|29","|","|move|p1a: Heatran|Lava Plume|p2a: Clefable","|-damage|p2a: Clefable|190/394","|-status|p2a: Clefable|brn","|move|p2a: Clefable|Moonblast|p1a: Heatran","|-resisted|p1a: Heatran","|-damage|p1a: Heatran|356/385","|","|-heal|p1a: Heatran|380/385|[from] item: Leftovers","|-heal|p2a: Clefable|214/394 brn|[from] item: Leftovers","|-damage|p2a: Clefable|165/394 brn|[from] brn","|turn|30","|","|win|redcarrot"],"p1rating":{"entryid":7680674,"formatid":"ou","userid":"redcarrot","username":"redcarrot","r":1500,"rd":130,"sigma":0,"rpr":1537.2627421611,"rprd":122.39039357981,"rpsigma":0,"rptime":1439715600,"w":1,"l":0,"t":0,"gxe":54.7,"acre":1047.7913948046,"lacre":1047.7913948046,"oldacre":1000},"p2rating":{"entryid":"6842220","serverid":"eos","formatid":"ou","userid":"tomnut","username":"TomNut","w":"5","l":8,"t":"0","gxe":43,"r":"1463.2024050134","rd":"89.499327211771","sigma":"0","rptime":"1439715600","rpr":1444.9927925413,"rprd":87.087111296644,"rpsigma":"0","acre":1044.3176911258,"lacre":1044.3176911258,"oldacre":"1068.5511150995"},"endType":"forfeit"}