{"seed":[33332,62570,9847,55357],"turns":22,"p1":"Tio_Red 1.0","p2":"mazzza","p1team":[{"name":"Defensivo","species":"conkeldurr","item":"assaultvest","ability":"Iron Fist","moves":["poisonjab","drainpunch","machpunch","thunderpunch"],"nature":"Adamant","evs":{"hp":0,"atk":252,"def":252,"spa":0,"spd":4,"spe":0},"gender":"M","ivs":{"hp":31,"atk":31,"def":31,"spa":31,"spd":31,"spe":31}},{"name":"Hoopa-Unbound","species":"Hoopa-Unbound","item":"lifeorb","ability":"Magician","moves":["darkpulse","hyperspacehole","focusblast","hiddenpowerfire"],"nature":"Modest","evs":{"hp":0,"atk":0,"def":0,"spa":252,"spd":4,"spe":252},"ivs":{"atk":30,"spa":30,"spe":30,"hp":31,"def":31,"spd":31}},{"name":"Talonflame","species":"Talonflame","item":"","ability":"Gale Wings","moves":["acrobatics","flamecharge","roost","swordsdance"],"nature":"Adamant","evs":{"hp":4,"atk":252,"def":0,"spa":0,"spd":0,"spe":252},"gender":"M","ivs":{"hp":31,"atk":31,"def":31,"spa":31,"spd":31,"spe":31}},{"name":"Garchomp","species":"Garchomp","item":"rockyhelmet","ability":"Rough Skin","moves":["earthquake","dragonclaw","poisonjab","firefang"],"nature":"Adamant","evs":{"hp":0,"atk":252,"def":0,"spa":0,"spd":4,"spe":252},"gender":"M","ivs":{"hp":31,"atk":31,"def":31,"spa":31,"spd":31,"spe":31}},{"name":"Serperior","species":"Serperior","item":"wiseglasses","ability":"Contrary","moves":["leafstorm","hiddenpowerrock","dragonpulse","gigadrain"],"nature":"Modest","evs":{"hp":0,"atk":0,"def":0,"spa":252,"spd":4,"spe":252},"gender":"M","ivs":{"def":30,"spd":30,"spe":30,"hp":31,"atk":31,"spa":31}},{"name":"Alakazam","species":"Alakazam","item":"alakazite","ability":"Synchronize","moves":["focusblast","psychic","shadowball","hiddenpowerfire"],"nature":"Timid","evs":{"hp":0,"atk":0,"def":0,"spa":252,"spd":4,"spe":252},"gender":"M","ivs":{"atk":30,"spa":30,"spe":30,"hp":31,"def":31,"spd":31}}],"p2team":[{"name":"Conkeldurr","species":"Conkeldurr","item":"assaultvest","ability":"Guts","moves":["drainpunch","icepunch","knockoff","machpunch"],"nature":"Adamant","evs":{"hp":244,"atk":252,"def":0,"spa":0,"spd":0,"spe":12},"ivs":{"hp":31,"atk":31,"def":31,"spa":31,"spd":31,"spe":31}},{"name":"Dragonite","species":"Dragonite","item":"weaknesspolicy","ability":"Multiscale","moves":["dragondance","dragonclaw","earthquake","extremespeed"],"nature":"Adamant","evs":{"hp":0,"atk":252,"def":0,"spa":0,"spd":4,"spe":252},"ivs":{"hp":31,"atk":31,"def":31,"spa":31,"spd":31,"spe":31}},{"name":"Ferrothorn","species":"Ferrothorn","item":"rockyhelmet","ability":"Iron Barbs","moves":["powerwhip","thunderwave","leechseed","protect"],"nature":"Impish","evs":{"hp":248,"atk":8,"def":252,"spa":0,"spd":0,"spe":0},"ivs":{"hp":31,"atk":31,"def":31,"spa":31,"spd":31,"spe":0}},{"name":"Slowking","species":"Slowking","item":"leftovers","ability":"Regenerator","moves":["scald","psyshock","toxic","slackoff"],"nature":"Calm","evs":{"hp":252,"atk":0,"def":0,"spa":4,"spd":252,"spe":0},"ivs":{"hp":31,"atk":0,"def":31,"spa":31,"spd":31,"spe":31}},{"name":"Infernape","species":"Infernape","item":"focussash","ability":"Iron Fist","moves":["stealthrock","overheat","closecombat","machpunch"],"nature":"Hasty","evs":{"hp":0,"atk":252,"def":0,"spa":4,"spd":0,"spe":252},"ivs":{"hp":31,"atk":31,"def":31,"spa":31,"spd":31,"spe":31}},{"name":"Venusaur","species":"Venusaur","item":"venusaurite","ability":"Chlorophyll","moves":["gigadrain","sludgebomb","sleeppowder","leechseed"],"nature":"Modest","evs":{"hp":252,"atk":0,"def":0,"spa":252,"spd":4,"spe":0},"ivs":{"hp":31,"atk":0,"def":31,"spa":31,"spd":31,"spe":31}}],"log":["|player|p1|Tio_Red 1.0|163","|player|p2|mazzza|170","|gametype|singles","|gen|6","|tier|OU","|rated","|clearpoke","|poke|p1|Conkeldurr, M","|poke|p1|Hoopa-Unbound","|poke|p1|Talonflame, M","|poke|p1|Garchomp, M","|poke|p1|Serperior, M","|poke|p1|Alakazam, M","|poke|p2|Conkeldurr, F","|poke|p2|Dragonite, M","|poke|p2|Ferrothorn, M","|poke|p2|Slowking, F","|poke|p2|Infernape, M","|poke|p2|Venusaur, M","|rule|Swagger Clause: Swagger is banned","|rule|Baton Pass Clause: Limit one Baton Passer, can't pass Spe and other stats simultaneously","|rule|Sleep Clause Mod: Limit one foe put to sleep","|rule|Species Clause: Limit one of each Pokémon","|rule|OHKO Clause: OHKO moves are banned","|rule|Moody Clause: Moody is banned","|rule|Evasion Moves Clause: Evasion moves are banned","|rule|Endless Battle Clause: Forcing endless battles is banned","|rule|HP Percentage Mod: HP is shown in percentages","|teampreview","|","|start","|switch|p1a: Hoopa-Unbound|Hoopa-Unbound|301/301","|switch|p2a: Infernape|Infernape, M|293/293","|turn|1","|","|move|p2a: Infernape|Stealth Rock|p1a: Hoopa-Unbound","|-sidestart|p1: Tio_Red 1.0|move: Stealth Rock","|move|p1a: Hoopa-Unbound|Hyperspace Hole|p2a: Infernape","|-supereffective|p2a: Infernape","|-enditem|p2a: Infernape|Focus Sash","|-damage|p2a: Infernape|1/293","|-damage|p1a: Hoopa-Unbound|271/301|[from] item: Life Orb","|","|turn|2","|","|move|p2a: Infernape|Close Combat|p1a: Hoopa-Unbound","|-damage|p1a: Hoopa-Unbound|0 fnt","|-unboost|p2a: Infernape|def|1","|-unboost|p2a: Infernape|spd|1","|faint|p1a: Hoopa-Unbound","|","|","|switch|p1a: Garchomp|Garchomp, M|357/357","|-damage|p1a: Garchomp|335/357|[from] Stealth Rock","|turn|3","|","|move|p2a: Infernape|Close Combat|p1a: Garchomp","|-damage|p1a: Garchomp|146/357","|-damage|p2a: Infernape|0 fnt|[from] ability: Rough Skin|[of] p1a: Garchomp","|faint|p2a: Infernape","|move|p1a: Garchomp|Earthquake|p2: Infernape|[notarget]","|-notarget","|","|","|switch|p2a: Conkeldurr|Conkeldurr, F|412/412","|turn|4","|","|move|p1a: Garchomp|Earthquake|p2a: Conkeldurr","|-damage|p2a: Conkeldurr|211/412","|move|p2a: Conkeldurr|Ice Punch|p1a: Garchomp","|-supereffective|p1a: Garchomp","|-damage|p1a: Garchomp|0 fnt","|-damage|p2a: Conkeldurr|160/412|[from] ability: Rough Skin|[of] p1a: Garchomp","|-damage|p2a: Conkeldurr|92/412|[from] item: Rocky Helmet|[of] p1a: Garchomp","|faint|p1a: Garchomp","|","|","|switch|p1a: Talonflame|Talonflame, M|298/298","|-damage|p1a: Talonflame|149/298|[from] Stealth Rock","|turn|5","|","|switch|p2a: Ferrothorn|Ferrothorn, M|351/351","|move|p1a: Talonflame|Acrobatics|p2a: Ferrothorn","|-damage|p2a: Ferrothorn|261/351","|-damage|p1a: Talonflame|112/298|[from] ability: Iron Barbs|[of] p2a: Ferrothorn","|-damage|p1a: Talonflame|63/298|[from] item: Rocky Helmet|[of] p2a: Ferrothorn","|","|turn|6","|","|move|p1a: Talonflame|Swords Dance|p1a: Talonflame","|-boost|p1a: Talonflame|atk|2","|move|p2a: Ferrothorn|Thunder Wave|p1a: Talonflame","|-status|p1a: Talonflame|par","|","|turn|7","|","|move|p1a: Talonflame|Swords Dance|p1a: Talonflame","|-boost|p1a: Talonflame|atk|2","|move|p2a: Ferrothorn|Leech Seed|p1a: Talonflame","|-start|p1a: Talonflame|move: Leech Seed","|","|-damage|p1a: Talonflame|26/298 par|[from] Leech Seed|[of] p2a: Ferrothorn","|-heal|p2a: Ferrothorn|298/351|[silent]","|turn|8","|","|move|p2a: Ferrothorn|Protect|p2a: Ferrothorn","|-singleturn|p2a: Ferrothorn|Protect","|move|p1a: Talonflame|Flame Charge|p2a: Ferrothorn","|-activate|p2a: Ferrothorn|Protect","|","|-damage|p1a: Talonflame|0 fnt|[from] Leech Seed|[of] p2a: Ferrothorn","|-heal|p2a: Ferrothorn|324/351|[silent]","|faint|p1a: Talonflame","|","|switch|p1a: Defensivo|Conkeldurr, M|351/351","|-damage|p1a: Defensivo|330/351|[from] Stealth Rock","|turn|9","|","|move|p1a: Defensivo|Mach Punch|p2a: Ferrothorn","|-supereffective|p2a: Ferrothorn","|-damage|p2a: Ferrothorn|204/351","|-damage|p1a: Defensivo|287/351|[from] ability: Iron Barbs|[of] p2a: Ferrothorn","|-damage|p1a: Defensivo|229/351|[from] item: Rocky Helmet|[of] p2a: Ferrothorn","|move|p2a: Ferrothorn|Leech Seed|p1a: Defensivo","|-start|p1a: Defensivo|move: Leech Seed","|","|-damage|p1a: Defensivo|186/351|[from] Leech Seed|[of] p2a: Ferrothorn","|-heal|p2a: Ferrothorn|247/351|[silent]","|turn|10","|","|move|p2a: Ferrothorn|Protect|p2a: Ferrothorn","|-singleturn|p2a: Ferrothorn|Protect","|move|p1a: Defensivo|Drain Punch|p2a: Ferrothorn","|-activate|p2a: Ferrothorn|Protect","|","|-damage|p1a: Defensivo|143/351|[from] Leech Seed|[of] p2a: Ferrothorn","|-heal|p2a: Ferrothorn|290/351|[silent]","|turn|11","|","|switch|p2a: Venusaur|Venusaur, M|364/364","|move|p1a: Defensivo|Drain Punch|p2a: Venusaur","|-resisted|p2a: Venusaur","|-damage|p2a: Venusaur|265/364","|-heal|p1a: Defensivo|193/351|[from] drain|[of] p2a: Venusaur","|","|-damage|p1a: Defensivo|150/351|[from] Leech Seed|[of] p2a: Venusaur","|-heal|p2a: Venusaur|308/364|[silent]","|turn|12","|","|switch|p1a: Serperior|Serperior, M|291/291","|-damage|p1a: Serperior|255/291|[from] Stealth Rock","|detailschange|p2a: Venusaur|Venusaur-Mega, M","|-mega|p2a: Venusaur|Venusaur|Venusaurite","|move|p2a: Venusaur|Giga Drain|p1a: Serperior","|-resisted|p1a: Serperior","|-damage|p1a: Serperior|184/291","|-heal|p2a: Venusaur|344/364|[from] drain|[of] p1a: Serperior","|","|turn|13","|","|move|p1a: Serperior|Leaf Storm|p2a: Venusaur","|-resisted|p2a: Venusaur","|-damage|p2a: Venusaur|305/364","|-boost|p1a: Serperior|spa|2","|move|p2a: Venusaur|Sludge Bomb|p1a: Serperior","|-supereffective|p1a: Serperior","|-damage|p1a: Serperior|0 fnt","|faint|p1a: Serperior","|","|","|switch|p1a: Alakazam|Alakazam, M|251/251","|-damage|p1a: Alakazam|220/251|[from] Stealth Rock","|turn|14","|","|switch|p2a: Ferrothorn|Ferrothorn, M|290/351","|detailschange|p1a: Alakazam|Alakazam-Mega, M","|-mega|p1a: Alakazam|Alakazam|Alakazite","|-ability|p1a: Alakazam|Iron Barbs|[from] ability: Trace|[of] p2a: Ferrothorn","|move|p1a: Alakazam|Psychic|p2a: Ferrothorn","|-resisted|p2a: Ferrothorn","|-damage|p2a: Ferrothorn|203/351","|","|turn|15","|","|move|p1a: Alakazam|Hidden Power|p2a: Ferrothorn","|-supereffective|p2a: Ferrothorn","|-damage|p2a: Ferrothorn|0 fnt","|faint|p2a: Ferrothorn","|","|","|switch|p2a: Dragonite|Dragonite, M|323/323","|turn|16","|","|move|p1a: Alakazam|Psychic|p2a: Dragonite","|-damage|p2a: Dragonite|217/323","|move|p2a: Dragonite|Dragon Dance|p2a: Dragonite","|-boost|p2a: Dragonite|atk|1","|-boost|p2a: Dragonite|spe|1","|","|turn|17","|","|move|p1a: Alakazam|Psychic|p2a: Dragonite","|-damage|p2a: Dragonite|19/323","|-unboost|p2a: Dragonite|spd|1","|move|p2a: Dragonite|Dragon Claw|p1a: Alakazam","|-damage|p1a: Alakazam|0 fnt","|-damage|p2a: Dragonite|0 fnt|[from] ability: Iron Barbs|[of] p1a: Alakazam","|faint|p2a: Dragonite","|faint|p1a: Alakazam","|","|","|switch|p2a: Conkeldurr|Conkeldurr, F|92/412","|switch|p1a: Defensivo|Conkeldurr, M|150/351","|-damage|p1a: Defensivo|129/351|[from] Stealth Rock","|turn|18","|","|move|p1a: Defensivo|Mach Punch|p2a: Conkeldurr","|-damage|p2a: Conkeldurr|0 fnt","|faint|p2a: Conkeldurr","|","|","|switch|p2a: Slowking|Slowking, F|394/394","|turn|19","|","|move|p1a: Defensivo|Drain Punch|p2a: Slowking","|-resisted|p2a: Slowking","|-damage|p2a: Slowking|284/394","|-heal|p1a: Defensivo|184/351|[from] drain|[of] p2a: Slowking","|move|p2a: Slowking|Psyshock|p1a: Defensivo","|-supereffective|p1a: Defensivo","|-damage|p1a: Defensivo|32/351","|","|-heal|p2a: Slowking|308/394|[from] item: Leftovers","|turn|20","|","|move|p1a: Defensivo|Thunder Punch|p2a: Slowking","|-supereffective|p2a: Slowking","|-damage|p2a: Slowking|0 fnt","|faint|p2a: Slowking","|","|","|switch|p2a: Venusaur|Venusaur-Mega, M|305/364","|turn|21","|","|move|p1a: Defensivo|Mach Punch|p2a: Venusaur","|-resisted|p2a: Venusaur","|-damage|p2a: Venusaur|263/364","|move|p2a: Venusaur|Sleep Powder|p1a: Defensivo","|-status|p1a: Defensivo|slp","|","|turn|22","|","|move|p2a: Venusaur|Leech Seed|p1a: Defensivo","|-start|p1a: Defensivo|move: Leech Seed","|cant|p1a: Defensivo|slp","|","|-damage|p1a: Defensivo|0 fnt|[from] Leech Seed|[of] p2a: Venusaur","|-heal|p2a: Venusaur|295/364|[silent]","|faint|p1a: Defensivo","|","|win|mazzza"],"p1rating":{"entryid":7680348,"formatid":"ou","userid":"tiored10","username":"Tio_Red 1.0","r":1500,"rd":130,"sigma":0,"rpr":1459.8393856612,"rprd":122.8583080769,"rpsigma":0,"rptime":1439715600,"w":0,"l":1,"t":0,"gxe":45,"acre":1000,"lacre":1000,"oldacre":1000},"p2rating":{"entryid":"7679549","serverid":"eos","formatid":"ou","userid":"mazzza","username":"mazzza","w":4,"l":"0","t":"0","gxe":65,"r":"1500","rd":"130","sigma":"0","rptime":"1439715600","rpr":1621.6469813517,"rprd":106.91164920561,"rpsigma":"0","acre":1115.3887545729,"lacre":1115.3887545729,"oldacre":"1096.8360342639"},"endType":"normal"}