{"seed":[1456,12287,59957,32374],"turns":28,"p1":"Shipuriken","p2":"Tio_Red 1.0","p1team":[{"name":"Venusaur","species":"Venusaur","item":"venusaurite","ability":"Chlorophyll","moves":["synthesis","leechseed","gigadrain","hiddenpowerwater"],"nature":"","evs":{"hp":0,"atk":0,"def":100,"spa":252,"spd":100,"spe":56},"gender":"M","ivs":{"hp":31,"atk":30,"def":30,"spa":30,"spd":31,"spe":31},"shiny":true},{"name":"WTF!!! It","species":"infernape","item":"choicescarf","ability":"Blaze","moves":["nastyplot","earthquake","heatwave","dig"],"nature":"Hasty","evs":{"hp":56,"atk":252,"def":0,"spa":100,"spd":100,"spe":0},"gender":"M","shiny":true,"ivs":{"hp":31,"atk":31,"def":31,"spa":31,"spd":31,"spe":31}},{"name":"PinkDeath","species":"crobat","item":"blacksludge","ability":"Inner Focus","moves":["heatwave","toxic","crosspoison","darkpulse"],"nature":"Hardy","evs":{"hp":0,"atk":0,"def":0,"spa":252,"spd":222,"spe":34},"gender":"M","shiny":true,"ivs":{"hp":31,"atk":31,"def":31,"spa":31,"spd":31,"spe":31}},{"name":"Very Happy Feet","species":"empoleon","item":"shellbell","ability":"Torrent","moves":["drillpeck","icebeam","flashcannon","dive"],"nature":"Naive","evs":{"hp":200,"atk":252,"def":0,"spa":56,"spd":0,"spe":0},"shiny":true,"ivs":{"hp":31,"atk":31,"def":31,"spa":31,"spd":31,"spe":31}},{"name":"WingedDemon","species":"vivillon","item":"leftovers","ability":"Shield Dust","moves":["gigadrain","hiddenpowerice","bugbuzz","roost"],"nature":"","evs":{"hp":0,"atk":0,"def":0,"spa":252,"spd":100,"spe":156},"gender":"F","ivs":{"hp":31,"atk":30,"def":30,"spa":31,"spd":31,"spe":31},"shiny":true},{"name":"Timothy","species":"milotic","item":"leftovers","ability":"Marvel Scale","moves":["dragonpulse","blizzard","hydropump","substitute"],"nature":"","evs":{"hp":0,"atk":4,"def":0,"spa":252,"spd":0,"spe":252},"gender":"F","shiny":true,"ivs":{"hp":31,"atk":31,"def":31,"spa":31,"spd":31,"spe":31}}],"p2team":[{"name":"Soul of Dragon","species":"kyuremblack","item":"powerherb","ability":"Teravolt","moves":["freezeshock","dragonclaw","ironhead","fusionbolt"],"nature":"Jolly","evs":{"hp":0,"atk":252,"def":0,"spa":0,"spd":4,"spe":252},"shiny":true,"ivs":{"hp":31,"atk":31,"def":31,"spa":31,"spd":31,"spe":31}},{"name":"Angel","species":"dragonite","item":"weaknesspolicy","ability":"Multiscale","moves":["dragondance","dragonclaw","extremespeed","firepunch"],"nature":"Jolly","evs":{"hp":0,"atk":252,"def":0,"spa":0,"spd":4,"spe":252},"gender":"F","ivs":{"hp":31,"atk":31,"def":31,"spa":31,"spd":31,"spe":31}},{"name":"Gosminha","species":"goodra","item":"leftovers","ability":"Sap Sipper","moves":["earthquake","powerwhip","secretpower","outrage"],"nature":"Adamant","evs":{"hp":4,"atk":252,"def":0,"spa":0,"spd":252,"spe":0},"gender":"F","shiny":true,"ivs":{"hp":31,"atk":31,"def":31,"spa":31,"spd":31,"spe":31}},{"name":"SR-71","species":"garchomp","item":"rockyhelmet","ability":"Rough Skin","moves":["stealthrock","dragontail","firefang","earthquake"],"nature":"Impish","evs":{"hp":252,"atk":0,"def":252,"spa":0,"spd":4,"spe":0},"gender":"M","ivs":{"hp":31,"atk":31,"def":31,"spa":31,"spd":31,"spe":31}},{"name":"Critdra","species":"kingdra","item":"wiseglasses","ability":"Sniper","moves":["dragonpulse","scald","focusenergy","flashcannon"],"nature":"Modest","evs":{"hp":0,"atk":0,"def":0,"spa":252,"spd":4,"spe":252},"gender":"M","ivs":{"hp":31,"atk":31,"def":31,"spa":31,"spd":31,"spe":31}},{"name":"Algodão Doce","species":"altaria","item":"altarianite","ability":"Natural Cure","moves":["moonblast","hypervoice","dragonpulse","flamethrower"],"nature":"Modest","evs":{"hp":200,"atk":0,"def":0,"spa":252,"spd":56,"spe":0},"gender":"F","ivs":{"hp":31,"atk":31,"def":31,"spa":31,"spd":31,"spe":31}}],"log":["|player|p1|Shipuriken|284","|player|p2|Tio_Red 1.0|163","|gametype|singles","|gen|6","|tier|OU","|rated","|clearpoke","|poke|p1|Venusaur, M, shiny","|poke|p1|Infernape, M, shiny","|poke|p1|Crobat, M, shiny","|poke|p1|Empoleon, F, shiny","|poke|p1|Vivillon, F, shiny","|poke|p1|Milotic, F, shiny","|poke|p2|Kyurem-Black, shiny","|poke|p2|Dragonite, F","|poke|p2|Goodra, F, shiny","|poke|p2|Garchomp, M","|poke|p2|Kingdra, M","|poke|p2|Altaria, F","|rule|Swagger Clause: Swagger is banned","|rule|Baton Pass Clause: Limit one Baton Passer, can't pass Spe and other stats simultaneously","|rule|Sleep Clause Mod: Limit one foe put to sleep","|rule|Species Clause: Limit one of each Pokémon","|rule|OHKO Clause: OHKO moves are banned","|rule|Moody Clause: Moody is banned","|rule|Evasion Moves Clause: Evasion moves are banned","|rule|Endless Battle Clause: Forcing endless battles is banned","|rule|HP Percentage Mod: HP is shown in percentages","|teampreview","|","|start","|switch|p1a: WingedDemon|Vivillon, F, shiny|301/301","|switch|p2a: Critdra|Kingdra, M|291/291","|turn|1","|","|move|p2a: Critdra|Focus Energy|p2a: Critdra","|-start|p2a: Critdra|move: Focus Energy","|move|p1a: WingedDemon|Giga Drain|p2a: Critdra","|-damage|p2a: Critdra|224/291","|","|turn|2","|","|move|p2a: Critdra|Scald|p1a: WingedDemon","|-crit|p1a: WingedDemon","|-damage|p1a: WingedDemon|0 fnt","|faint|p1a: WingedDemon","|","|","|switch|p1a: Timothy|Milotic, F, shiny|331/331","|turn|3","|","|move|p2a: Critdra|Flash Cannon|p1a: Timothy","|-resisted|p1a: Timothy","|-damage|p1a: Timothy|296/331","|move|p1a: Timothy|Blizzard|p2a: Critdra","|-damage|p2a: Critdra|115/291","|","|-heal|p1a: Timothy|316/331|[from] item: Leftovers","|turn|4","|","|move|p2a: Critdra|Dragon Pulse|p1a: Timothy","|-damage|p1a: Timothy|205/331","|move|p1a: Timothy|Blizzard|p2a: Critdra","|-damage|p2a: Critdra|2/291","|","|-heal|p1a: Timothy|225/331|[from] item: Leftovers","|turn|5","|","|move|p2a: Critdra|Scald|p1a: Timothy","|-resisted|p1a: Timothy","|-damage|p1a: Timothy|164/331","|-status|p1a: Timothy|brn","|move|p1a: Timothy|Hydro Pump|p2a: Critdra","|-resisted|p2a: Critdra","|-damage|p2a: Critdra|0 fnt","|faint|p2a: Critdra","|","|-heal|p1a: Timothy|184/331 brn|[from] item: Leftovers","|-damage|p1a: Timothy|143/331 brn|[from] brn","|","|switch|p2a: Gosminha|Goodra, F, shiny|322/322","|turn|6","|","|move|p1a: Timothy|Blizzard|p2a: Gosminha","|-supereffective|p2a: Gosminha","|-damage|p2a: Gosminha|182/322","|-status|p2a: Gosminha|frz","|cant|p2a: Gosminha|frz","|","|-heal|p1a: Timothy|163/331 brn|[from] item: Leftovers","|-heal|p2a: Gosminha|202/322 frz|[from] item: Leftovers","|-damage|p1a: Timothy|122/331 brn|[from] brn","|turn|7","|","|move|p1a: Timothy|Blizzard|p2a: Gosminha","|-miss|p1a: Timothy|p2a: Gosminha","|cant|p2a: Gosminha|frz","|","|-heal|p1a: Timothy|142/331 brn|[from] item: Leftovers","|-heal|p2a: Gosminha|222/322 frz|[from] item: Leftovers","|-damage|p1a: Timothy|101/331 brn|[from] brn","|turn|8","|","|move|p1a: Timothy|Dragon Pulse|p2a: Gosminha","|-supereffective|p2a: Gosminha","|-damage|p2a: Gosminha|120/322 frz","|cant|p2a: Gosminha|frz","|","|-heal|p1a: Timothy|121/331 brn|[from] item: Leftovers","|-heal|p2a: Gosminha|140/322 frz|[from] item: Leftovers","|-damage|p1a: Timothy|80/331 brn|[from] brn","|turn|9","|","|move|p1a: Timothy|Dragon Pulse|p2a: Gosminha","|-supereffective|p2a: Gosminha","|-damage|p2a: Gosminha|30/322 frz","|cant|p2a: Gosminha|frz","|","|-heal|p1a: Timothy|100/331 brn|[from] item: Leftovers","|-heal|p2a: Gosminha|50/322 frz|[from] item: Leftovers","|-damage|p1a: Timothy|59/331 brn|[from] brn","|turn|10","|","|move|p1a: Timothy|Dragon Pulse|p2a: Gosminha","|-supereffective|p2a: Gosminha","|-damage|p2a: Gosminha|0 fnt","|faint|p2a: Gosminha","|","|-heal|p1a: Timothy|79/331 brn|[from] item: Leftovers","|-damage|p1a: Timothy|38/331 brn|[from] brn","|","|switch|p2a: Angel|Dragonite, F|323/323","|turn|11","|","|move|p2a: Angel|Extreme Speed|p1a: Timothy","|-damage|p1a: Timothy|0 fnt","|faint|p1a: Timothy","|","|","|switch|p1a: Very Happy Feet|Empoleon, F, shiny|359/359","|turn|12","|","|move|p2a: Angel|Dragon Dance|p2a: Angel","|-boost|p2a: Angel|atk|1","|-boost|p2a: Angel|spe|1","|move|p1a: Very Happy Feet|Ice Beam|p2a: Angel","|-supereffective|p2a: Angel","|-damage|p2a: Angel|151/323","|-enditem|p2a: Angel|Weakness Policy","|-boost|p2a: Angel|atk|2|[from] item: Weakness Policy","|-boost|p2a: Angel|spa|2|[from] item: Weakness Policy","|-status|p2a: Angel|frz","|","|turn|13","|","|cant|p2a: Angel|frz","|move|p1a: Very Happy Feet|Ice Beam|p2a: Angel","|-supereffective|p2a: Angel","|-damage|p2a: Angel|0 fnt","|faint|p2a: Angel","|","|","|switch|p2a: Soul of Dragon|Kyurem-Black, shiny|391/391","|-ability|p2a: Soul of Dragon|Teravolt","|turn|14","|","|switch|p1a: WTF!!! It|Infernape, M, shiny|307/307","|move|p2a: Soul of Dragon|Fusion Bolt|p1a: WTF!!! It","|-damage|p1a: WTF!!! It|106/307","|","|turn|15","|","|move|p1a: WTF!!! It|Heat Wave|p2a: Soul of Dragon","|-damage|p2a: Soul of Dragon|253/391","|move|p2a: Soul of Dragon|Fusion Bolt|p1a: WTF!!! It","|-damage|p1a: WTF!!! It|0 fnt","|faint|p1a: WTF!!! It","|","|","|switch|p1a: PinkDeath|Crobat, M, shiny|311/311","|turn|16","|","|move|p2a: Soul of Dragon|Freeze Shock|p1a: PinkDeath|[still]|[miss]","|-prepare|p2a: Soul of Dragon|Freeze Shock|p1a: PinkDeath","|-enditem|p2a: Soul of Dragon|Power Herb","|-anim|p2a: Soul of Dragon|Freeze Shock|p1a: PinkDeath","|-miss|p2a: Soul of Dragon|p1a: PinkDeath","|move|p1a: PinkDeath|Heat Wave|p2a: Soul of Dragon","|-damage|p2a: Soul of Dragon|166/391","|","|turn|17","|","|move|p2a: Soul of Dragon|Iron Head|p1a: PinkDeath","|-damage|p1a: PinkDeath|164/311","|move|p1a: PinkDeath|Heat Wave|p2a: Soul of Dragon","|-damage|p2a: Soul of Dragon|91/391","|","|-heal|p1a: PinkDeath|183/311|[from] item: Black Sludge","|turn|18","|","|move|p2a: Soul of Dragon|Fusion Bolt|p1a: PinkDeath","|-supereffective|p1a: PinkDeath","|-damage|p1a: PinkDeath|0 fnt","|faint|p1a: PinkDeath","|","|","|switch|p1a: Very Happy Feet|Empoleon, F, shiny|359/359","|turn|19","|","|move|p2a: Soul of Dragon|Fusion Bolt|p1a: Very Happy Feet","|-supereffective|p1a: Very Happy Feet","|-damage|p1a: Very Happy Feet|51/359","|move|p1a: Very Happy Feet|Ice Beam|p2a: Soul of Dragon","|-damage|p2a: Soul of Dragon|5/391","|-heal|p1a: Very Happy Feet|61/359|[from] item: Shell Bell|[of] p2a: Soul of Dragon","|","|turn|20","|","|move|p2a: Soul of Dragon|Fusion Bolt|p1a: Very Happy Feet","|-supereffective|p1a: Very Happy Feet","|-damage|p1a: Very Happy Feet|0 fnt","|faint|p1a: Very Happy Feet","|","|","|switch|p1a: Venusaur|Venusaur, M, shiny|301/301","|turn|21","|","|detailschange|p1a: Venusaur|Venusaur-Mega, M, shiny","|-mega|p1a: Venusaur|Venusaur|Venusaurite","|move|p2a: Soul of Dragon|Iron Head|p1a: Venusaur","|-damage|p1a: Venusaur|209/301","|move|p1a: Venusaur|Giga Drain|p2a: Soul of Dragon","|-resisted|p2a: Soul of Dragon","|-damage|p2a: Soul of Dragon|0 fnt","|-heal|p1a: Venusaur|212/301|[from] drain|[of] p2a: Soul of Dragon","|faint|p2a: Soul of Dragon","|","|","|switch|p2a: SR-71|Garchomp, M|420/420","|turn|22","|","|move|p2a: SR-71|Fire Fang|p1a: Venusaur","|-supereffective|p1a: Venusaur","|-damage|p1a: Venusaur|166/301","|move|p1a: Venusaur|Giga Drain|p2a: SR-71","|-damage|p2a: SR-71|273/420","|-heal|p1a: Venusaur|240/301|[from] drain|[of] p2a: SR-71","|","|turn|23","|","|move|p2a: SR-71|Earthquake|p1a: Venusaur","|-damage|p1a: Venusaur|125/301","|move|p1a: Venusaur|Giga Drain|p2a: SR-71","|-damage|p2a: SR-71|114/420","|-heal|p1a: Venusaur|205/301|[from] drain|[of] p2a: SR-71","|","|turn|24","|","|move|p2a: SR-71|Earthquake|p1a: Venusaur","|-damage|p1a: Venusaur|90/301","|move|p1a: Venusaur|Giga Drain|p2a: SR-71","|-damage|p2a: SR-71|0 fnt","|-heal|p1a: Venusaur|147/301|[from] drain|[of] p2a: SR-71","|faint|p2a: SR-71","|","|","|switch|p2a: Algodão Doce|Altaria, F|341/341","|turn|25","|","|detailschange|p2a: Algodão Doce|Altaria-Mega, F","|-mega|p2a: Algodão Doce|Altaria|Altarianite","|move|p1a: Venusaur|Giga Drain|p2a: Algodão Doce","|-resisted|p2a: Algodão Doce","|-damage|p2a: Algodão Doce|281/341","|-heal|p1a: Venusaur|177/301|[from] drain|[of] p2a: Algodão Doce","|move|p2a: Algodão Doce|Hyper Voice|p1a: Venusaur","|-resisted|p1a: Venusaur","|-damage|p1a: Venusaur|102/301","|","|turn|26","|","|move|p1a: Venusaur|Synthesis|p1a: Venusaur","|-heal|p1a: Venusaur|252/301","|move|p2a: Algodão Doce|Dragon Pulse|p1a: Venusaur","|-damage|p1a: Venusaur|129/301","|","|turn|27","|","|move|p1a: Venusaur|Synthesis|p1a: Venusaur","|-heal|p1a: Venusaur|279/301","|move|p2a: Algodão Doce|Dragon Pulse|p1a: Venusaur","|-damage|p1a: Venusaur|171/301","|","|turn|28","|","|move|p1a: Venusaur|Leech Seed|p2a: Algodão Doce","|-start|p2a: Algodão Doce|move: Leech Seed","|move|p2a: Algodão Doce|Dragon Pulse|p1a: Venusaur","|-crit|p1a: Venusaur","|-damage|p1a: Venusaur|0 fnt","|faint|p1a: Venusaur","|","|win|Tio_Red 1.0"],"p1rating":{"entryid":"7680411","serverid":"eos","formatid":"ou","userid":"shipuriken","username":"Shipuriken","w":"0","l":5,"t":"0","gxe":32.3,"r":"1500","rd":"130","sigma":"0","rptime":"1439715600","rpr":1354.3003935299,"rprd":102.82866571419,"rpsigma":"0","acre":1000,"lacre":1000,"oldacre":"1000"},"p2rating":{"entryid":"7680348","serverid":"eos","formatid":"ou","userid":"tiored10","username":"Tio_Red 1.0","w":5,"l":"1","t":"0","gxe":62.6,"r":"1500","rd":"130","sigma":"0","rptime":"1439715600","rpr":1600.7442641358,"rprd":99.183539495484,"rpsigma":"0","acre":1132.6513226619,"lacre":1132.6513226619,"oldacre":"1115.6806762849"},"endType":"normal"}