{"seed":[38194,30076,4501,7479],"turns":20,"p1":"Tio_Red 1.0","p2":"Alexmoria33","p1team":[{"name":"Pitera","species":"aerodactyl","item":"aerodactylite","ability":"Pressure","moves":["honeclaws","aerialace","firefang","earthquake"],"nature":"Adamant","evs":{"hp":0,"atk":252,"def":0,"spa":0,"spd":4,"spe":252},"gender":"M","ivs":{"hp":31,"atk":31,"def":31,"spa":31,"spd":31,"spe":31}},{"name":"Leo Stronda","species":"chesnaught","item":"focussash","ability":"Bulletproof","moves":["aerialace","drainpunch","rockslide","painsplit"],"nature":"Adamant","evs":{"hp":0,"atk":252,"def":252,"spa":0,"spd":0,"spe":4},"gender":"M","ivs":{"hp":31,"atk":31,"def":31,"spa":31,"spd":31,"spe":31}},{"name":"Lavalanche","species":"heatran","item":"airballoon","ability":"Flash Fire","moves":["flamethrower","stealthrock","hiddenpowerice","flashcannon"],"nature":"Bold","evs":{"hp":0,"atk":0,"def":76,"spa":252,"spd":180,"spe":0},"gender":"M","shiny":true,"ivs":{"atk":30,"def":30,"hp":31,"spe":31,"spa":31,"spd":31}},{"name":"Dracula","species":"drapion","item":"blacksludge","ability":"Battle Armor","moves":["knockoff","toxicspikes","taunt","whirlwind"],"nature":"Careful","evs":{"hp":248,"atk":0,"def":0,"spa":0,"spd":216,"spe":44},"gender":"M","ivs":{"hp":31,"atk":31,"def":31,"spa":31,"spd":31,"spe":31}},{"name":"Shark Attack","species":"sharpedo","item":"blackglasses","ability":"Speed Boost","moves":["aquajet","crunch","zenheadbutt","icefang"],"nature":"Adamant","evs":{"hp":0,"atk":252,"def":4,"spa":0,"spd":0,"spe":252},"gender":"M","ivs":{"hp":31,"atk":31,"def":31,"spa":31,"spd":31,"spe":31}},{"name":"Batman","species":"noivern","item":"lifeorb","ability":"Infiltrator","moves":["hurricane","focusblast","dracometeor","flamethrower"],"nature":"Timid","evs":{"hp":0,"atk":0,"def":4,"spa":252,"spd":0,"spe":252},"gender":"M","ivs":{"hp":31,"atk":31,"def":31,"spa":31,"spd":31,"spe":31}}],"p2team":[{"name":"Ferrothorn","species":"Ferrothorn","item":"rockyhelmet","ability":"Iron Barbs","moves":["stealthrock","spikes","gyroball","leechseed"],"nature":"Relaxed","evs":{"hp":248,"atk":8,"def":252,"spa":0,"spd":0,"spe":0},"ivs":{"hp":31,"atk":31,"def":31,"spa":31,"spd":31,"spe":0}},{"name":"Mamoswine","species":"Mamoswine","item":"focussash","ability":"Thick Fat","moves":["iceshard","earthquake","superpower","endeavor"],"nature":"Adamant","evs":{"hp":248,"atk":252,"def":0,"spa":0,"spd":8,"spe":0},"ivs":{"hp":31,"atk":31,"def":31,"spa":31,"spd":31,"spe":31}},{"name":"Keldeo","species":"Keldeo","item":"choicespecs","ability":"Justified","moves":["scald","secretsword","icywind","hiddenpowerpoison"],"nature":"Timid","evs":{"hp":0,"atk":0,"def":0,"spa":252,"spd":4,"spe":252},"ivs":{"hp":31,"atk":31,"def":30,"spa":30,"spd":30,"spe":31}},{"name":"Sceptile","species":"Sceptile","item":"sceptilite","ability":"Overgrow","moves":["gigadrain","dragonpulse","focusblast","substitute"],"nature":"Timid","evs":{"hp":0,"atk":0,"def":0,"spa":252,"spd":4,"spe":252},"ivs":{"hp":31,"atk":31,"def":31,"spa":31,"spd":31,"spe":31}},{"name":"Chandelure","species":"Chandelure","item":"choicescarf","ability":"Flash Fire","moves":["overheat","shadowball","energyball","clearsmog"],"nature":"Timid","evs":{"hp":0,"atk":0,"def":0,"spa":252,"spd":4,"spe":252},"ivs":{"hp":31,"atk":31,"def":30,"spa":30,"spd":30,"spe":30}},{"name":"Tyranitar","species":"Tyranitar","item":"assaultvest","ability":"Sand Stream","moves":["pursuit","superpower","stoneedge","icebeam"],"nature":"Naughty","evs":{"hp":248,"atk":252,"def":0,"spa":8,"spd":0,"spe":0},"ivs":{"hp":31,"atk":31,"def":31,"spa":31,"spd":31,"spe":31}}],"log":["|player|p1|Tio_Red 1.0|163","|player|p2|Alexmoria33|184","|gametype|singles","|gen|6","|tier|OU","|rated","|clearpoke","|poke|p1|Aerodactyl, M","|poke|p1|Chesnaught, M","|poke|p1|Heatran, M, shiny","|poke|p1|Drapion, M","|poke|p1|Sharpedo, M","|poke|p1|Noivern, M","|poke|p2|Ferrothorn, M","|poke|p2|Mamoswine, F","|poke|p2|Keldeo","|poke|p2|Sceptile, M","|poke|p2|Chandelure, M","|poke|p2|Tyranitar, M","|rule|Swagger Clause: Swagger is banned","|rule|Baton Pass Clause: Limit one Baton Passer, can't pass Spe and other stats simultaneously","|rule|Sleep Clause Mod: Limit one foe put to sleep","|rule|Species Clause: Limit one of each Pokémon","|rule|OHKO Clause: OHKO moves are banned","|rule|Moody Clause: Moody is banned","|rule|Evasion Moves Clause: Evasion moves are banned","|rule|Endless Battle Clause: Forcing endless battles is banned","|rule|HP Percentage Mod: HP is shown in percentages","|teampreview","|","|start","|switch|p1a: Dracula|Drapion, M|343/343","|switch|p2a: Ferrothorn|Ferrothorn, M|351/351","|turn|1","|","|move|p1a: Dracula|Toxic Spikes|p2a: Ferrothorn","|-sidestart|p2: Alexmoria33|move: Toxic Spikes","|move|p2a: Ferrothorn|Stealth Rock|p1a: Dracula","|-sidestart|p1: Tio_Red 1.0|move: Stealth Rock","|","|turn|2","|","|move|p2a: Ferrothorn|Spikes|p1a: Dracula","|-sidestart|p1: Tio_Red 1.0|Spikes","|move|p1a: Dracula|Whirlwind|p2a: Ferrothorn","|drag|p2a: Keldeo|Keldeo|323/323","|-status|p2a: Keldeo|psn","|","|-damage|p2a: Keldeo|283/323 psn|[from] psn","|turn|3","|","|switch|p2a: Ferrothorn|Ferrothorn, M|351/351","|move|p1a: Dracula|Whirlwind|p2a: Ferrothorn","|drag|p2a: Keldeo|Keldeo|283/323 psn","|","|-damage|p2a: Keldeo|243/323 psn|[from] psn","|turn|4","|","|move|p2a: Keldeo|Scald|p1a: Dracula","|-damage|p1a: Dracula|141/343","|move|p1a: Dracula|Whirlwind|p2a: Keldeo","|drag|p2a: Tyranitar|Tyranitar, M|403/403","|-status|p2a: Tyranitar|psn","|-weather|Sandstorm","|","|-weather|Sandstorm|[upkeep]","|-damage|p1a: Dracula|120/343|[from] sandstorm","|-heal|p1a: Dracula|141/343|[from] item: Black Sludge","|-damage|p2a: Tyranitar|353/403 psn|[from] psn","|turn|5","|","|switch|p2a: Ferrothorn|Ferrothorn, M|351/351","|move|p1a: Dracula|Whirlwind|p2a: Ferrothorn","|drag|p2a: Keldeo|Keldeo|243/323 psn","|","|-weather|Sandstorm|[upkeep]","|-damage|p2a: Keldeo|223/323 psn|[from] sandstorm","|-damage|p1a: Dracula|120/343|[from] sandstorm","|-heal|p1a: Dracula|141/343|[from] item: Black Sludge","|-damage|p2a: Keldeo|183/323 psn|[from] psn","|turn|6","|","|move|p2a: Keldeo|Scald|p1a: Dracula","|-damage|p1a: Dracula|0 fnt","|faint|p1a: Dracula","|","|-weather|Sandstorm|[upkeep]","|-damage|p2a: Keldeo|163/323 psn|[from] sandstorm","|-damage|p2a: Keldeo|123/323 psn|[from] psn","|","|switch|p1a: Pitera|Aerodactyl, M|301/301","|-damage|p1a: Pitera|226/301|[from] Stealth Rock","|-ability|p1a: Pitera|Pressure","|turn|7","|","|detailschange|p1a: Pitera|Aerodactyl-Mega, M","|-mega|p1a: Pitera|Aerodactyl|Aerodactylite","|move|p1a: Pitera|Aerial Ace|p2a: Keldeo","|-supereffective|p2a: Keldeo","|-damage|p2a: Keldeo|0 fnt","|faint|p2a: Keldeo","|","|-weather|Sandstorm|[upkeep]","|","|switch|p2a: Ferrothorn|Ferrothorn, M|351/351","|turn|8","|","|move|p1a: Pitera|Fire Fang|p2a: Ferrothorn","|-supereffective|p2a: Ferrothorn","|-damage|p2a: Ferrothorn|67/351","|-damage|p1a: Pitera|189/301|[from] ability: Iron Barbs|[of] p2a: Ferrothorn","|-damage|p1a: Pitera|139/301|[from] item: Rocky Helmet|[of] p2a: Ferrothorn","|cant|p2a: Ferrothorn|flinch","|","|-weather|none","|turn|9","|","|move|p1a: Pitera|Fire Fang|p2a: Ferrothorn","|-supereffective|p2a: Ferrothorn","|-damage|p2a: Ferrothorn|0 fnt","|-damage|p1a: Pitera|102/301|[from] ability: Iron Barbs|[of] p2a: Ferrothorn","|-damage|p1a: Pitera|52/301|[from] item: Rocky Helmet|[of] p2a: Ferrothorn","|faint|p2a: Ferrothorn","|","|","|switch|p2a: Mamoswine|Mamoswine, F|423/423","|-status|p2a: Mamoswine|psn","|turn|10","|","|move|p2a: Mamoswine|Ice Shard|p1a: Pitera","|-supereffective|p1a: Pitera","|-damage|p1a: Pitera|0 fnt","|faint|p1a: Pitera","|","|-damage|p2a: Mamoswine|371/423 psn|[from] psn","|","|switch|p1a: Lavalanche|Heatran, M, shiny|323/323","|-damage|p1a: Lavalanche|283/323|[from] Stealth Rock","|-item|p1a: Lavalanche|Air Balloon","|turn|11","|","|switch|p2a: Chandelure|Chandelure, M|261/261","|-status|p2a: Chandelure|psn","|move|p1a: Lavalanche|Stealth Rock|p2a: Chandelure","|-sidestart|p2: Alexmoria33|move: Stealth Rock","|","|-damage|p2a: Chandelure|229/261 psn|[from] psn","|turn|12","|","|move|p2a: Chandelure|Shadow Ball|p1a: Lavalanche","|-damage|p1a: Lavalanche|154/323","|-enditem|p1a: Lavalanche|Air Balloon","|move|p1a: Lavalanche|Flash Cannon|p2a: Chandelure","|-resisted|p2a: Chandelure","|-damage|p2a: Chandelure|157/261 psn","|","|-damage|p2a: Chandelure|125/261 psn|[from] psn","|turn|13","|","|move|p2a: Chandelure|Shadow Ball|p1a: Lavalanche","|-damage|p1a: Lavalanche|25/323","|-unboost|p1a: Lavalanche|spd|1","|move|p1a: Lavalanche|Flash Cannon|p2a: Chandelure","|-resisted|p2a: Chandelure","|-damage|p2a: Chandelure|53/261 psn","|","|-damage|p2a: Chandelure|21/261 psn|[from] psn","|turn|14","|","|move|p2a: Chandelure|Shadow Ball|p1a: Lavalanche","|-damage|p1a: Lavalanche|0 fnt","|faint|p1a: Lavalanche","|","|-damage|p2a: Chandelure|0 fnt|[from] psn","|faint|p2a: Chandelure","|","|switch|p1a: Batman|Noivern, M|311/311","|switch|p2a: Tyranitar|Tyranitar, M|353/403 psn","|-damage|p1a: Batman|234/311|[from] Stealth Rock","|-damage|p2a: Tyranitar|303/403 psn|[from] Stealth Rock","|-weather|Sandstorm","|turn|15","|","|move|p1a: Batman|Focus Blast|p2a: Tyranitar","|-supereffective|p2a: Tyranitar","|-damage|p2a: Tyranitar|7/403 psn","|-damage|p1a: Batman|203/311|[from] item: Life Orb","|move|p2a: Tyranitar|Pursuit|p1a: Batman","|-damage|p1a: Batman|101/311","|","|-weather|Sandstorm|[upkeep]","|-damage|p1a: Batman|82/311|[from] sandstorm","|-damage|p2a: Tyranitar|0 fnt|[from] psn","|faint|p2a: Tyranitar","|","|switch|p2a: Mamoswine|Mamoswine, F|371/423 psn","|-damage|p2a: Mamoswine|319/423 psn|[from] Stealth Rock","|turn|16","|","|move|p2a: Mamoswine|Ice Shard|p1a: Batman","|-supereffective|p1a: Batman","|-damage|p1a: Batman|0 fnt","|faint|p1a: Batman","|","|-weather|Sandstorm|[upkeep]","|-damage|p2a: Mamoswine|267/423 psn|[from] psn","|","|switch|p1a: Leo Stronda|Chesnaught, M|317/317","|-damage|p1a: Leo Stronda|298/317|[from] Stealth Rock","|-damage|p1a: Leo Stronda|259/317|[from] Spikes","|turn|17","|","|switch|p2a: Sceptile|Sceptile, M|281/281","|-damage|p2a: Sceptile|246/281|[from] Stealth Rock","|-status|p2a: Sceptile|psn","|move|p1a: Leo Stronda|Drain Punch|p2a: Sceptile","|-damage|p2a: Sceptile|54/281 psn","|-heal|p1a: Leo Stronda|317/317|[from] drain|[of] p2a: Sceptile","|","|-weather|Sandstorm|[upkeep]","|-damage|p2a: Sceptile|37/281 psn|[from] sandstorm","|-damage|p1a: Leo Stronda|298/317|[from] sandstorm","|-damage|p2a: Sceptile|2/281 psn|[from] psn","|turn|18","|","|detailschange|p2a: Sceptile|Sceptile-Mega, M","|-mega|p2a: Sceptile|Sceptile|Sceptilite","|move|p2a: Sceptile|Dragon Pulse|p1a: Leo Stronda","|-damage|p1a: Leo Stronda|91/317","|move|p1a: Leo Stronda|Drain Punch|p2a: Sceptile","|-damage|p2a: Sceptile|0 fnt","|-heal|p1a: Leo Stronda|92/317|[from] drain|[of] p2a: Sceptile","|faint|p2a: Sceptile","|","|-weather|Sandstorm|[upkeep]","|-damage|p1a: Leo Stronda|73/317|[from] sandstorm","|","|switch|p2a: Mamoswine|Mamoswine, F|267/423 psn","|-damage|p2a: Mamoswine|215/423 psn|[from] Stealth Rock","|turn|19","|","|move|p2a: Mamoswine|Ice Shard|p1a: Leo Stronda","|-supereffective|p1a: Leo Stronda","|-damage|p1a: Leo Stronda|0 fnt","|faint|p1a: Leo Stronda","|","|-weather|none","|-damage|p2a: Mamoswine|163/423 psn|[from] psn","|","|switch|p1a: Shark Attack|Sharpedo, M|281/281","|-damage|p1a: Shark Attack|246/281|[from] Stealth Rock","|-damage|p1a: Shark Attack|211/281|[from] Spikes","|turn|20","|","|move|p1a: Shark Attack|Aqua Jet|p2a: Mamoswine","|-supereffective|p2a: Mamoswine","|-damage|p2a: Mamoswine|0 fnt","|faint|p2a: Mamoswine","|","|win|Tio_Red 1.0"],"p1rating":{"entryid":"7680348","serverid":"eos","formatid":"ou","userid":"tiored10","username":"Tio_Red 1.0","w":6,"l":"1","t":"0","gxe":64.3,"r":"1500","rd":"130","sigma":"0","rptime":"1439715600","rpr":1614.9536781062,"rprd":95.897593406366,"rpsigma":"0","acre":1152.481158083,"lacre":1152.481158083,"oldacre":"1132.6513226619"},"p2rating":{"entryid":"7660076","serverid":"eos","formatid":"ou","userid":"alexmoria33","username":"Alexmoria33","w":"2","l":5,"t":"0","gxe":41.7,"r":"1439.1604229554","rd":"117.13957896656","sigma":"0","rptime":"1439715600","rpr":1434.2628093688,"rprd":96.510658315515,"rpsigma":"0","acre":1044.7072151618,"lacre":1044.7072151618,"oldacre":"1059.7478948614"},"endType":"normal"}