{"seed":[13667,55962,39228,61615],"turns":21,"p1":"Shipuriken","p2":"mazzza","p1team":[{"name":"Venusaur","species":"Venusaur","item":"venusaurite","ability":"Chlorophyll","moves":["synthesis","leechseed","gigadrain","hiddenpowerwater"],"nature":"","evs":{"hp":0,"atk":0,"def":100,"spa":252,"spd":100,"spe":56},"gender":"M","ivs":{"hp":31,"atk":30,"def":30,"spa":30,"spd":31,"spe":31},"shiny":true},{"name":"WTF!!! It","species":"infernape","item":"choicescarf","ability":"Blaze","moves":["nastyplot","earthquake","heatwave","dig"],"nature":"Hasty","evs":{"hp":56,"atk":252,"def":0,"spa":100,"spd":100,"spe":0},"gender":"M","shiny":true,"ivs":{"hp":31,"atk":31,"def":31,"spa":31,"spd":31,"spe":31}},{"name":"PinkDeath","species":"crobat","item":"blacksludge","ability":"Inner Focus","moves":["heatwave","toxic","crosspoison","darkpulse"],"nature":"Hardy","evs":{"hp":0,"atk":0,"def":0,"spa":252,"spd":222,"spe":34},"gender":"M","shiny":true,"ivs":{"hp":31,"atk":31,"def":31,"spa":31,"spd":31,"spe":31}},{"name":"Very Happy Feet","species":"empoleon","item":"shellbell","ability":"Torrent","moves":["drillpeck","icebeam","flashcannon","dive"],"nature":"Naive","evs":{"hp":200,"atk":252,"def":0,"spa":56,"spd":0,"spe":0},"shiny":true,"ivs":{"hp":31,"atk":31,"def":31,"spa":31,"spd":31,"spe":31}},{"name":"WingedDemon","species":"vivillon","item":"leftovers","ability":"Shield Dust","moves":["gigadrain","hiddenpowerice","bugbuzz","roost"],"nature":"","evs":{"hp":0,"atk":0,"def":0,"spa":252,"spd":100,"spe":156},"gender":"F","ivs":{"hp":31,"atk":30,"def":30,"spa":31,"spd":31,"spe":31},"shiny":true},{"name":"Timothy","species":"milotic","item":"leftovers","ability":"Marvel Scale","moves":["dragonpulse","blizzard","hydropump","substitute"],"nature":"","evs":{"hp":0,"atk":4,"def":0,"spa":252,"spd":0,"spe":252},"gender":"F","shiny":true,"ivs":{"hp":31,"atk":31,"def":31,"spa":31,"spd":31,"spe":31}}],"p2team":[{"name":"Conkeldurr","species":"Conkeldurr","item":"choiceband","ability":"Iron Fist","moves":["drainpunch","icepunch","knockoff","machpunch"],"nature":"Adamant","evs":{"hp":208,"atk":252,"def":0,"spa":0,"spd":0,"spe":48},"ivs":{"hp":31,"atk":31,"def":31,"spa":31,"spd":31,"spe":31}},{"name":"Infernape","species":"Infernape","item":"focussash","ability":"Iron Fist","moves":["closecombat","overheat","machpunch","stealthrock"],"nature":"Hasty","evs":{"hp":0,"atk":252,"def":0,"spa":4,"spd":0,"spe":252},"ivs":{"hp":31,"atk":31,"def":31,"spa":31,"spd":31,"spe":31}},{"name":"Breloom","species":"Breloom","item":"toxicorb","ability":"Poison Heal","moves":["drainpunch","leechseed","seedbomb","machpunch"],"nature":"Adamant","evs":{"hp":248,"atk":252,"def":0,"spa":0,"spd":8,"spe":0},"ivs":{"hp":31,"atk":31,"def":31,"spa":31,"spd":31,"spe":31}},{"name":"Keldeo","species":"Keldeo","item":"lifeorb","ability":"Justified","moves":["scald","secretsword","hydropump","hiddenpowerice"],"nature":"Timid","evs":{"hp":0,"atk":0,"def":0,"spa":252,"spd":4,"spe":252},"ivs":{"hp":31,"atk":30,"def":30,"spa":31,"spd":31,"spe":31}},{"name":"Heracross","species":"Heracross","item":"heracronite","ability":"Guts","moves":["closecombat","bulletseed","pinmissile","rockblast"],"nature":"Adamant","evs":{"hp":0,"atk":252,"def":0,"spa":0,"spd":4,"spe":252},"ivs":{"hp":31,"atk":31,"def":31,"spa":31,"spd":31,"spe":31}},{"name":"Lucario","species":"Lucario","item":"choicescarf","ability":"Inner Focus","moves":["aurasphere","flashcannon","darkpulse","vacuumwave"],"nature":"Timid","evs":{"hp":0,"atk":0,"def":0,"spa":252,"spd":4,"spe":252},"ivs":{"hp":31,"atk":31,"def":31,"spa":31,"spd":31,"spe":31}}],"log":["|player|p1|Shipuriken|284","|player|p2|mazzza|170","|gametype|singles","|gen|6","|tier|OU","|rated","|clearpoke","|poke|p1|Venusaur, M, shiny","|poke|p1|Infernape, M, shiny","|poke|p1|Crobat, M, shiny","|poke|p1|Empoleon, F, shiny","|poke|p1|Vivillon, F, shiny","|poke|p1|Milotic, F, shiny","|poke|p2|Conkeldurr, F","|poke|p2|Infernape, M","|poke|p2|Breloom, M","|poke|p2|Keldeo","|poke|p2|Heracross, M","|poke|p2|Lucario, F","|rule|Swagger Clause: Swagger is banned","|rule|Baton Pass Clause: Limit one Baton Passer, can't pass Spe and other stats simultaneously","|rule|Sleep Clause Mod: Limit one foe put to sleep","|rule|Species Clause: Limit one of each Pokémon","|rule|OHKO Clause: OHKO moves are banned","|rule|Moody Clause: Moody is banned","|rule|Evasion Moves Clause: Evasion moves are banned","|rule|Endless Battle Clause: Forcing endless battles is banned","|rule|HP Percentage Mod: HP is shown in percentages","|teampreview","|","|start","|switch|p1a: PinkDeath|Crobat, M, shiny|311/311","|switch|p2a: Conkeldurr|Conkeldurr, F|403/403","|turn|1","|","|move|p1a: PinkDeath|Toxic|p2a: Conkeldurr","|-status|p2a: Conkeldurr|tox","|move|p2a: Conkeldurr|Ice Punch|p1a: PinkDeath","|-supereffective|p1a: PinkDeath","|-damage|p1a: PinkDeath|0 fnt","|faint|p1a: PinkDeath","|","|-damage|p2a: Conkeldurr|378/403 tox|[from] psn","|","|switch|p1a: Venusaur|Venusaur, M, shiny|301/301","|turn|2","|","|detailschange|p1a: Venusaur|Venusaur-Mega, M, shiny","|-mega|p1a: Venusaur|Venusaur|Venusaurite","|move|p1a: Venusaur|Giga Drain|p2a: Conkeldurr","|-damage|p2a: Conkeldurr|191/403 tox","|move|p2a: Conkeldurr|Ice Punch|p1a: Venusaur","|-supereffective|p1a: Venusaur","|-damage|p1a: Venusaur|157/301","|","|-damage|p2a: Conkeldurr|141/403 tox|[from] psn","|turn|3","|","|switch|p2a: Heracross|Heracross, M|301/301","|move|p1a: Venusaur|Giga Drain|p2a: Heracross","|-crit|p2a: Heracross","|-resisted|p2a: Heracross","|-damage|p2a: Heracross|203/301","|-heal|p1a: Venusaur|206/301|[from] drain|[of] p2a: Heracross","|","|turn|4","|","|detailschange|p2a: Heracross|Heracross-Mega, M","|-mega|p2a: Heracross|Heracross|Heracronite","|move|p2a: Heracross|Pin Missile|p1a: Venusaur|[miss]","|-miss|p2a: Heracross|p1a: Venusaur","|move|p1a: Venusaur|Hidden Power|p2a: Heracross","|-damage|p2a: Heracross|138/301","|","|turn|5","|","|switch|p1a: WTF!!! It|Infernape, M, shiny|307/307","|move|p2a: Heracross|Pin Missile|p1a: WTF!!! It","|-resisted|p1a: WTF!!! It","|-damage|p1a: WTF!!! It|282/307","|-resisted|p1a: WTF!!! It","|-damage|p1a: WTF!!! It|261/307","|-resisted|p1a: WTF!!! It","|-damage|p1a: WTF!!! It|236/307","|-resisted|p1a: WTF!!! It","|-damage|p1a: WTF!!! It|212/307","|-resisted|p1a: WTF!!! It","|-damage|p1a: WTF!!! It|189/307","|-hitcount|p1a: WTF!!! It|5","|","|turn|6","|","|switch|p2a: Keldeo|Keldeo|323/323","|move|p1a: WTF!!! It|Heat Wave|p2a: Keldeo","|-resisted|p2a: Keldeo","|-damage|p2a: Keldeo|253/323","|","|turn|7","|","|switch|p1a: Venusaur|Venusaur-Mega, M, shiny|206/301","|move|p2a: Keldeo|Scald|p1a: Venusaur","|-resisted|p1a: Venusaur","|-damage|p1a: Venusaur|128/301","|-damage|p2a: Keldeo|221/323|[from] item: Life Orb","|","|turn|8","|","|switch|p2a: Infernape|Infernape, M|293/293","|move|p1a: Venusaur|Giga Drain|p2a: Infernape","|-resisted|p2a: Infernape","|-damage|p2a: Infernape|207/293","|-heal|p1a: Venusaur|171/301|[from] drain|[of] p2a: Infernape","|","|turn|9","|","|switch|p1a: Timothy|Milotic, F, shiny|331/331","|move|p2a: Infernape|Stealth Rock|p1a: Timothy","|-sidestart|p1: Shipuriken|move: Stealth Rock","|","|turn|10","|","|move|p2a: Infernape|Close Combat|p1a: Timothy","|-damage|p1a: Timothy|108/331","|-unboost|p2a: Infernape|def|1","|-unboost|p2a: Infernape|spd|1","|move|p1a: Timothy|Hydro Pump|p2a: Infernape|[miss]","|-miss|p1a: Timothy|p2a: Infernape","|","|-heal|p1a: Timothy|128/331|[from] item: Leftovers","|turn|11","|","|move|p2a: Infernape|Close Combat|p1a: Timothy","|-damage|p1a: Timothy|0 fnt","|-unboost|p2a: Infernape|def|1","|-unboost|p2a: Infernape|spd|1","|faint|p1a: Timothy","|","|","|switch|p1a: Very Happy Feet|Empoleon, F, shiny|359/359","|-damage|p1a: Very Happy Feet|337/359|[from] Stealth Rock","|turn|12","|","|move|p2a: Infernape|Close Combat|p1a: Very Happy Feet","|-supereffective|p1a: Very Happy Feet","|-damage|p1a: Very Happy Feet|0 fnt","|-unboost|p2a: Infernape|def|1","|-unboost|p2a: Infernape|spd|1","|faint|p1a: Very Happy Feet","|","|","|switch|p1a: WTF!!! It|Infernape, M, shiny|189/307","|-damage|p1a: WTF!!! It|151/307|[from] Stealth Rock","|turn|13","|","|move|p2a: Infernape|Mach Punch|p1a: WTF!!! It","|-damage|p1a: WTF!!! It|45/307","|move|p1a: WTF!!! It|Earthquake|p2a: Infernape","|-supereffective|p2a: Infernape","|-damage|p2a: Infernape|0 fnt","|faint|p2a: Infernape","|","|","|switch|p2a: Breloom|Breloom, M|323/323","|turn|14","|","|switch|p1a: WingedDemon|Vivillon, F, shiny|301/301","|-damage|p1a: WingedDemon|151/301|[from] Stealth Rock","|move|p2a: Breloom|Mach Punch|p1a: WingedDemon","|-resisted|p1a: WingedDemon","|-damage|p1a: WingedDemon|118/301","|","|-heal|p1a: WingedDemon|136/301|[from] item: Leftovers","|-status|p2a: Breloom|tox|[from] item: Toxic Orb","|turn|15","|","|switch|p1a: WTF!!! It|Infernape, M, shiny|45/307","|-damage|p1a: WTF!!! It|7/307|[from] Stealth Rock","|move|p2a: Breloom|Leech Seed|p1a: WTF!!! It|[miss]","|-miss|p2a: Breloom|p1a: WTF!!! It","|","|turn|16","|","|move|p2a: Breloom|Mach Punch|p1a: WTF!!! It","|-crit|p1a: WTF!!! It","|-damage|p1a: WTF!!! It|0 fnt","|faint|p1a: WTF!!! It","|","|","|switch|p1a: WingedDemon|Vivillon, F, shiny|136/301","|-damage|p1a: WingedDemon|0 fnt|[from] Stealth Rock","|faint|p1a: WingedDemon","|","|switch|p1a: Venusaur|Venusaur-Mega, M, shiny|171/301","|-damage|p1a: Venusaur|134/301|[from] Stealth Rock","|turn|17","|","|move|p1a: Venusaur|Giga Drain|p2a: Breloom","|-resisted|p2a: Breloom","|-damage|p2a: Breloom|233/323 tox","|-heal|p1a: Venusaur|179/301|[from] drain|[of] p2a: Breloom","|move|p2a: Breloom|Seed Bomb|p1a: Venusaur","|-resisted|p1a: Venusaur","|-damage|p1a: Venusaur|151/301","|","|-heal|p2a: Breloom|273/323 tox|[from] ability: Poison Heal","|turn|18","|","|switch|p2a: Keldeo|Keldeo|221/323","|move|p1a: Venusaur|Synthesis|p1a: Venusaur","|-heal|p1a: Venusaur|301/301","|","|turn|19","|","|move|p2a: Keldeo|Hydro Pump|p1a: Venusaur|[miss]","|-miss|p2a: Keldeo|p1a: Venusaur","|move|p1a: Venusaur|Giga Drain|p2a: Keldeo","|-supereffective|p2a: Keldeo","|-damage|p2a: Keldeo|0 fnt","|faint|p2a: Keldeo","|","|","|switch|p2a: Heracross|Heracross-Mega, M|138/301","|turn|20","|","|move|p2a: Heracross|Pin Missile|p1a: Venusaur","|-damage|p1a: Venusaur|249/301","|-damage|p1a: Venusaur|194/301","|-damage|p1a: Venusaur|146/301","|-damage|p1a: Venusaur|97/301","|-damage|p1a: Venusaur|45/301","|-hitcount|p1a: Venusaur|5","|move|p1a: Venusaur|Hidden Power|p2a: Heracross","|-damage|p2a: Heracross|75/301","|","|turn|21","|","|move|p2a: Heracross|Pin Missile|p1a: Venusaur","|-damage|p1a: Venusaur|0 fnt","|-hitcount|p1a: Venusaur|1","|faint|p1a: Venusaur","|","|win|mazzza"],"p1rating":{"entryid":"7680411","serverid":"eos","formatid":"ou","userid":"shipuriken","username":"Shipuriken","w":"0","l":2,"t":"0","gxe":41,"r":"1500","rd":"130","sigma":"0","rptime":"1439715600","rpr":1427.4328741711,"rprd":116.77753930647,"rpsigma":"0","acre":1000,"lacre":1000,"oldacre":"1000"},"p2rating":{"entryid":"7679549","serverid":"eos","formatid":"ou","userid":"mazzza","username":"mazzza","w":6,"l":"0","t":"0","gxe":69,"r":"1500","rd":"130","sigma":"0","rptime":"1439715600","rpr":1657.054183232,"rprd":99.186710102519,"rpsigma":"0","acre":1148.2885247042,"lacre":1148.2885247042,"oldacre":"1132.3782447141"},"endType":"normal"}