{"seed":[3890,47220,5168,10654],"turns":18,"p1":"Alexmoria33","p2":"zerstg","p1team":[{"name":"Ferrothorn","species":"Ferrothorn","item":"rockyhelmet","ability":"Iron Barbs","moves":["stealthrock","spikes","gyroball","leechseed"],"nature":"Relaxed","evs":{"hp":248,"atk":8,"def":252,"spa":0,"spd":0,"spe":0},"ivs":{"hp":31,"atk":31,"def":31,"spa":31,"spd":31,"spe":0}},{"name":"Mamoswine","species":"Mamoswine","item":"focussash","ability":"Thick Fat","moves":["iceshard","earthquake","superpower","endeavor"],"nature":"Adamant","evs":{"hp":248,"atk":252,"def":0,"spa":0,"spd":8,"spe":0},"ivs":{"hp":31,"atk":31,"def":31,"spa":31,"spd":31,"spe":31}},{"name":"Keldeo","species":"Keldeo","item":"choicespecs","ability":"Justified","moves":["scald","secretsword","icywind","hiddenpowerpoison"],"nature":"Timid","evs":{"hp":0,"atk":0,"def":0,"spa":252,"spd":4,"spe":252},"ivs":{"hp":31,"atk":31,"def":30,"spa":30,"spd":30,"spe":31}},{"name":"Sceptile","species":"Sceptile","item":"sceptilite","ability":"Overgrow","moves":["gigadrain","dragonpulse","focusblast","substitute"],"nature":"Timid","evs":{"hp":0,"atk":0,"def":0,"spa":252,"spd":4,"spe":252},"ivs":{"hp":31,"atk":31,"def":31,"spa":31,"spd":31,"spe":31}},{"name":"Chandelure","species":"Chandelure","item":"choicescarf","ability":"Flash Fire","moves":["overheat","shadowball","energyball","clearsmog"],"nature":"Timid","evs":{"hp":0,"atk":0,"def":0,"spa":252,"spd":4,"spe":252},"ivs":{"hp":31,"atk":31,"def":30,"spa":30,"spd":30,"spe":30}},{"name":"Tyranitar","species":"Tyranitar","item":"assaultvest","ability":"Sand Stream","moves":["pursuit","superpower","stoneedge","icebeam"],"nature":"Naughty","evs":{"hp":248,"atk":252,"def":0,"spa":8,"spd":0,"spe":0},"ivs":{"hp":31,"atk":31,"def":31,"spa":31,"spd":31,"spe":31}}],"p2team":[{"name":"Talonflame","species":"Talonflame","item":"sharpbeak","ability":"Gale Wings","moves":["bravebird","flareblitz","swordsdance","roost"],"nature":"Jolly","evs":{"hp":0,"atk":252,"def":12,"spa":0,"spd":0,"spe":244},"ivs":{"hp":31,"atk":31,"def":31,"spa":31,"spd":31,"spe":31}},{"name":"Scizor","species":"Scizor","item":"lifeorb","ability":"Technician","moves":["swordsdance","bulletpunch","superpower","bugbite"],"nature":"Adamant","evs":{"hp":0,"atk":252,"def":4,"spa":0,"spd":0,"spe":252},"ivs":{"hp":31,"atk":31,"def":31,"spa":31,"spd":31,"spe":31}},{"name":"Gengar","species":"Gengar","item":"lifeorb","ability":"Levitate","moves":["destinybond","sludgewave","shadowball","protect"],"nature":"Modest","evs":{"hp":0,"atk":0,"def":4,"spa":252,"spd":0,"spe":252},"ivs":{"hp":31,"atk":31,"def":31,"spa":31,"spd":31,"spe":31}},{"name":"Excadrill","species":"Excadrill","item":"lifeorb","ability":"Mold Breaker","moves":["earthquake","ironhead","rapidspin","stealthrock"],"nature":"Careful","evs":{"hp":252,"atk":4,"def":0,"spa":0,"spd":252,"spe":0},"ivs":{"hp":31,"atk":31,"def":31,"spa":31,"spd":31,"spe":31}},{"name":"Breloom","species":"Breloom","item":"lifeorb","ability":"Technician","moves":["spore","bulletseed","machpunch","focuspunch"],"nature":"","evs":{"hp":0,"atk":252,"def":4,"spa":0,"spd":0,"spe":252},"ivs":{"hp":31,"atk":31,"def":31,"spa":31,"spd":31,"spe":31}},{"name":"Gardevoir","species":"Gardevoir","item":"lifeorb","ability":"Trace","moves":["hypervoice","psyshock","focusblast","willowisp"],"nature":"Modest","evs":{"hp":0,"atk":0,"def":24,"spa":232,"spd":0,"spe":252},"ivs":{"hp":31,"atk":31,"def":31,"spa":31,"spd":31,"spe":31}}],"log":["|player|p1|Alexmoria33|184","|player|p2|zerstg|161","|gametype|singles","|gen|6","|tier|OU","|rated","|clearpoke","|poke|p1|Ferrothorn, F","|poke|p1|Mamoswine, F","|poke|p1|Keldeo","|poke|p1|Sceptile, M","|poke|p1|Chandelure, F","|poke|p1|Tyranitar, F","|poke|p2|Talonflame, F","|poke|p2|Scizor, F","|poke|p2|Gengar, M","|poke|p2|Excadrill, M","|poke|p2|Breloom, M","|poke|p2|Gardevoir, F","|rule|Swagger Clause: Swagger is banned","|rule|Baton Pass Clause: Limit one Baton Passer, can't pass Spe and other stats simultaneously","|rule|Sleep Clause Mod: Limit one foe put to sleep","|rule|Species Clause: Limit one of each Pokémon","|rule|OHKO Clause: OHKO moves are banned","|rule|Moody Clause: Moody is banned","|rule|Evasion Moves Clause: Evasion moves are banned","|rule|Endless Battle Clause: Forcing endless battles is banned","|rule|HP Percentage Mod: HP is shown in percentages","|teampreview","|","|start","|switch|p1a: Ferrothorn|Ferrothorn, F|351/351","|switch|p2a: Excadrill|Excadrill, M|424/424","|-ability|p2a: Excadrill|Mold Breaker","|turn|1","|","|move|p2a: Excadrill|Stealth Rock|p1a: Ferrothorn","|-sidestart|p1: Alexmoria33|move: Stealth Rock","|move|p1a: Ferrothorn|Stealth Rock|p2a: Excadrill","|-sidestart|p2: zerstg|move: Stealth Rock","|","|turn|2","|","|switch|p2a: Talonflame|Talonflame, F|297/297","|-damage|p2a: Talonflame|149/297|[from] Stealth Rock","|move|p1a: Ferrothorn|Leech Seed|p2a: Talonflame|[miss]","|-miss|p1a: Ferrothorn|p2a: Talonflame","|","|turn|3","|","|switch|p1a: Chandelure|Chandelure, F|261/261","|-damage|p1a: Chandelure|196/261|[from] Stealth Rock","|move|p2a: Talonflame|Flare Blitz|p1a: Chandelure","|-start|p1a: Chandelure|ability: Flash Fire","|","|turn|4","|","|move|p2a: Talonflame|Brave Bird|p1a: Chandelure","|-damage|p1a: Chandelure|0 fnt","|-damage|p2a: Talonflame|84/297|[from] recoil|[of] p1a: Chandelure","|faint|p1a: Chandelure","|","|","|switch|p1a: Tyranitar|Tyranitar, F|403/403","|-damage|p1a: Tyranitar|353/403|[from] Stealth Rock","|-weather|Sandstorm","|turn|5","|","|move|p1a: Tyranitar|Pursuit|p2a: Talonflame|[from]Pursuit","|-damage|p2a: Talonflame|0 fnt","|faint|p2a: Talonflame","|","|-weather|Sandstorm|[upkeep]","|","|switch|p2a: Excadrill|Excadrill, M|424/424","|-damage|p2a: Excadrill|411/424|[from] Stealth Rock","|-ability|p2a: Excadrill|Mold Breaker","|turn|6","|","|switch|p1a: Keldeo|Keldeo|323/323","|-damage|p1a: Keldeo|303/323|[from] Stealth Rock","|move|p2a: Excadrill|Earthquake|p1a: Keldeo","|-damage|p1a: Keldeo|104/323","|-damage|p2a: Excadrill|369/424|[from] item: Life Orb","|","|-weather|Sandstorm|[upkeep]","|-damage|p1a: Keldeo|84/323|[from] sandstorm","|turn|7","|","|move|p1a: Keldeo|Secret Sword|p2a: Excadrill","|-supereffective|p2a: Excadrill","|-damage|p2a: Excadrill|0 fnt","|faint|p2a: Excadrill","|","|-weather|Sandstorm|[upkeep]","|-damage|p1a: Keldeo|64/323|[from] sandstorm","|","|switch|p2a: Breloom|Breloom, M|261/261","|-damage|p2a: Breloom|245/261|[from] Stealth Rock","|turn|8","|","|move|p2a: Breloom|Mach Punch|p1a: Keldeo","|-crit|p1a: Keldeo","|-damage|p1a: Keldeo|0 fnt","|-damage|p2a: Breloom|219/261|[from] item: Life Orb","|faint|p1a: Keldeo","|","|-weather|Sandstorm|[upkeep]","|-damage|p2a: Breloom|203/261|[from] sandstorm","|","|switch|p1a: Sceptile|Sceptile, M|281/281","|-damage|p1a: Sceptile|246/281|[from] Stealth Rock","|turn|9","|","|-singleturn|p2a: Breloom|move: Focus Punch","|detailschange|p1a: Sceptile|Sceptile-Mega, M","|-mega|p1a: Sceptile|Sceptile|Sceptilite","|move|p1a: Sceptile|Substitute|p1a: Sceptile","|-start|p1a: Sceptile|Substitute","|-damage|p1a: Sceptile|176/281","|move|p2a: Breloom|Focus Punch|p1a: Sceptile","|-end|p1a: Sceptile|Substitute","|-damage|p2a: Breloom|177/261|[from] item: Life Orb","|","|-weather|none","|turn|10","|","|switch|p2a: Scizor|Scizor, F|281/281","|-damage|p2a: Scizor|246/281|[from] Stealth Rock","|move|p1a: Sceptile|Dragon Pulse|p2a: Scizor","|-resisted|p2a: Scizor","|-damage|p2a: Scizor|149/281","|","|turn|11","|","|move|p1a: Sceptile|Focus Blast|p2a: Scizor","|-damage|p2a: Scizor|0 fnt","|faint|p2a: Scizor","|","|","|switch|p2a: Gardevoir|Gardevoir, F|277/277","|-damage|p2a: Gardevoir|243/277|[from] Stealth Rock","|-ability|p2a: Gardevoir|Lightning Rod|[from] ability: Trace|[of] p1a: Sceptile","|turn|12","|","|switch|p1a: Ferrothorn|Ferrothorn, F|351/351","|-damage|p1a: Ferrothorn|330/351|[from] Stealth Rock","|move|p2a: Gardevoir|Psyshock|p1a: Ferrothorn","|-resisted|p1a: Ferrothorn","|-damage|p1a: Ferrothorn|277/351","|-damage|p2a: Gardevoir|216/277|[from] item: Life Orb","|","|turn|13","|","|move|p2a: Gardevoir|Will-O-Wisp|p1a: Ferrothorn","|-status|p1a: Ferrothorn|brn","|move|p1a: Ferrothorn|Gyro Ball|p2a: Gardevoir","|-supereffective|p2a: Gardevoir","|-damage|p2a: Gardevoir|2/277","|","|-damage|p1a: Ferrothorn|234/351 brn|[from] brn","|turn|14","|","|move|p2a: Gardevoir|Focus Blast|p1a: Ferrothorn","|-supereffective|p1a: Ferrothorn","|-damage|p1a: Ferrothorn|0 fnt","|-damage|p2a: Gardevoir|0 fnt|[from] item: Life Orb","|faint|p1a: Ferrothorn","|faint|p2a: Gardevoir","|","|","|switch|p1a: Sceptile|Sceptile-Mega, M|176/281","|switch|p2a: Gengar|Gengar, M|261/261","|-damage|p1a: Sceptile|141/281|[from] Stealth Rock","|-damage|p2a: Gengar|229/261|[from] Stealth Rock","|turn|15","|","|switch|p1a: Tyranitar|Tyranitar, F|353/403","|-damage|p1a: Tyranitar|303/403|[from] Stealth Rock","|-weather|Sandstorm","|move|p2a: Gengar|Sludge Wave|p1a: Tyranitar","|-resisted|p1a: Tyranitar","|-damage|p1a: Tyranitar|239/403","|-damage|p2a: Gengar|203/261|[from] item: Life Orb","|","|-weather|Sandstorm|[upkeep]","|-damage|p2a: Gengar|187/261|[from] sandstorm","|turn|16","|","|move|p2a: Gengar|Shadow Ball|p1a: Tyranitar","|-resisted|p1a: Tyranitar","|-damage|p1a: Tyranitar|190/403","|-damage|p2a: Gengar|161/261|[from] item: Life Orb","|move|p1a: Tyranitar|Pursuit|p2a: Gengar","|-supereffective|p2a: Gengar","|-damage|p2a: Gengar|0 fnt","|faint|p2a: Gengar","|","|-weather|Sandstorm|[upkeep]","|","|switch|p2a: Breloom|Breloom, M|177/261","|-damage|p2a: Breloom|161/261|[from] Stealth Rock","|turn|17","|","|move|p2a: Breloom|Spore|p1a: Tyranitar","|-status|p1a: Tyranitar|slp","|cant|p1a: Tyranitar|slp","|","|-weather|Sandstorm|[upkeep]","|-damage|p2a: Breloom|145/261|[from] sandstorm","|turn|18","|","|-singleturn|p2a: Breloom|move: Focus Punch","|-curestatus|p1a: Tyranitar|slp","|move|p1a: Tyranitar|Ice Beam|p2a: Breloom","|-supereffective|p2a: Breloom","|-damage|p2a: Breloom|0 fnt","|faint|p2a: Breloom","|","|win|Alexmoria33"],"p1rating":{"entryid":"7660076","serverid":"eos","formatid":"ou","userid":"alexmoria33","username":"Alexmoria33","w":3,"l":"5","t":"0","gxe":45.1,"r":"1439.1604229554","rd":"117.13957896656","sigma":"0","rptime":"1439715600","rpr":1461.5817278454,"rprd":93.55253898492,"rpsigma":"0","acre":1073.740438042,"lacre":1073.740438042,"oldacre":"1044.7072151618"},"p2rating":{"entryid":7681195,"formatid":"ou","userid":"zerstg","username":"zerstg","r":1500,"rd":130,"sigma":0,"rpr":1452.6587375799,"rprd":122.85228269709,"rpsigma":0,"rptime":1439715600,"w":0,"l":1,"t":0,"gxe":44.1,"acre":1000,"lacre":1000,"oldacre":1000},"endType":"normal"}