{"seed":[61425,62721,24391,3895],"turns":34,"p1":"NETFLIX DOMA","p2":"R06L29A01","p1team":[{"name":"Venusaur","species":"Venusaur","item":"venusaurite","ability":"Chlorophyll","moves":["synthesis","leechseed","gigadrain","hiddenpowerwater"],"nature":"","evs":{"hp":0,"atk":0,"def":100,"spa":252,"spd":100,"spe":56},"gender":"M","ivs":{"hp":31,"atk":30,"def":30,"spa":30,"spd":31,"spe":31},"shiny":true},{"name":"WTF!!! It","species":"infernape","item":"choicescarf","ability":"Blaze","moves":["nastyplot","earthquake","heatwave","dig"],"nature":"Hasty","evs":{"hp":56,"atk":252,"def":0,"spa":100,"spd":100,"spe":0},"gender":"M","shiny":true,"ivs":{"hp":31,"atk":31,"def":31,"spa":31,"spd":31,"spe":31}},{"name":"PinkDeath","species":"crobat","item":"blacksludge","ability":"Inner Focus","moves":["heatwave","toxic","crosspoison","darkpulse"],"nature":"Hardy","evs":{"hp":0,"atk":0,"def":0,"spa":252,"spd":222,"spe":34},"gender":"M","shiny":true,"ivs":{"hp":31,"atk":31,"def":31,"spa":31,"spd":31,"spe":31}},{"name":"Very Happy Feet","species":"empoleon","item":"shellbell","ability":"Torrent","moves":["drillpeck","icebeam","flashcannon","dive"],"nature":"Naive","evs":{"hp":200,"atk":252,"def":0,"spa":56,"spd":0,"spe":0},"shiny":true,"ivs":{"hp":31,"atk":31,"def":31,"spa":31,"spd":31,"spe":31}},{"name":"WingedDemon","species":"vivillon","item":"leftovers","ability":"Shield Dust","moves":["gigadrain","hiddenpowerice","bugbuzz","roost"],"nature":"","evs":{"hp":0,"atk":0,"def":0,"spa":252,"spd":100,"spe":156},"gender":"F","ivs":{"hp":31,"atk":30,"def":30,"spa":31,"spd":31,"spe":31},"shiny":true},{"name":"Timothy","species":"milotic","item":"leftovers","ability":"Marvel Scale","moves":["dragonpulse","blizzard","hydropump","substitute"],"nature":"","evs":{"hp":0,"atk":4,"def":0,"spa":252,"spd":0,"spe":252},"gender":"F","shiny":true,"ivs":{"hp":31,"atk":31,"def":31,"spa":31,"spd":31,"spe":31}}],"p2team":[{"name":"Chansey","species":"Chansey","item":"eviolite","ability":"Natural Cure","moves":["thunderwave","softboiled","aromatherapy","seismictoss"],"nature":"Impish","evs":{"hp":248,"atk":0,"def":252,"spa":0,"spd":8,"spe":0},"ivs":{"hp":31,"atk":31,"def":31,"spa":31,"spd":31,"spe":31}},{"name":"Suicune","species":"Suicune","item":"leftovers","ability":"Pressure","moves":["scald","rest","sleeptalk","calmmind"],"nature":"Calm","evs":{"hp":252,"atk":0,"def":252,"spa":0,"spd":4,"spe":0},"shiny":true,"ivs":{"hp":31,"atk":31,"def":31,"spa":31,"spd":31,"spe":31}},{"name":"Scizor","species":"Scizor","item":"choiceband","ability":"Technician","moves":["knockoff","uturn","bulletpunch","airslash"],"nature":"Adamant","evs":{"hp":248,"atk":252,"def":0,"spa":8,"spd":0,"spe":0},"ivs":{"hp":31,"atk":31,"def":31,"spa":31,"spd":31,"spe":31}},{"name":"Dragonite","species":"Dragonite","item":"weaknesspolicy","ability":"Multiscale","moves":["dragondance","dragonclaw","earthquake","extremespeed"],"nature":"Jolly","evs":{"hp":0,"atk":252,"def":0,"spa":0,"spd":4,"spe":252},"ivs":{"hp":31,"atk":31,"def":31,"spa":31,"spd":31,"spe":31}},{"name":"Rotom-Wash","species":"Rotom-Wash","item":"leftovers","ability":"Levitate","moves":["voltswitch","hydropump","willowisp","foulplay"],"nature":"Timid","evs":{"hp":252,"atk":0,"def":0,"spa":4,"spd":252,"spe":0},"shiny":true,"ivs":{"hp":31,"atk":31,"def":31,"spa":31,"spd":31,"spe":31}},{"name":"Venusaur","species":"Venusaur","item":"venusaurite","ability":"Overgrow","moves":["gigadrain","leechseed","sludgebomb","doubleedge"],"nature":"Quiet","evs":{"hp":248,"atk":8,"def":0,"spa":0,"spd":252,"spe":0},"shiny":true,"ivs":{"hp":31,"atk":31,"def":31,"spa":31,"spd":31,"spe":31}}],"log":["|player|p1|NETFLIX DOMA|284","|player|p2|R06L29A01|209","|gametype|singles","|gen|6","|tier|OU","|rated","|clearpoke","|poke|p1|Venusaur, M, shiny","|poke|p1|Infernape, M, shiny","|poke|p1|Crobat, M, shiny","|poke|p1|Empoleon, M, shiny","|poke|p1|Vivillon, F, shiny","|poke|p1|Milotic, F, shiny","|poke|p2|Chansey, F","|poke|p2|Suicune, shiny","|poke|p2|Scizor, F","|poke|p2|Dragonite, F","|poke|p2|Rotom-Wash, shiny","|poke|p2|Venusaur, F, shiny","|rule|Swagger Clause: Swagger is banned","|rule|Baton Pass Clause: Limit one Baton Passer, can't pass Spe and other stats simultaneously","|rule|Sleep Clause Mod: Limit one foe put to sleep","|rule|Species Clause: Limit one of each Pokémon","|rule|OHKO Clause: OHKO moves are banned","|rule|Moody Clause: Moody is banned","|rule|Evasion Moves Clause: Evasion moves are banned","|rule|Endless Battle Clause: Forcing endless battles is banned","|rule|HP Percentage Mod: HP is shown in percentages","|teampreview","|","|start","|switch|p1a: WingedDemon|Vivillon, F, shiny|301/301","|switch|p2a: Rotom-Wash|Rotom-Wash, shiny|304/304","|turn|1","|","|switch|p1a: Venusaur|Venusaur, M, shiny|301/301","|move|p2a: Rotom-Wash|Will-O-Wisp|p1a: Venusaur","|-status|p1a: Venusaur|brn","|","|-damage|p1a: Venusaur|264/301 brn|[from] brn","|turn|2","|","|move|p2a: Rotom-Wash|Volt Switch|p1a: Venusaur","|-resisted|p1a: Venusaur","|-damage|p1a: Venusaur|223/301 brn","|","|switch|p2a: Scizor|Scizor, F|343/343","|move|p1a: Venusaur|Giga Drain|p2a: Scizor","|-resisted|p2a: Scizor","|-damage|p2a: Scizor|312/343","|-heal|p1a: Venusaur|239/301 brn|[from] drain|[of] p2a: Scizor","|","|-damage|p1a: Venusaur|202/301 brn|[from] brn","|turn|3","|","|switch|p1a: WTF!!! It|Infernape, M, shiny|307/307","|move|p2a: Scizor|U-turn|p1a: WTF!!! It","|-resisted|p1a: WTF!!! It","|-damage|p1a: WTF!!! It|228/307","|","|switch|p2a: Rotom-Wash|Rotom-Wash, shiny|304/304","|","|turn|4","|","|switch|p1a: WingedDemon|Vivillon, F, shiny|301/301","|move|p2a: Rotom-Wash|Hydro Pump|p1a: WingedDemon","|-damage|p1a: WingedDemon|111/301","|","|-heal|p1a: WingedDemon|129/301|[from] item: Leftovers","|turn|5","|","|move|p1a: WingedDemon|Giga Drain|p2a: Rotom-Wash","|-supereffective|p2a: Rotom-Wash","|-damage|p2a: Rotom-Wash|192/304","|-heal|p1a: WingedDemon|185/301|[from] drain|[of] p2a: Rotom-Wash","|move|p2a: Rotom-Wash|Volt Switch|p1a: WingedDemon","|-supereffective|p1a: WingedDemon","|-damage|p1a: WingedDemon|0 fnt","|faint|p1a: WingedDemon","|","|switch|p2a: Scizor|Scizor, F|312/343","|","|","|switch|p1a: WTF!!! It|Infernape, M, shiny|228/307","|turn|6","|","|move|p1a: WTF!!! It|Heat Wave|p2a: Scizor","|-supereffective|p2a: Scizor","|-damage|p2a: Scizor|0 fnt","|faint|p2a: Scizor","|","|","|switch|p2a: Chansey|Chansey, F|703/703","|turn|7","|","|move|p1a: WTF!!! It|Heat Wave|p2a: Chansey","|-damage|p2a: Chansey|625/703","|move|p2a: Chansey|Thunder Wave|p1a: WTF!!! It","|-status|p1a: WTF!!! It|par","|","|turn|8","|","|switch|p1a: PinkDeath|Crobat, M, shiny|311/311","|move|p2a: Chansey|Seismic Toss|p1a: PinkDeath","|-damage|p1a: PinkDeath|211/311","|","|-heal|p1a: PinkDeath|230/311|[from] item: Black Sludge","|turn|9","|","|move|p1a: PinkDeath|Toxic|p2a: Chansey","|-status|p2a: Chansey|tox","|move|p2a: Chansey|Thunder Wave|p1a: PinkDeath","|-status|p1a: PinkDeath|par","|","|-heal|p1a: PinkDeath|249/311 par|[from] item: Black Sludge","|-damage|p2a: Chansey|582/703 tox|[from] psn","|turn|10","|","|switch|p2a: Rotom-Wash|Rotom-Wash, shiny|192/304","|move|p1a: PinkDeath|Dark Pulse|p2a: Rotom-Wash","|-damage|p2a: Rotom-Wash|143/304","|","|-heal|p2a: Rotom-Wash|162/304|[from] item: Leftovers","|-heal|p1a: PinkDeath|268/311 par|[from] item: Black Sludge","|turn|11","|","|switch|p1a: Venusaur|Venusaur, M, shiny|202/301 brn","|move|p2a: Rotom-Wash|Volt Switch|p1a: Venusaur","|-resisted|p1a: Venusaur","|-damage|p1a: Venusaur|161/301 brn","|","|switch|p2a: Dragonite|Dragonite, F|323/323","|","|-damage|p1a: Venusaur|124/301 brn|[from] brn","|turn|12","|","|move|p2a: Dragonite|Earthquake|p1a: Venusaur","|-damage|p1a: Venusaur|0 fnt","|faint|p1a: Venusaur","|","|","|switch|p1a: Very Happy Feet|Empoleon, M, shiny|359/359","|turn|13","|","|switch|p2a: Chansey|Chansey, F|582/703","|move|p1a: Very Happy Feet|Ice Beam|p2a: Chansey","|-damage|p2a: Chansey|534/703","|-status|p2a: Chansey|frz","|","|turn|14","|","|move|p1a: Very Happy Feet|Drill Peck|p2a: Chansey","|-damage|p2a: Chansey|435/703 frz","|cant|p2a: Chansey|frz","|","|turn|15","|","|move|p1a: Very Happy Feet|Drill Peck|p2a: Chansey","|-damage|p2a: Chansey|338/703 frz","|cant|p2a: Chansey|frz","|","|turn|16","|","|move|p1a: Very Happy Feet|Drill Peck|p2a: Chansey","|-damage|p2a: Chansey|249/703 frz","|cant|p2a: Chansey|frz","|","|turn|17","|","|move|p1a: Very Happy Feet|Drill Peck|p2a: Chansey","|-crit|p2a: Chansey","|-damage|p2a: Chansey|100/703 frz","|cant|p2a: Chansey|frz","|","|turn|18","|","|move|p1a: Very Happy Feet|Drill Peck|p2a: Chansey","|-damage|p2a: Chansey|9/703 frz","|cant|p2a: Chansey|frz","|","|turn|19","|","|move|p1a: Very Happy Feet|Drill Peck|p2a: Chansey","|-damage|p2a: Chansey|0 fnt","|faint|p2a: Chansey","|","|","|switch|p2a: Rotom-Wash|Rotom-Wash, shiny|162/304","|turn|20","|","|move|p2a: Rotom-Wash|Volt Switch|p1a: Very Happy Feet","|-supereffective|p1a: Very Happy Feet","|-damage|p1a: Very Happy Feet|167/359","|","|switch|p2a: Dragonite|Dragonite, F|323/323","|move|p1a: Very Happy Feet|Dive|p2a: Dragonite|[still]","|-prepare|p1a: Very Happy Feet|Dive|p2a: Dragonite","|","|turn|21","|","|switch|p2a: Rotom-Wash|Rotom-Wash, shiny|162/304","|move|p1a: Very Happy Feet|Dive|p2a: Rotom-Wash|[from]lockedmove","|-resisted|p2a: Rotom-Wash","|-damage|p2a: Rotom-Wash|114/304","|-heal|p1a: Very Happy Feet|173/359|[from] item: Shell Bell|[of] p2a: Rotom-Wash","|","|-heal|p2a: Rotom-Wash|133/304|[from] item: Leftovers","|turn|22","|","|switch|p1a: PinkDeath|Crobat, M, shiny|268/311 par","|move|p2a: Rotom-Wash|Will-O-Wisp|p1a: PinkDeath","|-fail|p1a: PinkDeath","|","|-heal|p2a: Rotom-Wash|152/304|[from] item: Leftovers","|-heal|p1a: PinkDeath|287/311 par|[from] item: Black Sludge","|turn|23","|","|move|p2a: Rotom-Wash|Volt Switch|p1a: PinkDeath","|-supereffective|p1a: PinkDeath","|-damage|p1a: PinkDeath|111/311 par","|","|switch|p2a: Suicune|Suicune, shiny|404/404","|-ability|p2a: Suicune|Pressure","|cant|p1a: PinkDeath|par","|","|-heal|p1a: PinkDeath|130/311 par|[from] item: Black Sludge","|turn|24","|","|move|p2a: Suicune|Calm Mind|p2a: Suicune","|-boost|p2a: Suicune|spa|1","|-boost|p2a: Suicune|spd|1","|cant|p1a: PinkDeath|par","|","|-heal|p1a: PinkDeath|149/311 par|[from] item: Black Sludge","|turn|25","|","|switch|p1a: Very Happy Feet|Empoleon, M, shiny|173/359","|move|p2a: Suicune|Calm Mind|p2a: Suicune","|-boost|p2a: Suicune|spa|1","|-boost|p2a: Suicune|spd|1","|","|turn|26","|","|move|p2a: Suicune|Scald|p1a: Very Happy Feet","|-resisted|p1a: Very Happy Feet","|-damage|p1a: Very Happy Feet|83/359","|move|p1a: Very Happy Feet|Flash Cannon|p2a: Suicune","|-resisted|p2a: Suicune","|-damage|p2a: Suicune|381/404","|-heal|p1a: Very Happy Feet|85/359|[from] item: Shell Bell|[of] p2a: Suicune","|","|-heal|p2a: Suicune|404/404|[from] item: Leftovers","|turn|27","|","|move|p2a: Suicune|Calm Mind|p2a: Suicune","|-boost|p2a: Suicune|spa|1","|-boost|p2a: Suicune|spd|1","|move|p1a: Very Happy Feet|Drill Peck|p2a: Suicune","|-damage|p2a: Suicune|347/404","|-heal|p1a: Very Happy Feet|92/359|[from] item: Shell Bell|[of] p2a: Suicune","|","|-heal|p2a: Suicune|372/404|[from] item: Leftovers","|turn|28","|","|move|p2a: Suicune|Calm Mind|p2a: Suicune","|-boost|p2a: Suicune|spa|1","|-boost|p2a: Suicune|spd|1","|move|p1a: Very Happy Feet|Ice Beam|p2a: Suicune","|-resisted|p2a: Suicune","|-damage|p2a: Suicune|362/404","|-heal|p1a: Very Happy Feet|93/359|[from] item: Shell Bell|[of] p2a: Suicune","|","|-heal|p2a: Suicune|387/404|[from] item: Leftovers","|turn|29","|","|move|p2a: Suicune|Scald|p1a: Very Happy Feet","|-resisted|p1a: Very Happy Feet","|-damage|p1a: Very Happy Feet|0 fnt","|faint|p1a: Very Happy Feet","|","|-heal|p2a: Suicune|404/404|[from] item: Leftovers","|","|switch|p1a: PinkDeath|Crobat, M, shiny|149/311 par","|turn|30","|","|move|p2a: Suicune|Scald|p1a: PinkDeath","|-damage|p1a: PinkDeath|0 fnt","|faint|p1a: PinkDeath","|","|","|switch|p1a: Timothy|Milotic, F, shiny|331/331","|turn|31","|","|move|p1a: Timothy|Blizzard|p2a: Suicune","|-resisted|p2a: Suicune","|-damage|p2a: Suicune|390/404","|move|p2a: Suicune|Scald|p1a: Timothy","|-resisted|p1a: Timothy","|-damage|p1a: Timothy|222/331","|","|-heal|p1a: Timothy|242/331|[from] item: Leftovers","|-heal|p2a: Suicune|404/404|[from] item: Leftovers","|turn|32","|","|move|p1a: Timothy|Dragon Pulse|p2a: Suicune","|-damage|p2a: Suicune|382/404","|move|p2a: Suicune|Scald|p1a: Timothy","|-resisted|p1a: Timothy","|-damage|p1a: Timothy|141/331","|-status|p1a: Timothy|brn","|","|-heal|p1a: Timothy|161/331 brn|[from] item: Leftovers","|-heal|p2a: Suicune|404/404|[from] item: Leftovers","|-damage|p1a: Timothy|120/331 brn|[from] brn","|turn|33","|","|move|p1a: Timothy|Blizzard|p2a: Suicune","|-resisted|p2a: Suicune","|-damage|p2a: Suicune|390/404","|move|p2a: Suicune|Scald|p1a: Timothy","|-resisted|p1a: Timothy","|-damage|p1a: Timothy|10/331 brn","|","|-heal|p1a: Timothy|30/331 brn|[from] item: Leftovers","|-heal|p2a: Suicune|404/404|[from] item: Leftovers","|-damage|p1a: Timothy|0 fnt|[from] brn","|faint|p1a: Timothy","|","|switch|p1a: WTF!!! It|Infernape, M, shiny|228/307 par","|turn|34","|","|move|p2a: Suicune|Scald|p1a: WTF!!! It","|-supereffective|p1a: WTF!!! It","|-damage|p1a: WTF!!! It|0 fnt","|faint|p1a: WTF!!! It","|","|win|R06L29A01"],"p1rating":{"entryid":"7673278","serverid":"eos","formatid":"ou","userid":"netflixdoma","username":"NETFLIX DOMA","w":"0","l":5,"t":"0","gxe":33.9,"r":"1500","rd":"130","sigma":"0","rptime":"1439715600","rpr":1369.2297343417,"rprd":103.8099782324,"rpsigma":"0","acre":1000,"lacre":1000,"oldacre":"1000"},"p2rating":{"entryid":"7675811","serverid":"eos","formatid":"ou","userid":"r06l29a01","username":"R06L29A01","w":2,"l":"0","t":"0","gxe":59,"r":"1500","rd":"130","sigma":"0","rptime":"1439715600","rpr":1572.5671258289,"rprd":116.77753930647,"rpsigma":"0","acre":1070.1028089042,"lacre":1070.1028089042,"oldacre":"1040"},"endType":"normal"}