{"seed":[19332,23133,7499,65437],"turns":29,"p1":"Wiisky","p2":"Emg naru","p1team":[{"name":"Farfetch'd","moves":["swordsdance","bravebird","return","leafblade"],"ability":"Defiant","evs":{"hp":85,"atk":85,"def":85,"spa":85,"spd":85,"spe":85},"ivs":{"hp":31,"atk":31,"def":31,"spa":31,"spd":31,"spe":31},"item":"Stick","level":83,"shiny":false},{"name":"Mamoswine","moves":["iceshard","earthquake","iciclecrash","knockoff"],"ability":"Thick Fat","evs":{"hp":85,"atk":85,"def":85,"spa":85,"spd":85,"spe":85},"ivs":{"hp":31,"atk":31,"def":31,"spa":31,"spd":31,"spe":31},"item":"Choice Band","level":77,"shiny":false},{"name":"Cradily","moves":["gigadrain","stealthrock","toxic","recover"],"ability":"Storm Drain","evs":{"hp":85,"atk":85,"def":85,"spa":85,"spd":85,"spe":85},"ivs":{"hp":31,"atk":31,"def":31,"spa":31,"spd":31,"spe":31},"item":"Leftovers","level":81,"shiny":false},{"name":"Carracosta","moves":["waterfall","shellsmash","stoneedge","aquajet"],"ability":"Sturdy","evs":{"hp":85,"atk":85,"def":85,"spa":85,"spd":85,"spe":85},"ivs":{"hp":31,"atk":31,"def":31,"spa":31,"spd":31,"spe":31},"item":"White Herb","level":83,"shiny":false},{"name":"Cinccino","moves":["wakeupslap","bulletseed","knockoff","tailslap"],"ability":"Skill Link","evs":{"hp":85,"atk":85,"def":85,"spa":85,"spd":85,"spe":85},"ivs":{"hp":31,"atk":31,"def":31,"spa":31,"spd":31,"spe":31},"item":"Choice Band","level":79,"shiny":false},{"name":"Kingdra","moves":["raindance","dracometeor","ironhead","waterfall"],"ability":"Swift Swim","evs":{"hp":85,"atk":85,"def":85,"spa":85,"spd":85,"spe":85},"ivs":{"hp":31,"atk":31,"def":31,"spa":31,"spd":31,"spe":31},"item":"Damp Rock","level":78,"shiny":false}],"p2team":[{"name":"Medicham","moves":["highjumpkick","zenheadbutt","icepunch","fakeout"],"ability":"Pure Power","evs":{"hp":85,"atk":85,"def":85,"spa":85,"spd":85,"spe":85},"ivs":{"hp":31,"atk":31,"def":31,"spa":31,"spd":31,"spe":31},"item":"Medichamite","level":76,"shiny":false},{"name":"Bellossom","moves":["synthesis","sleeppowder","gigadrain","hiddenpowerfire"],"ability":"Chlorophyll","evs":{"hp":85,"atk":85,"def":85,"spa":85,"spd":85,"spe":85},"ivs":{"hp":31,"atk":30,"def":31,"spa":30,"spd":31,"spe":30},"item":"Leftovers","level":83,"shiny":false},{"name":"Keldeo","moves":["scald","hiddenpowerelectric","icywind","calmmind"],"ability":"Justified","evs":{"hp":85,"atk":85,"def":85,"spa":85,"spd":85,"spe":85},"ivs":{"hp":31,"atk":31,"def":31,"spa":30,"spd":31,"spe":31},"item":"Life Orb","level":75,"shiny":false},{"name":"Greninja","moves":["hydropump","spikes","darkpulse","icebeam"],"ability":"Protean","evs":{"hp":85,"atk":85,"def":85,"spa":85,"spd":85,"spe":85},"ivs":{"hp":31,"atk":31,"def":31,"spa":31,"spd":31,"spe":31},"item":"Life Orb","level":74,"shiny":false},{"name":"Reshiram","moves":["blueflare","roost","flamecharge","stoneedge"],"ability":"Turboblaze","evs":{"hp":85,"atk":85,"def":85,"spa":85,"spd":85,"spe":85},"ivs":{"hp":31,"atk":31,"def":31,"spa":31,"spd":31,"spe":31},"item":"Leftovers","level":73,"shiny":false},{"name":"Deoxys","moves":["taunt","spikes","psychoboost","superpower"],"ability":"Pressure","evs":{"hp":85,"atk":85,"def":85,"spa":85,"spd":85,"spe":85},"ivs":{"hp":31,"atk":31,"def":31,"spa":31,"spd":31,"spe":31},"item":"Leftovers","level":73,"shiny":false}],"log":["|player|p1|Wiisky|101","|player|p2|Emg naru|emgnaru.gif","|gametype|singles","|gen|6","|tier|Random Battle","|rated","|rule|Sleep Clause Mod: Limit one foe put to sleep","|rule|HP Percentage Mod: HP is shown in percentages","|","|start","|switch|p1a: Farfetch'd|Farfetch'd, L83, M|222/222","|switch|p2a: Medicham|Medicham, L76, M|216/216","|turn|1","|","|detailschange|p2a: Medicham|Medicham-Mega, L76, M","|-mega|p2a: Medicham|Medicham|Medichamite","|move|p2a: Medicham|Fake Out|p1a: Farfetch'd","|-damage|p1a: Farfetch'd|157/222","|cant|p1a: Farfetch'd|flinch","|","|turn|2","|","|move|p2a: Medicham|Ice Punch|p1a: Farfetch'd","|-supereffective|p1a: Farfetch'd","|-damage|p1a: Farfetch'd|0 fnt","|faint|p1a: Farfetch'd","|","|","|switch|p1a: Mamoswine|Mamoswine, L77, M|296/296","|turn|3","|","|switch|p2a: Bellossom|Bellossom, L83, F|260/260","|move|p1a: Mamoswine|Knock Off|p2a: Bellossom","|-damage|p2a: Bellossom|152/260","|-enditem|p2a: Bellossom|Leftovers|[from] move: Knock Off|[of] p1a: Mamoswine","|","|turn|4","|","|move|p1a: Mamoswine|Knock Off|p2a: Bellossom","|-damage|p2a: Bellossom|79/260","|move|p2a: Bellossom|Sleep Powder|p1a: Mamoswine|[miss]","|-miss|p2a: Bellossom|p1a: Mamoswine","|","|turn|5","|","|move|p1a: Mamoswine|Knock Off|p2a: Bellossom","|-damage|p2a: Bellossom|14/260","|move|p2a: Bellossom|Synthesis|p2a: Bellossom","|-heal|p2a: Bellossom|144/260","|","|turn|6","|","|move|p1a: Mamoswine|Knock Off|p2a: Bellossom","|-damage|p2a: Bellossom|75/260","|move|p2a: Bellossom|Synthesis|p2a: Bellossom","|-heal|p2a: Bellossom|205/260","|","|turn|7","|","|move|p1a: Mamoswine|Knock Off|p2a: Bellossom","|-damage|p2a: Bellossom|139/260","|move|p2a: Bellossom|Giga Drain|p1a: Mamoswine","|-supereffective|p1a: Mamoswine","|-damage|p1a: Mamoswine|84/296","|-heal|p2a: Bellossom|245/260|[from] drain|[of] p1a: Mamoswine","|","|turn|8","|","|switch|p1a: Carracosta|Carracosta, L83, M|259/259","|move|p2a: Bellossom|Giga Drain|p1a: Carracosta","|-supereffective|p1a: Carracosta","|-ability|p1a: Carracosta|Sturdy","|-damage|p1a: Carracosta|1/259","|-heal|p2a: Bellossom|260/260|[from] drain|[of] p1a: Carracosta","|","|turn|9","|","|move|p2a: Bellossom|Giga Drain|p1a: Carracosta","|-supereffective|p1a: Carracosta","|-damage|p1a: Carracosta|0 fnt","|faint|p1a: Carracosta","|","|","|switch|p1a: Cinccino|Cinccino, L79, M|248/248","|turn|10","|","|move|p1a: Cinccino|Wake-Up Slap|p2a: Bellossom","|-damage|p2a: Bellossom|199/260","|move|p2a: Bellossom|Sleep Powder|p1a: Cinccino","|-status|p1a: Cinccino|slp","|","|turn|11","|","|cant|p1a: Cinccino|slp","|move|p2a: Bellossom|Giga Drain|p1a: Cinccino","|-damage|p1a: Cinccino|140/248 slp","|-heal|p2a: Bellossom|253/260|[from] drain|[of] p1a: Cinccino","|","|turn|12","|","|cant|p1a: Cinccino|slp","|move|p2a: Bellossom|Giga Drain|p1a: Cinccino","|-damage|p1a: Cinccino|32/248 slp","|-heal|p2a: Bellossom|260/260|[from] drain|[of] p1a: Cinccino","|","|turn|13","|","|switch|p1a: Mamoswine|Mamoswine, L77, M|84/296","|move|p2a: Bellossom|Hidden Power|p1a: Mamoswine","|-supereffective|p1a: Mamoswine","|-damage|p1a: Mamoswine|30/296","|","|turn|14","|","|move|p1a: Mamoswine|Earthquake|p2a: Bellossom","|-resisted|p2a: Bellossom","|-damage|p2a: Bellossom|180/260","|move|p2a: Bellossom|Giga Drain|p1a: Mamoswine","|-supereffective|p1a: Mamoswine","|-damage|p1a: Mamoswine|0 fnt","|-heal|p2a: Bellossom|195/260|[from] drain|[of] p1a: Mamoswine","|faint|p1a: Mamoswine","|","|","|switch|p1a: Cradily|Cradily, L81, F|272/272","|turn|15","|","|switch|p2a: Keldeo|Keldeo, L75|260/260","|move|p1a: Cradily|Toxic|p2a: Keldeo","|-status|p2a: Keldeo|tox","|","|-damage|p2a: Keldeo|244/260 tox|[from] psn","|turn|16","|","|move|p2a: Keldeo|Calm Mind|p2a: Keldeo","|-boost|p2a: Keldeo|spa|1","|-boost|p2a: Keldeo|spd|1","|move|p1a: Cradily|Giga Drain|p2a: Keldeo","|-crit|p2a: Keldeo","|-supereffective|p2a: Keldeo","|-damage|p2a: Keldeo|22/260 tox","|","|-damage|p2a: Keldeo|0 fnt|[from] psn","|faint|p2a: Keldeo","|","|switch|p2a: Deoxys|Deoxys, L73|193/193","|-ability|p2a: Deoxys|Pressure","|turn|17","|","|move|p2a: Deoxys|Taunt|p1a: Cradily","|-start|p1a: Cradily|move: Taunt","|cant|p1a: Cradily|move: Taunt|Toxic","|","|turn|18","|","|move|p2a: Deoxys|Spikes|p1a: Cradily","|-sidestart|p1: Wiisky|Spikes","|move|p1a: Cradily|Giga Drain|p2a: Deoxys","|-damage|p2a: Deoxys|81/193","|","|-heal|p2a: Deoxys|93/193|[from] item: Leftovers","|turn|19","|","|move|p2a: Deoxys|Spikes|p1a: Cradily","|-sidestart|p1: Wiisky|Spikes","|move|p1a: Cradily|Giga Drain|p2a: Deoxys","|-damage|p2a: Deoxys|0 fnt","|faint|p2a: Deoxys","|","|-end|p1a: Cradily|move: Taunt","|","|switch|p2a: Reshiram|Reshiram, L73|266/266","|-ability|p2a: Reshiram|Turboblaze","|turn|20","|","|move|p2a: Reshiram|Flame Charge|p1a: Cradily","|-damage|p1a: Cradily|224/272","|-boost|p2a: Reshiram|spe|1","|move|p1a: Cradily|Toxic|p2a: Reshiram","|-status|p2a: Reshiram|tox","|","|-heal|p1a: Cradily|241/272|[from] item: Leftovers","|-damage|p2a: Reshiram|250/266 tox|[from] psn","|turn|21","|","|move|p2a: Reshiram|Blue Flare|p1a: Cradily","|-damage|p1a: Cradily|100/272","|move|p1a: Cradily|Giga Drain|p2a: Reshiram","|-resisted|p2a: Reshiram","|-damage|p2a: Reshiram|235/266 tox","|-heal|p1a: Cradily|108/272|[from] drain|[of] p2a: Reshiram","|","|-heal|p2a: Reshiram|251/266 tox|[from] item: Leftovers","|-heal|p1a: Cradily|125/272|[from] item: Leftovers","|-damage|p2a: Reshiram|219/266 tox|[from] psn","|turn|22","|","|move|p2a: Reshiram|Blue Flare|p1a: Cradily","|-damage|p1a: Cradily|1/272","|move|p1a: Cradily|Recover|p1a: Cradily","|-heal|p1a: Cradily|137/272","|","|-heal|p2a: Reshiram|235/266 tox|[from] item: Leftovers","|-heal|p1a: Cradily|154/272|[from] item: Leftovers","|-damage|p2a: Reshiram|187/266 tox|[from] psn","|turn|23","|","|move|p2a: Reshiram|Blue Flare|p1a: Cradily","|-damage|p1a: Cradily|15/272","|move|p1a: Cradily|Recover|p1a: Cradily","|-heal|p1a: Cradily|151/272","|","|-heal|p2a: Reshiram|203/266 tox|[from] item: Leftovers","|-heal|p1a: Cradily|168/272|[from] item: Leftovers","|-damage|p2a: Reshiram|139/266 tox|[from] psn","|turn|24","|","|move|p2a: Reshiram|Blue Flare|p1a: Cradily","|-damage|p1a: Cradily|23/272","|-status|p1a: Cradily|brn","|move|p1a: Cradily|Recover|p1a: Cradily","|-heal|p1a: Cradily|159/272 brn","|","|-heal|p2a: Reshiram|155/266 tox|[from] item: Leftovers","|-heal|p1a: Cradily|176/272 brn|[from] item: Leftovers","|-damage|p2a: Reshiram|75/266 tox|[from] psn","|-damage|p1a: Cradily|142/272 brn|[from] brn","|turn|25","|","|move|p2a: Reshiram|Blue Flare|p1a: Cradily|[miss]","|-miss|p2a: Reshiram|p1a: Cradily","|move|p1a: Cradily|Recover|p1a: Cradily","|-heal|p1a: Cradily|272/272 brn","|","|-heal|p2a: Reshiram|91/266 tox|[from] item: Leftovers","|-damage|p2a: Reshiram|0 fnt|[from] psn","|-damage|p1a: Cradily|238/272 brn|[from] brn","|faint|p2a: Reshiram","|","|switch|p2a: Medicham|Medicham-Mega, L76, M|216/216","|turn|26","|","|move|p2a: Medicham|Fake Out|p1a: Cradily","|-resisted|p1a: Cradily","|-damage|p1a: Cradily|217/272 brn","|cant|p1a: Cradily|flinch","|","|-heal|p1a: Cradily|234/272 brn|[from] item: Leftovers","|-damage|p1a: Cradily|200/272 brn|[from] brn","|turn|27","|","|move|p2a: Medicham|High Jump Kick|p1a: Cradily|[miss]","|-miss|p2a: Medicham|p1a: Cradily","|-damage|p2a: Medicham|108/216|[from] highjumpkick","|move|p1a: Cradily|Toxic|p2a: Medicham","|-status|p2a: Medicham|tox","|","|-heal|p1a: Cradily|217/272 brn|[from] item: Leftovers","|-damage|p2a: Medicham|95/216 tox|[from] psn","|-damage|p1a: Cradily|183/272 brn|[from] brn","|turn|28","|","|move|p2a: Medicham|High Jump Kick|p1a: Cradily","|-supereffective|p1a: Cradily","|-damage|p1a: Cradily|0 fnt","|faint|p1a: Cradily","|","|-damage|p2a: Medicham|69/216 tox|[from] psn","|","|switch|p1a: Cinccino|Cinccino, L79, M|32/248 slp","|-damage|p1a: Cinccino|0 fnt|[from] Spikes","|faint|p1a: Cinccino","|","|switch|p1a: Kingdra|Kingdra, L78, F|245/245","|-damage|p1a: Kingdra|205/245|[from] Spikes","|turn|29","|","|move|p2a: Medicham|High Jump Kick|p1a: Kingdra","|-damage|p1a: Kingdra|0 fnt","|faint|p1a: Kingdra","|","|win|Emg naru"],"p1rating":{"entryid":"7508209","serverid":"eos","formatid":"randombattle","userid":"wiisky","username":"Wiisky","w":"1","l":1,"t":"0","gxe":50,"r":"1500","rd":"130","sigma":"0","rptime":"1439110800","rpr":1500,"rprd":116.77753930647,"rpsigma":"0","acre":1027.6769842671,"lacre":1027.6769842671,"oldacre":"1044.584930701"},"p2rating":{"entryid":"7490986","serverid":"eos","formatid":"randombattle","userid":"emgnaru","username":"Emg naru","w":2,"l":"0","t":"0","gxe":58,"r":1530.5091347543,"rd":122.62735766473,"sigma":"0","rptime":1439110800,"rpr":1563.7616323236,"rprd":116.61596713313,"rpsigma":"0","acre":1074.4486546624,"lacre":1074.4486546624,"oldacre":"1040"},"endType":"normal"}