{"seed":[992,43353,56013,61924],"turns":26,"p1":"JaCox","p2":"fistinggeneral","p1team":[{"name":"Roserade","moves":["sludgebomb","leafstorm","spikes","toxicspikes"],"ability":"Natural Cure","evs":{"hp":85,"atk":85,"def":85,"spa":85,"spd":85,"spe":85},"ivs":{"hp":31,"atk":31,"def":31,"spa":31,"spd":31,"spe":31},"item":"Focus Sash","level":77,"shiny":false},{"name":"Terrakion","moves":["closecombat","substitute","earthquake","stoneedge"],"ability":"Justified","evs":{"hp":85,"atk":85,"def":85,"spa":85,"spd":85,"spe":85},"ivs":{"hp":31,"atk":31,"def":31,"spa":31,"spd":31,"spe":31},"item":"Leftovers","level":76,"shiny":false},{"name":"Giratina-Origin","moves":["willowisp","defog","earthquake","dracometeor"],"ability":"Levitate","evs":{"hp":85,"atk":85,"def":85,"spa":85,"spd":85,"spe":85},"ivs":{"hp":31,"atk":31,"def":31,"spa":31,"spd":31,"spe":31},"item":"Griseous Orb","level":73,"shiny":false},{"name":"Mismagius","moves":["substitute","thunderbolt","shadowball","dazzlinggleam"],"ability":"Levitate","evs":{"hp":85,"atk":85,"def":85,"spa":85,"spd":85,"spe":85},"ivs":{"hp":31,"atk":31,"def":31,"spa":31,"spd":31,"spe":31},"item":"Leftovers","level":81,"shiny":false},{"name":"Groudon","moves":["earthquake","lavaplume","rockpolish","stoneedge"],"ability":"Drought","evs":{"hp":85,"atk":85,"def":85,"spa":85,"spd":85,"spe":85},"ivs":{"hp":31,"atk":31,"def":31,"spa":31,"spd":31,"spe":31},"item":"Weakness Policy","level":73,"shiny":false},{"name":"Garchomp","moves":["fireblast","dracometeor","stoneedge","earthquake"],"ability":"Rough Skin","evs":{"hp":85,"atk":85,"def":85,"spa":85,"spd":85,"spe":85},"ivs":{"hp":31,"atk":31,"def":31,"spa":31,"spd":31,"spe":31},"item":"Garchompite","level":75,"shiny":false}],"p2team":[{"name":"Klinklang","moves":["substitute","shiftgear","return","geargrind"],"ability":"Clear Body","evs":{"hp":85,"atk":85,"def":85,"spa":85,"spd":85,"spe":85},"ivs":{"hp":31,"atk":31,"def":31,"spa":31,"spd":31,"spe":31},"item":"Leftovers","level":81,"shiny":false},{"name":"Cresselia","moves":["toxic","psyshock","icebeam","substitute"],"ability":"Levitate","evs":{"hp":85,"atk":85,"def":85,"spa":85,"spd":85,"spe":85},"ivs":{"hp":31,"atk":31,"def":31,"spa":31,"spd":31,"spe":31},"item":"Leftovers","level":77,"shiny":false},{"name":"Stantler","moves":["doubleedge","earthquake","suckerpunch","megahorn"],"ability":"Intimidate","evs":{"hp":85,"atk":85,"def":85,"spa":85,"spd":85,"spe":85},"ivs":{"hp":31,"atk":31,"def":31,"spa":31,"spd":31,"spe":31},"item":"Life Orb","level":83,"shiny":false},{"name":"Lumineon","moves":["defog","scald","toxic","icebeam"],"ability":"Storm Drain","evs":{"hp":85,"atk":85,"def":85,"spa":85,"spd":85,"spe":85},"ivs":{"hp":31,"atk":31,"def":31,"spa":31,"spd":31,"spe":31},"item":"Leftovers","level":83,"shiny":false},{"name":"Metagross","moves":["hammerarm","zenheadbutt","agility","meteormash"],"ability":"Clear Body","evs":{"hp":85,"atk":85,"def":85,"spa":85,"spd":85,"spe":85},"ivs":{"hp":31,"atk":31,"def":31,"spa":31,"spd":31,"spe":31},"item":"Metagrossite","level":75,"shiny":false},{"name":"Whimsicott","moves":["taunt","leechseed","stunspore","moonblast"],"ability":"Prankster","evs":{"hp":85,"atk":85,"def":85,"spa":85,"spd":85,"spe":85},"ivs":{"hp":31,"atk":31,"def":31,"spa":31,"spd":31,"spe":31},"item":"Leftovers","level":77,"shiny":false}],"log":["|player|p1|JaCox|262","|player|p2|fistinggeneral|165","|gametype|singles","|gen|6","|tier|Random Battle","|rated","|rule|Sleep Clause Mod: Limit one foe put to sleep","|rule|HP Percentage Mod: HP is shown in percentages","|","|start","|switch|p1a: Roserade|Roserade, L77, M|219/219","|switch|p2a: Klinklang|Klinklang, L81|230/230","|turn|1","|","|switch|p2a: Cresselia|Cresselia, L77, F|311/311","|move|p1a: Roserade|Toxic Spikes|p2a: Cresselia","|-sidestart|p2: fistinggeneral|move: Toxic Spikes","|","|turn|2","|","|move|p1a: Roserade|Toxic Spikes|p2a: Cresselia","|-sidestart|p2: fistinggeneral|move: Toxic Spikes","|move|p2a: Cresselia|Ice Beam|p1a: Roserade","|-supereffective|p1a: Roserade","|-damage|p1a: Roserade|139/219","|","|turn|3","|","|switch|p1a: Groudon|Groudon, L73|266/266","|-weather|SunnyDay","|move|p2a: Cresselia|Ice Beam|p1a: Groudon","|-supereffective|p1a: Groudon","|-damage|p1a: Groudon|162/266","|-enditem|p1a: Groudon|Weakness Policy","|-boost|p1a: Groudon|atk|2|[from] item: Weakness Policy","|-boost|p1a: Groudon|spa|2|[from] item: Weakness Policy","|","|-weather|SunnyDay|[upkeep]","|turn|4","|","|move|p2a: Cresselia|Ice Beam|p1a: Groudon","|-supereffective|p1a: Groudon","|-damage|p1a: Groudon|64/266","|move|p1a: Groudon|Lava Plume|p2a: Cresselia","|-damage|p2a: Cresselia|206/311","|","|-weather|SunnyDay|[upkeep]","|-heal|p2a: Cresselia|225/311|[from] item: Leftovers","|turn|5","|","|switch|p1a: Terrakion|Terrakion, L76|263/263","|move|p2a: Cresselia|Ice Beam|p1a: Terrakion","|-damage|p1a: Terrakion|215/263","|","|-weather|SunnyDay|[upkeep]","|-heal|p1a: Terrakion|231/263|[from] item: Leftovers","|-heal|p2a: Cresselia|244/311|[from] item: Leftovers","|turn|6","|","|move|p1a: Terrakion|Stone Edge|p2a: Cresselia","|-damage|p2a: Cresselia|151/311","|move|p2a: Cresselia|Psyshock|p1a: Terrakion","|-supereffective|p1a: Terrakion","|-damage|p1a: Terrakion|115/263","|","|-weather|SunnyDay|[upkeep]","|-heal|p1a: Terrakion|131/263|[from] item: Leftovers","|-heal|p2a: Cresselia|170/311|[from] item: Leftovers","|turn|7","|","|switch|p1a: Mismagius|Mismagius, L81, F|230/230","|move|p2a: Cresselia|Psyshock|p1a: Mismagius","|-damage|p1a: Mismagius|148/230","|","|-weather|none","|-heal|p1a: Mismagius|162/230|[from] item: Leftovers","|-heal|p2a: Cresselia|189/311|[from] item: Leftovers","|turn|8","|","|switch|p2a: Stantler|Stantler, L83, F|257/257","|-status|p2a: Stantler|tox","|-ability|p2a: Stantler|Intimidate","|-unboost|p1a: Mismagius|atk|1","|move|p1a: Mismagius|Shadow Ball|p2a: Stantler","|-immune|p2a: Stantler|[msg]","|","|-heal|p1a: Mismagius|176/230|[from] item: Leftovers","|-damage|p2a: Stantler|241/257 tox|[from] psn","|turn|9","|","|move|p2a: Stantler|Sucker Punch|p1a: Mismagius","|-fail|p2a: Stantler","|move|p1a: Mismagius|Substitute|p1a: Mismagius","|-start|p1a: Mismagius|Substitute","|-damage|p1a: Mismagius|119/230","|","|-heal|p1a: Mismagius|133/230|[from] item: Leftovers","|-damage|p2a: Stantler|209/257 tox|[from] psn","|turn|10","|","|move|p1a: Mismagius|Thunderbolt|p2a: Stantler","|-crit|p2a: Stantler","|-damage|p2a: Stantler|83/257 tox","|move|p2a: Stantler|Earthquake|p1a: Mismagius","|-immune|p1a: Mismagius|[msg]","|","|-heal|p1a: Mismagius|147/230|[from] item: Leftovers","|-damage|p2a: Stantler|35/257 tox|[from] psn","|turn|11","|","|switch|p2a: Whimsicott|Whimsicott, L77, F|219/219","|-status|p2a: Whimsicott|tox","|move|p1a: Mismagius|Dazzling Gleam|p2a: Whimsicott","|-damage|p2a: Whimsicott|150/219 tox","|","|-heal|p2a: Whimsicott|163/219 tox|[from] item: Leftovers","|-heal|p1a: Mismagius|161/230|[from] item: Leftovers","|-damage|p2a: Whimsicott|150/219 tox|[from] psn","|turn|12","|","|move|p2a: Whimsicott|Moonblast|p1a: Mismagius","|-end|p1a: Mismagius|Substitute","|move|p1a: Mismagius|Shadow Ball|p2a: Whimsicott","|-damage|p2a: Whimsicott|50/219 tox","|","|-heal|p2a: Whimsicott|63/219 tox|[from] item: Leftovers","|-heal|p1a: Mismagius|175/230|[from] item: Leftovers","|-damage|p2a: Whimsicott|37/219 tox|[from] psn","|turn|13","|","|switch|p2a: Stantler|Stantler, L83, F|35/257 tox","|-ability|p2a: Stantler|Intimidate","|-unboost|p1a: Mismagius|atk|1","|switch|p1a: Groudon|Groudon, L73|64/266","|-weather|SunnyDay","|","|-weather|SunnyDay|[upkeep]","|-damage|p2a: Stantler|19/257 tox|[from] psn","|turn|14","|","|move|p2a: Stantler|Double-Edge|p1a: Groudon","|-damage|p1a: Groudon|0 fnt","|-damage|p2a: Stantler|0 fnt|[from] recoil|[of] p1a: Groudon","|faint|p1a: Groudon","|faint|p2a: Stantler","|","|-weather|SunnyDay|[upkeep]","|","|switch|p1a: Roserade|Roserade, L77, M|139/219","|switch|p2a: Cresselia|Cresselia, L77, F|189/311","|turn|15","|","|move|p1a: Roserade|Leaf Storm|p2a: Cresselia","|-damage|p2a: Cresselia|69/311","|-unboost|p1a: Roserade|spa|2","|move|p2a: Cresselia|Ice Beam|p1a: Roserade","|-supereffective|p1a: Roserade","|-damage|p1a: Roserade|61/219","|","|-weather|SunnyDay|[upkeep]","|-heal|p2a: Cresselia|88/311|[from] item: Leftovers","|turn|16","|","|move|p1a: Roserade|Sludge Bomb|p2a: Cresselia","|-damage|p2a: Cresselia|45/311","|move|p2a: Cresselia|Ice Beam|p1a: Roserade","|-supereffective|p1a: Roserade","|-damage|p1a: Roserade|0 fnt","|faint|p1a: Roserade","|","|-weather|SunnyDay|[upkeep]","|-heal|p2a: Cresselia|64/311|[from] item: Leftovers","|","|switch|p1a: Mismagius|Mismagius, L81, F|175/230","|turn|17","|","|move|p1a: Mismagius|Shadow Ball|p2a: Cresselia","|-supereffective|p2a: Cresselia","|-damage|p2a: Cresselia|0 fnt","|faint|p2a: Cresselia","|","|-weather|none","|-heal|p1a: Mismagius|189/230|[from] item: Leftovers","|","|switch|p2a: Lumineon|Lumineon, L83, F|250/250","|-status|p2a: Lumineon|tox","|turn|18","|","|move|p1a: Mismagius|Thunderbolt|p2a: Lumineon","|-crit|p2a: Lumineon","|-supereffective|p2a: Lumineon","|-damage|p2a: Lumineon|44/250 tox","|move|p2a: Lumineon|Ice Beam|p1a: Mismagius","|-damage|p1a: Mismagius|143/230","|","|-heal|p1a: Mismagius|157/230|[from] item: Leftovers","|-heal|p2a: Lumineon|59/250 tox|[from] item: Leftovers","|-damage|p2a: Lumineon|44/250 tox|[from] psn","|turn|19","|","|move|p1a: Mismagius|Substitute|p1a: Mismagius","|-start|p1a: Mismagius|Substitute","|-damage|p1a: Mismagius|100/230","|move|p2a: Lumineon|Defog|p1a: Mismagius","|-sideend|p2: fistinggeneral|Toxic Spikes|[from] move: Defog|[of] p2a: Lumineon","|","|-heal|p1a: Mismagius|114/230|[from] item: Leftovers","|-heal|p2a: Lumineon|59/250 tox|[from] item: Leftovers","|-damage|p2a: Lumineon|29/250 tox|[from] psn","|turn|20","|","|move|p1a: Mismagius|Thunderbolt|p2a: Lumineon","|-supereffective|p2a: Lumineon","|-damage|p2a: Lumineon|0 fnt","|faint|p2a: Lumineon","|","|-heal|p1a: Mismagius|128/230|[from] item: Leftovers","|","|switch|p2a: Klinklang|Klinklang, L81|230/230","|turn|21","|","|move|p1a: Mismagius|Shadow Ball|p2a: Klinklang","|-damage|p2a: Klinklang|140/230","|move|p2a: Klinklang|Return|p1a: Mismagius","|-immune|p1a: Mismagius|[msg]","|","|-heal|p1a: Mismagius|142/230|[from] item: Leftovers","|-heal|p2a: Klinklang|154/230|[from] item: Leftovers","|turn|22","|","|move|p1a: Mismagius|Shadow Ball|p2a: Klinklang","|-damage|p2a: Klinklang|57/230","|move|p2a: Klinklang|Gear Grind|p1a: Mismagius","|-crit|p1a: Mismagius","|-end|p1a: Mismagius|Substitute","|-damage|p1a: Mismagius|69/230","|-hitcount|p1a: Mismagius|2","|","|-heal|p1a: Mismagius|83/230|[from] item: Leftovers","|-heal|p2a: Klinklang|71/230|[from] item: Leftovers","|turn|23","|","|move|p1a: Mismagius|Shadow Ball|p2a: Klinklang","|-damage|p2a: Klinklang|0 fnt","|faint|p2a: Klinklang","|","|-heal|p1a: Mismagius|97/230|[from] item: Leftovers","|","|switch|p2a: Whimsicott|Whimsicott, L77, F|37/219 tox","|turn|24","|","|move|p2a: Whimsicott|Leech Seed|p1a: Mismagius","|-start|p1a: Mismagius|move: Leech Seed","|move|p1a: Mismagius|Shadow Ball|p2a: Whimsicott","|-crit|p2a: Whimsicott","|-damage|p2a: Whimsicott|0 fnt","|faint|p2a: Whimsicott","|","|-heal|p1a: Mismagius|111/230|[from] item: Leftovers","|","|switch|p2a: Metagross|Metagross, L75|244/244","|turn|25","|","|move|p1a: Mismagius|Shadow Ball|p2a: Metagross","|-supereffective|p2a: Metagross","|-damage|p2a: Metagross|52/244","|move|p2a: Metagross|Meteor Mash|p1a: Mismagius","|-damage|p1a: Mismagius|0 fnt","|faint|p1a: Mismagius","|","|","|switch|p1a: Terrakion|Terrakion, L76|131/263","|turn|26","|","|move|p1a: Terrakion|Close Combat|p2a: Metagross","|-damage|p2a: Metagross|0 fnt","|-unboost|p1a: Terrakion|def|1","|-unboost|p1a: Terrakion|spd|1","|faint|p2a: Metagross","|","|win|JaCox"],"p1rating":{"entryid":"6448598","serverid":"eos","formatid":"randombattle","userid":"jacox","username":"JaCox","w":3,"l":"1","t":"0","gxe":59.5,"r":"1545.4678740101","rd":"118.57186183352","sigma":"0","rptime":"1439110800","rpr":1575.8586272139,"rprd":113.04465874333,"rpsigma":"0","acre":1090.6487186472,"lacre":1090.6487186472,"oldacre":"1063.6583353559"},"p2rating":{"entryid":"6865958","serverid":"eos","formatid":"randombattle","userid":"fistinggeneral","username":"fistinggeneral","w":"1","l":3,"t":"0","gxe":42.6,"r":"1502.4830714098","rd":"120.90994177532","sigma":"0","rptime":"1439110800","rpr":1441.2368443814,"rprd":110.00163943294,"rpsigma":"0","acre":1011.9456765677,"lacre":1011.9456765677,"oldacre":"1024"},"endType":"normal"}