{"seed":[54240,43900,39183,22399],"turns":21,"p1":"samuelwade223","p2":"jik0","p1team":[{"name":"Beedrill","moves":["knockoff","xscissor","poisonjab","swordsdance"],"ability":"Swarm","evs":{"hp":85,"atk":85,"def":85,"spa":85,"spd":85,"spe":85},"ivs":{"hp":31,"atk":31,"def":31,"spa":31,"spd":31,"spe":31},"item":"Beedrillite","level":77,"shiny":false},{"name":"Regice","moves":["thunderbolt","rockpolish","rest","icebeam"],"ability":"Clear Body","evs":{"hp":81,"atk":85,"def":85,"spa":89,"spd":85,"spe":85},"ivs":{"hp":31,"atk":31,"def":31,"spa":31,"spd":31,"spe":31},"item":"Chesto Berry","level":83,"shiny":false},{"name":"Barbaracle","moves":["razorshell","crosschop","shellsmash","earthquake"],"ability":"Tough Claws","evs":{"hp":85,"atk":85,"def":85,"spa":85,"spd":85,"spe":85},"ivs":{"hp":31,"atk":31,"def":31,"spa":31,"spd":31,"spe":31},"item":"White Herb","level":83,"shiny":false},{"name":"Tauros","moves":["doubleedge","earthquake","rockslide","zenheadbutt"],"ability":"Sheer Force","evs":{"hp":85,"atk":85,"def":85,"spa":85,"spd":85,"spe":85},"ivs":{"hp":31,"atk":31,"def":31,"spa":31,"spd":31,"spe":31},"item":"Life Orb","level":81,"shiny":false},{"name":"Aegislash","moves":["shadowball","hiddenpowerice","kingsshield","ironhead"],"ability":"Stance Change","evs":{"hp":85,"atk":85,"def":85,"spa":85,"spd":85,"spe":85},"ivs":{"hp":31,"atk":30,"def":30,"spa":31,"spd":31,"spe":31},"item":"Life Orb","level":74,"shiny":false},{"name":"Throh","moves":["stormthrow","bulkup","icepunch","knockoff"],"ability":"Guts","evs":{"hp":85,"atk":85,"def":85,"spa":85,"spd":85,"spe":85},"ivs":{"hp":31,"atk":31,"def":31,"spa":31,"spd":31,"spe":31},"item":"Toxic Orb","level":82,"shiny":false}],"p2team":[{"name":"Beedrill","moves":["drillrun","poisonjab","knockoff","uturn"],"ability":"Swarm","evs":{"hp":85,"atk":85,"def":85,"spa":85,"spd":85,"spe":85},"ivs":{"hp":31,"atk":31,"def":31,"spa":31,"spd":31,"spe":31},"item":"Beedrillite","level":77,"shiny":false},{"name":"Dewgong","moves":["protect","surf","encore","toxic"],"ability":"Thick Fat","evs":{"hp":85,"atk":85,"def":85,"spa":85,"spd":85,"spe":85},"ivs":{"hp":31,"atk":31,"def":31,"spa":31,"spd":31,"spe":31},"item":"Leftovers","level":83,"shiny":false},{"name":"Shaymin","moves":["earthpower","seedflare","psychic","leechseed"],"ability":"Natural Cure","evs":{"hp":85,"atk":85,"def":85,"spa":85,"spd":85,"spe":85},"ivs":{"hp":31,"atk":31,"def":31,"spa":31,"spd":31,"spe":31},"item":"Leftovers","level":77,"shiny":false},{"name":"Genesect-Shock","moves":["technoblast","extremespeed","icebeam","bugbuzz"],"ability":"Download","evs":{"hp":85,"atk":85,"def":85,"spa":85,"spd":85,"spe":85},"ivs":{"hp":31,"atk":31,"def":31,"spa":31,"spd":31,"spe":31},"item":"Shock Drive","level":74,"shiny":false},{"name":"Ditto","moves":["transform"],"ability":"Imposter","evs":{"hp":85,"atk":85,"def":85,"spa":85,"spd":85,"spe":85},"ivs":{"hp":31,"atk":31,"def":31,"spa":31,"spd":31,"spe":31},"item":"Choice Scarf","level":83,"shiny":false},{"name":"Gothitelle","moves":["trick","psyshock","thunderbolt","shadowball"],"ability":"Shadow Tag","evs":{"hp":85,"atk":85,"def":85,"spa":85,"spd":85,"spe":85},"ivs":{"hp":31,"atk":31,"def":31,"spa":31,"spd":31,"spe":31},"item":"Choice Scarf","level":77,"shiny":false}],"log":["|player|p1|samuelwade223|290","|player|p2|jik0|29","|gametype|singles","|gen|6","|tier|Random Battle","|rated","|rule|Sleep Clause Mod: Limit one foe put to sleep","|rule|HP Percentage Mod: HP is shown in percentages","|","|start","|switch|p1a: Beedrill|Beedrill, L77, F|227/227","|switch|p2a: Beedrill|Beedrill, L77, F|227/227","|turn|1","|","|switch|p1a: Barbaracle|Barbaracle, L83, M|255/255","|move|p2a: Beedrill|Knock Off|p1a: Barbaracle","|-damage|p1a: Barbaracle|207/255","|-enditem|p1a: Barbaracle|White Herb|[from] move: Knock Off|[of] p2a: Beedrill","|","|turn|2","|","|switch|p2a: Shaymin|Shaymin, L77|281/281","|move|p1a: Barbaracle|Shell Smash|p1a: Barbaracle","|-unboost|p1a: Barbaracle|def|1","|-unboost|p1a: Barbaracle|spd|1","|-boost|p1a: Barbaracle|atk|2","|-boost|p1a: Barbaracle|spa|2","|-boost|p1a: Barbaracle|spe|2","|","|turn|3","|","|move|p1a: Barbaracle|Cross Chop|p2a: Shaymin|[miss]","|-miss|p1a: Barbaracle|p2a: Shaymin","|move|p2a: Shaymin|Earth Power|p1a: Barbaracle","|-supereffective|p1a: Barbaracle","|-damage|p1a: Barbaracle|39/255","|","|turn|4","|","|move|p1a: Barbaracle|Cross Chop|p2a: Shaymin|[miss]","|-miss|p1a: Barbaracle|p2a: Shaymin","|move|p2a: Shaymin|Leech Seed|p1a: Barbaracle","|-start|p1a: Barbaracle|move: Leech Seed","|","|-damage|p1a: Barbaracle|8/255|[from] Leech Seed|[of] p2a: Shaymin","|turn|5","|","|move|p1a: Barbaracle|Cross Chop|p2a: Shaymin","|-damage|p2a: Shaymin|85/281","|move|p2a: Shaymin|Earth Power|p1a: Barbaracle","|-supereffective|p1a: Barbaracle","|-damage|p1a: Barbaracle|0 fnt","|faint|p1a: Barbaracle","|","|-heal|p2a: Shaymin|102/281|[from] item: Leftovers","|","|switch|p1a: Beedrill|Beedrill, L77, F|227/227","|turn|6","|","|detailschange|p1a: Beedrill|Beedrill-Mega, L77, F","|-mega|p1a: Beedrill|Beedrill|Beedrillite","|move|p2a: Shaymin|Seed Flare|p1a: Beedrill","|-resisted|p1a: Beedrill","|-damage|p1a: Beedrill|198/227","|move|p1a: Beedrill|X-Scissor|p2a: Shaymin","|-supereffective|p2a: Shaymin","|-damage|p2a: Shaymin|0 fnt","|faint|p2a: Shaymin","|","|","|switch|p2a: Dewgong|Dewgong, L83, M|285/285","|turn|7","|","|move|p2a: Dewgong|Protect|p2a: Dewgong","|-singleturn|p2a: Dewgong|Protect","|move|p1a: Beedrill|Poison Jab|p2a: Dewgong","|-activate|p2a: Dewgong|Protect","|","|turn|8","|","|move|p1a: Beedrill|Poison Jab|p2a: Dewgong","|-damage|p2a: Dewgong|127/285","|move|p2a: Dewgong|Surf|p1a: Beedrill","|-damage|p1a: Beedrill|113/227","|","|-heal|p2a: Dewgong|144/285|[from] item: Leftovers","|turn|9","|","|move|p1a: Beedrill|Poison Jab|p2a: Dewgong","|-damage|p2a: Dewgong|0 fnt","|faint|p2a: Dewgong","|","|","|switch|p2a: Genesect-Shock|Genesect-Shock, L74|227/227","|-boost|p2a: Genesect-Shock|atk|1|[from] ability: Download","|turn|10","|","|move|p1a: Beedrill|X-Scissor|p2a: Genesect-Shock","|-resisted|p2a: Genesect-Shock","|-damage|p2a: Genesect-Shock|158/227","|move|p2a: Genesect-Shock|Ice Beam|p1a: Beedrill","|-damage|p1a: Beedrill|39/227","|-status|p1a: Beedrill|frz","|","|turn|11","|","|move|p2a: Genesect-Shock|Extreme Speed|p1a: Beedrill","|-damage|p1a: Beedrill|0 fnt","|faint|p1a: Beedrill","|","|","|switch|p1a: Tauros|Tauros, L81, M|254/254","|turn|12","|","|move|p1a: Tauros|Earthquake|p2a: Genesect-Shock","|-damage|p2a: Genesect-Shock|68/227","|-damage|p1a: Tauros|229/254|[from] item: Life Orb","|move|p2a: Genesect-Shock|Techno Blast|p1a: Tauros","|-damage|p1a: Tauros|131/254","|","|turn|13","|","|switch|p2a: Beedrill|Beedrill, L77, F|227/227","|move|p1a: Tauros|Double-Edge|p2a: Beedrill","|-damage|p2a: Beedrill|0 fnt","|-damage|p1a: Tauros|56/254|[from] recoil|[of] p2a: Beedrill","|-damage|p1a: Tauros|31/254|[from] item: Life Orb","|faint|p2a: Beedrill","|","|","|switch|p2a: Ditto|Ditto, L83|215/215","|-transform|p2a: Ditto|p1a: Tauros","|turn|14","|","|move|p2a: Ditto|Earthquake|p1a: Tauros","|-damage|p1a: Tauros|0 fnt","|faint|p1a: Tauros","|","|","|switch|p1a: Throh|Throh, L82, M|331/331","|turn|15","|","|move|p2a: Ditto|Earthquake|p1a: Throh","|-damage|p1a: Throh|262/331","|move|p1a: Throh|Storm Throw|p2a: Ditto","|-crit|p2a: Ditto","|-supereffective|p2a: Ditto","|-damage|p2a: Ditto|33/215","|","|-status|p1a: Throh|tox|[from] item: Toxic Orb","|turn|16","|","|switch|p2a: Gothitelle|Gothitelle, L77, F|234/234","|move|p1a: Throh|Storm Throw|p2a: Gothitelle","|-crit|p2a: Gothitelle","|-resisted|p2a: Gothitelle","|-damage|p2a: Gothitelle|169/234","|","|-damage|p1a: Throh|242/331 tox|[from] psn","|turn|17","|","|move|p2a: Gothitelle|Trick|p1a: Throh","|-activate|p2a: Gothitelle|move: Trick|[of] p1a: Throh","|-item|p1a: Throh|Choice Scarf|[from] move: Trick","|-item|p2a: Gothitelle|Toxic Orb|[from] move: Trick","|move|p1a: Throh|Knock Off|p2a: Gothitelle","|-supereffective|p2a: Gothitelle","|-damage|p2a: Gothitelle|0 fnt","|-enditem|p2a: Gothitelle|Toxic Orb|[from] move: Knock Off|[of] p1a: Throh","|faint|p2a: Gothitelle","|","|-damage|p1a: Throh|202/331 tox|[from] psn","|","|switch|p2a: Ditto|Ditto, L83|33/215","|-transform|p2a: Ditto|p1a: Throh","|turn|18","|","|move|p2a: Ditto|Storm Throw|p1a: Throh","|-crit|p1a: Throh","|-damage|p1a: Throh|108/331 tox","|move|p1a: Throh|Knock Off|p2a: Ditto","|-resisted|p2a: Ditto","|-damage|p2a: Ditto|0 fnt","|-enditem|p2a: Ditto|Choice Scarf|[from] move: Knock Off|[of] p1a: Throh","|faint|p2a: Ditto","|","|-damage|p1a: Throh|48/331 tox|[from] psn","|","|switch|p2a: Genesect-Shock|Genesect-Shock, L74|68/227","|-boost|p2a: Genesect-Shock|spa|1|[from] ability: Download","|turn|19","|","|move|p2a: Genesect-Shock|Extreme Speed|p1a: Throh","|-damage|p1a: Throh|0 fnt","|faint|p1a: Throh","|","|","|switch|p1a: Aegislash|Aegislash, L74, F|211/211","|turn|20","|","|move|p1a: Aegislash|King's Shield|p1a: Aegislash","|-singleturn|p1a: Aegislash|Protect","|move|p2a: Genesect-Shock|Ice Beam|p1a: Aegislash","|-activate|p1a: Aegislash|Protect","|","|turn|21","|","|move|p2a: Genesect-Shock|Ice Beam|p1a: Aegislash","|-resisted|p1a: Aegislash","|-damage|p1a: Aegislash|178/211","|-formechange|p1a: Aegislash|Aegislash-Blade","|move|p1a: Aegislash|Shadow Ball|p2a: Genesect-Shock","|-damage|p2a: Genesect-Shock|0 fnt","|-damage|p1a: Aegislash|157/211|[from] item: Life Orb","|faint|p2a: Genesect-Shock","|","|win|samuelwade223"],"p1rating":{"entryid":"7419911","serverid":"eos","formatid":"randombattle","userid":"samuelwade223","username":"samuelwade223","w":4,"l":"5","t":"0","gxe":46.9,"r":"1474.8966809321","rd":"95.415954433445","sigma":"0","rptime":"1439024400","rpr":1475.8374302573,"rprd":89.646114167005,"rpsigma":"0","acre":1079.3022514524,"lacre":1079.3022514524,"oldacre":"1047.0211356294"},"p2rating":{"entryid":"7503485","serverid":"eos","formatid":"randombattle","userid":"jik0","username":"jik0","w":"1","l":1,"t":"0","gxe":49.5,"r":"1500","rd":"130","sigma":"0","rptime":"1439024400","rpr":1496.1490024562,"rprd":116.40271968638,"rpsigma":"0","acre":1024.3232912372,"lacre":1024.3232912372,"oldacre":"1040"},"endType":"normal"}