{"seed":[28678,16696,23924,42787],"turns":20,"p1":"Selphiel","p2":"fistinggeneral","p1team":[{"name":"Glalie","moves":["explosion","earthquake","crunch","spikes"],"ability":"Ice Body","evs":{"hp":81,"atk":89,"def":85,"spa":85,"spd":85,"spe":85},"ivs":{"hp":31,"atk":31,"def":31,"spa":31,"spd":31,"spe":31},"item":"Glalitite","level":79,"shiny":false},{"name":"Rotom-Wash","moves":["painsplit","hiddenpowerice","voltswitch","trick"],"ability":"Levitate","evs":{"hp":85,"atk":85,"def":85,"spa":85,"spd":85,"spe":85},"ivs":{"hp":31,"atk":30,"def":30,"spa":31,"spd":31,"spe":31},"item":"Choice Scarf","level":75,"shiny":false},{"name":"Typhlosion","moves":["focusblast","fireblast","extrasensory","eruption"],"ability":"Flash Fire","evs":{"hp":85,"atk":85,"def":85,"spa":85,"spd":85,"spe":85},"ivs":{"hp":31,"atk":31,"def":31,"spa":31,"spd":31,"spe":31},"item":"Choice Scarf","level":79,"shiny":false},{"name":"Swellow","moves":["facade","quickattack","uturn","endeavor"],"ability":"Guts","evs":{"hp":85,"atk":85,"def":85,"spa":85,"spd":85,"spe":85},"ivs":{"hp":31,"atk":31,"def":31,"spa":31,"spd":31,"spe":31},"item":"Toxic Orb","level":81,"shiny":false},{"name":"Weavile","moves":["knockoff","iciclecrash","swordsdance","lowkick"],"ability":"Pressure","evs":{"hp":85,"atk":85,"def":85,"spa":85,"spd":85,"spe":85},"ivs":{"hp":31,"atk":31,"def":31,"spa":31,"spd":31,"spe":31},"item":"Life Orb","level":75,"shiny":false},{"name":"Furret","moves":["firepunch","aquatail","knockoff","doubleedge"],"ability":"Frisk","evs":{"hp":85,"atk":85,"def":85,"spa":85,"spd":85,"spe":85},"ivs":{"hp":31,"atk":31,"def":31,"spa":31,"spd":31,"spe":31},"item":"Choice Band","level":83,"shiny":false}],"p2team":[{"name":"Deoxys","moves":["psychoboost","stealthrock","spikes","extremespeed"],"ability":"Pressure","evs":{"hp":85,"atk":85,"def":85,"spa":85,"spd":85,"spe":85},"ivs":{"hp":31,"atk":31,"def":31,"spa":31,"spd":31,"spe":31},"item":"Focus Sash","level":73,"shiny":false},{"name":"Seviper","moves":["suckerpunch","poisonjab","coil","earthquake"],"ability":"Shed Skin","evs":{"hp":85,"atk":85,"def":85,"spa":85,"spd":85,"spe":85},"ivs":{"hp":31,"atk":31,"def":31,"spa":31,"spd":31,"spe":31},"item":"Life Orb","level":83,"shiny":false},{"name":"Simipour","moves":["substitute","focusblast","hydropump","nastyplot"],"ability":"Torrent","evs":{"hp":85,"atk":85,"def":85,"spa":85,"spd":85,"spe":85},"ivs":{"hp":31,"atk":31,"def":31,"spa":31,"spd":31,"spe":31},"item":"Leftovers","level":83,"shiny":false},{"name":"Tauros","moves":["rockslide","earthquake","doubleedge","zenheadbutt"],"ability":"Intimidate","evs":{"hp":85,"atk":85,"def":85,"spa":85,"spd":85,"spe":85},"ivs":{"hp":31,"atk":31,"def":31,"spa":31,"spd":31,"spe":31},"item":"Choice Band","level":81,"shiny":false},{"name":"Omastar","moves":["shellsmash","scald","icebeam","earthpower"],"ability":"Swift Swim","evs":{"hp":85,"atk":85,"def":85,"spa":85,"spd":85,"spe":85},"ivs":{"hp":31,"atk":31,"def":31,"spa":31,"spd":31,"spe":31},"item":"White Herb","level":79,"shiny":false},{"name":"Kyurem","moves":["dracometeor","earthpower","focusblast","roost"],"ability":"Pressure","evs":{"hp":85,"atk":85,"def":85,"spa":85,"spd":85,"spe":85},"ivs":{"hp":31,"atk":31,"def":31,"spa":31,"spd":31,"spe":31},"item":"Leftovers","level":78,"shiny":false}],"log":["|player|p1|Selphiel|80","|player|p2|fistinggeneral|165","|gametype|singles","|gen|6","|tier|Random Battle","|rated","|rule|Sleep Clause Mod: Limit one foe put to sleep","|rule|HP Percentage Mod: HP is shown in percentages","|","|start","|switch|p1a: Glalie|Glalie, L79, M|255/255","|switch|p2a: Deoxys|Deoxys, L73|193/193","|-ability|p2a: Deoxys|Pressure","|turn|1","|","|switch|p2a: Simipour|Simipour, L83, M|260/260","|detailschange|p1a: Glalie|Glalie-Mega, L79, M","|-mega|p1a: Glalie|Glalie|Glalitite","|move|p1a: Glalie|Spikes|p2a: Simipour","|-sidestart|p2: fistinggeneral|Spikes","|","|turn|2","|","|move|p2a: Simipour|Focus Blast|p1a: Glalie","|-supereffective|p1a: Glalie","|-damage|p1a: Glalie|67/255","|move|p1a: Glalie|Spikes|p2a: Simipour","|-sidestart|p2: fistinggeneral|Spikes","|","|turn|3","|","|switch|p1a: Rotom-Wash|Rotom-Wash, L75|199/199","|move|p2a: Simipour|Focus Blast|p1a: Rotom-Wash|[miss]","|-miss|p2a: Simipour|p1a: Rotom-Wash","|","|turn|4","|","|move|p1a: Rotom-Wash|Volt Switch|p2a: Simipour","|-supereffective|p2a: Simipour","|-damage|p2a: Simipour|90/260","|","|switch|p1a: Furret|Furret, L83, F|277/277","|-item|p2a: Simipour|Leftovers|[from] ability: Frisk|[of] p1a: Furret|[identify]","|move|p2a: Simipour|Nasty Plot|p2a: Simipour","|-boost|p2a: Simipour|spa|2","|","|-heal|p2a: Simipour|106/260|[from] item: Leftovers","|turn|5","|","|move|p2a: Simipour|Focus Blast|p1a: Furret","|-supereffective|p1a: Furret","|-damage|p1a: Furret|0 fnt","|faint|p1a: Furret","|","|-heal|p2a: Simipour|122/260|[from] item: Leftovers","|","|switch|p1a: Swellow|Swellow, L81, F|230/230","|turn|6","|","|move|p1a: Swellow|U-turn|p2a: Simipour","|-damage|p2a: Simipour|71/260","|","|switch|p1a: Rotom-Wash|Rotom-Wash, L75|199/199","|move|p2a: Simipour|Hydro Pump|p1a: Rotom-Wash|[miss]","|-miss|p2a: Simipour|p1a: Rotom-Wash","|","|-heal|p2a: Simipour|87/260|[from] item: Leftovers","|turn|7","|","|switch|p2a: Omastar|Omastar, L79, M|240/240","|-damage|p2a: Omastar|200/240|[from] Spikes","|move|p1a: Rotom-Wash|Volt Switch|p2a: Omastar","|-supereffective|p2a: Omastar","|-damage|p2a: Omastar|24/240","|","|switch|p1a: Swellow|Swellow, L81, F|230/230","|","|-status|p1a: Swellow|tox|[from] item: Toxic Orb","|turn|8","|","|move|p1a: Swellow|U-turn|p2a: Omastar","|-damage|p2a: Omastar|0 fnt","|faint|p2a: Omastar","|","|switch|p1a: Glalie|Glalie-Mega, L79, M|67/255","|","|","|switch|p2a: Seviper|Seviper, L83, F|257/257","|-damage|p2a: Seviper|215/257|[from] Spikes","|turn|9","|","|move|p1a: Glalie|Explosion|p2a: Seviper","|-damage|p2a: Seviper|0 fnt","|faint|p1a: Glalie","|faint|p2a: Seviper","|","|","|switch|p2a: Kyurem|Kyurem, L78|323/323","|switch|p1a: Rotom-Wash|Rotom-Wash, L75|199/199","|-damage|p2a: Kyurem|270/323|[from] Spikes","|-ability|p2a: Kyurem|Pressure","|turn|10","|","|move|p1a: Rotom-Wash|Volt Switch|p2a: Kyurem","|-resisted|p2a: Kyurem","|-damage|p2a: Kyurem|236/323","|","|switch|p1a: Typhlosion|Typhlosion, L79, M|253/253","|move|p2a: Kyurem|Focus Blast|p1a: Typhlosion","|-damage|p1a: Typhlosion|149/253","|-unboost|p1a: Typhlosion|spd|1","|","|-heal|p2a: Kyurem|256/323|[from] item: Leftovers","|turn|11","|","|move|p1a: Typhlosion|Fire Blast|p2a: Kyurem","|-damage|p2a: Kyurem|147/323","|move|p2a: Kyurem|Earth Power|p1a: Typhlosion","|-supereffective|p1a: Typhlosion","|-damage|p1a: Typhlosion|0 fnt","|faint|p1a: Typhlosion","|","|-heal|p2a: Kyurem|167/323|[from] item: Leftovers","|","|switch|p1a: Weavile|Weavile, L75, M|229/229","|-ability|p1a: Weavile|Pressure","|turn|12","|","|move|p1a: Weavile|Swords Dance|p1a: Weavile","|-boost|p1a: Weavile|atk|2","|move|p2a: Kyurem|Focus Blast|p1a: Weavile|[miss]","|-miss|p2a: Kyurem|p1a: Weavile","|","|-heal|p2a: Kyurem|187/323|[from] item: Leftovers","|turn|13","|","|move|p1a: Weavile|Knock Off|p2a: Kyurem","|-damage|p2a: Kyurem|0 fnt","|-enditem|p2a: Kyurem|Leftovers|[from] move: Knock Off|[of] p1a: Weavile","|-damage|p1a: Weavile|207/229|[from] item: Life Orb","|faint|p2a: Kyurem","|","|","|switch|p2a: Simipour|Simipour, L83, M|87/260","|-damage|p2a: Simipour|44/260|[from] Spikes","|turn|14","|","|move|p1a: Weavile|Knock Off|p2a: Simipour","|-damage|p2a: Simipour|0 fnt","|-enditem|p2a: Simipour|Leftovers|[from] move: Knock Off|[of] p1a: Weavile","|-damage|p1a: Weavile|185/229|[from] item: Life Orb","|faint|p2a: Simipour","|","|","|switch|p2a: Tauros|Tauros, L81, M|254/254","|-damage|p2a: Tauros|212/254|[from] Spikes","|-ability|p2a: Tauros|Intimidate","|-unboost|p1a: Weavile|atk|1","|turn|15","|","|move|p1a: Weavile|Knock Off|p2a: Tauros","|-damage|p2a: Tauros|31/254","|-enditem|p2a: Tauros|Choice Band|[from] move: Knock Off|[of] p1a: Weavile","|-damage|p1a: Weavile|163/229|[from] item: Life Orb","|move|p2a: Tauros|Rock Slide|p1a: Weavile","|-supereffective|p1a: Weavile","|-damage|p1a: Weavile|23/229","|","|turn|16","|","|move|p1a: Weavile|Low Kick|p2a: Tauros","|-crit|p2a: Tauros","|-supereffective|p2a: Tauros","|-damage|p2a: Tauros|0 fnt","|-damage|p1a: Weavile|1/229|[from] item: Life Orb","|faint|p2a: Tauros","|","|","|switch|p2a: Deoxys|Deoxys, L73|193/193","|-damage|p2a: Deoxys|161/193|[from] Spikes","|-ability|p2a: Deoxys|Pressure","|turn|17","|","|move|p2a: Deoxys|Extreme Speed|p1a: Weavile","|-damage|p1a: Weavile|0 fnt","|faint|p1a: Weavile","|","|","|switch|p1a: Rotom-Wash|Rotom-Wash, L75|199/199","|turn|18","|","|move|p2a: Deoxys|Spikes|p1a: Rotom-Wash","|-sidestart|p1: Selphiel|Spikes","|move|p1a: Rotom-Wash|Volt Switch|p2a: Deoxys","|-damage|p2a: Deoxys|56/193","|","|switch|p1a: Swellow|Swellow, L81, F|230/230 tox","|","|-damage|p1a: Swellow|216/230 tox|[from] psn","|turn|19","|","|move|p2a: Deoxys|Psycho Boost|p1a: Swellow","|-damage|p1a: Swellow|0 fnt","|-unboost|p2a: Deoxys|spa|2","|faint|p1a: Swellow","|","|","|switch|p1a: Rotom-Wash|Rotom-Wash, L75|199/199","|turn|20","|","|move|p2a: Deoxys|Psycho Boost|p1a: Rotom-Wash","|-damage|p1a: Rotom-Wash|120/199","|-unboost|p2a: Deoxys|spa|2","|move|p1a: Rotom-Wash|Volt Switch|p2a: Deoxys","|-damage|p2a: Deoxys|0 fnt","|faint|p2a: Deoxys","|","|win|Selphiel"],"p1rating":{"entryid":"7517159","serverid":"eos","formatid":"randombattle","userid":"selphiel","username":"Selphiel","w":2,"l":"0","t":"0","gxe":58.6,"r":"1500","rd":"130","sigma":"0","rptime":"1439110800","rpr":1568.8325919009,"rprd":116.80417142705,"rpsigma":"0","acre":1074,"lacre":1074,"oldacre":"1040"},"p2rating":{"entryid":"6865958","serverid":"eos","formatid":"randombattle","userid":"fistinggeneral","username":"fistinggeneral","w":"1","l":2,"t":"0","gxe":45.9,"r":1502.4830714098,"rd":120.90994177532,"sigma":"0","rptime":1439110800,"rpr":1467.0011062225,"rprd":115.10079277558,"rpsigma":"0","acre":1024,"lacre":1024,"oldacre":"1040"},"endType":"normal"}