{"seed":[34144,20398,38942,2965],"turns":28,"p1":"dm0559","p2":"TextCraft","p1team":[{"name":"Spinda","moves":["superpower","suckerpunch","trickroom","return"],"ability":"Contrary","evs":{"hp":170,"atk":85,"def":85,"spa":85,"spd":85,"spe":0},"ivs":{"hp":31,"atk":31,"def":31,"spa":31,"spd":31,"spe":0},"item":"Life Orb","level":83,"shiny":false},{"name":"Empoleon","moves":["scald","flashcannon","roar","hiddenpowerfire"],"ability":"Torrent","evs":{"hp":85,"atk":85,"def":85,"spa":85,"spd":85,"spe":85},"ivs":{"hp":31,"atk":30,"def":31,"spa":30,"spd":31,"spe":30},"item":"Life Orb","level":77,"shiny":false},{"name":"Malamar","moves":["superpower","rockslide","psychocut","trickroom"],"ability":"Contrary","evs":{"hp":170,"atk":85,"def":85,"spa":85,"spd":85,"spe":0},"ivs":{"hp":31,"atk":31,"def":31,"spa":31,"spd":31,"spe":0},"item":"Life Orb","level":81,"shiny":false},{"name":"Lucario","moves":["closecombat","crunch","swordsdance","bulletpunch"],"ability":"Inner Focus","evs":{"hp":85,"atk":85,"def":85,"spa":85,"spd":85,"spe":85},"ivs":{"hp":31,"atk":31,"def":31,"spa":31,"spd":31,"spe":31},"item":"Lucarionite","level":74,"shiny":false},{"name":"Tentacruel","moves":["knockoff","scald","sludgebomb","rapidspin"],"ability":"Liquid Ooze","evs":{"hp":85,"atk":85,"def":85,"spa":85,"spd":85,"spe":85},"ivs":{"hp":31,"atk":31,"def":31,"spa":31,"spd":31,"spe":31},"item":"Assault Vest","level":77,"shiny":false},{"name":"Conkeldurr","moves":["bulkup","knockoff","icepunch","machpunch"],"ability":"Sheer Force","evs":{"hp":85,"atk":85,"def":85,"spa":85,"spd":85,"spe":85},"ivs":{"hp":31,"atk":31,"def":31,"spa":31,"spd":31,"spe":31},"item":"Life Orb","level":75,"shiny":false}],"p2team":[{"name":"Gastrodon","moves":["recover","clearsmog","scald","toxic"],"ability":"Storm Drain","evs":{"hp":85,"atk":85,"def":85,"spa":85,"spd":85,"spe":85},"ivs":{"hp":31,"atk":31,"def":31,"spa":31,"spd":31,"spe":31},"item":"Leftovers","level":79,"shiny":false},{"name":"Tyrantrum","moves":["dragondance","earthquake","dragonclaw","stoneedge"],"ability":"Strong Jaw","evs":{"hp":85,"atk":85,"def":85,"spa":85,"spd":85,"spe":85},"ivs":{"hp":31,"atk":31,"def":31,"spa":31,"spd":31,"spe":31},"item":"Life Orb","level":79,"shiny":false},{"name":"Ninetales","moves":["willowisp","solarbeam","nastyplot","fireblast"],"ability":"Drought","evs":{"hp":85,"atk":85,"def":85,"spa":85,"spd":85,"spe":85},"ivs":{"hp":31,"atk":31,"def":31,"spa":31,"spd":31,"spe":31},"item":"Leftovers","level":79,"shiny":false},{"name":"Samurott","moves":["grassknot","superpower","aquajet","waterfall"],"ability":"Torrent","evs":{"hp":85,"atk":85,"def":85,"spa":85,"spd":85,"spe":85},"ivs":{"hp":31,"atk":31,"def":31,"spa":31,"spd":31,"spe":31},"item":"Expert Belt","level":81,"shiny":false},{"name":"Landorus-Therian","moves":["stoneedge","earthquake","rockpolish","swordsdance"],"ability":"Intimidate","evs":{"hp":85,"atk":85,"def":85,"spa":85,"spd":85,"spe":85},"ivs":{"hp":31,"atk":31,"def":31,"spa":31,"spd":31,"spe":31},"item":"Leftovers","level":75,"shiny":false},{"name":"Heliolisk","moves":["thunderbolt","surf","darkpulse","hypervoice"],"ability":"Dry Skin","evs":{"hp":85,"atk":85,"def":85,"spa":85,"spd":85,"spe":85},"ivs":{"hp":31,"atk":31,"def":31,"spa":31,"spd":31,"spe":31},"item":"Choice Specs","level":77,"shiny":false}],"log":["|player|p1|dm0559|170","|player|p2|TextCraft|169","|gametype|singles","|gen|6","|tier|Random Battle","|rated","|rule|Sleep Clause Mod: Limit one foe put to sleep","|rule|HP Percentage Mod: HP is shown in percentages","|","|start","|switch|p1a: Spinda|Spinda, L83, F|253/253","|switch|p2a: Gastrodon|Gastrodon, L79, F|305/305","|turn|1","|","|move|p2a: Gastrodon|Toxic|p1a: Spinda","|-status|p1a: Spinda|tox","|move|p1a: Spinda|Superpower|p2a: Gastrodon","|-damage|p2a: Gastrodon|206/305","|-boost|p1a: Spinda|atk|1","|-boost|p1a: Spinda|def|1","|-damage|p1a: Spinda|228/253 tox|[from] item: Life Orb","|","|-heal|p2a: Gastrodon|225/305|[from] item: Leftovers","|-damage|p1a: Spinda|213/253 tox|[from] psn","|turn|2","|","|switch|p1a: Conkeldurr|Conkeldurr, L75, F|281/281","|move|p2a: Gastrodon|Scald|p1a: Conkeldurr","|-damage|p1a: Conkeldurr|175/281","|","|-heal|p2a: Gastrodon|244/305|[from] item: Leftovers","|turn|3","|","|switch|p1a: Tentacruel|Tentacruel, L77, M|250/250","|move|p2a: Gastrodon|Scald|p1a: Tentacruel","|-resisted|p1a: Tentacruel","|-damage|p1a: Tentacruel|229/250","|","|-heal|p2a: Gastrodon|263/305|[from] item: Leftovers","|turn|4","|","|move|p1a: Tentacruel|Scald|p2a: Gastrodon","|-boost|p2a: Gastrodon|spa|1|[from] ability: Storm Drain","|move|p2a: Gastrodon|Toxic|p1a: Tentacruel","|-immune|p1a: Tentacruel|[msg]","|","|-heal|p2a: Gastrodon|282/305|[from] item: Leftovers","|turn|5","|","|move|p1a: Tentacruel|Sludge Bomb|p2a: Gastrodon","|-resisted|p2a: Gastrodon","|-damage|p2a: Gastrodon|240/305","|move|p2a: Gastrodon|Scald|p1a: Tentacruel","|-resisted|p1a: Tentacruel","|-damage|p1a: Tentacruel|199/250","|","|-heal|p2a: Gastrodon|259/305|[from] item: Leftovers","|turn|6","|","|move|p1a: Tentacruel|Sludge Bomb|p2a: Gastrodon","|-resisted|p2a: Gastrodon","|-damage|p2a: Gastrodon|221/305","|-status|p2a: Gastrodon|psn","|move|p2a: Gastrodon|Scald|p1a: Tentacruel","|-resisted|p1a: Tentacruel","|-damage|p1a: Tentacruel|169/250","|","|-heal|p2a: Gastrodon|240/305 psn|[from] item: Leftovers","|-damage|p2a: Gastrodon|202/305 psn|[from] psn","|turn|7","|","|switch|p1a: Empoleon|Empoleon, L77, M|256/256","|move|p2a: Gastrodon|Scald|p1a: Empoleon","|-resisted|p1a: Empoleon","|-damage|p1a: Empoleon|207/256","|-status|p1a: Empoleon|brn","|","|-heal|p2a: Gastrodon|221/305 psn|[from] item: Leftovers","|-damage|p1a: Empoleon|175/256 brn|[from] brn","|-damage|p2a: Gastrodon|183/305 psn|[from] psn","|turn|8","|","|move|p2a: Gastrodon|Scald|p1a: Empoleon","|-resisted|p1a: Empoleon","|-damage|p1a: Empoleon|125/256 brn","|move|p1a: Empoleon|Roar|p2a: Gastrodon","|drag|p2a: Samurott|Samurott, L81, M|287/287","|","|-damage|p1a: Empoleon|93/256 brn|[from] brn","|turn|9","|","|move|p2a: Samurott|Superpower|p1a: Empoleon","|-supereffective|p1a: Empoleon","|-damage|p1a: Empoleon|0 fnt","|-unboost|p2a: Samurott|atk|1","|-unboost|p2a: Samurott|def|1","|faint|p1a: Empoleon","|","|","|switch|p1a: Tentacruel|Tentacruel, L77, M|169/250","|turn|10","|","|move|p1a: Tentacruel|Scald|p2a: Samurott","|-resisted|p2a: Samurott","|-damage|p2a: Samurott|248/287","|move|p2a: Samurott|Grass Knot|p1a: Tentacruel","|-damage|p1a: Tentacruel|136/250","|","|turn|11","|","|move|p1a: Tentacruel|Knock Off|p2a: Samurott","|-damage|p2a: Samurott|177/287","|-enditem|p2a: Samurott|Expert Belt|[from] move: Knock Off|[of] p1a: Tentacruel","|move|p2a: Samurott|Waterfall|p1a: Tentacruel","|-resisted|p1a: Tentacruel","|-damage|p1a: Tentacruel|99/250","|","|turn|12","|","|move|p1a: Tentacruel|Scald|p2a: Samurott","|-resisted|p2a: Samurott","|-damage|p2a: Samurott|141/287","|-status|p2a: Samurott|brn","|move|p2a: Samurott|Superpower|p1a: Tentacruel","|-resisted|p1a: Tentacruel","|-damage|p1a: Tentacruel|81/250","|-unboost|p2a: Samurott|atk|1","|-unboost|p2a: Samurott|def|1","|","|-damage|p2a: Samurott|106/287 brn|[from] brn","|turn|13","|","|move|p1a: Tentacruel|Sludge Bomb|p2a: Samurott","|-damage|p2a: Samurott|28/287 brn","|move|p2a: Samurott|Waterfall|p1a: Tentacruel","|-resisted|p1a: Tentacruel","|-damage|p1a: Tentacruel|60/250","|","|-damage|p2a: Samurott|0 fnt|[from] brn","|faint|p2a: Samurott","|","|switch|p2a: Gastrodon|Gastrodon, L79, F|183/305 psn","|turn|14","|","|move|p1a: Tentacruel|Knock Off|p2a: Gastrodon","|-damage|p2a: Gastrodon|126/305 psn","|-enditem|p2a: Gastrodon|Leftovers|[from] move: Knock Off|[of] p1a: Tentacruel","|move|p2a: Gastrodon|Scald|p1a: Tentacruel","|-resisted|p1a: Tentacruel","|-damage|p1a: Tentacruel|41/250","|","|-damage|p2a: Gastrodon|88/305 psn|[from] psn","|turn|15","|","|move|p1a: Tentacruel|Sludge Bomb|p2a: Gastrodon","|-resisted|p2a: Gastrodon","|-damage|p2a: Gastrodon|46/305 psn","|move|p2a: Gastrodon|Recover|p2a: Gastrodon","|-heal|p2a: Gastrodon|199/305 psn","|","|-damage|p2a: Gastrodon|161/305 psn|[from] psn","|turn|16","|","|move|p1a: Tentacruel|Sludge Bomb|p2a: Gastrodon","|-resisted|p2a: Gastrodon","|-damage|p2a: Gastrodon|124/305 psn","|move|p2a: Gastrodon|Scald|p1a: Tentacruel","|-resisted|p1a: Tentacruel","|-damage|p1a: Tentacruel|22/250","|","|-damage|p2a: Gastrodon|86/305 psn|[from] psn","|turn|17","|","|move|p1a: Tentacruel|Sludge Bomb|p2a: Gastrodon","|-resisted|p2a: Gastrodon","|-damage|p2a: Gastrodon|44/305 psn","|move|p2a: Gastrodon|Recover|p2a: Gastrodon","|-heal|p2a: Gastrodon|197/305 psn","|","|-damage|p2a: Gastrodon|159/305 psn|[from] psn","|turn|18","|","|move|p1a: Tentacruel|Sludge Bomb|p2a: Gastrodon","|-resisted|p2a: Gastrodon","|-damage|p2a: Gastrodon|119/305 psn","|move|p2a: Gastrodon|Recover|p2a: Gastrodon","|-heal|p2a: Gastrodon|272/305 psn","|","|-damage|p2a: Gastrodon|234/305 psn|[from] psn","|turn|19","|","|move|p1a: Tentacruel|Sludge Bomb|p2a: Gastrodon","|-resisted|p2a: Gastrodon","|-damage|p2a: Gastrodon|193/305 psn","|move|p2a: Gastrodon|Scald|p1a: Tentacruel","|-resisted|p1a: Tentacruel","|-damage|p1a: Tentacruel|1/250","|-status|p1a: Tentacruel|brn","|","|-damage|p1a: Tentacruel|0 fnt|[from] brn","|-damage|p2a: Gastrodon|155/305 psn|[from] psn","|faint|p1a: Tentacruel","|","|switch|p1a: Conkeldurr|Conkeldurr, L75, F|175/281","|turn|20","|","|move|p1a: Conkeldurr|Bulk Up|p1a: Conkeldurr","|-boost|p1a: Conkeldurr|atk|1","|-boost|p1a: Conkeldurr|def|1","|move|p2a: Gastrodon|Scald|p1a: Conkeldurr","|-damage|p1a: Conkeldurr|67/281","|","|-damage|p2a: Gastrodon|117/305 psn|[from] psn","|turn|21","|","|move|p1a: Conkeldurr|Mach Punch|p2a: Gastrodon","|-damage|p2a: Gastrodon|7/305 psn","|-damage|p1a: Conkeldurr|39/281|[from] item: Life Orb","|move|p2a: Gastrodon|Recover|p2a: Gastrodon","|-heal|p2a: Gastrodon|160/305 psn","|","|-damage|p2a: Gastrodon|122/305 psn|[from] psn","|turn|22","|","|move|p1a: Conkeldurr|Mach Punch|p2a: Gastrodon","|-damage|p2a: Gastrodon|8/305 psn","|-damage|p1a: Conkeldurr|11/281|[from] item: Life Orb","|move|p2a: Gastrodon|Scald|p1a: Conkeldurr","|-damage|p1a: Conkeldurr|0 fnt","|faint|p1a: Conkeldurr","|","|-damage|p2a: Gastrodon|0 fnt|[from] psn","|faint|p2a: Gastrodon","|","|switch|p2a: Landorus-Therian|Landorus-Therian, L75, M|257/257","|switch|p1a: Spinda|Spinda, L83, F|213/253 tox","|-ability|p2a: Landorus-Therian|Intimidate","|-boost|p1a: Spinda|atk|1","|turn|23","|","|move|p2a: Landorus-Therian|Stone Edge|p1a: Spinda|[miss]","|-miss|p2a: Landorus-Therian|p1a: Spinda","|move|p1a: Spinda|Return|p2a: Landorus-Therian","|-damage|p2a: Landorus-Therian|96/257","|-damage|p1a: Spinda|188/253 tox|[from] item: Life Orb","|","|-heal|p2a: Landorus-Therian|112/257|[from] item: Leftovers","|-damage|p1a: Spinda|173/253 tox|[from] psn","|turn|24","|","|move|p2a: Landorus-Therian|Earthquake|p1a: Spinda","|-damage|p1a: Spinda|19/253 tox","|move|p1a: Spinda|Return|p2a: Landorus-Therian","|-damage|p2a: Landorus-Therian|0 fnt","|-damage|p1a: Spinda|0 fnt|[from] item: Life Orb","|faint|p2a: Landorus-Therian","|faint|p1a: Spinda","|","|","|switch|p2a: Heliolisk|Heliolisk, L77, M|222/222","|switch|p1a: Malamar|Malamar, L81, F|289/289","|turn|25","|","|move|p2a: Heliolisk|Thunderbolt|p1a: Malamar","|-damage|p1a: Malamar|142/289","|move|p1a: Malamar|Rock Slide|p2a: Heliolisk","|-damage|p2a: Heliolisk|125/222","|-damage|p1a: Malamar|114/289|[from] item: Life Orb","|","|turn|26","|","|move|p2a: Heliolisk|Thunderbolt|p1a: Malamar","|-damage|p1a: Malamar|0 fnt","|faint|p1a: Malamar","|","|","|switch|p1a: Lucario|Lucario, L74, F|226/226","|turn|27","|","|detailschange|p1a: Lucario|Lucario-Mega, L74, F","|-mega|p1a: Lucario|Lucario|Lucarionite","|move|p2a: Heliolisk|Thunderbolt|p1a: Lucario","|-damage|p1a: Lucario|64/226","|move|p1a: Lucario|Swords Dance|p1a: Lucario","|-boost|p1a: Lucario|atk|2","|","|turn|28","|","|move|p1a: Lucario|Bullet Punch|p2a: Heliolisk","|-resisted|p2a: Heliolisk","|-damage|p2a: Heliolisk|26/222","|move|p2a: Heliolisk|Thunderbolt|p1a: Lucario","|-damage|p1a: Lucario|0 fnt","|faint|p1a: Lucario","|","|win|TextCraft"],"p1rating":{"entryid":"7510352","serverid":"eos","formatid":"randombattle","userid":"dm0559","username":"dm0559","w":"1","l":1,"t":"0","gxe":51.2,"r":"1500","rd":"130","sigma":"0","rptime":"1439110800","rpr":1509.9263843921,"rprd":116.48833627065,"rpsigma":"0","acre":1029.7269837138,"lacre":1029.7269837138,"oldacre":"1049.6512437284"},"p2rating":{"entryid":7510518,"formatid":"randombattle","userid":"textcraft","username":"TextCraft","r":1500,"rd":130,"sigma":0,"rpr":1540.1606143388,"rprd":122.8583080769,"rpsigma":0,"rptime":1439110800,"w":1,"l":0,"t":0,"gxe":55,"acre":1045.677711935,"lacre":1045.677711935,"oldacre":1000},"endType":"normal"}