{"seed":[48319,34872,23000,6355],"turns":18,"p1":"ThunderDriver","p2":"dm0559","p1team":[{"name":"Camerupt","moves":["willowisp","earthpower","ancientpower","stealthrock"],"ability":"Solid Rock","evs":{"hp":85,"atk":85,"def":85,"spa":85,"spd":85,"spe":85},"ivs":{"hp":31,"atk":31,"def":31,"spa":31,"spd":31,"spe":31},"item":"Cameruptite","level":79,"shiny":false},{"name":"Deoxys","moves":["superpower","extremespeed","firepunch","psychoboost"],"ability":"Pressure","evs":{"hp":85,"atk":85,"def":85,"spa":85,"spd":85,"spe":85},"ivs":{"hp":31,"atk":31,"def":31,"spa":31,"spd":31,"spe":31},"item":"Life Orb","level":73,"shiny":false},{"name":"Darmanitan","moves":["earthquake","superpower","flareblitz","uturn"],"ability":"Sheer Force","evs":{"hp":81,"atk":89,"def":85,"spa":85,"spd":85,"spe":85},"ivs":{"hp":31,"atk":31,"def":31,"spa":31,"spd":31,"spe":31},"item":"Life Orb","level":77,"shiny":false},{"name":"Venusaur","moves":["gigadrain","leechseed","sunnyday","sludgebomb"],"ability":"Chlorophyll","evs":{"hp":85,"atk":85,"def":85,"spa":85,"spd":85,"spe":85},"ivs":{"hp":31,"atk":31,"def":31,"spa":31,"spd":31,"spe":31},"item":"Heat Rock","level":79,"shiny":false},{"name":"Dugtrio","moves":["earthquake","suckerpunch","reversal","stealthrock"],"ability":"Arena Trap","evs":{"hp":85,"atk":85,"def":85,"spa":85,"spd":85,"spe":85},"ivs":{"hp":31,"atk":31,"def":31,"spa":31,"spd":31,"spe":31},"item":"Focus Sash","level":79,"shiny":false},{"name":"Weezing","moves":["fireblast","willowisp","toxicspikes","sludgebomb"],"ability":"Levitate","evs":{"hp":85,"atk":85,"def":85,"spa":85,"spd":85,"spe":85},"ivs":{"hp":31,"atk":31,"def":31,"spa":31,"spd":31,"spe":31},"item":"Black Sludge","level":81,"shiny":false}],"p2team":[{"name":"Zekrom","moves":["dracometeor","voltswitch","outrage","roost"],"ability":"Teravolt","evs":{"hp":85,"atk":85,"def":85,"spa":85,"spd":85,"spe":85},"ivs":{"hp":31,"atk":31,"def":31,"spa":31,"spd":31,"spe":31},"item":"Leftovers","level":73,"shiny":false},{"name":"Sandslash","moves":["knockoff","earthquake","stealthrock","rapidspin"],"ability":"Sand Rush","evs":{"hp":85,"atk":85,"def":85,"spa":85,"spd":85,"spe":85},"ivs":{"hp":31,"atk":31,"def":31,"spa":31,"spd":31,"spe":31},"item":"Life Orb","level":81,"shiny":false},{"name":"Reshiram","moves":["dragonpulse","stoneedge","roost","blueflare"],"ability":"Turboblaze","evs":{"hp":85,"atk":85,"def":85,"spa":85,"spd":85,"spe":85},"ivs":{"hp":31,"atk":31,"def":31,"spa":31,"spd":31,"spe":31},"item":"Leftovers","level":73,"shiny":false},{"name":"Dodrio","moves":["bravebird","return","quickattack","knockoff"],"ability":"Early Bird","evs":{"hp":85,"atk":85,"def":85,"spa":85,"spd":85,"spe":85},"ivs":{"hp":31,"atk":31,"def":31,"spa":31,"spd":31,"spe":31},"item":"Choice Band","level":83,"shiny":false},{"name":"Electrode","moves":["signalbeam","hiddenpowergrass","voltswitch","taunt"],"ability":"Aftermath","evs":{"hp":85,"atk":85,"def":85,"spa":85,"spd":85,"spe":85},"ivs":{"hp":31,"atk":30,"def":31,"spa":30,"spd":31,"spe":31},"item":"Life Orb","level":83,"shiny":false},{"name":"Aurorus","moves":["earthpower","stealthrock","freezedry","hypervoice"],"ability":"Refrigerate","evs":{"hp":81,"atk":85,"def":85,"spa":89,"spd":85,"spe":85},"ivs":{"hp":31,"atk":31,"def":31,"spa":31,"spd":31,"spe":31},"item":"Leftovers","level":81,"shiny":false}],"log":["|player|p1|ThunderDriver|thunderdriver.gif","|player|p2|dm0559|170","|gametype|singles","|gen|6","|tier|Random Battle","|rated","|rule|Sleep Clause Mod: Limit one foe put to sleep","|rule|HP Percentage Mod: HP is shown in percentages","|","|start","|switch|p1a: Camerupt|Camerupt, L79, M|240/240","|switch|p2a: Zekrom|Zekrom, L73|266/266","|-ability|p2a: Zekrom|Teravolt","|turn|1","|","|switch|p2a: Reshiram|Reshiram, L73|266/266","|-ability|p2a: Reshiram|Turboblaze","|detailschange|p1a: Camerupt|Camerupt-Mega, L79, M","|-mega|p1a: Camerupt|Camerupt|Cameruptite","|move|p1a: Camerupt|Will-O-Wisp|p2a: Reshiram|[miss]","|-miss|p1a: Camerupt|p2a: Reshiram","|","|turn|2","|","|switch|p1a: Weezing|Weezing, L81, F|238/238","|move|p2a: Reshiram|Dragon Pulse|p1a: Weezing","|-damage|p1a: Weezing|129/238","|","|-heal|p1a: Weezing|143/238|[from] item: Black Sludge","|turn|3","|","|move|p2a: Reshiram|Stone Edge|p1a: Weezing","|-damage|p1a: Weezing|85/238","|move|p1a: Weezing|Toxic Spikes|p2a: Reshiram","|-sidestart|p2: dm0559|move: Toxic Spikes","|","|-heal|p1a: Weezing|99/238|[from] item: Black Sludge","|turn|4","|","|move|p2a: Reshiram|Dragon Pulse|p1a: Weezing","|-damage|p1a: Weezing|0 fnt","|faint|p1a: Weezing","|","|","|switch|p1a: Dugtrio|Dugtrio, L79, F|185/185","|turn|5","|","|move|p1a: Dugtrio|Earthquake|p2a: Reshiram","|-supereffective|p2a: Reshiram","|-damage|p2a: Reshiram|102/266","|move|p2a: Reshiram|Blue Flare|p1a: Dugtrio","|-enditem|p1a: Dugtrio|Focus Sash","|-damage|p1a: Dugtrio|1/185","|","|-heal|p2a: Reshiram|118/266|[from] item: Leftovers","|turn|6","|","|move|p1a: Dugtrio|Reversal|p2a: Reshiram","|-damage|p2a: Reshiram|12/266","|move|p2a: Reshiram|Roost|p2a: Reshiram","|-heal|p2a: Reshiram|145/266","|","|-heal|p2a: Reshiram|161/266|[from] item: Leftovers","|turn|7","|","|move|p1a: Dugtrio|Earthquake|p2a: Reshiram","|-supereffective|p2a: Reshiram","|-damage|p2a: Reshiram|3/266","|move|p2a: Reshiram|Roost|p2a: Reshiram","|-heal|p2a: Reshiram|136/266","|","|-heal|p2a: Reshiram|152/266|[from] item: Leftovers","|turn|8","|","|move|p1a: Dugtrio|Earthquake|p2a: Reshiram","|-supereffective|p2a: Reshiram","|-damage|p2a: Reshiram|0 fnt","|faint|p2a: Reshiram","|","|","|switch|p2a: Sandslash|Sandslash, L81, F|254/254","|-status|p2a: Sandslash|psn","|turn|9","|","|move|p1a: Dugtrio|Reversal|p2a: Sandslash","|-damage|p2a: Sandslash|156/254 psn","|move|p2a: Sandslash|Rapid Spin|p1a: Dugtrio","|-damage|p1a: Dugtrio|0 fnt","|-sideend|p2: dm0559|Toxic Spikes|[from] move: Rapid Spin|[of] p2a: Sandslash","|-damage|p2a: Sandslash|131/254 psn|[from] item: Life Orb","|faint|p1a: Dugtrio","|","|-damage|p2a: Sandslash|100/254 psn|[from] psn","|","|switch|p1a: Venusaur|Venusaur, L79, F|256/256","|turn|10","|","|move|p1a: Venusaur|Sunny Day|p1a: Venusaur","|-weather|SunnyDay","|move|p2a: Sandslash|Stealth Rock|p1a: Venusaur","|-sidestart|p1: ThunderDriver|move: Stealth Rock","|","|-weather|SunnyDay|[upkeep]","|-damage|p2a: Sandslash|69/254 psn|[from] psn","|turn|11","|","|move|p1a: Venusaur|Giga Drain|p2a: Sandslash","|-supereffective|p2a: Sandslash","|-damage|p2a: Sandslash|0 fnt","|faint|p2a: Sandslash","|","|-weather|SunnyDay|[upkeep]","|","|switch|p2a: Dodrio|Dodrio, L83, M|235/235","|turn|12","|","|move|p1a: Venusaur|Sludge Bomb|p2a: Dodrio","|-damage|p2a: Dodrio|117/235","|move|p2a: Dodrio|Brave Bird|p1a: Venusaur","|-supereffective|p1a: Venusaur","|-damage|p1a: Venusaur|0 fnt","|-damage|p2a: Dodrio|33/235|[from] recoil|[of] p1a: Venusaur","|faint|p1a: Venusaur","|","|-weather|SunnyDay|[upkeep]","|","|switch|p1a: Camerupt|Camerupt-Mega, L79, M|240/240","|-damage|p1a: Camerupt|210/240|[from] Stealth Rock","|turn|13","|","|move|p2a: Dodrio|Brave Bird|p1a: Camerupt","|-damage|p1a: Camerupt|23/240","|-damage|p2a: Dodrio|0 fnt|[from] recoil|[of] p1a: Camerupt","|faint|p2a: Dodrio","|move|p1a: Camerupt|Stealth Rock|p2: Dodrio","|-sidestart|p2: dm0559|move: Stealth Rock","|","|-weather|SunnyDay|[upkeep]","|","|switch|p2a: Aurorus|Aurorus, L81, M|331/331","|-damage|p2a: Aurorus|249/331|[from] Stealth Rock","|turn|14","|","|move|p2a: Aurorus|Earth Power|p1a: Camerupt","|-supereffective|p1a: Camerupt","|-damage|p1a: Camerupt|0 fnt","|faint|p1a: Camerupt","|","|-weather|SunnyDay|[upkeep]","|-heal|p2a: Aurorus|269/331|[from] item: Leftovers","|","|switch|p1a: Darmanitan|Darmanitan, L77, M|287/287","|-damage|p1a: Darmanitan|216/287|[from] Stealth Rock","|turn|15","|","|move|p1a: Darmanitan|Superpower|p2a: Aurorus","|-supereffective|p2a: Aurorus","|-damage|p2a: Aurorus|0 fnt","|-unboost|p1a: Darmanitan|atk|1","|-unboost|p1a: Darmanitan|def|1","|-damage|p1a: Darmanitan|188/287|[from] item: Life Orb","|faint|p2a: Aurorus","|","|-weather|SunnyDay|[upkeep]","|","|switch|p2a: Electrode|Electrode, L83|235/235","|-damage|p2a: Electrode|206/235|[from] Stealth Rock","|turn|16","|","|move|p2a: Electrode|Taunt|p1a: Darmanitan","|-start|p1a: Darmanitan|move: Taunt","|move|p1a: Darmanitan|U-turn|p2a: Electrode","|-damage|p2a: Electrode|142/235","|-damage|p1a: Darmanitan|160/287|[from] item: Life Orb","|","|switch|p1a: Deoxys|Deoxys, L73|193/193","|-damage|p1a: Deoxys|169/193|[from] Stealth Rock","|-ability|p1a: Deoxys|Pressure","|","|-weather|SunnyDay|[upkeep]","|turn|17","|","|move|p2a: Electrode|Signal Beam|p1a: Deoxys","|-supereffective|p1a: Deoxys","|-damage|p1a: Deoxys|0 fnt","|-damage|p2a: Electrode|119/235|[from] item: Life Orb","|faint|p1a: Deoxys","|","|-weather|none","|","|switch|p1a: Darmanitan|Darmanitan, L77, M|160/287","|-damage|p1a: Darmanitan|89/287|[from] Stealth Rock","|turn|18","|","|move|p2a: Electrode|Volt Switch|p1a: Darmanitan","|-damage|p1a: Darmanitan|0 fnt","|-damage|p2a: Electrode|96/235|[from] item: Life Orb","|faint|p1a: Darmanitan","|","|win|dm0559"],"p1rating":{"entryid":"6122325","serverid":"eos","formatid":"randombattle","userid":"thunderdriver","username":"ThunderDriver","w":"12","l":9,"t":"0","gxe":55.4,"r":1559.1063159389,"rd":76.718467157463,"sigma":"0","rptime":1439110800,"rpr":1541.7108804929,"rprd":75.205063566796,"rpsigma":"0","acre":1057.180530579,"lacre":1057.180530579,"oldacre":"1085.5156935469"},"p2rating":{"entryid":7510352,"formatid":"randombattle","userid":"dm0559","username":"dm0559","r":1500,"rd":130,"sigma":0,"rpr":1550.9220856885,"rprd":122.52166764637,"rpsigma":0,"rptime":1439110800,"w":1,"l":0,"t":0,"gxe":56.3,"acre":1049.6512437284,"lacre":1049.6512437284,"oldacre":1000},"endType":"normal"}