{"seed":[56102,51799,2321,24284],"turns":26,"p1":"vincenzp","p2":"dm0559","p1team":[{"name":"Pidgeot","moves":["roost","heatwave","defog","hurricane"],"ability":"Keen Eye","evs":{"hp":85,"atk":85,"def":85,"spa":85,"spd":85,"spe":85},"ivs":{"hp":31,"atk":31,"def":31,"spa":31,"spd":31,"spe":31},"item":"Pidgeotite","level":76,"shiny":false},{"name":"Darmanitan","moves":["superpower","earthquake","flareblitz","rockslide"],"ability":"Sheer Force","evs":{"hp":81,"atk":89,"def":85,"spa":85,"spd":85,"spe":85},"ivs":{"hp":31,"atk":31,"def":31,"spa":31,"spd":31,"spe":31},"item":"Life Orb","level":77,"shiny":false},{"name":"Suicune","moves":["scald","sleeptalk","rest","hiddenpowergrass"],"ability":"Water Absorb","evs":{"hp":85,"atk":85,"def":85,"spa":85,"spd":85,"spe":85},"ivs":{"hp":31,"atk":30,"def":31,"spa":30,"spd":31,"spe":31},"item":"Leftovers","level":77,"shiny":false},{"name":"Shuckle","moves":["infestation","stickyweb","toxic","stealthrock"],"ability":"Sturdy","evs":{"hp":85,"atk":85,"def":85,"spa":85,"spd":85,"spe":85},"ivs":{"hp":31,"atk":31,"def":31,"spa":31,"spd":31,"spe":31},"item":"Leftovers","level":78,"shiny":false},{"name":"Empoleon","moves":["icebeam","scald","stealthrock","hiddenpowerfire"],"ability":"Torrent","evs":{"hp":85,"atk":85,"def":85,"spa":85,"spd":85,"spe":85},"ivs":{"hp":31,"atk":30,"def":31,"spa":30,"spd":31,"spe":30},"item":"Life Orb","level":77,"shiny":false},{"name":"Thundurus-Therian","moves":["focusblast","hiddenpowerice","nastyplot","thunderbolt"],"ability":"Volt Absorb","evs":{"hp":85,"atk":85,"def":85,"spa":85,"spd":85,"spe":85},"ivs":{"hp":31,"atk":30,"def":30,"spa":31,"spd":31,"spe":31},"item":"Life Orb","level":76,"shiny":false}],"p2team":[{"name":"Machamp","moves":["dynamicpunch","knockoff","bulletpunch","stoneedge"],"ability":"No Guard","evs":{"hp":85,"atk":85,"def":85,"spa":85,"spd":85,"spe":85},"ivs":{"hp":31,"atk":31,"def":31,"spa":31,"spd":31,"spe":31},"item":"Choice Band","level":77,"shiny":false},{"name":"Claydol","moves":["toxic","stealthrock","rapidspin","earthquake"],"ability":"Levitate","evs":{"hp":85,"atk":85,"def":85,"spa":85,"spd":85,"spe":85},"ivs":{"hp":31,"atk":31,"def":31,"spa":31,"spd":31,"spe":31},"item":"Leftovers","level":81,"shiny":false},{"name":"Rotom-Fan","moves":["trick","airslash","thunderbolt","painsplit"],"ability":"Levitate","evs":{"hp":85,"atk":85,"def":85,"spa":85,"spd":85,"spe":85},"ivs":{"hp":31,"atk":31,"def":31,"spa":31,"spd":31,"spe":31},"item":"Air Balloon","level":81,"shiny":false},{"name":"Rayquaza","moves":["dragonclaw","dragonascent","extremespeed","swordsdance"],"ability":"Air Lock","evs":{"hp":85,"atk":85,"def":85,"spa":85,"spd":85,"spe":85},"ivs":{"hp":31,"atk":31,"def":31,"spa":31,"spd":31,"spe":31},"item":"Leftovers","level":71,"shiny":false},{"name":"Bellossom","moves":["gigadrain","synthesis","sleeppowder","hiddenpowerfire"],"ability":"Chlorophyll","evs":{"hp":85,"atk":85,"def":85,"spa":85,"spd":85,"spe":85},"ivs":{"hp":31,"atk":30,"def":31,"spa":30,"spd":31,"spe":30},"item":"Leftovers","level":83,"shiny":false},{"name":"Typhlosion","moves":["extrasensory","eruption","fireblast","hiddenpowergrass"],"ability":"Flash Fire","evs":{"hp":85,"atk":85,"def":85,"spa":85,"spd":85,"spe":85},"ivs":{"hp":31,"atk":30,"def":31,"spa":30,"spd":31,"spe":31},"item":"Choice Scarf","level":79,"shiny":false}],"log":["|player|p1|vincenzp|1","|player|p2|dm0559|170","|gametype|singles","|gen|6","|tier|Random Battle","|rated","|rule|Sleep Clause Mod: Limit one foe put to sleep","|rule|HP Percentage Mod: HP is shown in percentages","|","|start","|switch|p1a: Pidgeot|Pidgeot, L76, F|251/251","|switch|p2a: Machamp|Machamp, L77, F|265/265","|turn|1","|","|detailschange|p1a: Pidgeot|Pidgeot-Mega, L76, F","|-mega|p1a: Pidgeot|Pidgeot|Pidgeotite","|move|p1a: Pidgeot|Roost|p1a: Pidgeot","|-fail|p1a: Pidgeot","|move|p2a: Machamp|Stone Edge|p1a: Pidgeot","|-supereffective|p1a: Pidgeot","|-damage|p1a: Pidgeot|0 fnt","|faint|p1a: Pidgeot","|","|","|switch|p1a: Thundurus-Therian|Thundurus-Therian, L76, M|245/245","|turn|2","|","|move|p1a: Thundurus-Therian|Focus Blast|p2a: Machamp","|-damage|p2a: Machamp|118/265","|-unboost|p2a: Machamp|spd|1","|-damage|p1a: Thundurus-Therian|221/245|[from] item: Life Orb","|move|p2a: Machamp|Stone Edge|p1a: Thundurus-Therian","|-supereffective|p1a: Thundurus-Therian","|-damage|p1a: Thundurus-Therian|0 fnt","|faint|p1a: Thundurus-Therian","|","|","|switch|p1a: Suicune|Suicune, L77|281/281","|turn|3","|","|switch|p2a: Bellossom|Bellossom, L83, M|260/260","|move|p1a: Suicune|Rest|p1a: Suicune","|-fail|p1a: Suicune","|","|turn|4","|","|move|p1a: Suicune|Scald|p2a: Bellossom","|-resisted|p2a: Bellossom","|-damage|p2a: Bellossom|229/260","|move|p2a: Bellossom|Sleep Powder|p1a: Suicune","|-status|p1a: Suicune|slp","|","|-heal|p2a: Bellossom|245/260|[from] item: Leftovers","|turn|5","|","|cant|p1a: Suicune|slp","|move|p2a: Bellossom|Giga Drain|p1a: Suicune","|-supereffective|p1a: Suicune","|-damage|p1a: Suicune|159/281 slp","|-heal|p2a: Bellossom|260/260|[from] drain|[of] p1a: Suicune","|","|-heal|p1a: Suicune|176/281 slp|[from] item: Leftovers","|turn|6","|","|cant|p1a: Suicune|slp","|move|p2a: Bellossom|Giga Drain|p1a: Suicune","|-supereffective|p1a: Suicune","|-damage|p1a: Suicune|44/281 slp","|","|-heal|p1a: Suicune|61/281 slp|[from] item: Leftovers","|turn|7","|","|switch|p1a: Empoleon|Empoleon, L77, M|256/256","|move|p2a: Bellossom|Giga Drain|p1a: Empoleon","|-damage|p1a: Empoleon|178/256","|","|turn|8","|","|move|p1a: Empoleon|Ice Beam|p2a: Bellossom","|-supereffective|p2a: Bellossom","|-damage|p2a: Bellossom|112/260","|-damage|p1a: Empoleon|153/256|[from] item: Life Orb","|move|p2a: Bellossom|Hidden Power|p1a: Empoleon","|-damage|p1a: Empoleon|116/256","|","|-heal|p2a: Bellossom|128/260|[from] item: Leftovers","|turn|9","|","|switch|p2a: Machamp|Machamp, L77, F|118/265","|move|p1a: Empoleon|Ice Beam|p2a: Machamp","|-damage|p2a: Machamp|24/265","|-status|p2a: Machamp|frz","|-damage|p1a: Empoleon|91/256|[from] item: Life Orb","|","|turn|10","|","|move|p1a: Empoleon|Scald|p2a: Machamp","|-damage|p2a: Machamp|0 fnt","|-damage|p1a: Empoleon|66/256|[from] item: Life Orb","|faint|p2a: Machamp","|","|","|switch|p2a: Bellossom|Bellossom, L83, M|128/260","|turn|11","|","|move|p1a: Empoleon|Ice Beam|p2a: Bellossom","|-supereffective|p2a: Bellossom","|-damage|p2a: Bellossom|0 fnt","|-damage|p1a: Empoleon|41/256|[from] item: Life Orb","|faint|p2a: Bellossom","|","|","|switch|p2a: Typhlosion|Typhlosion, L79, M|253/253","|turn|12","|","|move|p2a: Typhlosion|Fire Blast|p1a: Empoleon","|-damage|p1a: Empoleon|0 fnt","|faint|p1a: Empoleon","|","|","|switch|p1a: Suicune|Suicune, L77|61/281 slp","|turn|13","|","|switch|p2a: Rotom-Fan|Rotom-Fan, L81|214/214","|-item|p2a: Rotom-Fan|Air Balloon","|-curestatus|p1a: Suicune|slp","|move|p1a: Suicune|Scald|p2a: Rotom-Fan","|-damage|p2a: Rotom-Fan|156/214","|-enditem|p2a: Rotom-Fan|Air Balloon","|-status|p2a: Rotom-Fan|brn","|","|-heal|p1a: Suicune|78/281|[from] item: Leftovers","|-damage|p2a: Rotom-Fan|130/214 brn|[from] brn","|turn|14","|","|switch|p1a: Shuckle|Shuckle, L78, M|159/159","|move|p2a: Rotom-Fan|Thunderbolt|p1a: Shuckle","|-damage|p1a: Shuckle|116/159","|","|-heal|p1a: Shuckle|125/159|[from] item: Leftovers","|-damage|p2a: Rotom-Fan|104/214 brn|[from] brn","|turn|15","|","|switch|p2a: Claydol|Claydol, L81|230/230","|move|p1a: Shuckle|Toxic|p2a: Claydol","|-status|p2a: Claydol|tox","|","|-heal|p1a: Shuckle|134/159|[from] item: Leftovers","|-damage|p2a: Claydol|216/230 tox|[from] psn","|turn|16","|","|move|p2a: Claydol|Toxic|p1a: Shuckle","|-status|p1a: Shuckle|tox","|move|p1a: Shuckle|Sticky Web|p2a: Claydol","|-sidestart|p2: dm0559|move: Sticky Web","|","|-heal|p2a: Claydol|230/230 tox|[from] item: Leftovers","|-heal|p1a: Shuckle|143/159 tox|[from] item: Leftovers","|-damage|p2a: Claydol|202/230 tox|[from] psn","|-damage|p1a: Shuckle|134/159 tox|[from] psn","|turn|17","|","|move|p2a: Claydol|Stealth Rock|p1a: Shuckle","|-sidestart|p1: vincenzp|move: Stealth Rock","|move|p1a: Shuckle|Infestation|p2a: Claydol","|-supereffective|p2a: Claydol","|-damage|p2a: Claydol|190/230 tox","|-activate|p2a: Claydol|move: Infestation|[of] p1a: Shuckle","|","|-heal|p2a: Claydol|204/230 tox|[from] item: Leftovers","|-heal|p1a: Shuckle|143/159 tox|[from] item: Leftovers","|-damage|p2a: Claydol|162/230 tox|[from] psn","|-damage|p1a: Shuckle|125/159 tox|[from] psn","|-damage|p2a: Claydol|134/230 tox|[from] move: Infestation|[partiallytrapped]","|turn|18","|","|move|p2a: Claydol|Rapid Spin|p1a: Shuckle","|-resisted|p1a: Shuckle","|-damage|p1a: Shuckle|122/159 tox","|-sideend|p2: dm0559|Sticky Web|[from] move: Rapid Spin|[of] p2a: Claydol","|-end|p2a: Claydol|Infestation|[partiallytrapped]","|move|p1a: Shuckle|Toxic|p2a: Claydol","|-fail|p2a: Claydol|tox","|","|-heal|p2a: Claydol|148/230 tox|[from] item: Leftovers","|-heal|p1a: Shuckle|131/159 tox|[from] item: Leftovers","|-damage|p2a: Claydol|92/230 tox|[from] psn","|-damage|p1a: Shuckle|104/159 tox|[from] psn","|turn|19","|","|switch|p2a: Rotom-Fan|Rotom-Fan, L81|104/214 brn","|move|p1a: Shuckle|Infestation|p2a: Rotom-Fan","|-resisted|p2a: Rotom-Fan","|-damage|p2a: Rotom-Fan|101/214 brn","|-activate|p2a: Rotom-Fan|move: Infestation|[of] p1a: Shuckle","|","|-heal|p1a: Shuckle|113/159 tox|[from] item: Leftovers","|-damage|p2a: Rotom-Fan|75/214 brn|[from] brn","|-damage|p1a: Shuckle|77/159 tox|[from] psn","|-damage|p2a: Rotom-Fan|49/214 brn|[from] move: Infestation|[partiallytrapped]","|turn|20","|","|move|p2a: Rotom-Fan|Thunderbolt|p1a: Shuckle","|-damage|p1a: Shuckle|34/159 tox","|move|p1a: Shuckle|Stealth Rock|p2a: Rotom-Fan","|-sidestart|p2: dm0559|move: Stealth Rock","|","|-heal|p1a: Shuckle|43/159 tox|[from] item: Leftovers","|-damage|p2a: Rotom-Fan|23/214 brn|[from] brn","|-damage|p1a: Shuckle|0 fnt|[from] psn","|faint|p1a: Shuckle","|","|switch|p1a: Darmanitan|Darmanitan, L77, F|287/287","|-damage|p1a: Darmanitan|216/287|[from] Stealth Rock","|turn|21","|","|move|p1a: Darmanitan|Earthquake|p2a: Rotom-Fan","|-immune|p2a: Rotom-Fan|[msg]","|move|p2a: Rotom-Fan|Pain Split|p1a: Darmanitan","|-sethp|p1a: Darmanitan|119/287|p2a: Rotom-Fan|119/214 brn|[from] move: Pain Split","|","|-damage|p2a: Rotom-Fan|93/214 brn|[from] brn","|turn|22","|","|move|p1a: Darmanitan|Rock Slide|p2a: Rotom-Fan","|-supereffective|p2a: Rotom-Fan","|-damage|p2a: Rotom-Fan|0 fnt","|faint|p2a: Rotom-Fan","|","|","|switch|p2a: Claydol|Claydol, L81|92/230 tox","|-damage|p2a: Claydol|78/230 tox|[from] Stealth Rock","|turn|23","|","|move|p1a: Darmanitan|Earthquake|p2a: Claydol","|-immune|p2a: Claydol|[msg]","|move|p2a: Claydol|Toxic|p1a: Darmanitan","|-status|p1a: Darmanitan|tox","|","|-heal|p2a: Claydol|92/230 tox|[from] item: Leftovers","|-damage|p1a: Darmanitan|102/287 tox|[from] psn","|-damage|p2a: Claydol|78/230 tox|[from] psn","|turn|24","|","|move|p1a: Darmanitan|Flare Blitz|p2a: Claydol","|-damage|p2a: Claydol|0 fnt","|-damage|p1a: Darmanitan|76/287 tox|[from] recoil|[of] p2a: Claydol","|faint|p2a: Claydol","|","|-damage|p1a: Darmanitan|42/287 tox|[from] psn","|","|switch|p2a: Typhlosion|Typhlosion, L79, M|253/253","|-damage|p2a: Typhlosion|190/253|[from] Stealth Rock","|turn|25","|","|move|p2a: Typhlosion|Extrasensory|p1a: Darmanitan","|-damage|p1a: Darmanitan|0 fnt","|faint|p1a: Darmanitan","|","|","|switch|p1a: Suicune|Suicune, L77|78/281","|-damage|p1a: Suicune|43/281|[from] Stealth Rock","|turn|26","|","|move|p2a: Typhlosion|Extrasensory|p1a: Suicune","|-damage|p1a: Suicune|0 fnt","|faint|p1a: Suicune","|","|win|dm0559"],"p1rating":{"entryid":7510644,"formatid":"randombattle","userid":"vincenzp","username":"vincenzp","r":1500,"rd":130,"sigma":0,"rpr":1459.8393856612,"rprd":122.8583080769,"rpsigma":0,"rptime":1439110800,"w":0,"l":1,"t":0,"gxe":45,"acre":1000,"lacre":1000,"oldacre":1000},"p2rating":{"entryid":"7510352","serverid":"eos","formatid":"randombattle","userid":"dm0559","username":"dm0559","w":2,"l":"1","t":"0","gxe":55.3,"r":"1500","rd":"130","sigma":"0","rptime":"1439110800","rpr":1541.9962501134,"rprd":111.26666329468,"rpsigma":"0","acre":1062.2344107652,"lacre":1062.2344107652,"oldacre":"1029.7269837138"},"endType":"normal"}