{"seed":[34963,36842,37822,54558],"turns":22,"p1":"Galaxy Emilice","p2":"jfarese23","p1team":[{"name":"Chandelure","moves":["energyball","fireblast","trick","substitute"],"ability":"Infiltrator","evs":{"hp":85,"atk":85,"def":85,"spa":85,"spd":85,"spe":85},"ivs":{"hp":31,"atk":31,"def":31,"spa":31,"spd":31,"spe":31},"item":"Choice Scarf","level":77,"shiny":false},{"name":"Smeargle","moves":["destinybond","stickyweb","stealthrock","whirlwind"],"ability":"Technician","evs":{"hp":85,"atk":85,"def":85,"spa":85,"spd":85,"spe":85},"ivs":{"hp":31,"atk":31,"def":31,"spa":31,"spd":31,"spe":31},"item":"Leftovers","level":77,"shiny":false},{"name":"Palkia","moves":["thunderwave","dragontail","spacialrend","hydropump"],"ability":"Pressure","evs":{"hp":85,"atk":85,"def":85,"spa":85,"spd":85,"spe":85},"ivs":{"hp":31,"atk":31,"def":31,"spa":31,"spd":31,"spe":31},"item":"Lustrous Orb","level":73,"shiny":false},{"name":"Hoopa-Unbound","moves":["icepunch","trick","focusblast","psyshock"],"ability":"Magician","evs":{"hp":85,"atk":85,"def":85,"spa":85,"spd":85,"spe":85},"ivs":{"hp":31,"atk":31,"def":31,"spa":31,"spd":31,"spe":31},"item":"Choice Scarf","level":75,"shiny":false},{"name":"Chatot","moves":["chatter","substitute","boomburst","hiddenpowerground"],"ability":"Keen Eye","evs":{"hp":85,"atk":85,"def":85,"spa":85,"spd":85,"spe":85},"ivs":{"hp":31,"atk":31,"def":31,"spa":30,"spd":30,"spe":31},"item":"Leftovers","level":83,"shiny":false},{"name":"Abomasnow","moves":["blizzard","earthquake","hiddenpowerfire","woodhammer"],"ability":"Snow Warning","evs":{"hp":85,"atk":85,"def":85,"spa":85,"spd":85,"spe":85},"ivs":{"hp":31,"atk":30,"def":31,"spa":30,"spd":31,"spe":30},"item":"Abomasite","level":77,"shiny":false}],"p2team":[{"name":"Fearow","moves":["uturn","pursuit","doubleedge","drillrun"],"ability":"Keen Eye","evs":{"hp":81,"atk":89,"def":85,"spa":85,"spd":85,"spe":85},"ivs":{"hp":31,"atk":31,"def":31,"spa":31,"spd":31,"spe":31},"item":"Choice Scarf","level":83,"shiny":false},{"name":"Seaking","moves":["drillrun","waterfall","icebeam","megahorn"],"ability":"Lightning Rod","evs":{"hp":85,"atk":85,"def":85,"spa":85,"spd":85,"spe":85},"ivs":{"hp":31,"atk":31,"def":31,"spa":31,"spd":31,"spe":31},"item":"Expert Belt","level":83,"shiny":false},{"name":"Mandibuzz","moves":["roost","toxic","whirlwind","bravebird"],"ability":"Overcoat","evs":{"hp":81,"atk":89,"def":85,"spa":85,"spd":85,"spe":85},"ivs":{"hp":31,"atk":31,"def":31,"spa":31,"spd":31,"spe":31},"item":"Leftovers","level":77,"shiny":false},{"name":"Smeargle","moves":["spikes","spore","stickyweb","stealthrock"],"ability":"Technician","evs":{"hp":85,"atk":85,"def":85,"spa":85,"spd":85,"spe":85},"ivs":{"hp":31,"atk":31,"def":31,"spa":31,"spd":31,"spe":31},"item":"Leftovers","level":77,"shiny":false},{"name":"Latias","moves":["psyshock","surf","hiddenpowerfire","substitute"],"ability":"Levitate","evs":{"hp":85,"atk":85,"def":85,"spa":85,"spd":85,"spe":85},"ivs":{"hp":31,"atk":30,"def":31,"spa":30,"spd":31,"spe":30},"item":"Latiasite","level":75,"shiny":false},{"name":"Azumarill","moves":["bellydrum","superpower","playrough","knockoff"],"ability":"Huge Power","evs":{"hp":85,"atk":85,"def":85,"spa":85,"spd":85,"spe":85},"ivs":{"hp":31,"atk":31,"def":31,"spa":31,"spd":31,"spe":31},"item":"Sitrus Berry","level":75,"shiny":false}],"log":["|player|p1|Galaxy Emilice|99","|player|p2|jfarese23|163","|gametype|singles","|gen|6","|tier|Random Battle","|rated","|rule|Sleep Clause Mod: Limit one foe put to sleep","|rule|HP Percentage Mod: HP is shown in percentages","|","|start","|switch|p1a: Chandelure|Chandelure, L77, M|219/219","|switch|p2a: Fearow|Fearow, L83, F|243/243","|turn|1","|","|move|p2a: Fearow|Drill Run|p1a: Chandelure","|-supereffective|p1a: Chandelure","|-damage|p1a: Chandelure|101/219","|move|p1a: Chandelure|Trick|p2a: Fearow","|-activate|p1a: Chandelure|move: Trick|[of] p2a: Fearow","|-item|p2a: Fearow|Choice Scarf|[from] move: Trick","|-item|p1a: Chandelure|Choice Scarf|[from] move: Trick","|","|turn|2","|","|switch|p1a: Chatot|Chatot, L83, F|262/262","|move|p2a: Fearow|Drill Run|p1a: Chatot","|-immune|p1a: Chatot|[msg]","|","|turn|3","|","|switch|p2a: Mandibuzz|Mandibuzz, L77, F|295/295","|move|p1a: Chatot|Substitute|p1a: Chatot","|-start|p1a: Chatot|Substitute","|-damage|p1a: Chatot|197/262","|","|-heal|p1a: Chatot|213/262|[from] item: Leftovers","|turn|4","|","|move|p1a: Chatot|Boomburst|p2a: Mandibuzz","|-damage|p2a: Mandibuzz|148/295","|move|p2a: Mandibuzz|Whirlwind|p1a: Chatot","|drag|p1a: Smeargle|Smeargle, L77, M|211/211","|","|-heal|p2a: Mandibuzz|166/295|[from] item: Leftovers","|turn|5","|","|move|p2a: Mandibuzz|Toxic|p1a: Smeargle","|-status|p1a: Smeargle|tox","|move|p1a: Smeargle|Sticky Web|p2a: Mandibuzz","|-sidestart|p2: jfarese23|move: Sticky Web","|","|-heal|p2a: Mandibuzz|184/295|[from] item: Leftovers","|-damage|p1a: Smeargle|198/211 tox|[from] psn","|turn|6","|","|move|p2a: Mandibuzz|Brave Bird|p1a: Smeargle","|-damage|p1a: Smeargle|32/211 tox","|-damage|p2a: Mandibuzz|129/295|[from] recoil|[of] p1a: Smeargle","|move|p1a: Smeargle|Stealth Rock|p2a: Mandibuzz","|-sidestart|p2: jfarese23|move: Stealth Rock","|","|-heal|p2a: Mandibuzz|147/295|[from] item: Leftovers","|-heal|p1a: Smeargle|45/211 tox|[from] item: Leftovers","|-damage|p1a: Smeargle|19/211 tox|[from] psn","|turn|7","|","|switch|p2a: Smeargle|Smeargle, L77, F|211/211","|-activate|p2a: Smeargle|move: Sticky Web","|-unboost|p2a: Smeargle|spe|1","|-damage|p2a: Smeargle|185/211|[from] Stealth Rock","|move|p1a: Smeargle|Whirlwind|p2a: Smeargle","|drag|p2a: Fearow|Fearow, L83, F|243/243","|-damage|p2a: Fearow|183/243|[from] Stealth Rock","|","|-heal|p1a: Smeargle|32/211 tox|[from] item: Leftovers","|-damage|p1a: Smeargle|0 fnt|[from] psn","|faint|p1a: Smeargle","|","|switch|p1a: Palkia|Palkia, L73|252/252","|-ability|p1a: Palkia|Pressure","|turn|8","|","|move|p2a: Fearow|Double-Edge|p1a: Palkia","|-damage|p1a: Palkia|129/252","|-damage|p2a: Fearow|142/243|[from] recoil|[of] p1a: Palkia","|move|p1a: Palkia|Thunder Wave|p2a: Fearow","|-status|p2a: Fearow|par","|","|turn|9","|","|move|p1a: Palkia|Spacial Rend|p2a: Fearow|[miss]","|-miss|p1a: Palkia|p2a: Fearow","|move|p2a: Fearow|Double-Edge|p1a: Palkia","|-damage|p1a: Palkia|3/252","|-damage|p2a: Fearow|100/243 par|[from] recoil|[of] p1a: Palkia","|","|turn|10","|","|move|p1a: Palkia|Spacial Rend|p2a: Fearow","|-damage|p2a: Fearow|0 fnt","|faint|p2a: Fearow","|","|","|switch|p2a: Mandibuzz|Mandibuzz, L77, F|147/295","|-damage|p2a: Mandibuzz|74/295|[from] Stealth Rock","|turn|11","|","|move|p1a: Palkia|Thunder Wave|p2a: Mandibuzz","|-status|p2a: Mandibuzz|par","|move|p2a: Mandibuzz|Brave Bird|p1a: Palkia","|-damage|p1a: Palkia|0 fnt","|-damage|p2a: Mandibuzz|73/295 par|[from] recoil|[of] p1a: Palkia","|faint|p1a: Palkia","|","|-heal|p2a: Mandibuzz|91/295 par|[from] item: Leftovers","|","|switch|p1a: Chatot|Chatot, L83, F|213/262","|turn|12","|","|move|p1a: Chatot|Boomburst|p2a: Mandibuzz","|-damage|p2a: Mandibuzz|0 fnt","|faint|p2a: Mandibuzz","|","|-heal|p1a: Chatot|229/262|[from] item: Leftovers","|","|switch|p2a: Seaking|Seaking, L83, F|268/268","|-activate|p2a: Seaking|move: Sticky Web","|-unboost|p2a: Seaking|spe|1","|-damage|p2a: Seaking|235/268|[from] Stealth Rock","|turn|13","|","|move|p1a: Chatot|Boomburst|p2a: Seaking","|-damage|p2a: Seaking|84/268","|move|p2a: Seaking|Waterfall|p1a: Chatot","|-damage|p1a: Chatot|105/262","|","|-heal|p1a: Chatot|121/262|[from] item: Leftovers","|turn|14","|","|move|p1a: Chatot|Boomburst|p2a: Seaking","|-damage|p2a: Seaking|0 fnt","|faint|p2a: Seaking","|","|-heal|p1a: Chatot|137/262|[from] item: Leftovers","|","|switch|p2a: Latias|Latias, L75, F|244/244","|-damage|p2a: Latias|214/244|[from] Stealth Rock","|turn|15","|","|detailschange|p2a: Latias|Latias-Mega, L75, F","|-mega|p2a: Latias|Latias|Latiasite","|move|p2a: Latias|Psyshock|p1a: Chatot","|-damage|p1a: Chatot|0 fnt","|faint|p1a: Chatot","|","|","|switch|p1a: Abomasnow|Abomasnow, L77, F|265/265","|-weather|Hail","|turn|16","|","|detailschange|p1a: Abomasnow|Abomasnow-Mega, L77, F","|-mega|p1a: Abomasnow|Abomasnow|Abomasite","|move|p2a: Latias|Hidden Power|p1a: Abomasnow","|-supereffective|p1a: Abomasnow","|-damage|p1a: Abomasnow|93/265","|move|p1a: Abomasnow|Blizzard|p2a: Latias","|-supereffective|p2a: Latias","|-damage|p2a: Latias|34/244","|","|-weather|Hail|[upkeep]","|-damage|p2a: Latias|19/244|[from] hail","|turn|17","|","|move|p2a: Latias|Psyshock|p1a: Abomasnow","|-damage|p1a: Abomasnow|0 fnt","|faint|p1a: Abomasnow","|","|-weather|Hail|[upkeep]","|-damage|p2a: Latias|4/244|[from] hail","|","|switch|p1a: Chandelure|Chandelure, L77, M|101/219","|turn|18","|","|move|p1a: Chandelure|Energy Ball|p2a: Latias","|-resisted|p2a: Latias","|-damage|p2a: Latias|0 fnt","|faint|p2a: Latias","|","|-weather|Hail|[upkeep]","|-damage|p1a: Chandelure|88/219|[from] hail","|","|switch|p2a: Smeargle|Smeargle, L77, F|185/211","|-activate|p2a: Smeargle|move: Sticky Web","|-unboost|p2a: Smeargle|spe|1","|-damage|p2a: Smeargle|159/211|[from] Stealth Rock","|turn|19","|","|move|p1a: Chandelure|Energy Ball|p2a: Smeargle","|-damage|p2a: Smeargle|27/211","|move|p2a: Smeargle|Spore|p1a: Chandelure","|-status|p1a: Chandelure|slp","|","|-weather|Hail|[upkeep]","|-damage|p1a: Chandelure|75/219 slp|[from] hail","|-damage|p2a: Smeargle|14/211|[from] hail","|-heal|p2a: Smeargle|27/211|[from] item: Leftovers","|turn|20","|","|switch|p2a: Azumarill|Azumarill, L75, F|274/274","|-damage|p2a: Azumarill|240/274|[from] Stealth Rock","|-activate|p2a: Azumarill|move: Sticky Web","|-unboost|p2a: Azumarill|spe|1","|cant|p1a: Chandelure|slp","|","|-weather|none","|turn|21","|","|-curestatus|p1a: Chandelure|slp","|move|p1a: Chandelure|Energy Ball|p2a: Azumarill","|-crit|p2a: Azumarill","|-supereffective|p2a: Azumarill","|-damage|p2a: Azumarill|0 fnt","|faint|p2a: Azumarill","|","|","|switch|p2a: Smeargle|Smeargle, L77, F|27/211","|-damage|p2a: Smeargle|1/211|[from] Stealth Rock","|-activate|p2a: Smeargle|move: Sticky Web","|-unboost|p2a: Smeargle|spe|1","|turn|22","|","|move|p1a: Chandelure|Energy Ball|p2a: Smeargle","|-damage|p2a: Smeargle|0 fnt","|faint|p2a: Smeargle","|","|win|Galaxy Emilice"],"p1rating":{"entryid":"5976600","serverid":"eos","formatid":"randombattle","userid":"galaxyemilice","username":"Galaxy Emilice","w":39,"l":"55","t":"0","gxe":42.4,"r":1435.0850739915,"rd":46.532999514068,"sigma":"0","rptime":1439110800,"rpr":1441.7326435332,"rprd":46.190602490247,"rpsigma":"0","acre":1042.084225265,"lacre":1042.084225265,"oldacre":"1002.8314596144"},"p2rating":{"entryid":7518756,"formatid":"randombattle","userid":"jfarese23","username":"jfarese23","r":1500,"rd":130,"sigma":0,"rpr":1450.2804367155,"rprd":122.10333036678,"rpsigma":0,"rptime":1439110800,"w":0,"l":1,"t":0,"gxe":43.8,"acre":1000,"lacre":1000,"oldacre":1000},"endType":"normal"}