{"seed":[6087,28785,63602,57483],"turns":31,"p1":"Professor ♅ ☯ Nyx","p2":"Reborn Power","p1team":[{"name":"Quagsire","species":"Quagsire","item":"leftovers","ability":"Unaware","moves":["scald","earthpower","yawn","recover"],"nature":"Calm","evs":{"hp":252,"atk":0,"def":4,"spa":0,"spd":252,"spe":0},"ivs":{"hp":31,"atk":31,"def":31,"spa":31,"spd":31,"spe":31}},{"name":"Azumarill","species":"Azumarill","item":"sitrusberry","ability":"Sap Sipper","moves":["aquajet","icepunch","playrough","bellydrum"],"nature":"Adamant","evs":{"hp":252,"atk":252,"def":0,"spa":0,"spd":4,"spe":0},"ivs":{"hp":31,"atk":31,"def":31,"spa":31,"spd":31,"spe":31}},{"name":"Keldeo","species":"Keldeo","item":"leftovers","ability":"Justified","moves":["calmmind","substitute","scald","secretsword"],"nature":"Timid","evs":{"hp":0,"atk":0,"def":164,"spa":92,"spd":0,"spe":252},"ivs":{"hp":31,"atk":31,"def":31,"spa":31,"spd":31,"spe":31}},{"name":"Manaphy","species":"Manaphy","item":"keeberry","ability":"Hydration","moves":["raindance","rest","calmmind","scald"],"nature":"Serious","evs":{"hp":248,"atk":0,"def":180,"spa":0,"spd":80,"spe":0},"ivs":{"hp":31,"atk":31,"def":31,"spa":31,"spd":31,"spe":31}},{"name":"Empoleon","species":"Empoleon","item":"leftovers","ability":"Torrent","moves":["scald","stealthrock","flashcannon","defog"],"nature":"Bold","evs":{"hp":252,"atk":0,"def":68,"spa":112,"spd":76,"spe":0},"ivs":{"hp":31,"atk":31,"def":31,"spa":31,"spd":31,"spe":31}},{"name":"Gyarados","species":"Gyarados","item":"gyaradosite","ability":"Intimidate","moves":["dragondance","waterfall","earthquake","crunch"],"nature":"Adamant","evs":{"hp":0,"atk":252,"def":0,"spa":0,"spd":4,"spe":252},"ivs":{"hp":31,"atk":31,"def":31,"spa":31,"spd":31,"spe":31}}],"p2team":[{"name":"Smoke Weed","species":"conkeldurr","item":"assaultvest","ability":"Guts","moves":["knockoff","machpunch","poisonjab","drainpunch"],"nature":"Adamant","evs":{"hp":248,"atk":252,"def":0,"spa":0,"spd":8,"spe":0},"gender":"M","ivs":{"hp":31,"atk":31,"def":31,"spa":31,"spd":31,"spe":31}},{"name":"Snoop Doggy","species":"medicham","item":"medichamite","ability":"Pure Power","moves":["highjumpkick","fakeout","bulletpunch","firepunch"],"nature":"Jolly","evs":{"hp":0,"atk":252,"def":0,"spa":0,"spd":4,"spe":252},"gender":"M","ivs":{"hp":31,"atk":31,"def":31,"spa":31,"spd":31,"spe":31}},{"name":"Blaze it","species":"infernape","item":"lifeorb","ability":"Iron Fist","moves":["machpunch","swordsdance","closecombat","earthquake"],"nature":"Jolly","evs":{"hp":0,"atk":252,"def":0,"spa":0,"spd":4,"spe":252},"ivs":{"hp":31,"atk":31,"def":31,"spa":31,"spd":31,"spe":31}},{"name":"Rambo","species":"hawlucha","item":"sitrusberry","ability":"Unburden","moves":["acrobatics","swordsdance","highjumpkick","stoneedge"],"nature":"Adamant","evs":{"hp":4,"atk":252,"def":0,"spa":0,"spd":0,"spe":252},"gender":"M","ivs":{"hp":31,"atk":31,"def":31,"spa":31,"spd":31,"spe":31}},{"name":"WEEEEED","species":"chesnaught","item":"rockyhelmet","ability":"Bulletproof","moves":["spikyshield","toxic","leechseed","superfang"],"nature":"Bold","evs":{"hp":248,"atk":0,"def":252,"spa":0,"spd":8,"spe":0},"gender":"M","shiny":true,"ivs":{"hp":31,"atk":31,"def":31,"spa":31,"spd":31,"spe":31}},{"name":"Special One","species":"scrafty","item":"assaultvest","ability":"Moxie","moves":["knockoff","icepunch","highjumpkick","fakeout"],"nature":"Adamant","evs":{"hp":240,"atk":252,"def":8,"spa":0,"spd":8,"spe":0},"gender":"M","ivs":{"hp":31,"atk":31,"def":31,"spa":31,"spd":31,"spe":31}}],"log":["|player|p1|Professor ♅ ☯ Nyx|132","|player|p2|Reborn Power|200","|gametype|singles","|gen|6","|tier|Monotype","|rated","|rule|Baton Pass Clause: Limit one Baton Passer, can't pass Spe and other stats simultaneously","|rule|Swagger Clause: Swagger is banned","|rule|Same Type Clause: Pokémon in a team must share a type","|clearpoke","|poke|p1|Quagsire, F","|poke|p1|Azumarill, M","|poke|p1|Keldeo","|poke|p1|Manaphy","|poke|p1|Empoleon, F","|poke|p1|Gyarados, F","|poke|p2|Conkeldurr, M","|poke|p2|Medicham, M","|poke|p2|Infernape, M","|poke|p2|Hawlucha, M","|poke|p2|Chesnaught, M, shiny","|poke|p2|Scrafty, M","|rule|Sleep Clause Mod: Limit one foe put to sleep","|rule|Species Clause: Limit one of each Pokémon","|rule|OHKO Clause: OHKO moves are banned","|rule|Moody Clause: Moody is banned","|rule|Evasion Moves Clause: Evasion moves are banned","|rule|Endless Battle Clause: Forcing endless battles is banned","|rule|HP Percentage Mod: HP is shown in percentages","|teampreview","|","|start","|switch|p1a: Quagsire|Quagsire, F|394/394","|switch|p2a: Rambo|Hawlucha, M|298/298","|turn|1","|","|move|p2a: Rambo|Acrobatics|p1a: Quagsire","|-damage|p1a: Quagsire|300/394","|move|p1a: Quagsire|Yawn|p2a: Rambo","|-start|p2a: Rambo|move: Yawn|[of] p1a: Quagsire","|","|-heal|p1a: Quagsire|324/394|[from] item: Leftovers","|turn|2","|","|move|p2a: Rambo|Swords Dance|p2a: Rambo","|-boost|p2a: Rambo|atk|2","|move|p1a: Quagsire|Scald|p2a: Rambo","|-damage|p2a: Rambo|201/298","|-status|p2a: Rambo|brn","|","|-end|p2a: Rambo|move: Yawn|[silent]","|-heal|p1a: Quagsire|348/394|[from] item: Leftovers","|-damage|p2a: Rambo|164/298 brn|[from] brn","|turn|3","|","|move|p2a: Rambo|High Jump Kick|p1a: Quagsire","|-damage|p1a: Quagsire|243/394","|move|p1a: Quagsire|Recover|p1a: Quagsire","|-heal|p1a: Quagsire|394/394","|","|-damage|p2a: Rambo|127/298 brn|[from] brn","|-enditem|p2a: Rambo|Sitrus Berry|[eat]","|-heal|p2a: Rambo|201/298 brn|[from] item: Sitrus Berry","|turn|4","|","|move|p2a: Rambo|Acrobatics|p1a: Quagsire","|-damage|p1a: Quagsire|302/394","|move|p1a: Quagsire|Scald|p2a: Rambo","|-damage|p2a: Rambo|113/298 brn","|","|-heal|p1a: Quagsire|326/394|[from] item: Leftovers","|-damage|p2a: Rambo|76/298 brn|[from] brn","|turn|5","|","|switch|p2a: WEEEEED|Chesnaught, M, shiny|379/379","|move|p1a: Quagsire|Scald|p2a: WEEEEED","|-resisted|p2a: WEEEEED","|-damage|p2a: WEEEEED|337/379","|","|-heal|p1a: Quagsire|350/394|[from] item: Leftovers","|turn|6","|","|switch|p1a: Azumarill|Azumarill, M|404/404","|move|p2a: WEEEEED|Leech Seed|p1a: Azumarill","|-boost|p1a: Azumarill|atk|1|[from] ability: Sap Sipper","|","|turn|7","|","|move|p2a: WEEEEED|Toxic|p1a: Azumarill","|-status|p1a: Azumarill|tox","|move|p1a: Azumarill|Ice Punch|p2a: WEEEEED","|-supereffective|p2a: WEEEEED","|-damage|p2a: WEEEEED|231/379","|-damage|p1a: Azumarill|337/404 tox|[from] item: Rocky Helmet|[of] p2a: WEEEEED","|","|-damage|p1a: Azumarill|312/404 tox|[from] psn","|turn|8","|","|move|p2a: WEEEEED|Spiky Shield|p2a: WEEEEED","|-singleturn|p2a: WEEEEED|move: Protect","|move|p1a: Azumarill|Play Rough|p2a: WEEEEED","|-activate|p2a: WEEEEED|Protect","|-damage|p1a: Azumarill|262/404 tox|[from] Spiky Shield|[of] p2a: WEEEEED","|","|-damage|p1a: Azumarill|212/404 tox|[from] psn","|turn|9","|","|move|p2a: WEEEEED|Super Fang|p1a: Azumarill|[miss]","|-miss|p2a: WEEEEED|p1a: Azumarill","|move|p1a: Azumarill|Play Rough|p2a: WEEEEED","|-supereffective|p2a: WEEEEED","|-damage|p2a: WEEEEED|61/379","|-damage|p1a: Azumarill|145/404 tox|[from] item: Rocky Helmet|[of] p2a: WEEEEED","|-enditem|p1a: Azumarill|Sitrus Berry|[eat]","|-heal|p1a: Azumarill|246/404 tox|[from] item: Sitrus Berry","|","|-damage|p1a: Azumarill|171/404 tox|[from] psn","|turn|10","|","|switch|p1a: Keldeo|Keldeo|323/323","|move|p2a: WEEEEED|Spiky Shield|p2a: WEEEEED","|-fail|p2a: WEEEEED","|","|turn|11","|","|move|p1a: Keldeo|Secret Sword|p2a: WEEEEED","|-damage|p2a: WEEEEED|0 fnt","|faint|p2a: WEEEEED","|","|","|switch|p2a: Smoke Weed|Conkeldurr, M|413/413","|turn|12","|","|move|p1a: Keldeo|Scald|p2a: Smoke Weed","|-crit|p2a: Smoke Weed","|-damage|p2a: Smoke Weed|230/413","|move|p2a: Smoke Weed|Knock Off|p1a: Keldeo","|-resisted|p1a: Keldeo","|-damage|p1a: Keldeo|257/323","|-boost|p1a: Keldeo|atk|1|[from] ability: Justified","|-enditem|p1a: Keldeo|Leftovers|[from] move: Knock Off|[of] p2a: Smoke Weed","|","|turn|13","|","|move|p1a: Keldeo|Calm Mind|p1a: Keldeo","|-boost|p1a: Keldeo|spa|1","|-boost|p1a: Keldeo|spd|1","|move|p2a: Smoke Weed|Drain Punch|p1a: Keldeo","|-damage|p1a: Keldeo|122/323","|-heal|p2a: Smoke Weed|298/413|[from] drain|[of] p1a: Keldeo","|","|turn|14","|","|move|p1a: Keldeo|Scald|p2a: Smoke Weed","|-damage|p2a: Smoke Weed|132/413","|move|p2a: Smoke Weed|Drain Punch|p1a: Keldeo","|-damage|p1a: Keldeo|0 fnt","|-heal|p2a: Smoke Weed|193/413|[from] drain|[of] p1a: Keldeo","|faint|p1a: Keldeo","|","|","|switch|p1a: Gyarados|Gyarados, F|331/331","|-ability|p1a: Gyarados|Intimidate","|-unboost|p2a: Smoke Weed|atk|1","|turn|15","|","|move|p2a: Smoke Weed|Mach Punch|p1a: Gyarados","|-resisted|p1a: Gyarados","|-damage|p1a: Gyarados|298/331","|move|p1a: Gyarados|Dragon Dance|p1a: Gyarados","|-boost|p1a: Gyarados|atk|1","|-boost|p1a: Gyarados|spe|1","|","|turn|16","|","|move|p1a: Gyarados|Dragon Dance|p1a: Gyarados","|-boost|p1a: Gyarados|atk|1","|-boost|p1a: Gyarados|spe|1","|move|p2a: Smoke Weed|Drain Punch|p1a: Gyarados","|-resisted|p1a: Gyarados","|-damage|p1a: Gyarados|235/331","|-heal|p2a: Smoke Weed|225/413|[from] drain|[of] p1a: Gyarados","|","|turn|17","|","|move|p1a: Gyarados|Waterfall|p2a: Smoke Weed","|-damage|p2a: Smoke Weed|0 fnt","|faint|p2a: Smoke Weed","|","|","|switch|p2a: Snoop Doggy|Medicham, M|261/261","|turn|18","|","|detailschange|p1a: Gyarados|Gyarados-Mega, F","|-mega|p1a: Gyarados|Gyarados|Gyaradosite","|-ability|p1a: Gyarados|Mold Breaker","|detailschange|p2a: Snoop Doggy|Medicham-Mega, M","|-mega|p2a: Snoop Doggy|Medicham|Medichamite","|move|p2a: Snoop Doggy|Fake Out|p1a: Gyarados","|-damage|p1a: Gyarados|158/331","|cant|p1a: Gyarados|flinch","|","|turn|19","|","|move|p2a: Snoop Doggy|Bullet Punch|p1a: Gyarados","|-resisted|p1a: Gyarados","|-damage|p1a: Gyarados|118/331","|move|p1a: Gyarados|Waterfall|p2a: Snoop Doggy","|-damage|p2a: Snoop Doggy|0 fnt","|faint|p2a: Snoop Doggy","|","|","|switch|p2a: Blaze it|Infernape, M|293/293","|turn|20","|","|move|p2a: Blaze it|Mach Punch|p1a: Gyarados","|-supereffective|p1a: Gyarados","|-damage|p1a: Gyarados|0 fnt","|-damage|p2a: Blaze it|264/293|[from] item: Life Orb","|faint|p1a: Gyarados","|","|","|switch|p1a: Quagsire|Quagsire, F|350/394","|turn|21","|","|move|p2a: Blaze it|Close Combat|p1a: Quagsire","|-crit|p1a: Quagsire","|-damage|p1a: Quagsire|0 fnt","|-unboost|p2a: Blaze it|def|1","|-unboost|p2a: Blaze it|spd|1","|-damage|p2a: Blaze it|235/293|[from] item: Life Orb","|faint|p1a: Quagsire","|","|","|switch|p1a: Manaphy|Manaphy|403/403","|turn|22","|","|move|p2a: Blaze it|Close Combat|p1a: Manaphy","|-damage|p1a: Manaphy|196/403","|-unboost|p2a: Blaze it|def|1","|-unboost|p2a: Blaze it|spd|1","|-enditem|p1a: Manaphy|Kee Berry|[eat]","|-boost|p1a: Manaphy|def|1|[from] item: Kee Berry","|-damage|p2a: Blaze it|206/293|[from] item: Life Orb","|move|p1a: Manaphy|Calm Mind|p1a: Manaphy","|-boost|p1a: Manaphy|spa|1","|-boost|p1a: Manaphy|spd|1","|","|turn|23","|","|move|p2a: Blaze it|Close Combat|p1a: Manaphy","|-damage|p1a: Manaphy|62/403","|-unboost|p2a: Blaze it|def|1","|-unboost|p2a: Blaze it|spd|1","|-damage|p2a: Blaze it|177/293|[from] item: Life Orb","|move|p1a: Manaphy|Scald|p2a: Blaze it","|-supereffective|p2a: Blaze it","|-damage|p2a: Blaze it|0 fnt","|faint|p2a: Blaze it","|","|","|switch|p2a: Special One|Scrafty, M|331/331","|turn|24","|","|move|p2a: Special One|Fake Out|p1a: Manaphy","|-damage|p1a: Manaphy|38/403","|cant|p1a: Manaphy|flinch","|","|turn|25","|","|move|p1a: Manaphy|Rest|p1a: Manaphy","|-status|p1a: Manaphy|slp","|-heal|p1a: Manaphy|403/403 slp|[silent]","|-status|p1a: Manaphy|slp|[from] move: Rest","|move|p2a: Special One|Knock Off|p1a: Manaphy","|-damage|p1a: Manaphy|351/403 slp","|","|turn|26","|","|cant|p1a: Manaphy|slp","|move|p2a: Special One|High Jump Kick|p1a: Manaphy|[miss]","|-miss|p2a: Special One|p1a: Manaphy","|-damage|p2a: Special One|166/331|[from] highjumpkick","|","|turn|27","|","|cant|p1a: Manaphy|slp","|move|p2a: Special One|High Jump Kick|p1a: Manaphy|[miss]","|-miss|p2a: Special One|p1a: Manaphy","|-damage|p2a: Special One|1/331|[from] highjumpkick","|","|turn|28","|","|-curestatus|p1a: Manaphy|slp","|move|p1a: Manaphy|Rain Dance|p1a: Manaphy","|-weather|RainDance","|move|p2a: Special One|High Jump Kick|p1a: Manaphy","|-damage|p1a: Manaphy|233/403","|","|-weather|RainDance|[upkeep]","|turn|29","|","|move|p1a: Manaphy|Rest|p1a: Manaphy","|-status|p1a: Manaphy|slp","|-heal|p1a: Manaphy|403/403 slp|[silent]","|-status|p1a: Manaphy|slp|[from] move: Rest","|move|p2a: Special One|High Jump Kick|p1a: Manaphy","|-damage|p1a: Manaphy|295/403 slp","|","|-weather|RainDance|[upkeep]","|-curestatus|p1a: Manaphy|slp","|turn|30","|","|move|p1a: Manaphy|Scald|p2a: Special One","|-damage|p2a: Special One|0 fnt","|faint|p2a: Special One","|","|-weather|RainDance|[upkeep]","|","|switch|p2a: Rambo|Hawlucha, M|76/298 brn","|turn|31","|","|move|p2a: Rambo|Acrobatics|p1a: Manaphy","|-damage|p1a: Manaphy|250/403","|move|p1a: Manaphy|Scald|p2a: Rambo","|-damage|p2a: Rambo|0 fnt","|faint|p2a: Rambo","|","|win|Professor ♅ ☯ Nyx"],"p1rating":{"entryid":"386288","serverid":"eos","formatid":"monotype","userid":"professornyx","username":"Professor ♅ ☯ Nyx","w":5,"l":"6","t":"0","gxe":49.1,"r":"1500","rd":"130","sigma":"0","rptime":"1440406800","rpr":1492.9625891785,"rprd":84.044183861692,"rpsigma":"0","acre":1078.2250857925,"lacre":1078.2250857925,"oldacre":"1033.1675145912"},"p2rating":{"entryid":"353956","serverid":"eos","formatid":"monotype","userid":"rebornpower","username":"Reborn Power","w":"15","l":15,"t":"0","gxe":51.5,"r":"1541.9971974002","rd":"92.120837608352","sigma":"0","rptime":"1440406800","rpr":1511.6260492239,"rprd":60.222020518809,"rpsigma":"0","acre":1103.3918843194,"lacre":1103.3918843194,"oldacre":"1135.5530083898"},"endType":"normal"}