{"seed":[51122,12658,37344,29609],"turns":31,"p1":"LightOfAKnowing","p2":"alliance - ed wins","p1team":[{"name":"Sharpedo","species":"Sharpedo","item":"sharpedonite","ability":"Speed Boost","moves":["protect","substitute","crunch","waterfall"],"nature":"Adamant","evs":{"hp":0,"atk":252,"def":0,"spa":0,"spd":4,"spe":252},"ivs":{"hp":31,"atk":31,"def":31,"spa":31,"spd":31,"spe":31}},{"name":"Starmie","species":"Starmie","item":"lightclay","ability":"Natural Cure","moves":["rapidspin","scald","lightscreen","reflect"],"nature":"Timid","evs":{"hp":252,"atk":0,"def":0,"spa":4,"spd":0,"spe":252},"ivs":{"hp":31,"atk":31,"def":31,"spa":31,"spd":31,"spe":31}},{"name":"Azumarill","species":"Azumarill","item":"sitrusberry","ability":"Huge Power","moves":["bellydrum","aquajet","playrough","bodyslam"],"nature":"Adamant","evs":{"hp":252,"atk":252,"def":0,"spa":0,"spd":4,"spe":0},"ivs":{"hp":31,"atk":31,"def":31,"spa":31,"spd":31,"spe":31}},{"name":"Poliwrath","species":"Poliwrath","item":"leftovers","ability":"Water Absorb","moves":["substitute","focuspunch","poisonjab","waterfall"],"nature":"Adamant","evs":{"hp":252,"atk":252,"def":0,"spa":0,"spd":4,"spe":0},"ivs":{"hp":31,"atk":31,"def":31,"spa":31,"spd":31,"spe":31}},{"name":"Milotic","species":"Milotic","item":"leftovers","ability":"Competitive","moves":["mirrorcoat","scald","recover","magiccoat"],"nature":"Bold","evs":{"hp":248,"atk":0,"def":252,"spa":0,"spd":8,"spe":0},"ivs":{"hp":31,"atk":31,"def":31,"spa":31,"spd":31,"spe":31}},{"name":"Clawitzer","species":"Clawitzer","item":"choicescarf","ability":"Mega Launcher","moves":["waterpulse","aurasphere","darkpulse","dragonpulse"],"nature":"Timid","evs":{"hp":0,"atk":0,"def":0,"spa":252,"spd":4,"spe":252},"ivs":{"hp":31,"atk":31,"def":31,"spa":31,"spd":31,"spe":31}}],"p2team":[{"name":"Diancie","species":"Diancie","item":"leftovers","ability":"Clear Body","moves":["stealthrock","trickroom","diamondstorm","explosion"],"nature":"Brave","evs":{"hp":248,"atk":252,"def":8,"spa":0,"spd":0,"spe":0},"ivs":{"hp":31,"atk":31,"def":31,"spa":31,"spd":31,"spe":0}},{"name":"Sylveon","species":"Sylveon","item":"choicespecs","ability":"Pixilate","moves":["hypervoice","hiddenpowerfire","psyshock","shadowball"],"nature":"Quiet","evs":{"hp":248,"atk":0,"def":8,"spa":252,"spd":0,"spe":0},"gender":"M","ivs":{"hp":31,"atk":0,"def":31,"spa":30,"spd":31,"spe":0}},{"name":"Azumarill","species":"Azumarill","item":"lifeorb","ability":"Huge Power","moves":["playrough","waterfall","superpower","aquajet"],"nature":"Brave","evs":{"hp":248,"atk":252,"def":0,"spa":0,"spd":8,"spe":0},"gender":"M","ivs":{"hp":31,"atk":31,"def":31,"spa":31,"spd":31,"spe":0}},{"name":"Gardevoir","species":"Gardevoir","item":"gardevoirite","ability":"Trace","moves":["hypervoice","focusblast","trickroom","healingwish"],"nature":"Quiet","evs":{"hp":248,"atk":0,"def":8,"spa":252,"spd":0,"spe":0},"gender":"M","ivs":{"hp":31,"atk":0,"def":31,"spa":31,"spd":31,"spe":0},"shiny":true},{"name":"Klefki","species":"Klefki","item":"lightclay","ability":"Prankster","moves":["reflect","lightscreen","foulplay","spikes"],"nature":"Bold","evs":{"hp":248,"atk":0,"def":252,"spa":0,"spd":8,"spe":0},"ivs":{"hp":31,"atk":0,"def":31,"spa":31,"spd":31,"spe":31}},{"name":"Togekiss","species":"Togekiss","item":"choicescarf","ability":"Serene Grace","moves":["airslash","fireblast","dazzlinggleam","trick"],"nature":"Timid","evs":{"hp":0,"atk":0,"def":0,"spa":252,"spd":4,"spe":252},"ivs":{"hp":31,"atk":0,"def":31,"spa":31,"spd":31,"spe":31}}],"log":["|player|p1|LightOfAKnowing|lightofaknowing.png","|player|p2|alliance - ed wins|allianceedwins.png","|gametype|singles","|gen|6","|tier|Monotype","|rated","|rule|Baton Pass Clause: Limit one Baton Passer, can't pass Spe and other stats simultaneously","|rule|Swagger Clause: Swagger is banned","|rule|Same Type Clause: Pokémon in a team must share a type","|clearpoke","|poke|p1|Sharpedo, F","|poke|p1|Starmie","|poke|p1|Azumarill, M","|poke|p1|Poliwrath, F","|poke|p1|Milotic, F","|poke|p1|Clawitzer, M","|poke|p2|Diancie","|poke|p2|Sylveon, M","|poke|p2|Azumarill, M","|poke|p2|Gardevoir, M, shiny","|poke|p2|Klefki, F","|poke|p2|Togekiss, M","|rule|Sleep Clause Mod: Limit one foe put to sleep","|rule|Species Clause: Limit one of each Pokémon","|rule|OHKO Clause: OHKO moves are banned","|rule|Moody Clause: Moody is banned","|rule|Evasion Moves Clause: Evasion moves are banned","|rule|Endless Battle Clause: Forcing endless battles is banned","|rule|HP Percentage Mod: HP is shown in percentages","|teampreview","|","|start","|switch|p1a: Starmie|Starmie|324/324","|switch|p2a: Togekiss|Togekiss, M|311/311","|turn|1","|","|move|p2a: Togekiss|Air Slash|p1a: Starmie","|-damage|p1a: Starmie|170/324","|cant|p1a: Starmie|flinch","|","|turn|2","|","|move|p2a: Togekiss|Air Slash|p1a: Starmie","|-damage|p1a: Starmie|37/324","|move|p1a: Starmie|Light Screen|p1a: Starmie","|-sidestart|p1: LightOfAKnowing|move: Light Screen","|","|turn|3","|","|move|p2a: Togekiss|Air Slash|p1a: Starmie","|-damage|p1a: Starmie|0 fnt","|faint|p1a: Starmie","|","|","|switch|p1a: Sharpedo|Sharpedo, F|281/281","|turn|4","|","|switch|p2a: Klefki|Klefki, F|317/317","|move|p1a: Sharpedo|Protect|p1a: Sharpedo","|-fail|p1a: Sharpedo","|","|-boost|p1a: Sharpedo|spe|1|[from] ability: Speed Boost","|turn|5","|","|move|p1a: Sharpedo|Protect|p1a: Sharpedo","|-singleturn|p1a: Sharpedo|Protect","|move|p2a: Klefki|Reflect|p2a: Klefki","|-sidestart|p2: alliance - ed wins|Reflect","|","|-boost|p1a: Sharpedo|spe|1|[from] ability: Speed Boost","|turn|6","|","|switch|p2a: Azumarill|Azumarill, M|403/403","|move|p1a: Sharpedo|Substitute|p1a: Sharpedo","|-start|p1a: Sharpedo|Substitute","|-damage|p1a: Sharpedo|211/281","|","|-boost|p1a: Sharpedo|spe|1|[from] ability: Speed Boost","|turn|7","|","|detailschange|p1a: Sharpedo|Sharpedo-Mega, F","|-mega|p1a: Sharpedo|Sharpedo|Sharpedonite","|move|p1a: Sharpedo|Waterfall|p2a: Azumarill","|-resisted|p2a: Azumarill","|-damage|p2a: Azumarill|358/403","|move|p2a: Azumarill|Play Rough|p1a: Sharpedo","|-supereffective|p1a: Sharpedo","|-end|p1a: Sharpedo|Substitute","|-damage|p2a: Azumarill|318/403|[from] item: Life Orb","|","|turn|8","|","|move|p1a: Sharpedo|Crunch|p2a: Azumarill","|-resisted|p2a: Azumarill","|-damage|p2a: Azumarill|249/403","|move|p2a: Azumarill|Play Rough|p1a: Sharpedo|[miss]","|-miss|p2a: Azumarill|p1a: Sharpedo","|","|turn|9","|","|move|p1a: Sharpedo|Crunch|p2a: Azumarill","|-resisted|p2a: Azumarill","|-damage|p2a: Azumarill|173/403","|move|p2a: Azumarill|Play Rough|p1a: Sharpedo|[miss]","|-miss|p2a: Azumarill|p1a: Sharpedo","|","|-sideend|p1: LightOfAKnowing|move: Light Screen","|turn|10","|","|switch|p2a: Diancie|Diancie|303/303","|move|p1a: Sharpedo|Substitute|p1a: Sharpedo","|-start|p1a: Sharpedo|Substitute","|-damage|p1a: Sharpedo|141/281","|","|turn|11","|","|move|p1a: Sharpedo|Waterfall|p2a: Diancie","|-supereffective|p2a: Diancie","|-damage|p2a: Diancie|180/303","|move|p2a: Diancie|Trick Room|p2a: Diancie","|-fieldstart|move: Trick Room|[of] p2a: Diancie","|","|-heal|p2a: Diancie|198/303|[from] item: Leftovers","|turn|12","|","|move|p2a: Diancie|Stealth Rock|p1a: Sharpedo","|-sidestart|p1: LightOfAKnowing|move: Stealth Rock","|move|p1a: Sharpedo|Waterfall|p2a: Diancie","|-supereffective|p2a: Diancie","|-damage|p2a: Diancie|80/303","|","|-heal|p2a: Diancie|98/303|[from] item: Leftovers","|-sideend|p2: alliance - ed wins|Reflect","|turn|13","|","|move|p2a: Diancie|Diamond Storm|p1a: Sharpedo","|-end|p1a: Sharpedo|Substitute","|move|p1a: Sharpedo|Waterfall|p2a: Diancie","|-supereffective|p2a: Diancie","|-damage|p2a: Diancie|0 fnt","|faint|p2a: Diancie","|","|","|switch|p2a: Sylveon|Sylveon, M|393/393","|turn|14","|","|move|p1a: Sharpedo|Protect|p1a: Sharpedo","|-singleturn|p1a: Sharpedo|Protect","|move|p2a: Sylveon|Hyper Voice|p1a: Sharpedo","|-activate|p1a: Sharpedo|Protect","|","|turn|15","|","|move|p1a: Sharpedo|Protect|p1a: Sharpedo","|-fail|p1a: Sharpedo","|move|p2a: Sylveon|Hyper Voice|p1a: Sharpedo","|-supereffective|p1a: Sharpedo","|-damage|p1a: Sharpedo|0 fnt","|faint|p1a: Sharpedo","|","|-fieldend|move: Trick Room","|","|switch|p1a: Milotic|Milotic, F|393/393","|-damage|p1a: Milotic|344/393|[from] Stealth Rock","|turn|16","|","|switch|p2a: Togekiss|Togekiss, M|311/311","|move|p1a: Milotic|Mirror Coat|p2a: Togekiss","|-fail|p2a: Togekiss","|","|-heal|p1a: Milotic|368/393|[from] item: Leftovers","|turn|17","|","|move|p1a: Milotic|Magic Coat|p1a: Milotic","|-singleturn|p1a: Milotic|move: Magic Coat","|move|p2a: Togekiss|Trick|p1a: Milotic","|-activate|p2a: Togekiss|move: Trick|[of] p1a: Milotic","|-item|p1a: Milotic|Choice Scarf|[from] move: Trick","|-item|p2a: Togekiss|Leftovers|[from] move: Trick","|","|turn|18","|","|switch|p2a: Gardevoir|Gardevoir, M, shiny|339/339","|-ability|p2a: Gardevoir|Competitive|[from] ability: Trace|[of] p1a: Milotic","|move|p1a: Milotic|Mirror Coat|p2a: Gardevoir","|-fail|p2a: Gardevoir","|","|turn|19","|","|move|p1a: Milotic|Mirror Coat|p2a: Gardevoir","|-fail|p2a: Gardevoir","|move|p2a: Gardevoir|Trick Room|p2a: Gardevoir","|-fieldstart|move: Trick Room|[of] p2a: Gardevoir","|","|turn|20","|","|switch|p2a: Azumarill|Azumarill, M|173/403","|move|p1a: Milotic|Mirror Coat|p2a: Azumarill","|-fail|p2a: Azumarill","|","|turn|21","|","|switch|p1a: Poliwrath|Poliwrath, F|384/384","|-damage|p1a: Poliwrath|360/384|[from] Stealth Rock","|move|p2a: Azumarill|Play Rough|p1a: Poliwrath","|-supereffective|p1a: Poliwrath","|-damage|p1a: Poliwrath|0 fnt","|-damage|p2a: Azumarill|133/403|[from] item: Life Orb","|faint|p1a: Poliwrath","|","|","|switch|p1a: Milotic|Milotic, F|368/393","|-damage|p1a: Milotic|319/393|[from] Stealth Rock","|turn|22","|","|switch|p2a: Klefki|Klefki, F|317/317","|move|p1a: Milotic|Scald|p2a: Klefki","|-damage|p2a: Klefki|215/317","|","|turn|23","|","|switch|p2a: Togekiss|Togekiss, M|311/311","|move|p1a: Milotic|Scald|p2a: Togekiss","|-damage|p2a: Togekiss|221/311","|","|-heal|p2a: Togekiss|240/311|[from] item: Leftovers","|-fieldend|move: Trick Room","|turn|24","|","|move|p1a: Milotic|Scald|p2a: Togekiss","|-damage|p2a: Togekiss|152/311","|move|p2a: Togekiss|Air Slash|p1a: Milotic","|-damage|p1a: Milotic|217/393","|","|-heal|p2a: Togekiss|171/311|[from] item: Leftovers","|turn|25","|","|switch|p2a: Klefki|Klefki, F|215/317","|move|p1a: Milotic|Scald|p2a: Klefki","|-damage|p2a: Klefki|101/317","|-status|p2a: Klefki|brn","|","|-damage|p2a: Klefki|62/317 brn|[from] brn","|turn|26","|","|move|p2a: Klefki|Reflect|p2a: Klefki","|-sidestart|p2: alliance - ed wins|Reflect","|move|p1a: Milotic|Scald|p2a: Klefki","|-damage|p2a: Klefki|0 fnt","|faint|p2a: Klefki","|","|","|switch|p2a: Gardevoir|Gardevoir, M, shiny|339/339","|-ability|p2a: Gardevoir|Competitive|[from] ability: Trace|[of] p1a: Milotic","|turn|27","|","|move|p1a: Milotic|Scald|p2a: Gardevoir","|-damage|p2a: Gardevoir|260/339","|move|p2a: Gardevoir|Trick Room|p2a: Gardevoir","|-fieldstart|move: Trick Room|[of] p2a: Gardevoir","|","|turn|28","|","|detailschange|p2a: Gardevoir|Gardevoir-Mega, M, shiny","|-mega|p2a: Gardevoir|Gardevoir|Gardevoirite","|move|p2a: Gardevoir|Hyper Voice|p1a: Milotic","|-damage|p1a: Milotic|1/393","|move|p1a: Milotic|Scald|p2a: Gardevoir","|-damage|p2a: Gardevoir|187/339","|-status|p2a: Gardevoir|brn","|","|-damage|p2a: Gardevoir|145/339 brn|[from] brn","|turn|29","|","|move|p2a: Gardevoir|Hyper Voice|p1a: Milotic","|-damage|p1a: Milotic|0 fnt","|faint|p1a: Milotic","|","|-damage|p2a: Gardevoir|103/339 brn|[from] brn","|","|switch|p1a: Azumarill|Azumarill, M|404/404","|-damage|p1a: Azumarill|354/404|[from] Stealth Rock","|turn|30","|","|move|p1a: Azumarill|Body Slam|p2a: Gardevoir","|-damage|p2a: Gardevoir|15/339 brn","|move|p2a: Gardevoir|Hyper Voice|p1a: Azumarill","|-crit|p1a: Azumarill","|-damage|p1a: Azumarill|0 fnt","|faint|p1a: Azumarill","|","|-damage|p2a: Gardevoir|0 fnt|[from] brn","|faint|p2a: Gardevoir","|","|switch|p1a: Clawitzer|Clawitzer, M|283/283","|switch|p2a: Sylveon|Sylveon, M|393/393","|-damage|p1a: Clawitzer|248/283|[from] Stealth Rock","|turn|31","|","|move|p2a: Sylveon|Hyper Voice|p1a: Clawitzer","|-damage|p1a: Clawitzer|0 fnt","|faint|p1a: Clawitzer","|","|win|alliance - ed wins"],"p1rating":{"entryid":"386","serverid":"eos","formatid":"monotype","userid":"lightofaknowing","username":"LightOfAKnowing","w":"32","l":42,"t":"0","gxe":45.9,"r":"1416.9477002435","rd":"51.599175927199","sigma":"0","rptime":"1440406800","rpr":1468.7177165907,"rprd":42.537282339152,"rpsigma":"0","acre":1153.0513268174,"lacre":1153.0513268174,"oldacre":"1177.7945464837"},"p2rating":{"entryid":"173044","serverid":"eos","formatid":"monotype","userid":"allianceedwins","username":"alliance - ed wins","w":7,"l":"1","t":"0","gxe":68.7,"r":"1557.0610615","rd":"123.89526123233","sigma":"0","rptime":"1440406800","rpr":1652.6996179765,"rprd":92.933886088186,"rpsigma":"0","acre":1206.1064766748,"lacre":1206.1064766748,"oldacre":"1181.3632570085"},"endType":"normal"}