{"seed":[10465,59675,56224,55454],"turns":32,"p1":"tboltrider","p2":"Guard Wanderer","p1team":[{"name":"Skarmory","species":"Skarmory","item":"rockyhelmet","ability":"Sturdy","moves":["roost","swordsdance","stealthrock","ironhead"],"nature":"Jolly","evs":{"hp":0,"atk":128,"def":0,"spa":0,"spd":248,"spe":132},"gender":"M","ivs":{"hp":31,"atk":31,"def":31,"spa":31,"spd":31,"spe":31}},{"name":"Togekiss","species":"Togekiss","item":"leftovers","ability":"Serene Grace","moves":["aurasphere","airslash","softboiled","thunderwave"],"nature":"Modest","evs":{"hp":0,"atk":0,"def":148,"spa":108,"spd":0,"spe":252},"gender":"F","ivs":{"hp":31,"atk":31,"def":31,"spa":31,"spd":31,"spe":31}},{"name":"Mandibuzz","species":"Mandibuzz","item":"leftovers","ability":"Overcoat","moves":["roost","defog","foulplay","taunt"],"nature":"Adamant","evs":{"hp":0,"atk":232,"def":0,"spa":0,"spd":156,"spe":120},"ivs":{"hp":31,"atk":31,"def":31,"spa":31,"spd":31,"spe":31}},{"name":"Gliscor","species":"Gliscor","item":"toxicorb","ability":"Poison Heal","moves":["earthquake","swordsdance","roost","facade"],"nature":"Careful","evs":{"hp":244,"atk":0,"def":8,"spa":0,"spd":200,"spe":56},"gender":"M","ivs":{"hp":31,"atk":31,"def":31,"spa":31,"spd":31,"spe":31}},{"name":"Pidgeot","species":"Pidgeot","item":"pidgeotite","ability":"Big Pecks","moves":["heatwave","uturn","roost","hurricane"],"nature":"Timid","evs":{"hp":0,"atk":0,"def":4,"spa":252,"spd":0,"spe":252},"gender":"F","ivs":{"hp":31,"atk":31,"def":31,"spa":31,"spd":31,"spe":31}},{"name":"Dragonite","species":"Dragonite","item":"choiceband","ability":"Multiscale","moves":["extremespeed","dragonclaw","earthquake","firepunch"],"nature":"Jolly","evs":{"hp":0,"atk":252,"def":4,"spa":0,"spd":0,"spe":252},"gender":"M","ivs":{"hp":31,"atk":31,"def":31,"spa":31,"spd":31,"spe":31}}],"p2team":[{"name":"Toxitoad","species":"toxicroak","item":"blacksludge","ability":"Dry Skin","moves":["bulkup","drainpunch","gunkshot","suckerpunch"],"nature":"Adamant","evs":{"hp":252,"atk":252,"def":0,"spa":0,"spd":4,"spe":0},"ivs":{"hp":31,"atk":31,"def":31,"spa":31,"spd":31,"spe":31}},{"name":"Tentarude","species":"tentacruel","item":"assaultvest","ability":"Liquid Ooze","moves":["scald","acidspray","gigadrain","hex"],"nature":"Timid","evs":{"hp":4,"atk":0,"def":0,"spa":252,"spd":0,"spe":252},"ivs":{"hp":31,"atk":31,"def":31,"spa":31,"spd":31,"spe":31}},{"name":"Asthma","species":"weezing","item":"sitrusberry","ability":"Levitate","moves":["raindance","willowisp","thief","toxicspikes"],"nature":"Careful","evs":{"hp":248,"atk":8,"def":0,"spa":0,"spd":252,"spe":0},"ivs":{"hp":31,"atk":31,"def":31,"spa":31,"spd":31,"spe":31}},{"name":"Sal","species":"gengar","item":"choicescarf","ability":"Levitate","moves":["hex","venoshock","trick","destinybond"],"nature":"Timid","evs":{"hp":4,"atk":0,"def":0,"spa":252,"spd":0,"spe":252},"ivs":{"hp":31,"atk":30,"def":30,"spa":31,"spd":31,"spe":31}},{"name":"Slowbat","species":"crobat","item":"whiteherb","ability":"Infiltrator","moves":["curse","acrobatics","roost","hypnosis"],"nature":"Jolly","evs":{"hp":252,"atk":4,"def":0,"spa":0,"spd":0,"spe":252},"ivs":{"hp":31,"atk":31,"def":31,"spa":31,"spd":31,"spe":31}},{"name":"Skuntank","species":"Skuntank","item":"lumberry","ability":"Aftermath","moves":["snatch","poisonjab","suckerpunch","raindance"],"nature":"Adamant","evs":{"hp":248,"atk":252,"def":0,"spa":0,"spd":8,"spe":0},"ivs":{"hp":31,"atk":31,"def":31,"spa":31,"spd":31,"spe":31}}],"log":["|player|p1|tboltrider|93","|player|p2|Guard Wanderer|235","|gametype|singles","|gen|6","|tier|Monotype","|rated","|rule|Baton Pass Clause: Limit one Baton Passer, can't pass Spe and other stats simultaneously","|rule|Swagger Clause: Swagger is banned","|rule|Same Type Clause: Pokémon in a team must share a type","|clearpoke","|poke|p1|Skarmory, M","|poke|p1|Togekiss, F","|poke|p1|Mandibuzz, F","|poke|p1|Gliscor, M","|poke|p1|Pidgeot, F","|poke|p1|Dragonite, M","|poke|p2|Toxicroak, M","|poke|p2|Tentacruel, F","|poke|p2|Weezing, M","|poke|p2|Gengar, M","|poke|p2|Crobat, F","|poke|p2|Skuntank, M","|rule|Sleep Clause Mod: Limit one foe put to sleep","|rule|Species Clause: Limit one of each Pokémon","|rule|OHKO Clause: OHKO moves are banned","|rule|Moody Clause: Moody is banned","|rule|Evasion Moves Clause: Evasion moves are banned","|rule|Endless Battle Clause: Forcing endless battles is banned","|rule|HP Percentage Mod: HP is shown in percentages","|teampreview","|","|start","|switch|p1a: Mandibuzz|Mandibuzz, F|361/361","|switch|p2a: Skuntank|Skuntank, M|409/409","|turn|1","|","|move|p1a: Mandibuzz|Taunt|p2a: Skuntank","|-start|p2a: Skuntank|move: Taunt","|cant|p2a: Skuntank|move: Taunt|Rain Dance","|","|turn|2","|","|switch|p1a: Skarmory|Skarmory, M|271/271","|move|p2a: Skuntank|Poison Jab|p1a: Skarmory","|-immune|p1a: Skarmory|[msg]","|","|turn|3","|","|switch|p2a: Asthma|Weezing, M|333/333","|move|p1a: Skarmory|Stealth Rock|p2a: Asthma","|-sidestart|p2: Guard Wanderer|move: Stealth Rock","|","|turn|4","|","|move|p1a: Skarmory|Swords Dance|p1a: Skarmory","|-boost|p1a: Skarmory|atk|2","|move|p2a: Asthma|Will-O-Wisp|p1a: Skarmory","|-status|p1a: Skarmory|brn","|","|-damage|p1a: Skarmory|238/271 brn|[from] brn","|turn|5","|","|move|p1a: Skarmory|Swords Dance|p1a: Skarmory","|-boost|p1a: Skarmory|atk|2","|move|p2a: Asthma|Will-O-Wisp|p1a: Skarmory","|-fail|p1a: Skarmory|brn","|","|-damage|p1a: Skarmory|205/271 brn|[from] brn","|turn|6","|","|move|p1a: Skarmory|Iron Head|p2a: Asthma","|-damage|p2a: Asthma|227/333","|move|p2a: Asthma|Rain Dance|p2a: Asthma","|-weather|RainDance","|","|-weather|RainDance|[upkeep]","|-damage|p1a: Skarmory|172/271 brn|[from] brn","|turn|7","|","|switch|p2a: Toxitoad|Toxicroak, M|370/370","|-damage|p2a: Toxitoad|347/370|[from] Stealth Rock","|move|p1a: Skarmory|Iron Head|p2a: Toxitoad","|-damage|p2a: Toxitoad|156/370","|","|-weather|RainDance|[upkeep]","|-heal|p2a: Toxitoad|202/370|[from] ability: Dry Skin","|-heal|p2a: Toxitoad|225/370|[from] item: Black Sludge","|-damage|p1a: Skarmory|139/271 brn|[from] brn","|turn|8","|","|move|p1a: Skarmory|Roost|p1a: Skarmory","|-heal|p1a: Skarmory|271/271 brn","|move|p2a: Toxitoad|Bulk Up|p2a: Toxitoad","|-boost|p2a: Toxitoad|atk|1","|-boost|p2a: Toxitoad|def|1","|","|-weather|RainDance|[upkeep]","|-heal|p2a: Toxitoad|271/370|[from] ability: Dry Skin","|-heal|p2a: Toxitoad|294/370|[from] item: Black Sludge","|-damage|p1a: Skarmory|238/271 brn|[from] brn","|turn|9","|","|move|p1a: Skarmory|Iron Head|p2a: Toxitoad","|-damage|p2a: Toxitoad|162/370","|cant|p2a: Toxitoad|flinch","|","|-weather|RainDance|[upkeep]","|-heal|p2a: Toxitoad|208/370|[from] ability: Dry Skin","|-heal|p2a: Toxitoad|231/370|[from] item: Black Sludge","|-damage|p1a: Skarmory|205/271 brn|[from] brn","|turn|10","|","|move|p2a: Toxitoad|Sucker Punch|p1a: Skarmory","|-damage|p1a: Skarmory|106/271 brn","|-damage|p2a: Toxitoad|170/370|[from] item: Rocky Helmet|[of] p1a: Skarmory","|move|p1a: Skarmory|Iron Head|p2a: Toxitoad","|-damage|p2a: Toxitoad|38/370","|","|-weather|none","|-heal|p2a: Toxitoad|61/370|[from] item: Black Sludge","|-damage|p1a: Skarmory|73/271 brn|[from] brn","|turn|11","|","|move|p1a: Skarmory|Iron Head|p2a: Toxitoad","|-damage|p2a: Toxitoad|0 fnt","|faint|p2a: Toxitoad","|","|-damage|p1a: Skarmory|40/271 brn|[from] brn","|","|switch|p2a: Skuntank|Skuntank, M|409/409","|-damage|p2a: Skuntank|358/409|[from] Stealth Rock","|turn|12","|","|move|p2a: Skuntank|Snatch|p2a: Skuntank","|-singleturn|p2a: Skuntank|Snatch","|move|p1a: Skarmory|Roost|p1a: Skarmory","|-activate|p2a: Skuntank|Snatch|[of] p1a: Skarmory","|move|p2a: Skuntank|Roost|p2a: Skuntank|[from]Snatch","|-heal|p2a: Skuntank|409/409","|","|-damage|p1a: Skarmory|7/271 brn|[from] brn","|turn|13","|","|move|p2a: Skuntank|Snatch|p2a: Skuntank","|-singleturn|p2a: Skuntank|Snatch","|move|p1a: Skarmory|Roost|p1a: Skarmory","|-activate|p2a: Skuntank|Snatch|[of] p1a: Skarmory","|move|p2a: Skuntank|Roost|p2a: Skuntank|[from]Snatch","|-fail|p2a: Skuntank","|","|-damage|p1a: Skarmory|0 fnt|[from] brn","|faint|p1a: Skarmory","|","|switch|p1a: Gliscor|Gliscor, M|352/352","|turn|14","|","|switch|p1a: Mandibuzz|Mandibuzz, F|361/361","|move|p2a: Skuntank|Rain Dance|p2a: Skuntank","|-weather|RainDance","|","|-weather|RainDance|[upkeep]","|turn|15","|","|switch|p2a: Tentarude|Tentacruel, F|302/302","|-damage|p2a: Tentarude|265/302|[from] Stealth Rock","|move|p1a: Mandibuzz|Taunt|p2a: Tentarude","|-start|p2a: Tentarude|move: Taunt","|","|-weather|RainDance|[upkeep]","|turn|16","|","|move|p2a: Tentarude|Scald|p1a: Mandibuzz","|-damage|p1a: Mandibuzz|220/361","|-status|p1a: Mandibuzz|brn","|move|p1a: Mandibuzz|Foul Play|p2a: Tentarude","|-damage|p2a: Tentarude|213/302","|","|-weather|RainDance|[upkeep]","|-heal|p1a: Mandibuzz|242/361 brn|[from] item: Leftovers","|-damage|p1a: Mandibuzz|197/361 brn|[from] brn","|turn|17","|","|switch|p1a: Dragonite|Dragonite, M|323/323","|move|p2a: Tentarude|Acid Spray|p1a: Dragonite","|-damage|p1a: Dragonite|297/323","|-unboost|p1a: Dragonite|spd|2","|","|-weather|RainDance|[upkeep]","|-end|p2a: Tentarude|move: Taunt","|turn|18","|","|move|p2a: Tentarude|Scald|p1a: Dragonite","|-resisted|p1a: Dragonite","|-damage|p1a: Dragonite|142/323","|move|p1a: Dragonite|Earthquake|p2a: Tentarude","|-supereffective|p2a: Tentarude","|-damage|p2a: Tentarude|0 fnt","|faint|p2a: Tentarude","|","|-weather|none","|","|switch|p2a: Slowbat|Crobat, F|374/374","|-damage|p2a: Slowbat|281/374|[from] Stealth Rock","|turn|19","|","|switch|p1a: Mandibuzz|Mandibuzz, F|197/361 brn","|move|p2a: Slowbat|Curse|p2a: Slowbat","|-unboost|p2a: Slowbat|spe|1","|-boost|p2a: Slowbat|atk|1","|-boost|p2a: Slowbat|def|1","|-enditem|p2a: Slowbat|White Herb","|-restoreboost|p2a: Slowbat|[silent]","|","|-heal|p1a: Mandibuzz|219/361 brn|[from] item: Leftovers","|-damage|p1a: Mandibuzz|174/361 brn|[from] brn","|turn|20","|","|move|p2a: Slowbat|Acrobatics|p1a: Mandibuzz","|-damage|p1a: Mandibuzz|17/361 brn","|move|p1a: Mandibuzz|Foul Play|p2a: Slowbat","|-damage|p2a: Slowbat|218/374","|","|-heal|p1a: Mandibuzz|39/361 brn|[from] item: Leftovers","|-damage|p1a: Mandibuzz|0 fnt|[from] brn","|faint|p1a: Mandibuzz","|","|switch|p1a: Togekiss|Togekiss, F|311/311","|turn|21","|","|move|p2a: Slowbat|Hypnosis|p1a: Togekiss","|-status|p1a: Togekiss|slp","|cant|p1a: Togekiss|slp","|","|turn|22","|","|move|p2a: Slowbat|Acrobatics|p1a: Togekiss","|-damage|p1a: Togekiss|155/311 slp","|-curestatus|p1a: Togekiss|slp","|move|p1a: Togekiss|Thunder Wave|p2a: Slowbat","|-status|p2a: Slowbat|par","|","|-heal|p1a: Togekiss|174/311|[from] item: Leftovers","|turn|23","|","|move|p1a: Togekiss|Air Slash|p2a: Slowbat","|-damage|p2a: Slowbat|79/374 par","|cant|p2a: Slowbat|flinch","|","|-heal|p1a: Togekiss|193/311|[from] item: Leftovers","|turn|24","|","|move|p1a: Togekiss|Air Slash|p2a: Slowbat","|-damage|p2a: Slowbat|0 fnt","|faint|p2a: Slowbat","|","|-heal|p1a: Togekiss|212/311|[from] item: Leftovers","|","|switch|p2a: Sal|Gengar, M|262/262","|-damage|p2a: Sal|230/262|[from] Stealth Rock","|turn|25","|","|move|p2a: Sal|Trick|p1a: Togekiss","|-activate|p2a: Sal|move: Trick|[of] p1a: Togekiss","|-item|p1a: Togekiss|Choice Scarf|[from] move: Trick","|-item|p2a: Sal|Leftovers|[from] move: Trick","|move|p1a: Togekiss|Air Slash|p2a: Sal","|-damage|p2a: Sal|77/262","|","|-heal|p2a: Sal|93/262|[from] item: Leftovers","|turn|26","|","|move|p1a: Togekiss|Air Slash|p2a: Sal","|-damage|p2a: Sal|0 fnt","|faint|p2a: Sal","|","|","|switch|p2a: Asthma|Weezing, M|227/333","|-damage|p2a: Asthma|186/333|[from] Stealth Rock","|turn|27","|","|move|p1a: Togekiss|Air Slash|p2a: Asthma","|-damage|p2a: Asthma|78/333","|-enditem|p2a: Asthma|Sitrus Berry|[eat]","|-heal|p2a: Asthma|161/333|[from] item: Sitrus Berry","|cant|p2a: Asthma|flinch","|","|turn|28","|","|move|p1a: Togekiss|Air Slash|p2a: Asthma","|-damage|p2a: Asthma|53/333","|move|p2a: Asthma|Will-O-Wisp|p1a: Togekiss","|-status|p1a: Togekiss|brn","|","|-damage|p1a: Togekiss|174/311 brn|[from] brn","|turn|29","|","|move|p1a: Togekiss|Air Slash|p2a: Asthma","|-damage|p2a: Asthma|0 fnt","|faint|p2a: Asthma","|","|-damage|p1a: Togekiss|136/311 brn|[from] brn","|","|switch|p2a: Skuntank|Skuntank, M|409/409","|-damage|p2a: Skuntank|358/409|[from] Stealth Rock","|turn|30","|","|move|p2a: Skuntank|Sucker Punch|p1a: Togekiss","|-resisted|p1a: Togekiss","|-damage|p1a: Togekiss|85/311 brn","|move|p1a: Togekiss|Air Slash|p2a: Skuntank","|-damage|p2a: Skuntank|187/409","|","|-damage|p1a: Togekiss|47/311 brn|[from] brn","|turn|31","|","|move|p2a: Skuntank|Sucker Punch|p1a: Togekiss","|-resisted|p1a: Togekiss","|-damage|p1a: Togekiss|0 fnt","|faint|p1a: Togekiss","|","|","|switch|p1a: Gliscor|Gliscor, M|352/352","|turn|32","|","|move|p1a: Gliscor|Earthquake|p2a: Skuntank","|-supereffective|p2a: Skuntank","|-damage|p2a: Skuntank|0 fnt","|faint|p2a: Skuntank","|","|win|tboltrider"],"p1rating":{"entryid":"11792","serverid":"eos","formatid":"monotype","userid":"tboltrider","username":"tboltrider","w":12,"l":"23","t":"0","gxe":38,"r":"1395.8529336804","rd":"58.351338950859","sigma":"0","rptime":"1440406800","rpr":1406.975966768,"rprd":57.591393138128,"rpsigma":"0","acre":1073.1869355605,"lacre":1073.1869355605,"oldacre":"1033.8420867102"},"p2rating":{"entryid":"9966","serverid":"eos","formatid":"monotype","userid":"guardwanderer","username":"Guard Wanderer","w":"19","l":27,"t":"0","gxe":42.9,"r":"1460.2300294704","rd":"51.851987647183","sigma":"0","rptime":"1440406800","rpr":1445.4369460851,"rprd":50.853441972309,"rpsigma":"0","acre":1053.6051785611,"lacre":1053.6051785611,"oldacre":"1078.0629217282"},"endType":"normal"}