{"seed":[39986,21451,14456,50389],"turns":21,"p1":"LightOfAKnowing","p2":"Alliance ♋ akaFila","p1team":[{"name":"Sharpedo","species":"Sharpedo","item":"sharpedonite","ability":"Speed Boost","moves":["protect","substitute","crunch","waterfall"],"nature":"Adamant","evs":{"hp":0,"atk":252,"def":0,"spa":0,"spd":4,"spe":252},"ivs":{"hp":31,"atk":31,"def":31,"spa":31,"spd":31,"spe":31}},{"name":"Starmie","species":"Starmie","item":"lightclay","ability":"Natural Cure","moves":["rapidspin","scald","lightscreen","reflect"],"nature":"Timid","evs":{"hp":252,"atk":0,"def":0,"spa":4,"spd":0,"spe":252},"ivs":{"hp":31,"atk":31,"def":31,"spa":31,"spd":31,"spe":31}},{"name":"Azumarill","species":"Azumarill","item":"sitrusberry","ability":"Huge Power","moves":["bellydrum","aquajet","playrough","bodyslam"],"nature":"Adamant","evs":{"hp":252,"atk":252,"def":0,"spa":0,"spd":4,"spe":0},"ivs":{"hp":31,"atk":31,"def":31,"spa":31,"spd":31,"spe":31}},{"name":"Poliwrath","species":"Poliwrath","item":"leftovers","ability":"Water Absorb","moves":["substitute","focuspunch","poisonjab","waterfall"],"nature":"Adamant","evs":{"hp":252,"atk":252,"def":0,"spa":0,"spd":4,"spe":0},"ivs":{"hp":31,"atk":31,"def":31,"spa":31,"spd":31,"spe":31}},{"name":"Milotic","species":"Milotic","item":"leftovers","ability":"Competitive","moves":["mirrorcoat","scald","recover","magiccoat"],"nature":"Bold","evs":{"hp":248,"atk":0,"def":252,"spa":0,"spd":8,"spe":0},"ivs":{"hp":31,"atk":31,"def":31,"spa":31,"spd":31,"spe":31}},{"name":"Clawitzer","species":"Clawitzer","item":"choicescarf","ability":"Mega Launcher","moves":["waterpulse","aurasphere","darkpulse","dragonpulse"],"nature":"Timid","evs":{"hp":0,"atk":0,"def":0,"spa":252,"spd":4,"spe":252},"ivs":{"hp":31,"atk":31,"def":31,"spa":31,"spd":31,"spe":31}}],"p2team":[{"name":"Infernape","species":"Infernape","item":"focussash","ability":"Blaze","moves":["stealthrock","flareblitz","taunt","endeavor"],"nature":"Jolly","evs":{"hp":4,"atk":252,"def":0,"spa":0,"spd":0,"spe":252},"ivs":{"hp":31,"atk":31,"def":31,"spa":31,"spd":31,"spe":31}},{"name":"Terrakion","species":"Terrakion","item":"choicescarf","ability":"Justified","moves":["closecombat","stoneedge","earthquake","ironhead"],"nature":"Jolly","evs":{"hp":0,"atk":252,"def":0,"spa":0,"spd":4,"spe":252},"ivs":{"hp":31,"atk":31,"def":31,"spa":31,"spd":31,"spe":31}},{"name":"Conkeldurr","species":"Conkeldurr","item":"assaultvest","ability":"Guts","moves":["drainpunch","knockoff","icepunch","machpunch"],"nature":"Adamant","evs":{"hp":248,"atk":252,"def":0,"spa":0,"spd":8,"spe":0},"ivs":{"hp":31,"atk":31,"def":31,"spa":31,"spd":31,"spe":31}},{"name":"Medicham","species":"Medicham","item":"medichamite","ability":"Pure Power","moves":["fakeout","psychocut","highjumpkick","bulletpunch"],"nature":"Jolly","evs":{"hp":0,"atk":252,"def":0,"spa":0,"spd":4,"spe":252},"ivs":{"hp":31,"atk":31,"def":31,"spa":31,"spd":31,"spe":31}},{"name":"Keldeo-Resolute","species":"Keldeo-Resolute","item":"choicespecs","ability":"Justified","moves":["scald","secretsword","icywind","hiddenpowergrass"],"nature":"Timid","evs":{"hp":0,"atk":0,"def":0,"spa":252,"spd":4,"spe":252},"ivs":{"hp":31,"atk":30,"def":31,"spa":30,"spd":31,"spe":31}},{"name":"Hawlucha","species":"Hawlucha","item":"sitrusberry","ability":"Unburden","moves":["acrobatics","highjumpkick","swordsdance","substitute"],"nature":"Adamant","evs":{"hp":0,"atk":252,"def":4,"spa":0,"spd":0,"spe":252},"ivs":{"hp":31,"atk":31,"def":31,"spa":31,"spd":31,"spe":31}}],"log":["|player|p1|LightOfAKnowing|lightofaknowing.png","|player|p2|Alliance ♋ akaFila|allianceakafila.gif","|gametype|singles","|gen|6","|tier|Monotype","|rated","|rule|Baton Pass Clause: Limit one Baton Passer, can't pass Spe and other stats simultaneously","|rule|Swagger Clause: Swagger is banned","|rule|Same Type Clause: Pokémon in a team must share a type","|clearpoke","|poke|p1|Sharpedo, F","|poke|p1|Starmie","|poke|p1|Azumarill, F","|poke|p1|Poliwrath, M","|poke|p1|Milotic, M","|poke|p1|Clawitzer, M","|poke|p2|Infernape, M","|poke|p2|Terrakion","|poke|p2|Conkeldurr, M","|poke|p2|Medicham, F","|poke|p2|Keldeo-Resolute","|poke|p2|Hawlucha, F","|rule|Sleep Clause Mod: Limit one foe put to sleep","|rule|Species Clause: Limit one of each Pokémon","|rule|OHKO Clause: OHKO moves are banned","|rule|Moody Clause: Moody is banned","|rule|Evasion Moves Clause: Evasion moves are banned","|rule|Endless Battle Clause: Forcing endless battles is banned","|rule|HP Percentage Mod: HP is shown in percentages","|teampreview","|","|start","|switch|p1a: Starmie|Starmie|324/324","|switch|p2a: Infernape|Infernape, M|294/294","|turn|1","|","|move|p1a: Starmie|Reflect|p1a: Starmie","|-sidestart|p1: LightOfAKnowing|Reflect","|move|p2a: Infernape|Stealth Rock|p1a: Starmie","|-sidestart|p1: LightOfAKnowing|move: Stealth Rock","|","|turn|2","|","|move|p1a: Starmie|Light Screen|p1a: Starmie","|-sidestart|p1: LightOfAKnowing|move: Light Screen","|move|p2a: Infernape|Taunt|p1a: Starmie","|-start|p1a: Starmie|move: Taunt","|","|turn|3","|","|move|p1a: Starmie|Rapid Spin|p2a: Infernape","|-damage|p2a: Infernape|280/294","|-sideend|p1: LightOfAKnowing|Stealth Rock|[from] move: Rapid Spin|[of] p1a: Starmie","|move|p2a: Infernape|Endeavor|p1a: Starmie","|-damage|p1a: Starmie|280/324","|","|turn|4","|","|switch|p2a: Hawlucha|Hawlucha, F|297/297","|move|p1a: Starmie|Scald|p2a: Hawlucha","|-damage|p2a: Hawlucha|155/297","|-status|p2a: Hawlucha|brn","|","|-damage|p2a: Hawlucha|118/297 brn|[from] brn","|-enditem|p2a: Hawlucha|Sitrus Berry|[eat]","|-heal|p2a: Hawlucha|192/297 brn|[from] item: Sitrus Berry","|turn|5","|","|move|p2a: Hawlucha|Acrobatics|p1a: Starmie","|-damage|p1a: Starmie|234/324","|move|p1a: Starmie|Scald|p2a: Hawlucha","|-damage|p2a: Hawlucha|63/297 brn","|","|-damage|p2a: Hawlucha|26/297 brn|[from] brn","|-end|p1a: Starmie|move: Taunt","|turn|6","|","|move|p2a: Hawlucha|Acrobatics|p1a: Starmie","|-damage|p1a: Starmie|190/324","|move|p1a: Starmie|Scald|p2a: Hawlucha","|-crit|p2a: Hawlucha","|-damage|p2a: Hawlucha|0 fnt","|faint|p2a: Hawlucha","|","|","|switch|p2a: Conkeldurr|Conkeldurr, M|413/413","|turn|7","|","|move|p1a: Starmie|Scald|p2a: Conkeldurr","|-damage|p2a: Conkeldurr|323/413","|-status|p2a: Conkeldurr|brn","|move|p2a: Conkeldurr|Knock Off|p1a: Starmie","|-supereffective|p1a: Starmie","|-damage|p1a: Starmie|0 fnt","|-enditem|p1a: Starmie|Light Clay|[from] move: Knock Off|[of] p2a: Conkeldurr","|faint|p1a: Starmie","|","|-damage|p2a: Conkeldurr|272/413 brn|[from] brn","|","|switch|p1a: Azumarill|Azumarill, F|404/404","|turn|8","|","|switch|p2a: Medicham|Medicham, F|261/261","|move|p1a: Azumarill|Play Rough|p2a: Medicham","|-supereffective|p2a: Medicham","|-damage|p2a: Medicham|0 fnt","|faint|p2a: Medicham","|","|-sideend|p1: LightOfAKnowing|Reflect","|","|switch|p2a: Terrakion|Terrakion|323/323","|turn|9","|","|switch|p1a: Poliwrath|Poliwrath, M|384/384","|move|p2a: Terrakion|Stone Edge|p1a: Poliwrath","|-crit|p1a: Poliwrath","|-resisted|p1a: Poliwrath","|-damage|p1a: Poliwrath|252/384","|","|-heal|p1a: Poliwrath|276/384|[from] item: Leftovers","|-sideend|p1: LightOfAKnowing|move: Light Screen","|turn|10","|","|switch|p2a: Infernape|Infernape, M|280/294","|move|p1a: Poliwrath|Substitute|p1a: Poliwrath","|-start|p1a: Poliwrath|Substitute","|-damage|p1a: Poliwrath|180/384","|","|-heal|p1a: Poliwrath|204/384|[from] item: Leftovers","|turn|11","|","|-singleturn|p1a: Poliwrath|move: Focus Punch","|move|p2a: Infernape|Taunt|p1a: Poliwrath","|-start|p1a: Poliwrath|move: Taunt","|move|p1a: Poliwrath|Focus Punch|p2a: Infernape","|-damage|p2a: Infernape|0 fnt","|faint|p2a: Infernape","|","|-heal|p1a: Poliwrath|228/384|[from] item: Leftovers","|","|switch|p2a: Keldeo-Resolute|Keldeo-Resolute|323/323","|turn|12","|","|-singleturn|p1a: Poliwrath|move: Focus Punch","|move|p2a: Keldeo-Resolute|Secret Sword|p1a: Poliwrath","|-end|p1a: Poliwrath|Substitute","|move|p1a: Poliwrath|Focus Punch|p2a: Keldeo-Resolute","|-damage|p2a: Keldeo-Resolute|67/323","|","|-heal|p1a: Poliwrath|252/384|[from] item: Leftovers","|turn|13","|","|move|p2a: Keldeo-Resolute|Secret Sword|p1a: Poliwrath","|-damage|p1a: Poliwrath|36/384","|move|p1a: Poliwrath|Poison Jab|p2a: Keldeo-Resolute","|-damage|p2a: Keldeo-Resolute|0 fnt","|faint|p2a: Keldeo-Resolute","|","|-heal|p1a: Poliwrath|60/384|[from] item: Leftovers","|-end|p1a: Poliwrath|move: Taunt","|","|switch|p2a: Terrakion|Terrakion|323/323","|turn|14","|","|move|p2a: Terrakion|Stone Edge|p1a: Poliwrath","|-resisted|p1a: Poliwrath","|-damage|p1a: Poliwrath|0 fnt","|faint|p1a: Poliwrath","|","|","|switch|p1a: Azumarill|Azumarill, F|404/404","|turn|15","|","|move|p2a: Terrakion|Stone Edge|p1a: Azumarill","|-damage|p1a: Azumarill|208/404","|move|p1a: Azumarill|Play Rough|p2a: Terrakion|[miss]","|-miss|p1a: Azumarill|p2a: Terrakion","|","|turn|16","|","|move|p2a: Terrakion|Stone Edge|p1a: Azumarill","|-damage|p1a: Azumarill|4/404","|-enditem|p1a: Azumarill|Sitrus Berry|[eat]","|-heal|p1a: Azumarill|105/404|[from] item: Sitrus Berry","|move|p1a: Azumarill|Play Rough|p2a: Terrakion","|-supereffective|p2a: Terrakion","|-damage|p2a: Terrakion|0 fnt","|faint|p2a: Terrakion","|","|","|switch|p2a: Conkeldurr|Conkeldurr, M|272/413 brn","|turn|17","|","|move|p1a: Azumarill|Aqua Jet|p2a: Conkeldurr","|-damage|p2a: Conkeldurr|182/413 brn","|move|p2a: Conkeldurr|Drain Punch|p1a: Azumarill","|-resisted|p1a: Azumarill","|-damage|p1a: Azumarill|0 fnt","|-heal|p2a: Conkeldurr|235/413 brn|[from] drain|[of] p1a: Azumarill","|faint|p1a: Azumarill","|","|-damage|p2a: Conkeldurr|184/413 brn|[from] brn","|","|switch|p1a: Clawitzer|Clawitzer, M|283/283","|turn|18","|","|move|p1a: Clawitzer|Water Pulse|p2a: Conkeldurr","|-damage|p2a: Conkeldurr|48/413 brn","|move|p2a: Conkeldurr|Drain Punch|p1a: Clawitzer","|-damage|p1a: Clawitzer|40/283","|-heal|p2a: Conkeldurr|170/413 brn|[from] drain|[of] p1a: Clawitzer","|","|-damage|p2a: Conkeldurr|119/413 brn|[from] brn","|turn|19","|","|move|p2a: Conkeldurr|Mach Punch|p1a: Clawitzer","|-damage|p1a: Clawitzer|0 fnt","|faint|p1a: Clawitzer","|","|-damage|p2a: Conkeldurr|68/413 brn|[from] brn","|","|switch|p1a: Sharpedo|Sharpedo, F|281/281","|turn|20","|","|move|p1a: Sharpedo|Protect|p1a: Sharpedo","|-singleturn|p1a: Sharpedo|Protect","|move|p2a: Conkeldurr|Mach Punch|p1a: Sharpedo","|-activate|p1a: Sharpedo|Protect","|","|-damage|p2a: Conkeldurr|17/413 brn|[from] brn","|-boost|p1a: Sharpedo|spe|1|[from] ability: Speed Boost","|turn|21","|","|detailschange|p1a: Sharpedo|Sharpedo-Mega, F","|-mega|p1a: Sharpedo|Sharpedo|Sharpedonite","|move|p1a: Sharpedo|Protect|p1a: Sharpedo","|-singleturn|p1a: Sharpedo|Protect","|move|p2a: Conkeldurr|Drain Punch|p1a: Sharpedo","|-activate|p1a: Sharpedo|Protect","|","|-damage|p2a: Conkeldurr|0 fnt|[from] brn","|faint|p2a: Conkeldurr","|","|win|LightOfAKnowing"],"p1rating":{"entryid":"386","serverid":"eos","formatid":"monotype","userid":"lightofaknowing","username":"LightOfAKnowing","w":30,"l":"40","t":"0","gxe":45,"r":"1416.9477002435","rd":"51.599175927199","sigma":"0","rptime":"1440406800","rpr":1462.0578619469,"rprd":43.478174264757,"rpsigma":"0","acre":1153.1382180891,"lacre":1153.1382180891,"oldacre":"1126.705892231"},"p2rating":{"entryid":"126995","serverid":"eos","formatid":"monotype","userid":"allianceakafila","username":"Alliance ♋ akaFila","w":"14","l":12,"t":"0","gxe":51.1,"r":"1497.6019119775","rd":"69.448135282431","sigma":"0","rptime":"1440406800","rpr":1508.58207179,"rprd":64.251393106159,"rpsigma":"0","acre":1120.2010283276,"lacre":1120.2010283276,"oldacre":"1146.6333541857"},"endType":"normal"}