{"seed":[2512,36239,20203,15235],"turns":24,"p1":"Alliance - Mxy","p2":"SlyZix","p1team":[{"name":"Beedrill","species":"Beedrill","item":"beedrillite","ability":"Swarm","moves":["uturn","poisonjab","knockoff","protect"],"nature":"Jolly","evs":{"hp":0,"atk":252,"def":0,"spa":0,"spd":4,"spe":252},"ivs":{"hp":31,"atk":31,"def":31,"spa":31,"spd":31,"spe":31}},{"name":"Weezing","species":"Weezing","item":"blacksludge","ability":"Levitate","moves":["fireblast","sludgewave","willowisp","painsplit"],"nature":"Bold","evs":{"hp":248,"atk":0,"def":252,"spa":8,"spd":0,"spe":0},"ivs":{"hp":31,"atk":0,"def":31,"spa":31,"spd":31,"spe":31}},{"name":"Drapion","species":"Drapion","item":"choicescarf","ability":"Sniper","moves":["knockoff","rockslide","earthquake","thunderfang"],"nature":"Jolly","evs":{"hp":0,"atk":252,"def":0,"spa":0,"spd":4,"spe":252},"ivs":{"hp":31,"atk":31,"def":31,"spa":31,"spd":31,"spe":31}},{"name":"Nidoqueen","species":"Nidoqueen","item":"focussash","ability":"Sheer Force","moves":["earthpower","sludgewave","icebeam","stealthrock"],"nature":"Timid","evs":{"hp":48,"atk":0,"def":0,"spa":252,"spd":0,"spe":208},"ivs":{"hp":31,"atk":31,"def":31,"spa":31,"spd":31,"spe":31}},{"name":"Crobat","species":"Crobat","item":"leftovers","ability":"Infiltrator","moves":["bravebird","toxic","taunt","defog"],"nature":"Jolly","evs":{"hp":120,"atk":136,"def":0,"spa":0,"spd":0,"spe":252},"ivs":{"hp":31,"atk":31,"def":31,"spa":31,"spd":31,"spe":31}},{"name":"Nidoking","species":"Nidoking","item":"lifeorb","ability":"Sheer Force","moves":["earthpower","flamethrower","icebeam","toxicspikes"],"nature":"Timid","evs":{"hp":0,"atk":0,"def":0,"spa":252,"spd":4,"spe":252},"ivs":{"hp":31,"atk":31,"def":31,"spa":31,"spd":31,"spe":31}}],"p2team":[{"name":"Hoopa","species":"Hoopa","item":"lifeorb","ability":"Magician","moves":["trickroom","hyperspacehole","shadowball","focusblast"],"nature":"Modest","evs":{"hp":252,"atk":0,"def":4,"spa":252,"spd":0,"spe":0},"ivs":{"hp":31,"atk":31,"def":31,"spa":31,"spd":31,"spe":31}},{"name":"Sableye","species":"Sableye","item":"sablenite","ability":"Prankster","moves":["calmmind","darkpulse","dazzlinggleam","recover"],"nature":"Bold","evs":{"hp":248,"atk":0,"def":252,"spa":8,"spd":0,"spe":0},"ivs":{"hp":31,"atk":31,"def":31,"spa":31,"spd":31,"spe":31}},{"name":"Dusknoir","species":"Dusknoir","item":"leftovers","ability":"Pressure","moves":["painsplit","confuseray","willowisp","seismictoss"],"nature":"Calm","evs":{"hp":252,"atk":0,"def":4,"spa":0,"spd":252,"spe":0},"ivs":{"hp":31,"atk":31,"def":31,"spa":31,"spd":31,"spe":31}},{"name":"Gengar","species":"Gengar","item":"choicespecs","ability":"Levitate","moves":["dazzlinggleam","focusblast","shadowball","sludgebomb"],"nature":"Timid","evs":{"hp":0,"atk":0,"def":0,"spa":252,"spd":4,"spe":252},"ivs":{"hp":31,"atk":31,"def":31,"spa":31,"spd":31,"spe":31}},{"name":"Aegislash","species":"Aegislash","item":"weaknesspolicy","ability":"Stance Change","moves":["swordsdance","sacredsword","shadowsneak","kingsshield"],"nature":"Adamant","evs":{"hp":248,"atk":252,"def":0,"spa":0,"spd":8,"spe":0},"ivs":{"hp":31,"atk":31,"def":31,"spa":31,"spd":31,"spe":31}},{"name":"Golurk","species":"Golurk","item":"leftovers","ability":"Iron Fist","moves":["earthquake","drainpunch","stealthrock","phantomforce"],"nature":"Adamant","evs":{"hp":252,"atk":252,"def":0,"spa":0,"spd":4,"spe":0},"ivs":{"hp":31,"atk":31,"def":31,"spa":31,"spd":31,"spe":31}}],"log":["|player|p1|Alliance - Mxy|270","|player|p2|SlyZix|248","|gametype|singles","|gen|6","|tier|Monotype","|rated","|rule|Baton Pass Clause: Limit one Baton Passer, can't pass Spe and other stats simultaneously","|rule|Swagger Clause: Swagger is banned","|rule|Same Type Clause: Pokémon in a team must share a type","|clearpoke","|poke|p1|Beedrill, F","|poke|p1|Weezing, M","|poke|p1|Drapion, M","|poke|p1|Nidoqueen, F","|poke|p1|Crobat, M","|poke|p1|Nidoking, M","|poke|p2|Hoopa","|poke|p2|Sableye, M","|poke|p2|Dusknoir, F","|poke|p2|Gengar, M","|poke|p2|Aegislash, M","|poke|p2|Golurk","|rule|Sleep Clause Mod: Limit one foe put to sleep","|rule|Species Clause: Limit one of each Pokémon","|rule|OHKO Clause: OHKO moves are banned","|rule|Moody Clause: Moody is banned","|rule|Evasion Moves Clause: Evasion moves are banned","|rule|Endless Battle Clause: Forcing endless battles is banned","|rule|HP Percentage Mod: HP is shown in percentages","|teampreview","|","|start","|switch|p1a: Nidoking|Nidoking, M|303/303","|switch|p2a: Aegislash|Aegislash, M|323/323","|turn|1","|","|move|p2a: Aegislash|King's Shield|p2a: Aegislash","|-singleturn|p2a: Aegislash|Protect","|move|p1a: Nidoking|Toxic Spikes|p2a: Aegislash","|-sidestart|p2: SlyZix|move: Toxic Spikes","|","|turn|2","|","|move|p1a: Nidoking|Toxic Spikes|p2a: Aegislash","|-sidestart|p2: SlyZix|move: Toxic Spikes","|move|p2a: Aegislash|Swords Dance|p2a: Aegislash","|-boost|p2a: Aegislash|atk|2","|","|turn|3","|","|move|p2a: Aegislash|King's Shield|p2a: Aegislash","|-singleturn|p2a: Aegislash|Protect","|move|p1a: Nidoking|Earth Power|p2a: Aegislash","|-activate|p2a: Aegislash|Protect","|","|turn|4","|","|move|p1a: Nidoking|Earth Power|p2a: Aegislash","|-supereffective|p2a: Aegislash","|-damage|p2a: Aegislash|42/323","|-enditem|p2a: Aegislash|Weakness Policy","|-boost|p2a: Aegislash|atk|2|[from] item: Weakness Policy","|-boost|p2a: Aegislash|spa|2|[from] item: Weakness Policy","|move|p2a: Aegislash|Swords Dance|p2a: Aegislash","|-boost|p2a: Aegislash|atk|2","|","|turn|5","|","|-formechange|p2a: Aegislash|Aegislash-Blade","|move|p2a: Aegislash|Shadow Sneak|p1a: Nidoking","|-damage|p1a: Nidoking|0 fnt","|faint|p1a: Nidoking","|","|","|switch|p1a: Nidoqueen|Nidoqueen, F|333/333","|turn|6","|","|move|p2a: Aegislash|Shadow Sneak|p1a: Nidoqueen","|-enditem|p1a: Nidoqueen|Focus Sash","|-damage|p1a: Nidoqueen|1/333","|move|p1a: Nidoqueen|Earth Power|p2a: Aegislash","|-supereffective|p2a: Aegislash","|-damage|p2a: Aegislash|0 fnt","|faint|p2a: Aegislash","|","|","|switch|p2a: Gengar|Gengar, M|261/261","|turn|7","|","|move|p2a: Gengar|Shadow Ball|p1a: Nidoqueen","|-damage|p1a: Nidoqueen|0 fnt","|faint|p1a: Nidoqueen","|","|","|switch|p1a: Beedrill|Beedrill, F|271/271","|turn|8","|","|detailschange|p1a: Beedrill|Beedrill-Mega, F","|-mega|p1a: Beedrill|Beedrill|Beedrillite","|move|p1a: Beedrill|Protect|p1a: Beedrill","|-singleturn|p1a: Beedrill|Protect","|move|p2a: Gengar|Shadow Ball|p1a: Beedrill","|-activate|p1a: Beedrill|Protect","|","|turn|9","|","|move|p1a: Beedrill|Knock Off|p2a: Gengar","|-supereffective|p2a: Gengar","|-damage|p2a: Gengar|0 fnt","|-enditem|p2a: Gengar|Choice Specs|[from] move: Knock Off|[of] p1a: Beedrill","|faint|p2a: Gengar","|","|","|switch|p2a: Dusknoir|Dusknoir, F|294/294","|-status|p2a: Dusknoir|tox","|-ability|p2a: Dusknoir|Pressure","|turn|10","|","|switch|p1a: Crobat|Crobat, M|341/341","|move|p2a: Dusknoir|Will-O-Wisp|p1a: Crobat","|-status|p1a: Crobat|brn","|","|-damage|p1a: Crobat|299/341 brn|[from] brn","|-damage|p2a: Dusknoir|276/294 tox|[from] psn","|turn|11","|","|move|p1a: Crobat|Taunt|p2a: Dusknoir","|-start|p2a: Dusknoir|move: Taunt","|cant|p2a: Dusknoir|move: Taunt|Confuse Ray","|","|-heal|p1a: Crobat|320/341 brn|[from] item: Leftovers","|-heal|p2a: Dusknoir|294/294 tox|[from] item: Leftovers","|-damage|p1a: Crobat|278/341 brn|[from] brn","|-damage|p2a: Dusknoir|258/294 tox|[from] psn","|turn|12","|","|switch|p1a: Beedrill|Beedrill-Mega, F|271/271","|move|p2a: Dusknoir|Seismic Toss|p1a: Beedrill","|-damage|p1a: Beedrill|171/271","|","|-heal|p2a: Dusknoir|276/294 tox|[from] item: Leftovers","|-damage|p2a: Dusknoir|222/294 tox|[from] psn","|turn|13","|","|move|p1a: Beedrill|Knock Off|p2a: Dusknoir","|-supereffective|p2a: Dusknoir","|-damage|p2a: Dusknoir|32/294 tox","|-enditem|p2a: Dusknoir|Leftovers|[from] move: Knock Off|[of] p1a: Beedrill","|move|p2a: Dusknoir|Seismic Toss|p1a: Beedrill","|-damage|p1a: Beedrill|71/271","|","|-damage|p2a: Dusknoir|0 fnt|[from] psn","|faint|p2a: Dusknoir","|","|switch|p2a: Golurk|Golurk|382/382","|-status|p2a: Golurk|tox","|turn|14","|","|move|p1a: Beedrill|U-turn|p2a: Golurk","|-resisted|p2a: Golurk","|-damage|p2a: Golurk|276/382 tox","|","|switch|p1a: Crobat|Crobat, M|278/341 brn","|move|p2a: Golurk|Earthquake|p1a: Crobat","|-immune|p1a: Crobat|[msg]","|","|-heal|p1a: Crobat|299/341 brn|[from] item: Leftovers","|-heal|p2a: Golurk|299/382 tox|[from] item: Leftovers","|-damage|p1a: Crobat|257/341 brn|[from] brn","|-damage|p2a: Golurk|276/382 tox|[from] psn","|turn|15","|","|move|p1a: Crobat|Taunt|p2a: Golurk","|-start|p2a: Golurk|move: Taunt","|move|p2a: Golurk|Phantom Force|p1a: Crobat|[still]","|-prepare|p2a: Golurk|Phantom Force|p1a: Crobat","|","|-heal|p1a: Crobat|278/341 brn|[from] item: Leftovers","|-heal|p2a: Golurk|299/382 tox|[from] item: Leftovers","|-damage|p1a: Crobat|236/341 brn|[from] brn","|-damage|p2a: Golurk|253/382 tox|[from] psn","|turn|16","|","|move|p1a: Crobat|Brave Bird|p2a: Golurk|[miss]","|-miss|p1a: Crobat|p2a: Golurk","|move|p2a: Golurk|Phantom Force|p1a: Crobat|[from]lockedmove","|-crit|p1a: Crobat","|-damage|p1a: Crobat|0 fnt","|faint|p1a: Crobat","|","|-heal|p2a: Golurk|276/382 tox|[from] item: Leftovers","|-damage|p2a: Golurk|207/382 tox|[from] psn","|","|switch|p1a: Beedrill|Beedrill-Mega, F|71/271","|turn|17","|","|move|p1a: Beedrill|Knock Off|p2a: Golurk","|-supereffective|p2a: Golurk","|-damage|p2a: Golurk|0 fnt","|-enditem|p2a: Golurk|Leftovers|[from] move: Knock Off|[of] p1a: Beedrill","|faint|p2a: Golurk","|","|","|switch|p2a: Sableye|Sableye, M|303/303","|-status|p2a: Sableye|tox","|turn|18","|","|detailschange|p2a: Sableye|Sableye-Mega, M","|-mega|p2a: Sableye|Sableye|Sablenite","|move|p1a: Beedrill|Protect|p1a: Beedrill","|-singleturn|p1a: Beedrill|Protect","|move|p2a: Sableye|Calm Mind|p2a: Sableye","|-boost|p2a: Sableye|spa|1","|-boost|p2a: Sableye|spd|1","|","|-damage|p2a: Sableye|285/303 tox|[from] psn","|turn|19","|","|move|p1a: Beedrill|U-turn|p2a: Sableye","|-damage|p2a: Sableye|167/303 tox","|","|switch|p1a: Weezing|Weezing, M|333/333","|move|p2a: Sableye|Dark Pulse|p1a: Weezing","|-damage|p1a: Weezing|177/333","|","|-heal|p1a: Weezing|197/333|[from] item: Black Sludge","|-damage|p2a: Sableye|131/303 tox|[from] psn","|turn|20","|","|move|p1a: Weezing|Sludge Wave|p2a: Sableye","|-crit|p2a: Sableye","|-resisted|p2a: Sableye","|-damage|p2a: Sableye|68/303 tox","|move|p2a: Sableye|Dark Pulse|p1a: Weezing","|-damage|p1a: Weezing|35/333","|","|-heal|p1a: Weezing|55/333|[from] item: Black Sludge","|-damage|p2a: Sableye|14/303 tox|[from] psn","|turn|21","|","|move|p1a: Weezing|Sludge Wave|p2a: Sableye","|-resisted|p2a: Sableye","|-damage|p2a: Sableye|0 fnt","|faint|p2a: Sableye","|","|-heal|p1a: Weezing|75/333|[from] item: Black Sludge","|","|switch|p2a: Hoopa|Hoopa|364/364","|-status|p2a: Hoopa|tox","|turn|22","|","|move|p1a: Weezing|Sludge Wave|p2a: Hoopa","|-resisted|p2a: Hoopa","|-damage|p2a: Hoopa|324/364 tox","|move|p2a: Hoopa|Trick Room|p2a: Hoopa","|-fieldstart|move: Trick Room|[of] p2a: Hoopa","|","|-heal|p1a: Weezing|95/333|[from] item: Black Sludge","|-damage|p2a: Hoopa|302/364 tox|[from] psn","|turn|23","|","|move|p1a: Weezing|Sludge Wave|p2a: Hoopa","|-resisted|p2a: Hoopa","|-damage|p2a: Hoopa|260/364 tox","|move|p2a: Hoopa|Hyperspace Hole|p1a: Weezing","|-supereffective|p1a: Weezing","|-damage|p1a: Weezing|0 fnt","|-damage|p2a: Hoopa|224/364 tox|[from] item: Life Orb","|faint|p1a: Weezing","|","|-damage|p2a: Hoopa|180/364 tox|[from] psn","|","|switch|p1a: Drapion|Drapion, M|281/281","|turn|24","|","|move|p2a: Hoopa|Shadow Ball|p1a: Drapion","|-resisted|p1a: Drapion","|-damage|p1a: Drapion|133/281","|-damage|p2a: Hoopa|144/364 tox|[from] item: Life Orb","|move|p1a: Drapion|Knock Off|p2a: Hoopa","|-supereffective|p2a: Hoopa","|-damage|p2a: Hoopa|0 fnt","|-enditem|p2a: Hoopa|Life Orb|[from] move: Knock Off|[of] p1a: Drapion","|faint|p2a: Hoopa","|","|win|Alliance - Mxy"],"p1rating":{"entryid":"127788","serverid":"eos","formatid":"monotype","userid":"alliancemxy","username":"Alliance - Mxy","w":19,"l":"12","t":"0","gxe":58.2,"r":"1604.4900838263","rd":"67.887001260084","sigma":"0","rptime":"1440406800","rpr":1563.229981438,"rprd":60.933529511543,"rpsigma":"0","acre":1138.1936802348,"lacre":1138.1936802348,"oldacre":"1114.0029908497"},"p2rating":{"entryid":"61352","serverid":"eos","formatid":"monotype","userid":"slyzix","username":"SlyZix","w":"3","l":3,"t":"0","gxe":50.2,"r":"1463.0115312018","rd":"112.0547270697","sigma":"0","rptime":"1440406800","rpr":1501.8543317028,"rprd":99.95613246577,"rpsigma":"0","acre":1078.561037728,"lacre":1078.561037728,"oldacre":"1102.7517271131"},"endType":"normal"}