{"seed":[7085,45428,28843,20293],"turns":20,"p1":"Professor♅ Gotenks","p2":"Inferno DPX","p1team":[{"name":"Beedrill","species":"Beedrill","item":"beedrillite","ability":"Swarm","moves":["fellstinger","poisonjab","drillrun","uturn"],"nature":"Jolly","evs":{"hp":0,"atk":252,"def":0,"spa":0,"spd":4,"spe":252},"shiny":true,"ivs":{"hp":31,"atk":31,"def":31,"spa":31,"spd":31,"spe":31}},{"name":"Toxicroak","species":"Toxicroak","item":"lifeorb","ability":"Poison Touch","moves":["drainpunch","poisonjab","fakeout","bulkup"],"nature":"Jolly","evs":{"hp":0,"atk":252,"def":0,"spa":0,"spd":4,"spe":252},"ivs":{"hp":31,"atk":31,"def":31,"spa":31,"spd":31,"spe":31}},{"name":"Gengar","species":"Gengar","item":"widelens","ability":"Levitate","moves":["dreameater","hypnosis","hex","venoshock"],"nature":"Timid","evs":{"hp":0,"atk":0,"def":0,"spa":252,"spd":4,"spe":252},"shiny":true,"ivs":{"hp":31,"atk":31,"def":31,"spa":31,"spd":31,"spe":31}},{"name":"Drapion","species":"Drapion","item":"blacksludge","ability":"Battle Armor","moves":["swordsdance","poisonjab","firefang","knockoff"],"nature":"Impish","evs":{"hp":4,"atk":252,"def":252,"spa":0,"spd":0,"spe":0},"shiny":true,"ivs":{"hp":31,"atk":31,"def":31,"spa":31,"spd":31,"spe":31}},{"name":"Dragalge","species":"Dragalge","item":"blacksludge","ability":"Poison Point","moves":["hiddenpowerfire","scald","toxicspikes","sludgebomb"],"nature":"Calm","evs":{"hp":4,"atk":0,"def":0,"spa":252,"spd":252,"spe":0},"ivs":{"hp":31,"atk":30,"def":31,"spa":30,"spd":31,"spe":30},"shiny":true},{"name":"Amoonguss","species":"Amoonguss","item":"blacksludge","ability":"Regenerator","moves":["hiddenpowerbug","worryseed","gigadrain","clearsmog"],"nature":"","ivs":{"hp":31,"atk":30,"def":30,"spa":31,"spd":30,"spe":31},"shiny":true,"evs":{"hp":0,"atk":0,"def":0,"spa":0,"spd":0,"spe":0}}],"p2team":[{"name":"Rotom-Heat","species":"Rotom-Heat","item":"leftovers","ability":"Levitate","moves":["reflect","confuseray","voltswitch","lightscreen"],"nature":"Calm","evs":{"hp":252,"atk":0,"def":4,"spa":0,"spd":252,"spe":0},"ivs":{"hp":31,"atk":31,"def":31,"spa":31,"spd":31,"spe":31}},{"name":"Camerupt","species":"Camerupt","item":"cameruptite","ability":"Solid Rock","moves":["earthpower","lavaplume","willowisp","hiddenpowergrass"],"nature":"Modest","evs":{"hp":248,"atk":0,"def":0,"spa":252,"spd":8,"spe":0},"ivs":{"hp":31,"atk":30,"def":31,"spa":30,"spd":31,"spe":31}},{"name":"Ninetales","species":"Ninetales","item":"airballoon","ability":"Drought","moves":["calmmind","darkpulse","solarbeam","flamethrower"],"nature":"Timid","evs":{"hp":0,"atk":0,"def":0,"spa":252,"spd":4,"spe":252},"ivs":{"hp":31,"atk":31,"def":31,"spa":31,"spd":31,"spe":31}},{"name":"Arcanine","species":"Arcanine","item":"lifeorb","ability":"Intimidate","moves":["extremespeed","flareblitz","closecombat","crunch"],"nature":"","evs":{"hp":0,"atk":0,"def":0,"spa":0,"spd":0,"spe":0},"ivs":{"hp":31,"atk":31,"def":31,"spa":31,"spd":31,"spe":31}},{"name":"Entei","species":"Entei","item":"choiceband","ability":"Pressure","moves":["ironhead","extremespeed","stoneedge","sacredfire"],"nature":"Adamant","evs":{"hp":0,"atk":252,"def":0,"spa":0,"spd":4,"spe":252},"shiny":true,"ivs":{"hp":31,"atk":31,"def":31,"spa":31,"spd":31,"spe":31}},{"name":"Darmanitan","species":"Darmanitan","item":"choicescarf","ability":"Sheer Force","moves":["earthquake","firepunch","stoneedge","zenheadbutt"],"nature":"Jolly","evs":{"hp":0,"atk":252,"def":0,"spa":0,"spd":4,"spe":252},"ivs":{"hp":31,"atk":31,"def":31,"spa":31,"spd":31,"spe":31}}],"log":["|player|p1|Professor♅ Gotenks|professorgotenks.png","|player|p2|Inferno DPX|52","|gametype|singles","|gen|6","|tier|Monotype","|rated","|rule|Baton Pass Clause: Limit one Baton Passer, can't pass Spe and other stats simultaneously","|rule|Swagger Clause: Swagger is banned","|rule|Same Type Clause: Pokémon in a team must share a type","|clearpoke","|poke|p1|Beedrill, M, shiny","|poke|p1|Toxicroak, M","|poke|p1|Gengar, F, shiny","|poke|p1|Drapion, M, shiny","|poke|p1|Dragalge, F, shiny","|poke|p1|Amoonguss, F, shiny","|poke|p2|Rotom-Heat","|poke|p2|Camerupt, M","|poke|p2|Ninetales, M","|poke|p2|Arcanine, F","|poke|p2|Entei, shiny","|poke|p2|Darmanitan, M","|rule|Sleep Clause Mod: Limit one foe put to sleep","|rule|Species Clause: Limit one of each Pokémon","|rule|OHKO Clause: OHKO moves are banned","|rule|Moody Clause: Moody is banned","|rule|Evasion Moves Clause: Evasion moves are banned","|rule|Endless Battle Clause: Forcing endless battles is banned","|rule|HP Percentage Mod: HP is shown in percentages","|teampreview","|","|start","|switch|p1a: Dragalge|Dragalge, F, shiny|272/272","|switch|p2a: Rotom-Heat|Rotom-Heat|304/304","|turn|1","|","|move|p2a: Rotom-Heat|Light Screen|p2a: Rotom-Heat","|-sidestart|p2: Inferno DPX|move: Light Screen","|move|p1a: Dragalge|Toxic Spikes|p2a: Rotom-Heat","|-sidestart|p2: Inferno DPX|move: Toxic Spikes","|","|turn|2","|","|move|p2a: Rotom-Heat|Reflect|p2a: Rotom-Heat","|-sidestart|p2: Inferno DPX|Reflect","|move|p1a: Dragalge|Toxic Spikes|p2a: Rotom-Heat","|-sidestart|p2: Inferno DPX|move: Toxic Spikes","|","|turn|3","|","|move|p2a: Rotom-Heat|Confuse Ray|p1a: Dragalge","|-start|p1a: Dragalge|confusion","|-activate|p1a: Dragalge|confusion","|-damage|p1a: Dragalge|248/272|[from] confusion","|","|-heal|p1a: Dragalge|265/272|[from] item: Black Sludge","|turn|4","|","|switch|p1a: Drapion|Drapion, M, shiny|282/282","|move|p2a: Rotom-Heat|Volt Switch|p1a: Drapion","|-damage|p1a: Drapion|170/282","|","|switch|p2a: Ninetales|Ninetales, M|287/287","|-weather|SunnyDay","|-item|p2a: Ninetales|Air Balloon","|","|-weather|SunnyDay|[upkeep]","|-heal|p1a: Drapion|187/282|[from] item: Black Sludge","|turn|5","|","|move|p2a: Ninetales|Flamethrower|p1a: Drapion","|-damage|p1a: Drapion|0 fnt","|faint|p1a: Drapion","|","|-weather|SunnyDay|[upkeep]","|-sideend|p2: Inferno DPX|move: Light Screen","|","|switch|p1a: Toxicroak|Toxicroak, M|307/307","|turn|6","|","|move|p1a: Toxicroak|Fake Out|p2a: Ninetales","|-damage|p2a: Ninetales|255/287","|-enditem|p2a: Ninetales|Air Balloon","|-damage|p1a: Toxicroak|277/307|[from] item: Life Orb","|cant|p2a: Ninetales|flinch","|","|-weather|SunnyDay|[upkeep]","|-sideend|p2: Inferno DPX|Reflect","|turn|7","|","|switch|p2a: Rotom-Heat|Rotom-Heat|304/304","|move|p1a: Toxicroak|Drain Punch|p2a: Rotom-Heat","|-damage|p2a: Rotom-Heat|156/304","|-heal|p1a: Toxicroak|307/307|[from] drain|[of] p2a: Rotom-Heat","|-damage|p1a: Toxicroak|277/307|[from] item: Life Orb","|","|-weather|SunnyDay|[upkeep]","|-heal|p2a: Rotom-Heat|175/304|[from] item: Leftovers","|turn|8","|","|move|p1a: Toxicroak|Drain Punch|p2a: Rotom-Heat","|-damage|p2a: Rotom-Heat|42/304","|-heal|p1a: Toxicroak|307/307|[from] drain|[of] p2a: Rotom-Heat","|-status|p2a: Rotom-Heat|psn","|-damage|p1a: Toxicroak|277/307|[from] item: Life Orb","|move|p2a: Rotom-Heat|Reflect|p2a: Rotom-Heat","|-sidestart|p2: Inferno DPX|Reflect","|","|-weather|none","|-heal|p2a: Rotom-Heat|61/304 psn|[from] item: Leftovers","|-damage|p2a: Rotom-Heat|23/304 psn|[from] psn","|turn|9","|","|switch|p1a: Gengar|Gengar, F, shiny|261/261","|switch|p2a: Camerupt|Camerupt, M|343/343","|-status|p2a: Camerupt|tox","|","|-damage|p2a: Camerupt|322/343 tox|[from] psn","|turn|10","|","|detailschange|p2a: Camerupt|Camerupt-Mega, M","|-mega|p2a: Camerupt|Camerupt|Cameruptite","|move|p1a: Gengar|Hex|p2a: Camerupt","|-damage|p2a: Camerupt|112/343 tox","|move|p2a: Camerupt|Lava Plume|p1a: Gengar","|-damage|p1a: Gengar|0 fnt","|faint|p1a: Gengar","|","|-damage|p2a: Camerupt|70/343 tox|[from] psn","|","|switch|p1a: Dragalge|Dragalge, F, shiny|265/272","|turn|11","|","|move|p1a: Dragalge|Scald|p2a: Camerupt","|-supereffective|p2a: Camerupt","|-damage|p2a: Camerupt|0 fnt","|faint|p2a: Camerupt","|","|-heal|p1a: Dragalge|272/272|[from] item: Black Sludge","|","|switch|p2a: Rotom-Heat|Rotom-Heat|23/304 psn","|turn|12","|","|move|p2a: Rotom-Heat|Light Screen|p2a: Rotom-Heat","|-sidestart|p2: Inferno DPX|move: Light Screen","|move|p1a: Dragalge|Scald|p2a: Rotom-Heat","|-supereffective|p2a: Rotom-Heat","|-damage|p2a: Rotom-Heat|0 fnt","|faint|p2a: Rotom-Heat","|","|-sideend|p2: Inferno DPX|Reflect","|","|switch|p2a: Ninetales|Ninetales, M|255/287","|-status|p2a: Ninetales|tox","|-weather|SunnyDay","|turn|13","|","|move|p2a: Ninetales|Calm Mind|p2a: Ninetales","|-boost|p2a: Ninetales|spa|1","|-boost|p2a: Ninetales|spd|1","|move|p1a: Dragalge|Scald|p2a: Ninetales","|-supereffective|p2a: Ninetales","|-damage|p2a: Ninetales|230/287 tox","|","|-weather|SunnyDay|[upkeep]","|-damage|p2a: Ninetales|213/287 tox|[from] psn","|turn|14","|","|move|p2a: Ninetales|Calm Mind|p2a: Ninetales","|-boost|p2a: Ninetales|spa|1","|-boost|p2a: Ninetales|spd|1","|move|p1a: Dragalge|Scald|p2a: Ninetales","|-supereffective|p2a: Ninetales","|-damage|p2a: Ninetales|192/287 tox","|","|-weather|SunnyDay|[upkeep]","|-damage|p2a: Ninetales|158/287 tox|[from] psn","|turn|15","|","|switch|p1a: Toxicroak|Toxicroak, M|277/307","|move|p2a: Ninetales|Dark Pulse|p1a: Toxicroak","|-resisted|p1a: Toxicroak","|-damage|p1a: Toxicroak|180/307","|","|-weather|SunnyDay|[upkeep]","|-damage|p2a: Ninetales|107/287 tox|[from] psn","|turn|16","|","|move|p1a: Toxicroak|Fake Out|p2a: Ninetales","|-damage|p2a: Ninetales|36/287 tox","|-damage|p1a: Toxicroak|150/307|[from] item: Life Orb","|cant|p2a: Ninetales|flinch","|","|-weather|SunnyDay|[upkeep]","|-damage|p2a: Ninetales|0 fnt|[from] psn","|-sideend|p2: Inferno DPX|move: Light Screen","|faint|p2a: Ninetales","|","|switch|p2a: Darmanitan|Darmanitan, M|351/351","|-status|p2a: Darmanitan|tox","|turn|17","|","|move|p2a: Darmanitan|Zen Headbutt|p1a: Toxicroak","|-crit|p1a: Toxicroak","|-supereffective|p1a: Toxicroak","|-damage|p1a: Toxicroak|0 fnt","|faint|p1a: Toxicroak","|","|-weather|none","|-damage|p2a: Darmanitan|330/351 tox|[from] psn","|","|switch|p1a: Dragalge|Dragalge, F, shiny|272/272","|turn|18","|","|move|p2a: Darmanitan|Zen Headbutt|p1a: Dragalge","|-supereffective|p1a: Dragalge","|-damage|p1a: Dragalge|0 fnt","|faint|p1a: Dragalge","|","|-damage|p2a: Darmanitan|288/351 tox|[from] psn","|","|switch|p1a: Amoonguss|Amoonguss, F, shiny|369/369","|turn|19","|","|move|p2a: Darmanitan|Zen Headbutt|p1a: Amoonguss","|-supereffective|p1a: Amoonguss","|-damage|p1a: Amoonguss|0 fnt","|faint|p1a: Amoonguss","|","|-damage|p2a: Darmanitan|225/351 tox|[from] psn","|","|switch|p1a: Beedrill|Beedrill, M, shiny|271/271","|turn|20","|","|detailschange|p1a: Beedrill|Beedrill-Mega, M, shiny","|-mega|p1a: Beedrill|Beedrill|Beedrillite","|move|p2a: Darmanitan|Zen Headbutt|p1a: Beedrill","|-supereffective|p1a: Beedrill","|-damage|p1a: Beedrill|0 fnt","|faint|p1a: Beedrill","|","|win|Inferno DPX"],"p1rating":{"entryid":"1465","serverid":"eos","formatid":"monotype","userid":"professorgotenks","username":"Professor♅ Gotenks","w":"5","l":12,"t":"0","gxe":36.2,"r":"1414.6339806528","rd":"78.570537863154","sigma":"0","rptime":"1440406800","rpr":1390.9614683533,"rprd":75.35497197741,"rpsigma":"0","acre":1006.51519263,"lacre":1006.51519263,"oldacre":"1017.8870366445"},"p2rating":{"entryid":"190539","serverid":"eos","formatid":"monotype","userid":"infernodpx","username":"Inferno DPX","w":5,"l":"8","t":"0","gxe":42.7,"r":"1485.2090143947","rd":"91.608201791207","sigma":"0","rptime":"1440406800","rpr":1443.1742568665,"rprd":81.861402240909,"rpsigma":"0","acre":1082.5456023422,"lacre":1082.5456023422,"oldacre":"1053.9347410796"},"endType":"normal"}