{"seed":[7200,40275,43338,55015],"turns":21,"p1":"Ready4Fredbear?","p2":"Alliance - Mxy","p1team":[{"name":"Skarmory","species":"Skarmory","item":"custapberry","ability":"Sturdy","moves":["bravebird","stealthrock","spikes","tailwind"],"nature":"Jolly","evs":{"hp":4,"atk":252,"def":0,"spa":0,"spd":0,"spe":252},"ivs":{"hp":31,"atk":31,"def":31,"spa":31,"spd":31,"spe":31}},{"name":"Bisharp","species":"Bisharp","item":"focussash","ability":"Defiant","moves":["suckerpunch","knockoff","psychocut","swordsdance"],"nature":"Adamant","evs":{"hp":0,"atk":252,"def":4,"spa":0,"spd":0,"spe":252},"ivs":{"hp":31,"atk":31,"def":31,"spa":31,"spd":31,"spe":31}},{"name":"Doublade","species":"Doublade","item":"eviolite","ability":"No Guard","moves":["shadowsneak","swordsdance","gyroball","sacredsword"],"nature":"Brave","evs":{"hp":252,"atk":252,"def":4,"spa":0,"spd":0,"spe":0},"ivs":{"hp":31,"atk":31,"def":31,"spa":31,"spd":31,"spe":0}},{"name":"Heatran","species":"Heatran","item":"airballoon","ability":"Flash Fire","moves":["stoneedge","hiddenpowerice","fireblast","earthpower"],"nature":"Modest","evs":{"hp":0,"atk":0,"def":0,"spa":252,"spd":52,"spe":204},"ivs":{"hp":31,"atk":30,"def":30,"spa":31,"spd":31,"spe":31}},{"name":"Scizor","species":"Scizor","item":"scizorite","ability":"Technician","moves":["swordsdance","bulletpunch","bugbite","roost"],"nature":"Adamant","evs":{"hp":248,"atk":252,"def":0,"spa":0,"spd":8,"spe":0},"ivs":{"hp":31,"atk":31,"def":31,"spa":31,"spd":31,"spe":31}},{"name":"Lucario","species":"Lucario","item":"lifeorb","ability":"Inner Focus","moves":["icepunch","extremespeed","closecombat","swordsdance"],"nature":"Jolly","evs":{"hp":0,"atk":252,"def":4,"spa":0,"spd":0,"spe":252},"ivs":{"hp":31,"atk":31,"def":31,"spa":31,"spd":31,"spe":31}}],"p2team":[{"name":"Steelix","species":"Steelix","item":"steelixite","ability":"Rock Head","moves":["heavyslam","earthquake","firefang","sandstorm"],"nature":"Adamant","evs":{"hp":248,"atk":252,"def":0,"spa":0,"spd":8,"spe":0},"ivs":{"hp":31,"atk":31,"def":31,"spa":31,"spd":31,"spe":31}},{"name":"Excadrill","species":"Excadrill","item":"airballoon","ability":"Sand Rush","moves":["earthquake","rockslide","swordsdance","rapidspin"],"nature":"Jolly","evs":{"hp":0,"atk":252,"def":0,"spa":0,"spd":4,"spe":252},"ivs":{"hp":31,"atk":31,"def":31,"spa":31,"spd":31,"spe":31}},{"name":"Aggron","species":"Aggron","item":"custapberry","ability":"Sturdy","moves":["endeavor","sandstorm","stealthrock","thunderwave"],"nature":"Jolly","evs":{"hp":4,"atk":252,"def":0,"spa":0,"spd":0,"spe":252},"ivs":{"hp":31,"atk":31,"def":31,"spa":31,"spd":31,"spe":31}},{"name":"Magnezone","species":"Magnezone","item":"choicescarf","ability":"Sturdy","moves":["voltswitch","thunderbolt","flashcannon","hiddenpowerice"],"nature":"Timid","evs":{"hp":0,"atk":0,"def":0,"spa":252,"spd":4,"spe":252},"ivs":{"hp":31,"atk":0,"def":30,"spa":31,"spd":31,"spe":31}},{"name":"Heatran","species":"Heatran","item":"leftovers","ability":"Flash Fire","moves":["lavaplume","earthpower","toxic","roar"],"nature":"Calm","evs":{"hp":252,"atk":0,"def":0,"spa":0,"spd":172,"spe":84},"ivs":{"hp":31,"atk":31,"def":31,"spa":31,"spd":31,"spe":31}},{"name":"Skarmory","species":"Skarmory","item":"rockyhelmet","ability":"Sturdy","moves":["bravebird","roost","spikes","sandstorm"],"nature":"Impish","evs":{"hp":248,"atk":0,"def":236,"spa":0,"spd":0,"spe":24},"ivs":{"hp":31,"atk":31,"def":31,"spa":31,"spd":31,"spe":31}}],"log":["|player|p1|Ready4Fredbear?|149","|player|p2|Alliance - Mxy|270","|gametype|singles","|gen|6","|tier|Monotype","|rated","|rule|Baton Pass Clause: Limit one Baton Passer, can't pass Spe and other stats simultaneously","|rule|Swagger Clause: Swagger is banned","|rule|Same Type Clause: Pokémon in a team must share a type","|clearpoke","|poke|p1|Skarmory, F","|poke|p1|Bisharp, F","|poke|p1|Doublade, F","|poke|p1|Heatran, F","|poke|p1|Scizor, F","|poke|p1|Lucario, M","|poke|p2|Steelix, F","|poke|p2|Excadrill, M","|poke|p2|Aggron, F","|poke|p2|Magnezone","|poke|p2|Heatran, M","|poke|p2|Skarmory, M","|rule|Sleep Clause Mod: Limit one foe put to sleep","|rule|Species Clause: Limit one of each Pokémon","|rule|OHKO Clause: OHKO moves are banned","|rule|Moody Clause: Moody is banned","|rule|Evasion Moves Clause: Evasion moves are banned","|rule|Endless Battle Clause: Forcing endless battles is banned","|rule|HP Percentage Mod: HP is shown in percentages","|teampreview","|","|start","|switch|p1a: Skarmory|Skarmory, F|272/272","|switch|p2a: Aggron|Aggron, F|282/282","|turn|1","|","|move|p1a: Skarmory|Stealth Rock|p2a: Aggron","|-sidestart|p2: Alliance - Mxy|move: Stealth Rock","|move|p2a: Aggron|Stealth Rock|p1a: Skarmory","|-sidestart|p1: Ready4Fredbear?|move: Stealth Rock","|","|turn|2","|","|move|p1a: Skarmory|Spikes|p2a: Aggron","|-sidestart|p2: Alliance - Mxy|Spikes","|move|p2a: Aggron|Sandstorm|p2a: Aggron","|-weather|Sandstorm","|","|-weather|Sandstorm|[upkeep]","|turn|3","|","|switch|p2a: Excadrill|Excadrill, M|361/361","|-damage|p2a: Excadrill|350/361|[from] Stealth Rock","|-item|p2a: Excadrill|Air Balloon","|move|p1a: Skarmory|Spikes|p2a: Excadrill","|-sidestart|p2: Alliance - Mxy|Spikes","|","|-weather|Sandstorm|[upkeep]","|turn|4","|","|move|p2a: Excadrill|Rapid Spin|p1a: Skarmory","|-resisted|p1a: Skarmory","|-damage|p1a: Skarmory|263/272","|-sideend|p2: Alliance - Mxy|Spikes|[from] move: Rapid Spin|[of] p2a: Excadrill","|-sideend|p2: Alliance - Mxy|Stealth Rock|[from] move: Rapid Spin|[of] p2a: Excadrill","|move|p1a: Skarmory|Tailwind|p1a: Skarmory","|-sidestart|p1: Ready4Fredbear?|move: Tailwind","|","|-weather|Sandstorm|[upkeep]","|turn|5","|","|move|p2a: Excadrill|Swords Dance|p2a: Excadrill","|-boost|p2a: Excadrill|atk|2","|move|p1a: Skarmory|Brave Bird|p2a: Excadrill","|-resisted|p2a: Excadrill","|-damage|p2a: Excadrill|227/361","|-enditem|p2a: Excadrill|Air Balloon","|-damage|p1a: Skarmory|222/272|[from] recoil|[of] p2a: Excadrill","|","|-weather|Sandstorm|[upkeep]","|turn|6","|","|move|p2a: Excadrill|Rock Slide|p1a: Skarmory","|-damage|p1a: Skarmory|88/272","|move|p1a: Skarmory|Brave Bird|p2a: Excadrill","|-resisted|p2a: Excadrill","|-damage|p2a: Excadrill|113/361","|-damage|p1a: Skarmory|50/272|[from] recoil|[of] p2a: Excadrill","|","|-weather|none","|turn|7","|-enditem|p1a: Skarmory|Custap Berry|[eat]","|-activate|p1a: Skarmory|Custap Berry","|","|move|p1a: Skarmory|Brave Bird|p2a: Excadrill","|-resisted|p2a: Excadrill","|-damage|p2a: Excadrill|0 fnt","|-damage|p1a: Skarmory|13/272|[from] recoil|[of] p2a: Excadrill","|faint|p2a: Excadrill","|","|-sideend|p1: Ready4Fredbear?|move: Tailwind","|","|switch|p2a: Magnezone|Magnezone|281/281","|turn|8","|","|move|p2a: Magnezone|Volt Switch|p1a: Skarmory","|-supereffective|p1a: Skarmory","|-damage|p1a: Skarmory|0 fnt","|faint|p1a: Skarmory","|","|switch|p2a: Aggron|Aggron, F|282/282","|","|","|switch|p1a: Scizor|Scizor, F|343/343","|-damage|p1a: Scizor|301/343|[from] Stealth Rock","|turn|9","|","|switch|p1a: Heatran|Heatran, F|323/323","|-damage|p1a: Heatran|283/323|[from] Stealth Rock","|-item|p1a: Heatran|Air Balloon","|move|p2a: Aggron|Thunder Wave|p1a: Heatran","|-status|p1a: Heatran|par","|","|turn|10","|","|move|p2a: Aggron|Sandstorm|p2a: Aggron","|-weather|Sandstorm","|cant|p1a: Heatran|par","|","|-weather|Sandstorm|[upkeep]","|turn|11","|","|switch|p2a: Magnezone|Magnezone|281/281","|move|p1a: Heatran|Fire Blast|p2a: Magnezone","|-supereffective|p2a: Magnezone","|-ability|p2a: Magnezone|Sturdy","|-damage|p2a: Magnezone|1/281","|","|-weather|Sandstorm|[upkeep]","|turn|12","|","|move|p2a: Magnezone|Volt Switch|p1a: Heatran","|-damage|p1a: Heatran|175/323 par","|-enditem|p1a: Heatran|Air Balloon","|","|switch|p2a: Heatran|Heatran, M|386/386","|move|p1a: Heatran|Fire Blast|p2a: Heatran","|-start|p2a: Heatran|ability: Flash Fire","|","|-weather|Sandstorm|[upkeep]","|turn|13","|","|move|p2a: Heatran|Earth Power|p1a: Heatran","|-supereffective|p1a: Heatran","|-damage|p1a: Heatran|0 fnt","|faint|p1a: Heatran","|","|-weather|Sandstorm|[upkeep]","|","|switch|p1a: Lucario|Lucario, M|281/281","|-damage|p1a: Lucario|273/281|[from] Stealth Rock","|turn|14","|","|-end|p2a: Heatran|ability: Flash Fire|[silent]","|switch|p2a: Aggron|Aggron, F|282/282","|move|p1a: Lucario|Close Combat|p2a: Aggron","|-supereffective|p2a: Aggron","|-ability|p2a: Aggron|Sturdy","|-damage|p2a: Aggron|1/282","|-unboost|p1a: Lucario|def|1","|-unboost|p1a: Lucario|spd|1","|-damage|p1a: Lucario|245/281|[from] item: Life Orb","|","|-weather|none","|turn|15","|-enditem|p2a: Aggron|Custap Berry|[eat]","|-activate|p2a: Aggron|Custap Berry","|","|move|p1a: Lucario|Extreme Speed|p2a: Aggron","|-resisted|p2a: Aggron","|-damage|p2a: Aggron|0 fnt","|-damage|p1a: Lucario|217/281|[from] item: Life Orb","|faint|p2a: Aggron","|","|","|switch|p2a: Skarmory|Skarmory, M|333/333","|turn|16","|","|move|p1a: Lucario|Swords Dance|p1a: Lucario","|-boost|p1a: Lucario|atk|2","|move|p2a: Skarmory|Spikes|p1a: Lucario","|-sidestart|p1: Ready4Fredbear?|Spikes","|","|turn|17","|","|move|p1a: Lucario|Close Combat|p2a: Skarmory","|-crit|p2a: Skarmory","|-ability|p2a: Skarmory|Sturdy","|-damage|p2a: Skarmory|1/333","|-damage|p1a: Lucario|171/281|[from] item: Rocky Helmet|[of] p2a: Skarmory","|-unboost|p1a: Lucario|def|1","|-unboost|p1a: Lucario|spd|1","|-damage|p1a: Lucario|143/281|[from] item: Life Orb","|move|p2a: Skarmory|Spikes|p1a: Lucario","|-sidestart|p1: Ready4Fredbear?|Spikes","|","|turn|18","|","|move|p1a: Lucario|Extreme Speed|p2a: Skarmory","|-resisted|p2a: Skarmory","|-damage|p2a: Skarmory|0 fnt","|-damage|p1a: Lucario|97/281|[from] item: Rocky Helmet|[of] p2a: Skarmory","|-damage|p1a: Lucario|69/281|[from] item: Life Orb","|faint|p2a: Skarmory","|","|","|switch|p2a: Magnezone|Magnezone|1/281","|turn|19","|","|move|p1a: Lucario|Extreme Speed|p2a: Magnezone","|-resisted|p2a: Magnezone","|-damage|p2a: Magnezone|0 fnt","|-damage|p1a: Lucario|41/281|[from] item: Life Orb","|faint|p2a: Magnezone","|","|","|switch|p2a: Steelix|Steelix, F|353/353","|turn|20","|","|detailschange|p2a: Steelix|Steelix-Mega, F","|-mega|p2a: Steelix|Steelix|Steelixite","|move|p1a: Lucario|Close Combat|p2a: Steelix","|-supereffective|p2a: Steelix","|-damage|p2a: Steelix|0 fnt","|-unboost|p1a: Lucario|def|1","|-unboost|p1a: Lucario|spd|1","|-damage|p1a: Lucario|13/281|[from] item: Life Orb","|faint|p2a: Steelix","|","|","|switch|p2a: Heatran|Heatran, M|386/386","|turn|21","|","|move|p1a: Lucario|Close Combat|p2a: Heatran","|-supereffective|p2a: Heatran","|-damage|p2a: Heatran|0 fnt","|-unboost|p1a: Lucario|def|1","|-unboost|p1a: Lucario|spd|1","|-damage|p1a: Lucario|0 fnt|[from] item: Life Orb","|faint|p2a: Heatran","|faint|p1a: Lucario","|","|win|Ready4Fredbear?"],"p1rating":{"entryid":"393868","serverid":"eos","formatid":"monotype","userid":"ready4fredbear","username":"Ready4Fredbear?","w":3,"l":"2","t":"0","gxe":51.8,"r":"1500","rd":"130","sigma":"0","rptime":"1440406800","rpr":1514.5273605094,"rprd":103.45802990233,"rpsigma":"0","acre":1094.1212844244,"lacre":1094.1212844244,"oldacre":"1053.0072449749"},"p2rating":{"entryid":"127788","serverid":"eos","formatid":"monotype","userid":"alliancemxy","username":"Alliance - Mxy","w":"16","l":9,"t":"0","gxe":59.7,"r":"1604.4900838263","rd":"67.887001260084","sigma":"0","rptime":"1440406800","rpr":1575.0953344317,"rprd":65.923494341926,"rpsigma":"0","acre":1121.9633475023,"lacre":1121.9633475023,"oldacre":"1154.0346685515"},"endType":"normal"}