{"seed":[62244,16218,15077,58735],"turns":26,"p1":"Arcade Twizzler","p2":"Alliance-Succubus","p1team":[{"name":"Magnezone","species":"Magnezone","item":"leftovers","ability":"Sturdy","moves":["flashcannon","thunderbolt","protect","hiddenpowerice"],"nature":"Modest","evs":{"hp":76,"atk":0,"def":180,"spa":252,"spd":0,"spe":0},"ivs":{"hp":31,"atk":30,"def":30,"spa":31,"spd":31,"spe":31}},{"name":"Zapdos","species":"Zapdos","item":"leftovers","ability":"Pressure","moves":["discharge","heatwave","toxic","roost"],"nature":"Bold","evs":{"hp":4,"atk":0,"def":252,"spa":56,"spd":196,"spe":0},"ivs":{"hp":31,"atk":31,"def":31,"spa":31,"spd":31,"spe":31}},{"name":"Ampharos","species":"Ampharos","item":"ampharosite","ability":"Static","moves":["cottonguard","rest","sleeptalk","dragonpulse"],"nature":"Bold","evs":{"hp":0,"atk":0,"def":252,"spa":136,"spd":120,"spe":0},"ivs":{"hp":31,"atk":31,"def":31,"spa":31,"spd":31,"spe":31}},{"name":"Raikou","species":"Raikou","item":"leftovers","ability":"Pressure","moves":["calmmind","substitute","thunderbolt","extrasensory"],"nature":"Timid","evs":{"hp":0,"atk":0,"def":0,"spa":252,"spd":4,"spe":252},"ivs":{"hp":31,"atk":30,"def":30,"spa":31,"spd":31,"spe":31}},{"name":"Rotom-Wash","species":"Rotom-Wash","item":"choicescarf","ability":"Levitate","moves":["voltswitch","hydropump","willowisp","trick"],"nature":"Timid","evs":{"hp":0,"atk":0,"def":0,"spa":252,"spd":4,"spe":252},"ivs":{"hp":31,"atk":31,"def":31,"spa":31,"spd":31,"spe":31}},{"name":"Thundurus","species":"Thundurus","item":"lifeorb","ability":"Prankster","moves":["thunderwave","thunderbolt","uturn","psychic"],"nature":"Serious","evs":{"hp":4,"atk":96,"def":0,"spa":156,"spd":0,"spe":252},"ivs":{"hp":31,"atk":31,"def":31,"spa":31,"spd":31,"spe":31}}],"p2team":[{"name":"Titania","species":"absol","item":"absolite","ability":"Justified","moves":["swordsdance","suckerpunch","playrough","protect"],"nature":"Adamant","evs":{"hp":0,"atk":252,"def":0,"spa":0,"spd":4,"spe":252},"gender":"F","ivs":{"hp":31,"atk":31,"def":31,"spa":31,"spd":31,"spe":31}},{"name":"Buzzkill","species":"mandibuzz","item":"leftovers","ability":"Overcoat","moves":["defog","roost","foulplay","toxic"],"nature":"Bold","evs":{"hp":252,"atk":0,"def":252,"spa":0,"spd":4,"spe":0},"ivs":{"hp":31,"atk":31,"def":31,"spa":31,"spd":31,"spe":31}},{"name":"Wii-U","species":"hoopaunbound","item":"choicescarf","ability":"Magician","moves":["darkpulse","psychic","energyball","thunderbolt"],"nature":"Timid","evs":{"hp":0,"atk":0,"def":0,"spa":252,"spd":4,"spe":252},"ivs":{"hp":31,"atk":31,"def":31,"spa":31,"spd":31,"spe":31}},{"name":"Gray Fullbuster","species":"weavile","item":"focussash","ability":"Pressure","moves":["swordsdance","iceshard","poisonjab","knockoff"],"nature":"Jolly","evs":{"hp":0,"atk":252,"def":0,"spa":0,"spd":4,"spe":252},"gender":"M","ivs":{"hp":31,"atk":31,"def":31,"spa":31,"spd":31,"spe":31}},{"name":"Gajeel","species":"bisharp","item":"lifeorb","ability":"Defiant","moves":["suckerpunch","ironhead","stealthrock","swordsdance"],"nature":"Adamant","evs":{"hp":252,"atk":252,"def":0,"spa":0,"spd":4,"spe":0},"gender":"M","ivs":{"hp":31,"atk":31,"def":31,"spa":31,"spd":31,"spe":31}},{"name":"Krooky Monster","species":"krookodile","item":"choicescarf","ability":"Moxie","moves":["earthquake","knockoff","stoneedge","aquatail"],"nature":"Jolly","evs":{"hp":0,"atk":248,"def":0,"spa":0,"spd":4,"spe":252},"gender":"M","ivs":{"hp":31,"atk":31,"def":31,"spa":31,"spd":31,"spe":31}}],"log":["|player|p1|Arcade Twizzler|264","|player|p2|Alliance-Succubus|96","|gametype|singles","|gen|6","|tier|Monotype","|rated","|rule|Baton Pass Clause: Limit one Baton Passer, can't pass Spe and other stats simultaneously","|rule|Swagger Clause: Swagger is banned","|rule|Same Type Clause: Pokémon in a team must share a type","|clearpoke","|poke|p1|Magnezone","|poke|p1|Zapdos","|poke|p1|Ampharos, F","|poke|p1|Raikou","|poke|p1|Rotom-Wash","|poke|p1|Thundurus, M","|poke|p2|Absol, F","|poke|p2|Mandibuzz, F","|poke|p2|Hoopa-Unbound","|poke|p2|Weavile, M","|poke|p2|Bisharp, M","|poke|p2|Krookodile, M","|rule|Sleep Clause Mod: Limit one foe put to sleep","|rule|Species Clause: Limit one of each Pokémon","|rule|OHKO Clause: OHKO moves are banned","|rule|Moody Clause: Moody is banned","|rule|Evasion Moves Clause: Evasion moves are banned","|rule|Endless Battle Clause: Forcing endless battles is banned","|rule|HP Percentage Mod: HP is shown in percentages","|teampreview","|","|start","|switch|p1a: Rotom-Wash|Rotom-Wash|241/241","|switch|p2a: Gajeel|Bisharp, M|334/334","|turn|1","|","|move|p1a: Rotom-Wash|Will-O-Wisp|p2a: Gajeel","|-status|p2a: Gajeel|brn","|move|p2a: Gajeel|Stealth Rock|p1a: Rotom-Wash","|-sidestart|p1: Arcade Twizzler|move: Stealth Rock","|","|-damage|p2a: Gajeel|293/334 brn|[from] brn","|turn|2","|","|switch|p1a: Magnezone|Magnezone|300/300","|-damage|p1a: Magnezone|282/300|[from] Stealth Rock","|move|p2a: Gajeel|Swords Dance|p2a: Gajeel","|-boost|p2a: Gajeel|atk|2","|","|-heal|p1a: Magnezone|300/300|[from] item: Leftovers","|-damage|p2a: Gajeel|252/334 brn|[from] brn","|turn|3","|","|move|p2a: Gajeel|Sucker Punch|p1a: Magnezone","|-damage|p1a: Magnezone|143/300","|-damage|p2a: Gajeel|219/334 brn|[from] item: Life Orb","|move|p1a: Magnezone|Thunderbolt|p2a: Gajeel","|-damage|p2a: Gajeel|0 fnt","|faint|p2a: Gajeel","|","|-heal|p1a: Magnezone|161/300|[from] item: Leftovers","|","|switch|p2a: Wii-U|Hoopa-Unbound|301/301","|turn|4","|","|move|p2a: Wii-U|Dark Pulse|p1a: Magnezone","|-damage|p1a: Magnezone|0 fnt","|faint|p1a: Magnezone","|","|","|switch|p1a: Thundurus|Thundurus, M|300/300","|-damage|p1a: Thundurus|225/300|[from] Stealth Rock","|turn|5","|","|move|p2a: Wii-U|Dark Pulse|p1a: Thundurus","|-damage|p1a: Thundurus|23/300","|move|p1a: Thundurus|U-turn|p2a: Wii-U","|-supereffective|p2a: Wii-U","|-damage|p2a: Wii-U|0 fnt","|-damage|p1a: Thundurus|0 fnt|[from] item: Life Orb","|faint|p2a: Wii-U","|faint|p1a: Thundurus","|","|","|switch|p1a: Rotom-Wash|Rotom-Wash|241/241","|switch|p2a: Titania|Absol, F|271/271","|-damage|p1a: Rotom-Wash|211/241|[from] Stealth Rock","|turn|6","|","|detailschange|p2a: Titania|Absol-Mega, F","|-mega|p2a: Titania|Absol|Absolite","|move|p2a: Titania|Protect|p2a: Titania","|-singleturn|p2a: Titania|Protect","|move|p1a: Rotom-Wash|Will-O-Wisp|p2a: Titania","|-activate|p2a: Titania|Protect","|","|turn|7","|","|switch|p1a: Zapdos|Zapdos|322/322","|-damage|p1a: Zapdos|242/322|[from] Stealth Rock","|-ability|p1a: Zapdos|Pressure","|move|p2a: Titania|Sucker Punch|p1a: Zapdos","|-fail|p2a: Titania","|","|-heal|p1a: Zapdos|262/322|[from] item: Leftovers","|turn|8","|","|switch|p2a: Krooky Monster|Krookodile, M|331/331","|move|p1a: Zapdos|Discharge|p2a: Krooky Monster","|-immune|p2a: Krooky Monster|[msg]","|","|-heal|p1a: Zapdos|282/322|[from] item: Leftovers","|turn|9","|","|move|p2a: Krooky Monster|Knock Off|p1a: Zapdos","|-damage|p1a: Zapdos|153/322","|-enditem|p1a: Zapdos|Leftovers|[from] move: Knock Off|[of] p2a: Krooky Monster","|move|p1a: Zapdos|Roost|p1a: Zapdos","|-heal|p1a: Zapdos|314/322","|","|turn|10","|","|move|p2a: Krooky Monster|Knock Off|p1a: Zapdos","|-damage|p1a: Zapdos|220/322","|move|p1a: Zapdos|Toxic|p2a: Krooky Monster","|-status|p2a: Krooky Monster|tox","|","|-damage|p2a: Krooky Monster|311/331 tox|[from] psn","|turn|11","|","|switch|p2a: Buzzkill|Mandibuzz, F|424/424","|move|p1a: Zapdos|Roost|p1a: Zapdos","|-heal|p1a: Zapdos|322/322","|","|turn|12","|","|move|p1a: Zapdos|Discharge|p2a: Buzzkill","|-supereffective|p2a: Buzzkill","|-damage|p2a: Buzzkill|176/424","|-status|p2a: Buzzkill|par","|move|p2a: Buzzkill|Toxic|p1a: Zapdos","|-status|p1a: Zapdos|tox","|","|-heal|p2a: Buzzkill|202/424 par|[from] item: Leftovers","|-damage|p1a: Zapdos|302/322 tox|[from] psn","|turn|13","|","|move|p1a: Zapdos|Discharge|p2a: Buzzkill","|-supereffective|p2a: Buzzkill","|-damage|p2a: Buzzkill|0 fnt","|faint|p2a: Buzzkill","|","|-damage|p1a: Zapdos|262/322 tox|[from] psn","|","|switch|p2a: Krooky Monster|Krookodile, M|311/331 tox","|turn|14","|","|switch|p1a: Rotom-Wash|Rotom-Wash|211/241","|-damage|p1a: Rotom-Wash|181/241|[from] Stealth Rock","|move|p2a: Krooky Monster|Stone Edge|p1a: Rotom-Wash","|-damage|p1a: Rotom-Wash|75/241","|","|-damage|p2a: Krooky Monster|291/331 tox|[from] psn","|turn|15","|","|move|p2a: Krooky Monster|Stone Edge|p1a: Rotom-Wash|[miss]","|-miss|p2a: Krooky Monster|p1a: Rotom-Wash","|move|p1a: Rotom-Wash|Hydro Pump|p2a: Krooky Monster","|-crit|p2a: Krooky Monster","|-supereffective|p2a: Krooky Monster","|-damage|p2a: Krooky Monster|0 fnt","|faint|p2a: Krooky Monster","|","|","|switch|p2a: Gray Fullbuster|Weavile, M|281/281","|-ability|p2a: Gray Fullbuster|Pressure","|turn|16","|","|move|p1a: Rotom-Wash|Hydro Pump|p2a: Gray Fullbuster","|-damage|p2a: Gray Fullbuster|97/281","|move|p2a: Gray Fullbuster|Knock Off|p1a: Rotom-Wash","|-damage|p1a: Rotom-Wash|0 fnt","|-enditem|p1a: Rotom-Wash|Choice Scarf|[from] move: Knock Off|[of] p2a: Gray Fullbuster","|faint|p1a: Rotom-Wash","|","|","|switch|p1a: Zapdos|Zapdos|262/322 tox","|-damage|p1a: Zapdos|182/322 tox|[from] Stealth Rock","|-ability|p1a: Zapdos|Pressure","|turn|17","|","|move|p2a: Gray Fullbuster|Knock Off|p1a: Zapdos","|-damage|p1a: Zapdos|88/322 tox","|move|p1a: Zapdos|Discharge|p2a: Gray Fullbuster","|-damage|p2a: Gray Fullbuster|0 fnt","|faint|p2a: Gray Fullbuster","|","|-damage|p1a: Zapdos|68/322 tox|[from] psn","|","|switch|p2a: Titania|Absol-Mega, F|271/271","|turn|18","|","|move|p2a: Titania|Sucker Punch|p1a: Zapdos","|-fail|p2a: Titania","|move|p1a: Zapdos|Roost|p1a: Zapdos","|-heal|p1a: Zapdos|229/322 tox","|","|-damage|p1a: Zapdos|189/322 tox|[from] psn","|turn|19","|","|move|p2a: Titania|Protect|p2a: Titania","|-singleturn|p2a: Titania|Protect","|move|p1a: Zapdos|Discharge|p2a: Titania","|-activate|p2a: Titania|Protect","|","|-damage|p1a: Zapdos|129/322 tox|[from] psn","|turn|20","|","|move|p2a: Titania|Swords Dance|p2a: Titania","|-boost|p2a: Titania|atk|2","|move|p1a: Zapdos|Roost|p1a: Zapdos","|-heal|p1a: Zapdos|290/322 tox","|","|-damage|p1a: Zapdos|210/322 tox|[from] psn","|turn|21","|","|move|p2a: Titania|Protect|p2a: Titania","|-singleturn|p2a: Titania|Protect","|move|p1a: Zapdos|Discharge|p2a: Titania","|-activate|p2a: Titania|Protect","|","|-damage|p1a: Zapdos|110/322 tox|[from] psn","|turn|22","|","|move|p2a: Titania|Sucker Punch|p1a: Zapdos","|-damage|p1a: Zapdos|0 fnt","|faint|p1a: Zapdos","|","|","|switch|p1a: Raikou|Raikou|321/321","|-damage|p1a: Raikou|281/321|[from] Stealth Rock","|-ability|p1a: Raikou|Pressure","|turn|23","|","|move|p2a: Titania|Protect|p2a: Titania","|-singleturn|p2a: Titania|Protect","|move|p1a: Raikou|Substitute|p1a: Raikou","|-start|p1a: Raikou|Substitute","|-damage|p1a: Raikou|201/321","|","|-heal|p1a: Raikou|221/321|[from] item: Leftovers","|turn|24","|","|move|p1a: Raikou|Thunderbolt|p2a: Titania","|-damage|p2a: Titania|31/271","|move|p2a: Titania|Play Rough|p1a: Raikou","|-crit|p1a: Raikou","|-end|p1a: Raikou|Substitute","|","|-heal|p1a: Raikou|241/321|[from] item: Leftovers","|turn|25","|","|move|p2a: Titania|Sucker Punch|p1a: Raikou","|-fail|p2a: Titania","|move|p1a: Raikou|Substitute|p1a: Raikou","|-start|p1a: Raikou|Substitute","|-damage|p1a: Raikou|161/321","|","|-heal|p1a: Raikou|181/321|[from] item: Leftovers","|turn|26","|","|move|p1a: Raikou|Thunderbolt|p2a: Titania","|-damage|p2a: Titania|0 fnt","|faint|p2a: Titania","|","|win|Arcade Twizzler"],"p1rating":{"entryid":"396552","serverid":"eos","formatid":"monotype","userid":"arcadetwizzler","username":"Arcade Twizzler","w":7,"l":"0","t":"0","gxe":69.1,"r":"1500","rd":"130","sigma":"0","rptime":"1440406800","rpr":1657.332153481,"rprd":94.99273099464,"rpsigma":"0","acre":1188.132328735,"lacre":1188.132328735,"oldacre":"1172.3992778827"},"p2rating":{"entryid":"50240","serverid":"eos","formatid":"monotype","userid":"alliancesuccubus","username":"Alliance-Succubus","w":"11","l":20,"t":"0","gxe":38.9,"r":"1428.0099475108","rd":"61.639157510384","sigma":"0","rptime":"1440406800","rpr":1413.9225568778,"rprd":60.151845064379,"rpsigma":"0","acre":1027.3718710017,"lacre":1027.3718710017,"oldacre":"1037.1742804068"},"endType":"normal"}