{"seed":[19291,53271,20153,23838],"turns":22,"p1":"Union Wevrm","p2":"sovereign♕zoroark","p1team":[{"name":"Flygon","species":"Flygon","item":"choiceband","ability":"Levitate","moves":["earthquake","stoneedge","outrage","superpower"],"nature":"Jolly","evs":{"hp":0,"atk":252,"def":0,"spa":0,"spd":4,"spe":252},"ivs":{"hp":31,"atk":31,"def":31,"spa":31,"spd":31,"spe":31}},{"name":"Zygarde","species":"Zygarde","item":"leftovers","ability":"Aura Break","moves":["dragondance","extremespeed","rockslide","substitute"],"nature":"Adamant","evs":{"hp":0,"atk":252,"def":0,"spa":0,"spd":4,"spe":252},"ivs":{"hp":31,"atk":31,"def":31,"spa":31,"spd":31,"spe":31}},{"name":"Latios","species":"Latios","item":"latiosite","ability":"Levitate","moves":["dracometeor","psychic","thunderbolt","dragonpulse"],"nature":"Timid","evs":{"hp":0,"atk":0,"def":0,"spa":252,"spd":4,"spe":252},"ivs":{"hp":31,"atk":31,"def":31,"spa":31,"spd":31,"spe":31}},{"name":"Noivern","species":"Noivern","item":"choicespecs","ability":"Frisk","moves":["airslash","boomburst","dracometeor","flamethrower"],"nature":"Timid","evs":{"hp":0,"atk":0,"def":0,"spa":252,"spd":4,"spe":252},"ivs":{"hp":31,"atk":31,"def":31,"spa":31,"spd":31,"spe":31}},{"name":"Kingdra","species":"Kingdra","item":"leftovers","ability":"Sniper","moves":["dragondance","outrage","bounce","waterfall"],"nature":"Adamant","evs":{"hp":0,"atk":0,"def":0,"spa":0,"spd":4,"spe":252},"ivs":{"hp":31,"atk":31,"def":31,"spa":31,"spd":31,"spe":31}},{"name":"Hydreigon","species":"Hydreigon","item":"lifeorb","ability":"Levitate","moves":["crunch","dragonrush","flamethrower","steelwing"],"nature":"Hasty","evs":{"hp":0,"atk":252,"def":0,"spa":4,"spd":0,"spe":252},"ivs":{"hp":31,"atk":31,"def":31,"spa":31,"spd":31,"spe":31}}],"p2team":[{"name":"Chansey","species":"Chansey","item":"leftovers","ability":"Healer","moves":["softboiled","calmmind","substitute","dazzlinggleam"],"nature":"Bold","evs":{"hp":248,"atk":0,"def":252,"spa":8,"spd":0,"spe":0},"ivs":{"hp":31,"atk":31,"def":31,"spa":31,"spd":31,"spe":31}},{"name":"Lopunny","species":"Lopunny","item":"lopunnite","ability":"Cute Charm","moves":["highjumpkick","firepunch","icepunch","thunderpunch"],"nature":"Jolly","evs":{"hp":0,"atk":252,"def":0,"spa":0,"spd":4,"spe":252},"ivs":{"hp":31,"atk":31,"def":31,"spa":31,"spd":31,"spe":31}},{"name":"Pidgeot","species":"Pidgeot","item":"assaultvest","ability":"Keen Eye","moves":["bravebird","facade","roost","return"],"nature":"Adamant","evs":{"hp":248,"atk":252,"def":0,"spa":0,"spd":8,"spe":0},"ivs":{"hp":31,"atk":31,"def":31,"spa":31,"spd":31,"spe":31}},{"name":"Diggersby","species":"Diggersby","item":"airballoon","ability":"Huge Power","moves":["earthquake","brickbreak","firepunch","knockoff"],"nature":"Adamant","evs":{"hp":248,"atk":252,"def":0,"spa":0,"spd":8,"spe":0},"ivs":{"hp":31,"atk":31,"def":31,"spa":31,"spd":31,"spe":31}},{"name":"Slaking","species":"Slaking","item":"assaultvest","ability":"Truant","moves":["hammerarm","earthquake","rockslide","counter"],"nature":"Adamant","evs":{"hp":248,"atk":252,"def":0,"spa":0,"spd":8,"spe":0},"ivs":{"hp":31,"atk":31,"def":31,"spa":31,"spd":31,"spe":31}},{"name":"Staraptor","species":"Staraptor","item":"assaultvest","ability":"Reckless","moves":["bravebird","closecombat","doubleedge","uturn"],"nature":"Jolly","evs":{"hp":0,"atk":252,"def":0,"spa":0,"spd":4,"spe":252},"ivs":{"hp":31,"atk":31,"def":31,"spa":31,"spd":31,"spe":31}}],"log":["|player|p1|Union Wevrm|unionwevrm.png","|player|p2|sovereign♕zoroark|218","|gametype|singles","|gen|6","|tier|Monotype","|rated","|rule|Baton Pass Clause: Limit one Baton Passer, can't pass Spe and other stats simultaneously","|rule|Swagger Clause: Swagger is banned","|rule|Same Type Clause: Pokémon in a team must share a type","|clearpoke","|poke|p1|Flygon, F","|poke|p1|Zygarde","|poke|p1|Latios, M","|poke|p1|Noivern, M","|poke|p1|Kingdra, F","|poke|p1|Hydreigon, M","|poke|p2|Chansey, F","|poke|p2|Lopunny, F","|poke|p2|Pidgeot, M","|poke|p2|Diggersby, F","|poke|p2|Slaking, F","|poke|p2|Staraptor, M","|rule|Sleep Clause Mod: Limit one foe put to sleep","|rule|Species Clause: Limit one of each Pokémon","|rule|OHKO Clause: OHKO moves are banned","|rule|Moody Clause: Moody is banned","|rule|Evasion Moves Clause: Evasion moves are banned","|rule|Endless Battle Clause: Forcing endless battles is banned","|rule|HP Percentage Mod: HP is shown in percentages","|teampreview","|","|start","|switch|p1a: Noivern|Noivern, M|311/311","|switch|p2a: Chansey|Chansey, F|703/703","|-item|p2a: Chansey|Leftovers|[from] ability: Frisk|[of] p1a: Noivern|[identify]","|turn|1","|","|switch|p1a: Flygon|Flygon, F|301/301","|move|p2a: Chansey|Substitute|p2a: Chansey","|-start|p2a: Chansey|Substitute","|-damage|p2a: Chansey|528/703","|","|-heal|p2a: Chansey|571/703|[from] item: Leftovers","|turn|2","|","|move|p1a: Flygon|Outrage|p2a: Chansey","|-end|p2a: Chansey|Substitute","|move|p2a: Chansey|Calm Mind|p2a: Chansey","|-boost|p2a: Chansey|spa|1","|-boost|p2a: Chansey|spd|1","|","|-heal|p2a: Chansey|614/703|[from] item: Leftovers","|turn|3","|","|move|p1a: Flygon|Outrage|p2a: Chansey|[from]lockedmove","|-damage|p2a: Chansey|112/703","|-start|p1a: Flygon|confusion|[fatigue]","|move|p2a: Chansey|Dazzling Gleam|p1a: Flygon","|-supereffective|p1a: Flygon","|-damage|p1a: Flygon|193/301","|","|-heal|p2a: Chansey|155/703|[from] item: Leftovers","|turn|4","|","|-activate|p1a: Flygon|confusion","|-damage|p1a: Flygon|118/301|[from] confusion","|move|p2a: Chansey|Soft-Boiled|p2a: Chansey","|-heal|p2a: Chansey|507/703","|","|-heal|p2a: Chansey|550/703|[from] item: Leftovers","|turn|5","|","|-end|p1a: Flygon|confusion","|move|p1a: Flygon|Outrage|p2a: Chansey","|-damage|p2a: Chansey|25/703","|move|p2a: Chansey|Dazzling Gleam|p1a: Flygon","|-supereffective|p1a: Flygon","|-damage|p1a: Flygon|4/301","|","|-heal|p2a: Chansey|68/703|[from] item: Leftovers","|turn|6","|","|move|p1a: Flygon|Outrage|p2a: Chansey|[from]lockedmove","|-damage|p2a: Chansey|0 fnt","|faint|p2a: Chansey","|","|","|switch|p2a: Lopunny|Lopunny, F|271/271","|turn|7","|","|detailschange|p2a: Lopunny|Lopunny-Mega, F","|-mega|p2a: Lopunny|Lopunny|Lopunnite","|move|p2a: Lopunny|Ice Punch|p1a: Flygon","|-supereffective|p1a: Flygon","|-damage|p1a: Flygon|0 fnt","|faint|p1a: Flygon","|","|","|switch|p1a: Kingdra|Kingdra, F|291/291","|turn|8","|","|move|p2a: Lopunny|Thunder Punch|p1a: Kingdra","|-crit|p1a: Kingdra","|-damage|p1a: Kingdra|142/291","|move|p1a: Kingdra|Outrage|p2a: Lopunny","|-damage|p2a: Lopunny|127/271","|","|-heal|p1a: Kingdra|160/291|[from] item: Leftovers","|turn|9","|","|move|p2a: Lopunny|Ice Punch|p1a: Kingdra","|-damage|p1a: Kingdra|57/291","|move|p1a: Kingdra|Outrage|p2a: Lopunny|[from]lockedmove","|-damage|p2a: Lopunny|0 fnt","|faint|p2a: Lopunny","|","|-heal|p1a: Kingdra|75/291|[from] item: Leftovers","|","|switch|p2a: Staraptor|Staraptor, M|311/311","|turn|10","|","|move|p2a: Staraptor|Double-Edge|p1a: Kingdra","|-damage|p1a: Kingdra|0 fnt","|-damage|p2a: Staraptor|286/311|[from] recoil|[of] p1a: Kingdra","|faint|p1a: Kingdra","|","|","|switch|p1a: Zygarde|Zygarde|357/357","|-ability|p1a: Zygarde|Aura Break","|turn|11","|","|move|p2a: Staraptor|Brave Bird|p1a: Zygarde","|-damage|p1a: Zygarde|164/357","|-damage|p2a: Staraptor|222/311|[from] recoil|[of] p1a: Zygarde","|move|p1a: Zygarde|Substitute|p1a: Zygarde","|-start|p1a: Zygarde|Substitute","|-damage|p1a: Zygarde|75/357","|","|-heal|p1a: Zygarde|97/357|[from] item: Leftovers","|turn|12","|","|move|p2a: Staraptor|U-turn|p1a: Zygarde","|-activate|p1a: Zygarde|Substitute|[damage]","|","|switch|p2a: Pidgeot|Pidgeot, M|369/369","|move|p1a: Zygarde|Dragon Dance|p1a: Zygarde","|-boost|p1a: Zygarde|atk|1","|-boost|p1a: Zygarde|spe|1","|","|-heal|p1a: Zygarde|119/357|[from] item: Leftovers","|turn|13","|","|move|p1a: Zygarde|Rock Slide|p2a: Pidgeot","|-supereffective|p2a: Pidgeot","|-damage|p2a: Pidgeot|67/369","|cant|p2a: Pidgeot|flinch","|","|-heal|p1a: Zygarde|141/357|[from] item: Leftovers","|turn|14","|","|move|p1a: Zygarde|Extreme Speed|p2a: Pidgeot","|-damage|p2a: Pidgeot|0 fnt","|faint|p2a: Pidgeot","|","|-heal|p1a: Zygarde|163/357|[from] item: Leftovers","|","|switch|p2a: Diggersby|Diggersby, F|373/373","|-item|p2a: Diggersby|Air Balloon","|turn|15","|","|move|p1a: Zygarde|Extreme Speed|p2a: Diggersby","|-damage|p2a: Diggersby|219/373","|-enditem|p2a: Diggersby|Air Balloon","|move|p2a: Diggersby|Earthquake|p1a: Zygarde","|-end|p1a: Zygarde|Substitute","|","|-heal|p1a: Zygarde|185/357|[from] item: Leftovers","|turn|16","|","|move|p1a: Zygarde|Extreme Speed|p2a: Diggersby","|-damage|p2a: Diggersby|61/373","|move|p2a: Diggersby|Earthquake|p1a: Zygarde","|-damage|p1a: Zygarde|2/357","|","|-heal|p1a: Zygarde|24/357|[from] item: Leftovers","|turn|17","|","|move|p1a: Zygarde|Extreme Speed|p2a: Diggersby","|-damage|p2a: Diggersby|0 fnt","|faint|p2a: Diggersby","|","|-heal|p1a: Zygarde|46/357|[from] item: Leftovers","|","|switch|p2a: Staraptor|Staraptor, M|222/311","|turn|18","|","|move|p1a: Zygarde|Extreme Speed|p2a: Staraptor","|-damage|p2a: Staraptor|51/311","|move|p2a: Staraptor|Brave Bird|p1a: Zygarde","|-damage|p1a: Zygarde|0 fnt","|-damage|p2a: Staraptor|36/311|[from] recoil|[of] p1a: Zygarde","|faint|p1a: Zygarde","|","|","|switch|p1a: Hydreigon|Hydreigon, M|325/325","|turn|19","|","|move|p2a: Staraptor|Brave Bird|p1a: Hydreigon","|-damage|p1a: Hydreigon|13/325","|-damage|p2a: Staraptor|0 fnt|[from] recoil|[of] p1a: Hydreigon","|faint|p2a: Staraptor","|move|p1a: Hydreigon|Steel Wing|p2: Staraptor|[notarget]","|-notarget","|","|","|switch|p2a: Slaking|Slaking, F|503/503","|turn|20","|","|move|p1a: Hydreigon|Dragon Rush|p2a: Slaking","|-damage|p2a: Slaking|299/503","|-damage|p1a: Hydreigon|0 fnt|[from] item: Life Orb","|faint|p1a: Hydreigon","|move|p2a: Slaking|Rock Slide|p1: Hydreigon|[notarget]","|-notarget","|","|","|switch|p1a: Latios|Latios, M|301/301","|turn|21","|","|detailschange|p1a: Latios|Latios-Mega, M","|-mega|p1a: Latios|Latios|Latiosite","|move|p1a: Latios|Psychic|p2a: Slaking","|-damage|p2a: Slaking|122/503","|cant|p2a: Slaking|ability: Truant|Rock Slide","|","|turn|22","|","|move|p1a: Latios|Draco Meteor|p2a: Slaking","|-damage|p2a: Slaking|0 fnt","|-unboost|p1a: Latios|spa|2","|faint|p2a: Slaking","|","|win|Union Wevrm"],"p1rating":{"entryid":"373318","serverid":"eos","formatid":"monotype","userid":"unionwevrm","username":"Union Wevrm","w":9,"l":"9","t":"0","gxe":50.2,"r":"1498.8010721827","rd":"98.297024950931","sigma":"0","rptime":"1440406800","rpr":1501.6279467476,"rprd":72.522949618415,"rpsigma":"0","acre":1090.8775978338,"lacre":1090.8775978338,"oldacre":"1061.660999587"},"p2rating":{"entryid":"313593","serverid":"eos","formatid":"monotype","userid":"sovereignzoroark","username":"sovereign♕zoroark","w":"13","l":39,"t":"0","gxe":27.9,"r":"1322.0725980657","rd":"55.316099561562","sigma":"0","rptime":"1440406800","rpr":1319.3303351538,"rprd":50.150409705185,"rpsigma":"0","acre":1028.4957539608,"lacre":1028.4957539608,"oldacre":"1044.3119945844"},"endType":"normal"}