{"seed":[3614,59229,31020,24110],"turns":24,"p1":"SWL Neßki","p2":"alliance - ed wins","p1team":[{"name":"Dragonite","species":"Dragonite","item":"choiceband","ability":"Multiscale","moves":["extremespeed","outrage","superpower","earthquake"],"nature":"Adamant","evs":{"hp":4,"atk":252,"def":0,"spa":0,"spd":0,"spe":252},"ivs":{"hp":31,"atk":31,"def":31,"spa":31,"spd":31,"spe":31}},{"name":"Mandibuzz","species":"Mandibuzz","item":"rockyhelmet","ability":"Overcoat","moves":["taunt","foulplay","defog","roost"],"nature":"Bold","evs":{"hp":248,"atk":0,"def":252,"spa":0,"spd":0,"spe":8},"ivs":{"hp":31,"atk":31,"def":31,"spa":31,"spd":31,"spe":31}},{"name":"Thundurus-Therian","species":"Thundurus-Therian","item":"assaultvest","ability":"Volt Absorb","moves":["voltswitch","discharge","knockoff","hiddenpowerice"],"nature":"Timid","evs":{"hp":0,"atk":0,"def":0,"spa":252,"spd":4,"spe":252},"ivs":{"hp":31,"atk":2,"def":30,"spa":31,"spd":31,"spe":31}},{"name":"All Falls Down","species":"charizard","item":"charizarditey","ability":"Blaze","moves":["flamethrower","solarbeam","earthquake","overheat"],"nature":"Modest","evs":{"hp":4,"atk":0,"def":0,"spa":252,"spd":0,"spe":252},"ivs":{"hp":31,"atk":31,"def":31,"spa":31,"spd":31,"spe":31}},{"name":"Landorus-Therian","species":"Landorus-Therian","item":"choicescarf","ability":"Intimidate","moves":["uturn","rockslide","earthquake","outrage"],"nature":"Adamant","evs":{"hp":0,"atk":252,"def":0,"spa":0,"spd":0,"spe":252},"ivs":{"hp":31,"atk":31,"def":31,"spa":31,"spd":31,"spe":31}},{"name":"Archeops","species":"Archeops","item":"focussash","ability":"Defeatist","moves":["taunt","stealthrock","defog","endeavor"],"nature":"Naive","evs":{"hp":0,"atk":252,"def":0,"spa":0,"spd":0,"spe":252},"ivs":{"hp":0,"atk":31,"def":0,"spa":0,"spd":0,"spe":31}}],"p2team":[{"name":"Diancie","species":"Diancie","item":"leftovers","ability":"Clear Body","moves":["stealthrock","trickroom","diamondstorm","explosion"],"nature":"Brave","evs":{"hp":248,"atk":252,"def":8,"spa":0,"spd":0,"spe":0},"ivs":{"hp":31,"atk":31,"def":31,"spa":31,"spd":31,"spe":0}},{"name":"Sylveon","species":"Sylveon","item":"choicespecs","ability":"Pixilate","moves":["hypervoice","hiddenpowerfire","psyshock","shadowball"],"nature":"Quiet","evs":{"hp":248,"atk":0,"def":8,"spa":252,"spd":0,"spe":0},"gender":"M","ivs":{"hp":31,"atk":0,"def":31,"spa":30,"spd":31,"spe":0}},{"name":"Azumarill","species":"Azumarill","item":"lifeorb","ability":"Huge Power","moves":["playrough","waterfall","superpower","aquajet"],"nature":"Brave","evs":{"hp":248,"atk":252,"def":0,"spa":0,"spd":8,"spe":0},"gender":"M","ivs":{"hp":31,"atk":31,"def":31,"spa":31,"spd":31,"spe":0}},{"name":"Gardevoir","species":"Gardevoir","item":"gardevoirite","ability":"Trace","moves":["hypervoice","focusblast","trickroom","healingwish"],"nature":"Quiet","evs":{"hp":248,"atk":0,"def":8,"spa":252,"spd":0,"spe":0},"gender":"M","ivs":{"hp":31,"atk":0,"def":31,"spa":31,"spd":31,"spe":0},"shiny":true},{"name":"Klefki","species":"Klefki","item":"lightclay","ability":"Prankster","moves":["reflect","lightscreen","foulplay","spikes"],"nature":"Bold","evs":{"hp":248,"atk":0,"def":252,"spa":0,"spd":8,"spe":0},"ivs":{"hp":31,"atk":0,"def":31,"spa":31,"spd":31,"spe":31}},{"name":"Togekiss","species":"Togekiss","item":"choicescarf","ability":"Serene Grace","moves":["airslash","fireblast","dazzlinggleam","trick"],"nature":"Timid","evs":{"hp":0,"atk":0,"def":0,"spa":252,"spd":4,"spe":252},"ivs":{"hp":31,"atk":0,"def":31,"spa":31,"spd":31,"spe":31}}],"log":["|player|p1|SWL Neßki|swlneki.png","|player|p2|alliance - ed wins|allianceedwins.png","|gametype|singles","|gen|6","|tier|Monotype","|rated","|rule|Baton Pass Clause: Limit one Baton Passer, can't pass Spe and other stats simultaneously","|rule|Swagger Clause: Swagger is banned","|rule|Same Type Clause: Pokémon in a team must share a type","|clearpoke","|poke|p1|Dragonite, F","|poke|p1|Mandibuzz, F","|poke|p1|Thundurus-Therian, M","|poke|p1|Charizard, M","|poke|p1|Landorus-Therian, M","|poke|p1|Archeops, M","|poke|p2|Diancie","|poke|p2|Sylveon, M","|poke|p2|Azumarill, M","|poke|p2|Gardevoir, M, shiny","|poke|p2|Klefki, M","|poke|p2|Togekiss, M","|rule|Sleep Clause Mod: Limit one foe put to sleep","|rule|Species Clause: Limit one of each Pokémon","|rule|OHKO Clause: OHKO moves are banned","|rule|Moody Clause: Moody is banned","|rule|Evasion Moves Clause: Evasion moves are banned","|rule|Endless Battle Clause: Forcing endless battles is banned","|rule|HP Percentage Mod: HP is shown in percentages","|teampreview","|","|start","|switch|p1a: Landorus-Therian|Landorus-Therian, M|319/319","|switch|p2a: Togekiss|Togekiss, M|311/311","|-ability|p1a: Landorus-Therian|Intimidate","|-unboost|p2a: Togekiss|atk|1","|turn|1","|","|move|p2a: Togekiss|Air Slash|p1a: Landorus-Therian","|-damage|p1a: Landorus-Therian|154/319","|move|p1a: Landorus-Therian|U-turn|p2a: Togekiss","|-resisted|p2a: Togekiss","|-damage|p2a: Togekiss|285/311","|","|switch|p1a: Thundurus-Therian|Thundurus-Therian, M|299/299","|","|turn|2","|","|switch|p2a: Gardevoir|Gardevoir, M, shiny|339/339","|-ability|p2a: Gardevoir|Volt Absorb|[from] ability: Trace|[of] p1a: Thundurus-Therian","|move|p1a: Thundurus-Therian|Knock Off|p2a: Gardevoir","|-damage|p2a: Gardevoir|278/339","|","|turn|3","|","|switch|p1a: Archeops|Archeops, M|260/260","|move|p2a: Gardevoir|Trick Room|p2a: Gardevoir","|-fieldstart|move: Trick Room|[of] p2a: Gardevoir","|","|turn|4","|","|move|p2a: Gardevoir|Hyper Voice|p1a: Archeops","|-resisted|p1a: Archeops","|-damage|p1a: Archeops|154/260","|move|p1a: Archeops|Endeavor|p2a: Gardevoir","|-damage|p2a: Gardevoir|154/339","|","|turn|5","|","|detailschange|p2a: Gardevoir|Gardevoir-Mega, M, shiny","|-mega|p2a: Gardevoir|Gardevoir|Gardevoirite","|move|p2a: Gardevoir|Hyper Voice|p1a: Archeops","|-crit|p1a: Archeops","|-damage|p1a: Archeops|0 fnt","|faint|p1a: Archeops","|","|","|switch|p1a: Dragonite|Dragonite, F|324/324","|turn|6","|","|switch|p2a: Togekiss|Togekiss, M|285/311","|move|p1a: Dragonite|Earthquake|p2a: Togekiss","|-immune|p2a: Togekiss|[msg]","|","|turn|7","|","|switch|p1a: Thundurus-Therian|Thundurus-Therian, M|299/299","|switch|p2a: Diancie|Diancie|303/303","|","|-fieldend|move: Trick Room","|turn|8","|","|move|p1a: Thundurus-Therian|Volt Switch|p2a: Diancie","|-damage|p2a: Diancie|200/303","|","|switch|p1a: Mandibuzz|Mandibuzz, F|423/423","|move|p2a: Diancie|Trick Room|p2a: Diancie","|-fieldstart|move: Trick Room|[of] p2a: Diancie","|","|-heal|p2a: Diancie|218/303|[from] item: Leftovers","|turn|9","|","|move|p2a: Diancie|Diamond Storm|p1a: Mandibuzz","|-crit|p1a: Mandibuzz","|-supereffective|p1a: Mandibuzz","|-damage|p1a: Mandibuzz|93/423","|-boost|p2a: Diancie|def|1","|move|p1a: Mandibuzz|Taunt|p2a: Diancie","|-start|p2a: Diancie|move: Taunt","|","|-heal|p2a: Diancie|236/303|[from] item: Leftovers","|turn|10","|","|move|p2a: Diancie|Diamond Storm|p1a: Mandibuzz","|-miss|p2a: Diancie|p1a: Mandibuzz","|move|p1a: Mandibuzz|Foul Play|p2a: Diancie","|-resisted|p2a: Diancie","|-damage|p2a: Diancie|200/303","|","|-heal|p2a: Diancie|218/303|[from] item: Leftovers","|turn|11","|","|switch|p1a: Landorus-Therian|Landorus-Therian, M|154/319","|-ability|p1a: Landorus-Therian|Intimidate","|-fail|p2a: Diancie|unboost|[from] ability: Clear Body|[of] p2a: Diancie","|move|p2a: Diancie|Diamond Storm|p1a: Landorus-Therian","|-miss|p2a: Diancie|p1a: Landorus-Therian","|","|-heal|p2a: Diancie|236/303|[from] item: Leftovers","|turn|12","|","|move|p2a: Diancie|Diamond Storm|p1a: Landorus-Therian","|-damage|p1a: Landorus-Therian|0 fnt","|-boost|p2a: Diancie|def|1","|faint|p1a: Landorus-Therian","|","|-heal|p2a: Diancie|254/303|[from] item: Leftovers","|-end|p2a: Diancie|move: Taunt","|-fieldend|move: Trick Room","|","|switch|p1a: All Falls Down|Charizard, M|298/298","|turn|13","|","|detailschange|p1a: All Falls Down|Charizard-Mega-Y, M","|-mega|p1a: All Falls Down|Charizard|Charizardite Y","|-weather|SunnyDay","|move|p1a: All Falls Down|Solar Beam|p2a: Diancie|[still]","|-prepare|p1a: All Falls Down|Solar Beam|p2a: Diancie","|-anim|p1a: All Falls Down|Solar Beam|p2a: Diancie","|-supereffective|p2a: Diancie","|-damage|p2a: Diancie|0 fnt","|faint|p2a: Diancie","|","|-weather|SunnyDay|[upkeep]","|","|switch|p2a: Togekiss|Togekiss, M|285/311","|turn|14","|","|switch|p1a: Thundurus-Therian|Thundurus-Therian, M|299/299","|move|p2a: Togekiss|Air Slash|p1a: Thundurus-Therian","|-resisted|p1a: Thundurus-Therian","|-damage|p1a: Thundurus-Therian|246/299","|","|-weather|SunnyDay|[upkeep]","|turn|15","|","|switch|p2a: Klefki|Klefki, M|317/317","|move|p1a: Thundurus-Therian|Volt Switch|p2a: Klefki","|-damage|p2a: Klefki|164/317","|","|switch|p1a: All Falls Down|Charizard-Mega-Y, M|298/298","|","|-weather|SunnyDay|[upkeep]","|turn|16","|","|switch|p1a: Thundurus-Therian|Thundurus-Therian, M|246/299","|move|p2a: Klefki|Light Screen|p2a: Klefki","|-sidestart|p2: alliance - ed wins|move: Light Screen","|","|-weather|SunnyDay|[upkeep]","|turn|17","|","|move|p2a: Klefki|Reflect|p2a: Klefki","|-sidestart|p2: alliance - ed wins|Reflect","|move|p1a: Thundurus-Therian|Knock Off|p2a: Klefki","|-resisted|p2a: Klefki","|-damage|p2a: Klefki|151/317","|-enditem|p2a: Klefki|Light Clay|[from] move: Knock Off|[of] p1a: Thundurus-Therian","|","|-weather|none","|turn|18","|","|switch|p1a: Mandibuzz|Mandibuzz, F|93/423","|switch|p2a: Gardevoir|Gardevoir-Mega, M, shiny|154/339","|","|turn|19","|","|move|p1a: Mandibuzz|Taunt|p2a: Gardevoir","|-start|p2a: Gardevoir|move: Taunt","|move|p2a: Gardevoir|Hyper Voice|p1a: Mandibuzz","|-supereffective|p1a: Mandibuzz","|-damage|p1a: Mandibuzz|0 fnt","|faint|p1a: Mandibuzz","|","|","|switch|p1a: All Falls Down|Charizard-Mega-Y, M|298/298","|-weather|SunnyDay","|turn|20","|","|switch|p2a: Klefki|Klefki, M|151/317","|move|p1a: All Falls Down|Flamethrower|p2a: Klefki","|-supereffective|p2a: Klefki","|-damage|p2a: Klefki|0 fnt","|faint|p2a: Klefki","|","|-weather|SunnyDay|[upkeep]","|","|switch|p2a: Togekiss|Togekiss, M|285/311","|turn|21","|","|move|p2a: Togekiss|Air Slash|p1a: All Falls Down","|-damage|p1a: All Falls Down|180/298","|cant|p1a: All Falls Down|flinch","|","|-weather|SunnyDay|[upkeep]","|turn|22","|","|switch|p2a: Gardevoir|Gardevoir-Mega, M, shiny|154/339","|switch|p1a: Thundurus-Therian|Thundurus-Therian, M|246/299","|","|-weather|SunnyDay|[upkeep]","|turn|23","|","|move|p1a: Thundurus-Therian|Discharge|p2a: Gardevoir","|-damage|p2a: Gardevoir|97/339","|-status|p2a: Gardevoir|par","|cant|p2a: Gardevoir|par","|","|-weather|SunnyDay|[upkeep]","|-sideend|p2: alliance - ed wins|move: Light Screen","|turn|24","|","|move|p1a: Thundurus-Therian|Discharge|p2a: Gardevoir","|-damage|p2a: Gardevoir|0 fnt","|faint|p2a: Gardevoir","|","|-weather|none","|-sideend|p2: alliance - ed wins|Reflect","|","|win|SWL Neßki"],"p1rating":{"entryid":"388","serverid":"eos","formatid":"monotype","userid":"swlneki","username":"SWL Neßki","w":26,"l":"12","t":"0","gxe":65.7,"r":"1616.6921977053","rd":"58.287112316733","sigma":"0","rptime":"1440406800","rpr":1624.1733267523,"rprd":57.606637259933,"rpsigma":"0","acre":1173.5752820306,"lacre":1173.5752820306,"oldacre":"1152.3936393996"},"p2rating":{"entryid":"173044","serverid":"eos","formatid":"monotype","userid":"allianceedwins","username":"alliance - ed wins","w":"2","l":1,"t":"0","gxe":56.9,"r":"1557.0610615","rd":"123.89526123233","sigma":"0","rptime":"1440406800","rpr":1555.114672531,"rprd":111.43374064779,"rpsigma":"0","acre":1077.8667150502,"lacre":1077.8667150502,"oldacre":"1098.9098049494"},"endType":"forfeit"}