{"seed":[31642,43880,60638,33256],"turns":34,"p1":"Arcade BitTrippy","p2":"SL Espeon","p1team":[{"name":"One Shot?","species":"chansey","item":"eviolite","ability":"Natural Cure","moves":["toxic","softboiled","seismictoss","healbell"],"nature":"Bold","evs":{"hp":248,"atk":0,"def":252,"spa":0,"spd":8,"spe":0},"ivs":{"hp":31,"atk":31,"def":31,"spa":31,"spd":31,"spe":31}},{"name":"'murica fk yeah!","species":"braviary","item":"leftovers","ability":"Defiant","moves":["bravebird","bulkup","facade","roost"],"nature":"Careful","evs":{"hp":252,"atk":4,"def":0,"spa":0,"spd":252,"spe":0},"ivs":{"hp":31,"atk":31,"def":31,"spa":31,"spd":31,"spe":31}},{"name":"Aloha Snackbar","species":"staraptor","item":"choicescarf","ability":"Reckless","moves":["bravebird","doubleedge","finalgambit","uturn"],"nature":"Jolly","evs":{"hp":0,"atk":252,"def":0,"spa":0,"spd":4,"spe":252},"ivs":{"hp":31,"atk":31,"def":31,"spa":31,"spd":31,"spe":31}},{"name":"Brooklyn Slut","species":"lopunny","item":"lopunnite","ability":"Cute Charm","moves":["fakeout","highjumpkick","facade","poweruppunch"],"nature":"Jolly","evs":{"hp":0,"atk":252,"def":0,"spa":0,"spd":4,"spe":252},"gender":"F","ivs":{"hp":31,"atk":31,"def":31,"spa":31,"spd":31,"spe":31}},{"name":"Duck. EXE 2.0","species":"porygon2","item":"eviolite","ability":"Trace","moves":["thunderwave","triattack","recover","icebeam"],"nature":"Bold","evs":{"hp":252,"atk":0,"def":104,"spa":0,"spd":152,"spe":0},"ivs":{"hp":31,"atk":31,"def":31,"spa":31,"spd":31,"spe":31}},{"name":"Niggersby","species":"diggersby","item":"focussash","ability":"Huge Power","moves":["return","earthquake","quickattack","firepunch"],"nature":"Adamant","evs":{"hp":4,"atk":252,"def":0,"spa":0,"spd":0,"spe":252},"gender":"M","ivs":{"hp":31,"atk":31,"def":31,"spa":31,"spd":31,"spe":31}}],"p2team":[{"name":"Skarmory","species":"Skarmory","item":"rockyhelmet","ability":"Sturdy","moves":["roost","stealthrock","bravebird","defog"],"nature":"Impish","evs":{"hp":0,"atk":252,"def":0,"spa":0,"spd":4,"spe":252},"ivs":{"hp":31,"atk":31,"def":31,"spa":31,"spd":31,"spe":31}},{"name":"Heatran","species":"Heatran","item":"airballoon","ability":"Flash Fire","moves":["protect","lavaplume","earthpower","willowisp"],"nature":"Calm","evs":{"hp":248,"atk":0,"def":0,"spa":8,"spd":252,"spe":0},"ivs":{"hp":31,"atk":31,"def":31,"spa":31,"spd":31,"spe":31}},{"name":"Excadrill","species":"Excadrill","item":"choicescarf","ability":"Mold Breaker","moves":["earthquake","ironhead","rockslide","xscissor"],"nature":"Jolly","evs":{"hp":0,"atk":252,"def":0,"spa":0,"spd":4,"spe":252},"ivs":{"hp":31,"atk":31,"def":31,"spa":31,"spd":31,"spe":31}},{"name":"Magnezone","species":"Magnezone","item":"choicescarf","ability":"Sturdy","moves":["hiddenpowerice","thunderbolt","triattack","voltswitch"],"nature":"Timid","evs":{"hp":0,"atk":0,"def":0,"spa":252,"spd":4,"spe":252},"ivs":{"hp":31,"atk":30,"def":30,"spa":31,"spd":31,"spe":31}},{"name":"Lucario","species":"Lucario","item":"lifeorb","ability":"Inner Focus","moves":["aurasphere","vacuumwave","flashcannon","shadowball"],"nature":"Timid","evs":{"hp":0,"atk":0,"def":0,"spa":252,"spd":4,"spe":252},"ivs":{"hp":31,"atk":31,"def":31,"spa":31,"spd":31,"spe":31}},{"name":"Jirachi","species":"Jirachi","item":"choicescarf","ability":"Serene Grace","moves":["ironhead","zenheadbutt","icepunch","uturn"],"nature":"Jolly","evs":{"hp":0,"atk":252,"def":0,"spa":0,"spd":4,"spe":252},"ivs":{"hp":31,"atk":31,"def":31,"spa":31,"spd":31,"spe":31}}],"log":["|player|p1|Arcade BitTrippy|92","|player|p2|SL Espeon|70","|gametype|singles","|gen|6","|tier|Monotype","|rated","|rule|Baton Pass Clause: Limit one Baton Passer, can't pass Spe and other stats simultaneously","|rule|Swagger Clause: Swagger is banned","|rule|Same Type Clause: Pokémon in a team must share a type","|clearpoke","|poke|p1|Chansey, F","|poke|p1|Braviary, M","|poke|p1|Staraptor, F","|poke|p1|Lopunny, F","|poke|p1|Porygon2","|poke|p1|Diggersby, M","|poke|p2|Skarmory, M","|poke|p2|Heatran, M","|poke|p2|Excadrill, M","|poke|p2|Magnezone","|poke|p2|Lucario, F","|poke|p2|Jirachi","|rule|Sleep Clause Mod: Limit one foe put to sleep","|rule|Species Clause: Limit one of each Pokémon","|rule|OHKO Clause: OHKO moves are banned","|rule|Moody Clause: Moody is banned","|rule|Evasion Moves Clause: Evasion moves are banned","|rule|Endless Battle Clause: Forcing endless battles is banned","|rule|HP Percentage Mod: HP is shown in percentages","|teampreview","|","|start","|switch|p1a: Niggersby|Diggersby, M|312/312","|switch|p2a: Lucario|Lucario, F|281/281","|turn|1","|","|switch|p2a: Skarmory|Skarmory, M|271/271","|move|p1a: Niggersby|Earthquake|p2a: Skarmory","|-immune|p2a: Skarmory|[msg]","|","|turn|2","|","|move|p1a: Niggersby|Fire Punch|p2a: Skarmory","|-supereffective|p2a: Skarmory","|-damage|p2a: Skarmory|123/271","|-damage|p1a: Niggersby|260/312|[from] item: Rocky Helmet|[of] p2a: Skarmory","|move|p2a: Skarmory|Stealth Rock|p1a: Niggersby","|-sidestart|p1: Arcade BitTrippy|move: Stealth Rock","|","|turn|3","|","|switch|p2a: Heatran|Heatran, M|385/385","|-item|p2a: Heatran|Air Balloon","|move|p1a: Niggersby|Fire Punch|p2a: Heatran","|-start|p2a: Heatran|ability: Flash Fire","|","|turn|4","|","|move|p1a: Niggersby|Quick Attack|p2a: Heatran","|-resisted|p2a: Heatran","|-damage|p2a: Heatran|338/385","|-enditem|p2a: Heatran|Air Balloon","|move|p2a: Heatran|Will-O-Wisp|p1a: Niggersby","|-status|p1a: Niggersby|brn","|","|-damage|p1a: Niggersby|221/312 brn|[from] brn","|turn|5","|","|move|p2a: Heatran|Protect|p2a: Heatran","|-singleturn|p2a: Heatran|Protect","|move|p1a: Niggersby|Earthquake|p2a: Heatran","|-activate|p2a: Heatran|Protect","|","|-damage|p1a: Niggersby|182/312 brn|[from] brn","|turn|6","|","|move|p1a: Niggersby|Earthquake|p2a: Heatran","|-crit|p2a: Heatran","|-supereffective|p2a: Heatran","|-damage|p2a: Heatran|0 fnt","|faint|p2a: Heatran","|","|-damage|p1a: Niggersby|143/312 brn|[from] brn","|","|switch|p2a: Lucario|Lucario, F|281/281","|turn|7","|","|move|p2a: Lucario|Vacuum Wave|p1a: Niggersby","|-supereffective|p1a: Niggersby","|-damage|p1a: Niggersby|0 fnt","|-damage|p2a: Lucario|253/281|[from] item: Life Orb","|faint|p1a: Niggersby","|","|","|switch|p1a: One Shot?|Chansey, F|703/703","|-damage|p1a: One Shot?|616/703|[from] Stealth Rock","|turn|8","|","|switch|p2a: Jirachi|Jirachi|341/341","|move|p1a: One Shot?|Seismic Toss|p2a: Jirachi","|-damage|p2a: Jirachi|241/341","|","|turn|9","|","|move|p2a: Jirachi|Zen Headbutt|p1a: One Shot?","|-damage|p1a: One Shot?|460/703","|cant|p1a: One Shot?|flinch","|","|turn|10","|","|move|p2a: Jirachi|Zen Headbutt|p1a: One Shot?","|-damage|p1a: One Shot?|313/703","|cant|p1a: One Shot?|flinch","|","|turn|11","|","|move|p2a: Jirachi|Zen Headbutt|p1a: One Shot?|[miss]","|-miss|p2a: Jirachi|p1a: One Shot?","|move|p1a: One Shot?|Seismic Toss|p2a: Jirachi","|-damage|p2a: Jirachi|141/341","|","|turn|12","|","|move|p2a: Jirachi|Zen Headbutt|p1a: One Shot?","|-damage|p1a: One Shot?|154/703","|move|p1a: One Shot?|Soft-Boiled|p1a: One Shot?","|-heal|p1a: One Shot?|506/703","|","|turn|13","|","|move|p2a: Jirachi|Zen Headbutt|p1a: One Shot?","|-damage|p1a: One Shot?|358/703","|cant|p1a: One Shot?|flinch","|","|turn|14","|","|move|p2a: Jirachi|Zen Headbutt|p1a: One Shot?","|-damage|p1a: One Shot?|207/703","|cant|p1a: One Shot?|flinch","|","|turn|15","|","|move|p2a: Jirachi|Zen Headbutt|p1a: One Shot?","|-damage|p1a: One Shot?|63/703","|move|p1a: One Shot?|Soft-Boiled|p1a: One Shot?","|-heal|p1a: One Shot?|415/703","|","|turn|16","|","|move|p2a: Jirachi|Zen Headbutt|p1a: One Shot?","|-damage|p1a: One Shot?|268/703","|move|p1a: One Shot?|Seismic Toss|p2a: Jirachi","|-damage|p2a: Jirachi|41/341","|","|turn|17","|","|move|p2a: Jirachi|Zen Headbutt|p1a: One Shot?","|-damage|p1a: One Shot?|121/703","|move|p1a: One Shot?|Soft-Boiled|p1a: One Shot?","|-heal|p1a: One Shot?|473/703","|","|turn|18","|","|switch|p2a: Skarmory|Skarmory, M|123/271","|move|p1a: One Shot?|Seismic Toss|p2a: Skarmory","|-damage|p2a: Skarmory|23/271","|-damage|p1a: One Shot?|356/703|[from] item: Rocky Helmet|[of] p2a: Skarmory","|","|turn|19","|","|move|p2a: Skarmory|Roost|p2a: Skarmory","|-heal|p2a: Skarmory|159/271","|move|p1a: One Shot?|Seismic Toss|p2a: Skarmory","|-damage|p2a: Skarmory|59/271","|-damage|p1a: One Shot?|239/703|[from] item: Rocky Helmet|[of] p2a: Skarmory","|","|turn|20","|","|move|p2a: Skarmory|Roost|p2a: Skarmory","|-heal|p2a: Skarmory|195/271","|move|p1a: One Shot?|Soft-Boiled|p1a: One Shot?","|-heal|p1a: One Shot?|591/703","|","|turn|21","|","|move|p2a: Skarmory|Roost|p2a: Skarmory","|-heal|p2a: Skarmory|271/271","|move|p1a: One Shot?|Seismic Toss|p2a: Skarmory","|-damage|p2a: Skarmory|171/271","|-damage|p1a: One Shot?|474/703|[from] item: Rocky Helmet|[of] p2a: Skarmory","|","|turn|22","|","|move|p2a: Skarmory|Brave Bird|p1a: One Shot?","|-damage|p1a: One Shot?|270/703","|-damage|p2a: Skarmory|104/271|[from] recoil|[of] p1a: One Shot?","|move|p1a: One Shot?|Seismic Toss|p2a: Skarmory","|-damage|p2a: Skarmory|4/271","|-damage|p1a: One Shot?|153/703|[from] item: Rocky Helmet|[of] p2a: Skarmory","|","|turn|23","|","|move|p2a: Skarmory|Brave Bird|p1a: One Shot?","|-damage|p1a: One Shot?|0 fnt","|-damage|p2a: Skarmory|0 fnt|[from] recoil|[of] p1a: One Shot?","|faint|p1a: One Shot?","|faint|p2a: Skarmory","|","|","|switch|p2a: Lucario|Lucario, F|253/281","|switch|p1a: 'murica fk yeah!|Braviary, M|404/404","|-damage|p1a: 'murica fk yeah!|303/404|[from] Stealth Rock","|turn|24","|","|switch|p2a: Magnezone|Magnezone|281/281","|move|p1a: 'murica fk yeah!|Brave Bird|p2a: Magnezone","|-resisted|p2a: Magnezone","|-damage|p2a: Magnezone|245/281","|-damage|p1a: 'murica fk yeah!|291/404|[from] recoil|[of] p2a: Magnezone","|","|-heal|p1a: 'murica fk yeah!|316/404|[from] item: Leftovers","|turn|25","|","|move|p2a: Magnezone|Thunderbolt|p1a: 'murica fk yeah!","|-supereffective|p1a: 'murica fk yeah!","|-damage|p1a: 'murica fk yeah!|22/404","|move|p1a: 'murica fk yeah!|Facade|p2a: Magnezone","|-resisted|p2a: Magnezone","|-damage|p2a: Magnezone|199/281","|","|-heal|p1a: 'murica fk yeah!|47/404|[from] item: Leftovers","|turn|26","|","|move|p2a: Magnezone|Thunderbolt|p1a: 'murica fk yeah!","|-supereffective|p1a: 'murica fk yeah!","|-damage|p1a: 'murica fk yeah!|0 fnt","|faint|p1a: 'murica fk yeah!","|","|","|switch|p1a: Brooklyn Slut|Lopunny, F|271/271","|-damage|p1a: Brooklyn Slut|238/271|[from] Stealth Rock","|turn|27","|","|switch|p2a: Jirachi|Jirachi|41/341","|detailschange|p1a: Brooklyn Slut|Lopunny-Mega, F","|-mega|p1a: Brooklyn Slut|Lopunny|Lopunnite","|move|p1a: Brooklyn Slut|Fake Out|p2a: Jirachi","|-resisted|p2a: Jirachi","|-damage|p2a: Jirachi|6/341","|","|turn|28","|","|move|p2a: Jirachi|Iron Head|p1a: Brooklyn Slut","|-damage|p1a: Brooklyn Slut|108/271","|cant|p1a: Brooklyn Slut|flinch","|","|turn|29","|","|move|p2a: Jirachi|Iron Head|p1a: Brooklyn Slut","|-damage|p1a: Brooklyn Slut|0 fnt","|faint|p1a: Brooklyn Slut","|","|","|switch|p1a: Duck. EXE 2.0|Porygon2|374/374","|-damage|p1a: Duck. EXE 2.0|328/374|[from] Stealth Rock","|-ability|p1a: Duck. EXE 2.0|Serene Grace|[from] ability: Trace|[of] p2a: Jirachi","|turn|30","|","|move|p2a: Jirachi|Iron Head|p1a: Duck. EXE 2.0","|-damage|p1a: Duck. EXE 2.0|259/374","|cant|p1a: Duck. EXE 2.0|flinch","|","|turn|31","|","|move|p2a: Jirachi|Iron Head|p1a: Duck. EXE 2.0","|-damage|p1a: Duck. EXE 2.0|189/374","|move|p1a: Duck. EXE 2.0|Ice Beam|p2a: Jirachi","|-resisted|p2a: Jirachi","|-damage|p2a: Jirachi|0 fnt","|faint|p2a: Jirachi","|","|","|switch|p2a: Lucario|Lucario, F|253/281","|turn|32","|","|move|p2a: Lucario|Aura Sphere|p1a: Duck. EXE 2.0","|-supereffective|p1a: Duck. EXE 2.0","|-damage|p1a: Duck. EXE 2.0|0 fnt","|-damage|p2a: Lucario|225/281|[from] item: Life Orb","|faint|p1a: Duck. EXE 2.0","|","|","|switch|p1a: Aloha Snackbar|Staraptor, F|311/311","|-damage|p1a: Aloha Snackbar|234/311|[from] Stealth Rock","|turn|33","|","|move|p2a: Lucario|Vacuum Wave|p1a: Aloha Snackbar","|-damage|p1a: Aloha Snackbar|116/311","|-damage|p2a: Lucario|197/281|[from] item: Life Orb","|move|p1a: Aloha Snackbar|Double-Edge|p2a: Lucario","|-crit|p2a: Lucario","|-resisted|p2a: Lucario","|-damage|p2a: Lucario|0 fnt","|-damage|p1a: Aloha Snackbar|51/311|[from] recoil|[of] p2a: Lucario","|faint|p2a: Lucario","|","|","|switch|p2a: Excadrill|Excadrill, M|361/361","|-ability|p2a: Excadrill|Mold Breaker","|turn|34","|","|move|p1a: Aloha Snackbar|Double-Edge|p2a: Excadrill","|-resisted|p2a: Excadrill","|-damage|p2a: Excadrill|175/361","|-damage|p1a: Aloha Snackbar|0 fnt|[from] recoil|[of] p2a: Excadrill","|faint|p1a: Aloha Snackbar","|","|win|SL Espeon"],"p1rating":{"entryid":387033,"formatid":"monotype","userid":"arcadebittrippy","username":"Arcade BitTrippy","r":1500,"rd":130,"sigma":0,"rpr":1448.5092271202,"rprd":122.91064434705,"rpsigma":0,"rptime":1440406800,"w":0,"l":1,"t":0,"gxe":43.6,"acre":1000,"lacre":1000,"oldacre":1000},"p2rating":{"entryid":"208929","serverid":"eos","formatid":"monotype","userid":"slespeon","username":"SL Espeon","w":2,"l":"4","t":"0","gxe":42.5,"r":"1407.964161906","rd":"103.5281385072","sigma":"0","rptime":"1440406800","rpr":1440.9685083548,"rprd":100.01429533361,"rpsigma":"0","acre":1051.1282091947,"lacre":1051.1282091947,"oldacre":"1015.0093524124"},"endType":"normal"}