{"seed":[6729,21703,22459,12926],"turns":23,"p1":"Ready4Fredbear?","p2":"DJ Gible","p1team":[{"name":"Loki","species":"sableye","item":"sablenite","ability":"Prankster","moves":["calmmind","recover","willowisp","snarl"],"nature":"Bold","evs":{"hp":252,"atk":0,"def":196,"spa":0,"spd":60,"spe":0},"gender":"M","ivs":{"hp":31,"atk":31,"def":31,"spa":31,"spd":31,"spe":31}},{"name":"Sobek","species":"tyranitar","item":"leftovers","ability":"Sand Stream","moves":["stoneedge","fireblast","stealthrock","thunderwave"],"nature":"Brave","evs":{"hp":252,"atk":56,"def":0,"spa":0,"spd":200,"spe":0},"gender":"M","ivs":{"hp":31,"atk":31,"def":31,"spa":31,"spd":31,"spe":31}},{"name":"Eros","species":"hoopaunbound","item":"choicescarf","ability":"Magician","moves":["hyperspacefury","hyperspacehole","gunkshot","energyball"],"nature":"Hasty","evs":{"hp":0,"atk":180,"def":0,"spa":76,"spd":0,"spe":252},"ivs":{"hp":31,"atk":31,"def":31,"spa":31,"spd":31,"spe":31}},{"name":"Akkorokamui","species":"crawdaunt","item":"lifeorb","ability":"Adaptability","moves":["knockoff","aquajet","swordsdance","crabhammer"],"nature":"Adamant","evs":{"hp":0,"atk":252,"def":0,"spa":0,"spd":4,"spe":252},"ivs":{"hp":31,"atk":31,"def":31,"spa":31,"spd":31,"spe":31}},{"name":"Urubutsin","species":"mandibuzz","item":"rockyhelmet","ability":"Overcoat","moves":["bravebird","foulplay","roost","defog"],"nature":"Impish","evs":{"hp":248,"atk":8,"def":252,"spa":0,"spd":0,"spe":0},"ivs":{"hp":31,"atk":31,"def":31,"spa":31,"spd":31,"spe":31}},{"name":"The Golem of Vilna","species":"bisharp","item":"lumberry","ability":"Defiant","moves":["swordsdance","knockoff","ironhead","suckerpunch"],"nature":"Adamant","evs":{"hp":0,"atk":252,"def":0,"spa":0,"spd":4,"spe":252},"gender":"M","ivs":{"hp":31,"atk":31,"def":31,"spa":31,"spd":31,"spe":31}}],"p2team":[{"name":"Calamari","species":"malamar","item":"choicescarf","ability":"Contrary","moves":["rockslide","psychocut","superpower","nightslash"],"nature":"Jolly","evs":{"hp":4,"atk":252,"def":0,"spa":0,"spd":0,"spe":252},"ivs":{"hp":31,"atk":31,"def":31,"spa":31,"spd":31,"spe":31}},{"name":"Hoodlum","species":"scrafty","item":"focussash","ability":"Moxie","moves":["dragondance","crunch","drainpunch","icepunch"],"nature":"Adamant","evs":{"hp":4,"atk":252,"def":0,"spa":0,"spd":0,"spe":252},"ivs":{"hp":31,"atk":31,"def":31,"spa":31,"spd":31,"spe":31}},{"name":"Tyrant","species":"tyranitar","item":"tyranitarite","ability":"Sand Stream","moves":["dragondance","stoneedge","earthquake","crunch"],"nature":"Adamant","evs":{"hp":0,"atk":252,"def":0,"spa":0,"spd":4,"spe":252},"ivs":{"hp":31,"atk":31,"def":31,"spa":31,"spd":31,"spe":31}},{"name":"Cpt. Buzz","species":"mandibuzz","item":"leftovers","ability":"Big Pecks","moves":["foulplay","roost","defog","whirlwind"],"nature":"Bold","evs":{"hp":252,"atk":0,"def":252,"spa":0,"spd":4,"spe":0},"ivs":{"hp":31,"atk":31,"def":31,"spa":31,"spd":31,"spe":31}},{"name":"Hoopa-Unbound","species":"Hoopa-Unbound","item":"lifeorb","ability":"Magician","moves":["zenheadbutt","hyperspacefury","gunkshot","substitute"],"nature":"Jolly","evs":{"hp":0,"atk":252,"def":0,"spa":0,"spd":4,"spe":252},"ivs":{"hp":31,"atk":31,"def":31,"spa":31,"spd":31,"spe":31}},{"name":"Hydreigon","species":"Hydreigon","item":"choicescarf","ability":"Levitate","moves":["dracometeor","hiddenpowergrass","darkpulse","flashcannon"],"nature":"Timid","evs":{"hp":0,"atk":0,"def":0,"spa":252,"spd":4,"spe":252},"ivs":{"hp":31,"atk":30,"def":31,"spa":30,"spd":31,"spe":31}}],"log":["|player|p1|Ready4Fredbear?|149","|player|p2|DJ Gible|198","|gametype|singles","|gen|6","|tier|Monotype","|rated","|rule|Baton Pass Clause: Limit one Baton Passer, can't pass Spe and other stats simultaneously","|rule|Swagger Clause: Swagger is banned","|rule|Same Type Clause: Pokémon in a team must share a type","|clearpoke","|poke|p1|Sableye, M","|poke|p1|Tyranitar, M","|poke|p1|Hoopa-Unbound","|poke|p1|Crawdaunt, M","|poke|p1|Mandibuzz, F","|poke|p1|Bisharp, M","|poke|p2|Malamar, M","|poke|p2|Scrafty, M","|poke|p2|Tyranitar, M","|poke|p2|Mandibuzz, F","|poke|p2|Hoopa-Unbound","|poke|p2|Hydreigon, F","|rule|Sleep Clause Mod: Limit one foe put to sleep","|rule|Species Clause: Limit one of each Pokémon","|rule|OHKO Clause: OHKO moves are banned","|rule|Moody Clause: Moody is banned","|rule|Evasion Moves Clause: Evasion moves are banned","|rule|Endless Battle Clause: Forcing endless battles is banned","|rule|HP Percentage Mod: HP is shown in percentages","|teampreview","|","|start","|switch|p1a: Loki|Sableye, M|304/304","|switch|p2a: Hydreigon|Hydreigon, F|325/325","|turn|1","|","|move|p1a: Loki|Calm Mind|p1a: Loki","|-boost|p1a: Loki|spa|1","|-boost|p1a: Loki|spd|1","|move|p2a: Hydreigon|Draco Meteor|p1a: Loki","|-damage|p1a: Loki|121/304","|-unboost|p2a: Hydreigon|spa|2","|","|turn|2","|","|move|p1a: Loki|Recover|p1a: Loki","|-heal|p1a: Loki|273/304","|move|p2a: Hydreigon|Draco Meteor|p1a: Loki","|-damage|p1a: Loki|177/304","|-unboost|p2a: Hydreigon|spa|2","|","|turn|3","|","|move|p1a: Loki|Recover|p1a: Loki","|-heal|p1a: Loki|304/304","|move|p2a: Hydreigon|Draco Meteor|p1a: Loki","|-damage|p1a: Loki|240/304","|-unboost|p2a: Hydreigon|spa|2","|","|turn|4","|","|move|p1a: Loki|Calm Mind|p1a: Loki","|-boost|p1a: Loki|spa|1","|-boost|p1a: Loki|spd|1","|move|p2a: Hydreigon|Draco Meteor|p1a: Loki","|-damage|p1a: Loki|201/304","|","|turn|5","|","|move|p1a: Loki|Recover|p1a: Loki","|-heal|p1a: Loki|304/304","|move|p2a: Hydreigon|Draco Meteor|p1a: Loki","|-damage|p1a: Loki|265/304","|","|turn|6","|","|move|p1a: Loki|Calm Mind|p1a: Loki","|-boost|p1a: Loki|spa|1","|-boost|p1a: Loki|spd|1","|move|p2a: Hydreigon|Draco Meteor|p1a: Loki","|-crit|p1a: Loki","|-damage|p1a: Loki|0 fnt","|faint|p1a: Loki","|","|","|switch|p1a: Sobek|Tyranitar, M|404/404","|-weather|Sandstorm","|turn|7","|","|switch|p2a: Calamari|Malamar, M|314/314","|move|p1a: Sobek|Stealth Rock|p2a: Calamari","|-sidestart|p2: DJ Gible|move: Stealth Rock","|","|-weather|Sandstorm|[upkeep]","|-damage|p2a: Calamari|295/314|[from] sandstorm","|turn|8","|","|move|p2a: Calamari|Superpower|p1a: Sobek","|-supereffective|p1a: Sobek","|-damage|p1a: Sobek|12/404","|-boost|p2a: Calamari|atk|1","|-boost|p2a: Calamari|def|1","|move|p1a: Sobek|Thunder Wave|p2a: Calamari","|-status|p2a: Calamari|par","|","|-weather|Sandstorm|[upkeep]","|-damage|p2a: Calamari|276/314 par|[from] sandstorm","|-heal|p1a: Sobek|37/404|[from] item: Leftovers","|turn|9","|","|move|p1a: Sobek|Fire Blast|p2a: Calamari","|-damage|p2a: Calamari|174/314 par","|cant|p2a: Calamari|par","|","|-weather|Sandstorm|[upkeep]","|-damage|p2a: Calamari|155/314 par|[from] sandstorm","|-heal|p1a: Sobek|62/404|[from] item: Leftovers","|turn|10","|","|move|p1a: Sobek|Fire Blast|p2a: Calamari|[miss]","|-miss|p1a: Sobek|p2a: Calamari","|move|p2a: Calamari|Superpower|p1a: Sobek","|-supereffective|p1a: Sobek","|-damage|p1a: Sobek|0 fnt","|-boost|p2a: Calamari|atk|1","|-boost|p2a: Calamari|def|1","|faint|p1a: Sobek","|","|-weather|Sandstorm|[upkeep]","|-damage|p2a: Calamari|136/314 par|[from] sandstorm","|","|switch|p1a: The Golem of Vilna|Bisharp, M|271/271","|turn|11","|","|move|p1a: The Golem of Vilna|Sucker Punch|p2a: Calamari","|-damage|p2a: Calamari|54/314 par","|move|p2a: Calamari|Superpower|p1a: The Golem of Vilna","|-supereffective|p1a: The Golem of Vilna","|-damage|p1a: The Golem of Vilna|0 fnt","|-boost|p2a: Calamari|atk|1","|-boost|p2a: Calamari|def|1","|faint|p1a: The Golem of Vilna","|","|-weather|none","|","|switch|p1a: Akkorokamui|Crawdaunt, M|267/267","|turn|12","|","|move|p1a: Akkorokamui|Aqua Jet|p2a: Calamari","|-damage|p2a: Calamari|0 fnt","|-damage|p1a: Akkorokamui|241/267|[from] item: Life Orb","|faint|p2a: Calamari","|","|","|switch|p2a: Hoodlum|Scrafty, M|272/272","|-damage|p2a: Hoodlum|255/272|[from] Stealth Rock","|turn|13","|","|move|p2a: Hoodlum|Drain Punch|p1a: Akkorokamui","|-supereffective|p1a: Akkorokamui","|-damage|p1a: Akkorokamui|0 fnt","|-heal|p2a: Hoodlum|272/272|[from] drain|[of] p1a: Akkorokamui","|faint|p1a: Akkorokamui","|-boost|p2a: Hoodlum|atk|1|[from] ability: Moxie","|","|","|switch|p1a: Eros|Hoopa-Unbound|301/301","|turn|14","|","|move|p1a: Eros|Gunk Shot|p2a: Hoodlum","|-damage|p2a: Hoodlum|126/272","|-status|p2a: Hoodlum|psn","|move|p2a: Hoodlum|Dragon Dance|p2a: Hoodlum","|-boost|p2a: Hoodlum|atk|1","|-boost|p2a: Hoodlum|spe|1","|","|-damage|p2a: Hoodlum|92/272 psn|[from] psn","|turn|15","|","|switch|p1a: Urubutsin|Mandibuzz, F|423/423","|move|p2a: Hoodlum|Crunch|p1a: Urubutsin","|-resisted|p1a: Urubutsin","|-damage|p1a: Urubutsin|342/423","|-damage|p2a: Hoodlum|47/272 psn|[from] item: Rocky Helmet|[of] p1a: Urubutsin","|","|-damage|p2a: Hoodlum|13/272 psn|[from] psn","|turn|16","|","|move|p2a: Hoodlum|Drain Punch|p1a: Urubutsin","|-crit|p1a: Urubutsin","|-damage|p1a: Urubutsin|104/423","|-heal|p2a: Hoodlum|132/272 psn|[from] drain|[of] p1a: Urubutsin","|-damage|p2a: Hoodlum|87/272 psn|[from] item: Rocky Helmet|[of] p1a: Urubutsin","|move|p1a: Urubutsin|Brave Bird|p2a: Hoodlum","|-supereffective|p2a: Hoodlum","|-damage|p2a: Hoodlum|0 fnt","|-damage|p1a: Urubutsin|75/423|[from] recoil|[of] p2a: Hoodlum","|faint|p2a: Hoodlum","|","|","|switch|p2a: Hoopa-Unbound|Hoopa-Unbound|301/301","|-damage|p2a: Hoopa-Unbound|264/301|[from] Stealth Rock","|turn|17","|","|move|p2a: Hoopa-Unbound|Gunk Shot|p1a: Urubutsin|[miss]","|-miss|p2a: Hoopa-Unbound|p1a: Urubutsin","|move|p1a: Urubutsin|Roost|p1a: Urubutsin","|-heal|p1a: Urubutsin|287/423","|","|turn|18","|","|move|p2a: Hoopa-Unbound|Gunk Shot|p1a: Urubutsin|[miss]","|-miss|p2a: Hoopa-Unbound|p1a: Urubutsin","|move|p1a: Urubutsin|Roost|p1a: Urubutsin","|-heal|p1a: Urubutsin|423/423","|","|turn|19","|","|move|p2a: Hoopa-Unbound|Substitute|p2a: Hoopa-Unbound","|-start|p2a: Hoopa-Unbound|Substitute","|-damage|p2a: Hoopa-Unbound|189/301","|move|p1a: Urubutsin|Foul Play|p2a: Hoopa-Unbound","|-end|p2a: Hoopa-Unbound|Substitute","|","|turn|20","|","|move|p2a: Hoopa-Unbound|Gunk Shot|p1a: Urubutsin","|-damage|p1a: Urubutsin|274/423","|-damage|p2a: Hoopa-Unbound|159/301|[from] item: Life Orb","|move|p1a: Urubutsin|Foul Play|p2a: Hoopa-Unbound","|-damage|p2a: Hoopa-Unbound|0 fnt","|faint|p2a: Hoopa-Unbound","|","|","|switch|p2a: Tyrant|Tyranitar, M|341/341","|-damage|p2a: Tyrant|299/341|[from] Stealth Rock","|-weather|Sandstorm","|turn|21","|","|detailschange|p2a: Tyrant|Tyranitar-Mega, M","|-mega|p2a: Tyrant|Tyranitar|Tyranitarite","|move|p2a: Tyrant|Dragon Dance|p2a: Tyrant","|-boost|p2a: Tyrant|atk|1","|-boost|p2a: Tyrant|spe|1","|move|p1a: Urubutsin|Roost|p1a: Urubutsin","|-heal|p1a: Urubutsin|423/423","|","|-weather|Sandstorm|[upkeep]","|turn|22","|","|switch|p1a: Eros|Hoopa-Unbound|301/301","|move|p2a: Tyrant|Stone Edge|p1a: Eros","|-damage|p1a: Eros|0 fnt","|faint|p1a: Eros","|","|-weather|Sandstorm|[upkeep]","|","|switch|p1a: Urubutsin|Mandibuzz, F|423/423","|turn|23","|","|move|p2a: Tyrant|Stone Edge|p1a: Urubutsin","|-supereffective|p1a: Urubutsin","|-damage|p1a: Urubutsin|0 fnt","|faint|p1a: Urubutsin","|","|win|DJ Gible"],"p1rating":{"entryid":393868,"formatid":"monotype","userid":"ready4fredbear","username":"Ready4Fredbear?","r":1500,"rd":130,"sigma":0,"rpr":1464.2804439427,"rprd":122.84936225676,"rpsigma":0,"rptime":1440406800,"w":0,"l":1,"t":0,"gxe":45.5,"acre":1000,"lacre":1000,"oldacre":1000},"p2rating":{"entryid":"166635","serverid":"eos","formatid":"monotype","userid":"djgible","username":"DJ Gible","w":3,"l":"4","t":"0","gxe":48,"r":"1543.9111610629","rd":"123.07983607339","sigma":"0","rptime":"1440406800","rpr":1484.4132853966,"rprd":96.01192081384,"rpsigma":"0","acre":1063.3228872646,"lacre":1063.3228872646,"oldacre":"1031.1556154786"},"endType":"normal"}