{"seed":[19759,30318,30515,28760],"turns":22,"p1":"slakingdra","p2":"GTX♅Asian","p1team":[{"name":"Gengar","species":"Gengar","item":"focussash","ability":"Levitate","moves":["taunt","shadowball","destinybond","dazzlinggleam"],"nature":"Timid","evs":{"hp":0,"atk":0,"def":0,"spa":252,"spd":4,"spe":0},"ivs":{"hp":31,"atk":31,"def":31,"spa":31,"spd":31,"spe":31}},{"name":"Chandelure","species":"Chandelure","item":"choicescarf","ability":"Flash Fire","moves":["flamethrower","shadowball","energyball","darkpulse"],"nature":"Timid","evs":{"hp":0,"atk":0,"def":0,"spa":252,"spd":4,"spe":252},"ivs":{"hp":31,"atk":31,"def":31,"spa":31,"spd":31,"spe":31}},{"name":"I hate this guy","species":"sableye","item":"sablenite","ability":"Prankster","moves":["willowisp","calmmind","recover","darkpulse"],"nature":"Modest","evs":{"hp":248,"atk":0,"def":0,"spa":252,"spd":8,"spe":0},"ivs":{"hp":31,"atk":31,"def":31,"spa":31,"spd":31,"spe":31}},{"name":"Golurk","species":"Golurk","item":"focussash","ability":"No Guard","moves":["dynamicpunch","stealthrock","stoneedge","earthquake"],"nature":"Adamant","evs":{"hp":248,"atk":252,"def":0,"spa":0,"spd":8,"spe":0},"ivs":{"hp":31,"atk":31,"def":31,"spa":31,"spd":31,"spe":31}},{"name":"Aegislash","species":"Aegislash","item":"weaknesspolicy","ability":"Stance Change","moves":["kingsshield","swordsdance","shadowsneak","ironhead"],"nature":"Adamant","evs":{"hp":248,"atk":252,"def":0,"spa":0,"spd":8,"spe":0},"ivs":{"hp":31,"atk":31,"def":31,"spa":31,"spd":31,"spe":31}},{"name":"Jellicent","species":"Jellicent","item":"leftovers","ability":"Water Absorb","moves":["scald","willowisp","recover","shadowball"],"nature":"Calm","evs":{"hp":248,"atk":0,"def":252,"spa":8,"spd":0,"spe":0},"ivs":{"hp":31,"atk":31,"def":31,"spa":31,"spd":31,"spe":31}}],"p2team":[{"name":"Cloyster","species":"Cloyster","item":"focussash","ability":"Skill Link","moves":["shellsmash","iciclespear","rockblast","razorshell"],"nature":"Adamant","evs":{"hp":0,"atk":252,"def":0,"spa":0,"spd":4,"spe":252},"gender":"M","shiny":true,"ivs":{"hp":31,"atk":31,"def":31,"spa":31,"spd":31,"spe":31}},{"name":"Azumarill","species":"Azumarill","item":"sitrusberry","ability":"Huge Power","moves":["aquajet","bellydrum","playrough","waterfall"],"nature":"Adamant","evs":{"hp":252,"atk":252,"def":0,"spa":0,"spd":4,"spe":0},"gender":"F","ivs":{"hp":31,"atk":30,"def":30,"spa":30,"spd":31,"spe":31}},{"name":"Rotom-Wash","species":"Rotom-Wash","item":"leftovers","ability":"Levitate","moves":["voltswitch","hydropump","painsplit","willowisp"],"nature":"Calm","evs":{"hp":252,"atk":0,"def":0,"spa":4,"spd":252,"spe":0},"ivs":{"hp":31,"atk":31,"def":31,"spa":31,"spd":31,"spe":31}},{"name":"Sharpedo","species":"Sharpedo","item":"sharpedonite","ability":"Speed Boost","moves":["protect","crunch","waterfall","icefang"],"nature":"Rash","evs":{"hp":0,"atk":252,"def":0,"spa":0,"spd":4,"spe":252},"gender":"M","ivs":{"hp":31,"atk":31,"def":31,"spa":31,"spd":31,"spe":31}},{"name":"Keldeo","species":"Keldeo","item":"choicescarf","ability":"Justified","moves":["scald","secretsword","icywind","hiddenpowerfire"],"nature":"Timid","evs":{"hp":0,"atk":0,"def":0,"spa":252,"spd":4,"spe":252},"ivs":{"hp":31,"atk":30,"def":31,"spa":30,"spd":31,"spe":30}},{"name":"Gastrodon","species":"Gastrodon","item":"leftovers","ability":"Storm Drain","moves":["scald","recover","toxic","earthpower"],"nature":"Bold","evs":{"hp":252,"atk":0,"def":252,"spa":4,"spd":0,"spe":0},"gender":"F","ivs":{"hp":31,"atk":31,"def":31,"spa":31,"spd":31,"spe":31}}],"log":["|player|p1|slakingdra|269","|player|p2|GTX♅Asian|222","|gametype|singles","|gen|6","|tier|Monotype","|rated","|rule|Baton Pass Clause: Limit one Baton Passer, can't pass Spe and other stats simultaneously","|rule|Swagger Clause: Swagger is banned","|rule|Same Type Clause: Pokémon in a team must share a type","|clearpoke","|poke|p1|Gengar, M","|poke|p1|Chandelure, M","|poke|p1|Sableye, F","|poke|p1|Golurk","|poke|p1|Aegislash, F","|poke|p1|Jellicent, M","|poke|p2|Cloyster, M, shiny","|poke|p2|Azumarill, F","|poke|p2|Rotom-Wash","|poke|p2|Sharpedo, M","|poke|p2|Keldeo","|poke|p2|Gastrodon, F","|rule|Sleep Clause Mod: Limit one foe put to sleep","|rule|Species Clause: Limit one of each Pokémon","|rule|OHKO Clause: OHKO moves are banned","|rule|Moody Clause: Moody is banned","|rule|Evasion Moves Clause: Evasion moves are banned","|rule|Endless Battle Clause: Forcing endless battles is banned","|rule|HP Percentage Mod: HP is shown in percentages","|teampreview","|","|start","|switch|p1a: Gengar|Gengar, M|261/261","|switch|p2a: Cloyster|Cloyster, M, shiny|241/241","|turn|1","|","|move|p1a: Gengar|Taunt|p2a: Cloyster","|-start|p2a: Cloyster|move: Taunt","|cant|p2a: Cloyster|move: Taunt|Shell Smash","|","|turn|2","|","|move|p1a: Gengar|Shadow Ball|p2a: Cloyster","|-enditem|p2a: Cloyster|Focus Sash","|-damage|p2a: Cloyster|1/241","|move|p2a: Cloyster|Icicle Spear|p1a: Gengar","|-damage|p1a: Gengar|195/261","|-damage|p1a: Gengar|135/261","|-damage|p1a: Gengar|78/261","|-damage|p1a: Gengar|15/261","|-damage|p1a: Gengar|0 fnt","|-hitcount|p1a: Gengar|5","|faint|p1a: Gengar","|","|","|switch|p1a: Aegislash|Aegislash, F|323/323","|turn|3","|","|move|p2a: Cloyster|Rock Blast|p1a: Aegislash","|-resisted|p1a: Aegislash","|-damage|p1a: Aegislash|314/323","|-resisted|p1a: Aegislash","|-damage|p1a: Aegislash|306/323","|-resisted|p1a: Aegislash","|-damage|p1a: Aegislash|298/323","|-resisted|p1a: Aegislash","|-damage|p1a: Aegislash|288/323","|-resisted|p1a: Aegislash","|-damage|p1a: Aegislash|278/323","|-hitcount|p1a: Aegislash|5","|move|p1a: Aegislash|Swords Dance|p1a: Aegislash","|-boost|p1a: Aegislash|atk|2","|","|-end|p2a: Cloyster|move: Taunt","|turn|4","|","|move|p2a: Cloyster|Icicle Spear|p1a: Aegislash","|-resisted|p1a: Aegislash","|-damage|p1a: Aegislash|264/323","|-resisted|p1a: Aegislash","|-damage|p1a: Aegislash|251/323","|-resisted|p1a: Aegislash","|-damage|p1a: Aegislash|237/323","|-resisted|p1a: Aegislash","|-damage|p1a: Aegislash|222/323","|-resisted|p1a: Aegislash","|-damage|p1a: Aegislash|209/323","|-hitcount|p1a: Aegislash|5","|move|p1a: Aegislash|Swords Dance|p1a: Aegislash","|-boost|p1a: Aegislash|atk|2","|","|turn|5","|","|-formechange|p1a: Aegislash|Aegislash-Blade","|move|p1a: Aegislash|Shadow Sneak|p2a: Cloyster","|-crit|p2a: Cloyster","|-damage|p2a: Cloyster|0 fnt","|faint|p2a: Cloyster","|","|","|switch|p2a: Gastrodon|Gastrodon, F|426/426","|turn|6","|","|-formechange|p1a: Aegislash|Aegislash","|move|p1a: Aegislash|King's Shield|p1a: Aegislash","|-singleturn|p1a: Aegislash|Protect","|move|p2a: Gastrodon|Earth Power|p1a: Aegislash","|-activate|p1a: Aegislash|Protect","|","|turn|7","|","|-formechange|p1a: Aegislash|Aegislash-Blade","|move|p1a: Aegislash|Shadow Sneak|p2a: Gastrodon","|-damage|p2a: Gastrodon|177/426","|move|p2a: Gastrodon|Earth Power|p1a: Aegislash","|-supereffective|p1a: Aegislash","|-damage|p1a: Aegislash|0 fnt","|faint|p1a: Aegislash","|","|-heal|p2a: Gastrodon|203/426|[from] item: Leftovers","|","|switch|p1a: Chandelure|Chandelure, M|261/261","|turn|8","|","|move|p1a: Chandelure|Energy Ball|p2a: Gastrodon","|-supereffective|p2a: Gastrodon","|-damage|p2a: Gastrodon|0 fnt","|faint|p2a: Gastrodon","|","|","|switch|p2a: Rotom-Wash|Rotom-Wash|304/304","|turn|9","|","|move|p1a: Chandelure|Energy Ball|p2a: Rotom-Wash","|-supereffective|p2a: Rotom-Wash","|-damage|p2a: Rotom-Wash|150/304","|move|p2a: Rotom-Wash|Hydro Pump|p1a: Chandelure","|-supereffective|p1a: Chandelure","|-damage|p1a: Chandelure|0 fnt","|faint|p1a: Chandelure","|","|-heal|p2a: Rotom-Wash|169/304|[from] item: Leftovers","|","|switch|p1a: I hate this guy|Sableye, F|303/303","|turn|10","|","|detailschange|p1a: I hate this guy|Sableye-Mega, F","|-mega|p1a: I hate this guy|Sableye|Sablenite","|move|p1a: I hate this guy|Calm Mind|p1a: I hate this guy","|-boost|p1a: I hate this guy|spa|1","|-boost|p1a: I hate this guy|spd|1","|move|p2a: Rotom-Wash|Will-O-Wisp|p1a: I hate this guy","|move|p1a: I hate this guy|Will-O-Wisp|p2a: Rotom-Wash|[from]Magic Bounce","|-status|p2a: Rotom-Wash|brn","|","|-heal|p2a: Rotom-Wash|188/304 brn|[from] item: Leftovers","|-damage|p2a: Rotom-Wash|150/304 brn|[from] brn","|turn|11","|","|move|p2a: Rotom-Wash|Volt Switch|p1a: I hate this guy","|-damage|p1a: I hate this guy|249/303","|","|switch|p2a: Sharpedo|Sharpedo, M|281/281","|move|p1a: I hate this guy|Calm Mind|p1a: I hate this guy","|-boost|p1a: I hate this guy|spa|1","|-boost|p1a: I hate this guy|spd|1","|","|turn|12","|","|move|p2a: Sharpedo|Waterfall|p1a: I hate this guy","|-damage|p1a: I hate this guy|143/303","|move|p1a: I hate this guy|Will-O-Wisp|p2a: Sharpedo","|-status|p2a: Sharpedo|brn","|","|-damage|p2a: Sharpedo|246/281 brn|[from] brn","|-boost|p2a: Sharpedo|spe|1|[from] ability: Speed Boost","|turn|13","|","|detailschange|p2a: Sharpedo|Sharpedo-Mega, M","|-mega|p2a: Sharpedo|Sharpedo|Sharpedonite","|move|p2a: Sharpedo|Crunch|p1a: I hate this guy","|-damage|p1a: I hate this guy|56/303","|move|p1a: I hate this guy|Recover|p1a: I hate this guy","|-heal|p1a: I hate this guy|208/303","|","|-damage|p2a: Sharpedo|211/281 brn|[from] brn","|turn|14","|","|move|p2a: Sharpedo|Waterfall|p1a: I hate this guy","|-damage|p1a: I hate this guy|148/303","|move|p1a: I hate this guy|Dark Pulse|p2a: Sharpedo","|-resisted|p2a: Sharpedo","|-damage|p2a: Sharpedo|14/281 brn","|","|-damage|p2a: Sharpedo|0 fnt|[from] brn","|faint|p2a: Sharpedo","|","|switch|p2a: Azumarill|Azumarill, F|404/404","|turn|15","|","|move|p2a: Azumarill|Play Rough|p1a: I hate this guy","|-supereffective|p1a: I hate this guy","|-damage|p1a: I hate this guy|0 fnt","|faint|p1a: I hate this guy","|","|","|switch|p1a: Golurk|Golurk|381/381","|turn|16","|","|move|p1a: Golurk|Dynamic Punch|p2a: Azumarill","|-resisted|p2a: Azumarill","|-damage|p2a: Azumarill|326/404","|-start|p2a: Azumarill|confusion","|-activate|p2a: Azumarill|confusion","|move|p2a: Azumarill|Belly Drum|p2a: Azumarill","|-damage|p2a: Azumarill|124/404","|-setboost|p2a: Azumarill|atk|6|[from] move: Belly Drum","|-enditem|p2a: Azumarill|Sitrus Berry|[eat]","|-heal|p2a: Azumarill|225/404|[from] item: Sitrus Berry","|","|turn|17","|","|-activate|p2a: Azumarill|confusion","|move|p2a: Azumarill|Aqua Jet|p1a: Golurk","|-supereffective|p1a: Golurk","|-enditem|p1a: Golurk|Focus Sash","|-damage|p1a: Golurk|1/381","|move|p1a: Golurk|Earthquake|p2a: Azumarill","|-damage|p2a: Azumarill|12/404","|","|turn|18","|","|-end|p2a: Azumarill|confusion","|move|p2a: Azumarill|Aqua Jet|p1a: Golurk","|-crit|p1a: Golurk","|-supereffective|p1a: Golurk","|-damage|p1a: Golurk|0 fnt","|faint|p1a: Golurk","|","|","|switch|p1a: Jellicent|Jellicent, M|403/403","|turn|19","|","|move|p1a: Jellicent|Shadow Ball|p2a: Azumarill","|-damage|p2a: Azumarill|0 fnt","|faint|p2a: Azumarill","|","|","|switch|p2a: Rotom-Wash|Rotom-Wash|150/304 brn","|turn|20","|","|move|p2a: Rotom-Wash|Volt Switch|p1a: Jellicent","|-supereffective|p1a: Jellicent","|-damage|p1a: Jellicent|265/403","|","|switch|p2a: Keldeo|Keldeo|323/323","|move|p1a: Jellicent|Shadow Ball|p2a: Keldeo","|-damage|p2a: Keldeo|226/323","|","|-heal|p1a: Jellicent|290/403|[from] item: Leftovers","|turn|21","|","|move|p2a: Keldeo|Scald|p1a: Jellicent","|-heal|p1a: Jellicent|390/403|[from] ability: Water Absorb|[of] p2a: Keldeo","|move|p1a: Jellicent|Shadow Ball|p2a: Keldeo","|-damage|p2a: Keldeo|133/323","|","|-heal|p1a: Jellicent|403/403|[from] item: Leftovers","|turn|22","|","|win|slakingdra"],"p1rating":{"entryid":"357838","serverid":"eos","formatid":"monotype","userid":"slakingdra","username":"slakingdra","w":9,"l":"3","t":"0","gxe":64.4,"r":"1592.4180693694","rd":"93.089246667293","sigma":"0","rptime":"1440406800","rpr":1614.4167677479,"rprd":83.57673617355,"rpsigma":"0","acre":1178.6150058027,"lacre":1178.6150058027,"oldacre":"1152.5473977215"},"p2rating":{"entryid":"370034","serverid":"eos","formatid":"monotype","userid":"gtxasian","username":"GTX♅Asian","w":"6","l":3,"t":"0","gxe":58.6,"r":"1465.3538060066","rd":"117.73616620292","sigma":"0","rptime":"1440406800","rpr":1568.004466749,"rprd":92.10165322313,"rpsigma":"0","acre":1141.325820286,"lacre":1141.325820286,"oldacre":"1167.3934283672"},"endType":"forfeit"}