{"seed":[17947,4026,40710,61352],"turns":30,"p1":"Reborn Power","p2":"Tobashi","p1team":[{"name":"Smoke Weed","species":"conkeldurr","item":"assaultvest","ability":"Guts","moves":["knockoff","machpunch","poisonjab","drainpunch"],"nature":"Adamant","evs":{"hp":248,"atk":252,"def":0,"spa":0,"spd":8,"spe":0},"gender":"M","ivs":{"hp":31,"atk":31,"def":31,"spa":31,"spd":31,"spe":31}},{"name":"Snoop Dog","species":"medicham","item":"medichamite","ability":"Pure Power","moves":["highjumpkick","fakeout","bulletpunch","firepunch"],"nature":"Jolly","evs":{"hp":0,"atk":252,"def":0,"spa":0,"spd":4,"spe":252},"gender":"M","ivs":{"hp":31,"atk":31,"def":31,"spa":31,"spd":31,"spe":31}},{"name":"Blaze it","species":"infernape","item":"lifeorb","ability":"Iron Fist","moves":["machpunch","swordsdance","closecombat","earthquake"],"nature":"Jolly","evs":{"hp":0,"atk":252,"def":0,"spa":0,"spd":4,"spe":252},"ivs":{"hp":31,"atk":31,"def":31,"spa":31,"spd":31,"spe":31}},{"name":"Rambo","species":"hawlucha","item":"sitrusberry","ability":"Unburden","moves":["acrobatics","swordsdance","highjumpkick","stoneedge"],"nature":"Adamant","evs":{"hp":4,"atk":252,"def":0,"spa":0,"spd":0,"spe":252},"gender":"M","ivs":{"hp":31,"atk":31,"def":31,"spa":31,"spd":31,"spe":31}},{"name":"Weeeed","species":"chesnaught","item":"rockyhelmet","ability":"Bulletproof","moves":["spikes","spikyshield","leechseed","woodhammer"],"nature":"Impish","evs":{"hp":252,"atk":0,"def":252,"spa":0,"spd":4,"spe":0},"gender":"M","shiny":true,"ivs":{"hp":31,"atk":31,"def":31,"spa":31,"spd":31,"spe":31}},{"name":"Special One","species":"scrafty","item":"assaultvest","ability":"Moxie","moves":["knockoff","crunch","highjumpkick","fakeout"],"nature":"Adamant","evs":{"hp":240,"atk":252,"def":8,"spa":0,"spd":8,"spe":0},"gender":"M","ivs":{"hp":31,"atk":31,"def":31,"spa":31,"spd":31,"spe":31}}],"p2team":[{"name":"Venusaur","species":"Venusaur","item":"venusaurite","ability":"Overgrow","moves":["sludgebomb","synthesis","knockoff","hiddenpowerground"],"nature":"Mild","evs":{"hp":248,"atk":0,"def":0,"spa":252,"spd":8,"spe":0},"ivs":{"hp":31,"atk":31,"def":31,"spa":30,"spd":30,"spe":31}},{"name":"Ferrothorn","species":"Ferrothorn","item":"leftovers","ability":"Iron Barbs","moves":["stealthrock","leechseed","gyroball","toxic"],"nature":"Relaxed","evs":{"hp":252,"atk":0,"def":88,"spa":0,"spd":168,"spe":0},"ivs":{"hp":31,"atk":31,"def":31,"spa":31,"spd":31,"spe":31}},{"name":"Cradily","species":"Cradily","item":"leftovers","ability":"Storm Drain","moves":["curse","earthquake","synthesis","rockslide"],"nature":"Careful","evs":{"hp":252,"atk":0,"def":4,"spa":0,"spd":252,"spe":0},"ivs":{"hp":31,"atk":31,"def":31,"spa":31,"spd":31,"spe":31}},{"name":"Celebi","species":"Celebi","item":"leftovers","ability":"Natural Cure","moves":["recover","batonpass","gigadrain","nastyplot"],"nature":"Bold","evs":{"hp":252,"atk":0,"def":148,"spa":0,"spd":0,"spe":108},"ivs":{"hp":31,"atk":31,"def":31,"spa":31,"spd":31,"spe":31}},{"name":"Shiftry","species":"Shiftry","item":"lifeorb","ability":"Chlorophyll","moves":["knockoff","suckerpunch","rockslide","defog"],"nature":"Adamant","evs":{"hp":0,"atk":252,"def":0,"spa":0,"spd":4,"spe":252},"ivs":{"hp":31,"atk":31,"def":31,"spa":31,"spd":31,"spe":31}},{"name":"Shaymin","species":"Shaymin","item":"choicescarf","ability":"Natural Cure","moves":["energyball","earthpower","dazzlinggleam","healingwish"],"nature":"Modest","evs":{"hp":0,"atk":0,"def":0,"spa":252,"spd":4,"spe":252},"ivs":{"hp":31,"atk":31,"def":31,"spa":31,"spd":31,"spe":31}}],"log":["|player|p1|Reborn Power|200","|player|p2|Tobashi|66","|gametype|singles","|gen|6","|tier|Monotype","|rated","|rule|Baton Pass Clause: Limit one Baton Passer, can't pass Spe and other stats simultaneously","|rule|Swagger Clause: Swagger is banned","|rule|Same Type Clause: Pokémon in a team must share a type","|clearpoke","|poke|p1|Conkeldurr, M","|poke|p1|Medicham, M","|poke|p1|Infernape, F","|poke|p1|Hawlucha, M","|poke|p1|Chesnaught, M, shiny","|poke|p1|Scrafty, M","|poke|p2|Venusaur, M","|poke|p2|Ferrothorn, F","|poke|p2|Cradily, M","|poke|p2|Celebi","|poke|p2|Shiftry, F","|poke|p2|Shaymin","|rule|Sleep Clause Mod: Limit one foe put to sleep","|rule|Species Clause: Limit one of each Pokémon","|rule|OHKO Clause: OHKO moves are banned","|rule|Moody Clause: Moody is banned","|rule|Evasion Moves Clause: Evasion moves are banned","|rule|Endless Battle Clause: Forcing endless battles is banned","|rule|HP Percentage Mod: HP is shown in percentages","|teampreview","|","|start","|switch|p1a: Rambo|Hawlucha, M|298/298","|switch|p2a: Venusaur|Venusaur, M|363/363","|turn|1","|","|switch|p2a: Ferrothorn|Ferrothorn, F|352/352","|move|p1a: Rambo|Swords Dance|p1a: Rambo","|-boost|p1a: Rambo|atk|2","|","|turn|2","|","|move|p1a: Rambo|High Jump Kick|p2a: Ferrothorn","|-supereffective|p2a: Ferrothorn","|-damage|p2a: Ferrothorn|0 fnt","|-damage|p1a: Rambo|261/298|[from] ability: Iron Barbs|[of] p2a: Ferrothorn","|faint|p2a: Ferrothorn","|","|","|switch|p2a: Shaymin|Shaymin|341/341","|turn|3","|","|move|p2a: Shaymin|Dazzling Gleam|p1a: Rambo","|-supereffective|p1a: Rambo","|-damage|p1a: Rambo|19/298","|-enditem|p1a: Rambo|Sitrus Berry|[eat]","|-heal|p1a: Rambo|93/298|[from] item: Sitrus Berry","|move|p1a: Rambo|Acrobatics|p2a: Shaymin","|-supereffective|p2a: Shaymin","|-damage|p2a: Shaymin|0 fnt","|faint|p2a: Shaymin","|","|","|switch|p2a: Shiftry|Shiftry, F|321/321","|turn|4","|","|move|p2a: Shiftry|Sucker Punch|p1a: Rambo","|-resisted|p1a: Rambo","|-damage|p1a: Rambo|0 fnt","|-damage|p2a: Shiftry|289/321|[from] item: Life Orb","|faint|p1a: Rambo","|","|","|switch|p1a: Special One|Scrafty, M|331/331","|turn|5","|","|switch|p2a: Celebi|Celebi|404/404","|move|p1a: Special One|High Jump Kick|p2a: Celebi","|-resisted|p2a: Celebi","|-damage|p2a: Celebi|332/404","|","|-heal|p2a: Celebi|357/404|[from] item: Leftovers","|turn|6","|","|move|p2a: Celebi|Nasty Plot|p2a: Celebi","|-boost|p2a: Celebi|spa|2","|move|p1a: Special One|Knock Off|p2a: Celebi","|-supereffective|p2a: Celebi","|-damage|p2a: Celebi|111/404","|-enditem|p2a: Celebi|Leftovers|[from] move: Knock Off|[of] p1a: Special One","|","|turn|7","|","|move|p2a: Celebi|Baton Pass|p2a: Celebi","|","|switch|p2a: Venusaur|Venusaur, M|363/363","|move|p1a: Special One|Crunch|p2a: Venusaur","|-crit|p2a: Venusaur","|-damage|p2a: Venusaur|137/363","|","|turn|8","|","|move|p2a: Venusaur|Synthesis|p2a: Venusaur","|-heal|p2a: Venusaur|318/363","|move|p1a: Special One|High Jump Kick|p2a: Venusaur","|-resisted|p2a: Venusaur","|-damage|p2a: Venusaur|183/363","|","|turn|9","|","|switch|p1a: Smoke Weed|Conkeldurr, M|413/413","|detailschange|p2a: Venusaur|Venusaur-Mega, M","|-mega|p2a: Venusaur|Venusaur|Venusaurite","|move|p2a: Venusaur|Synthesis|p2a: Venusaur","|-heal|p2a: Venusaur|363/363","|","|turn|10","|","|move|p2a: Venusaur|Sludge Bomb|p1a: Smoke Weed","|-damage|p1a: Smoke Weed|121/413","|move|p1a: Smoke Weed|Knock Off|p2a: Venusaur","|-damage|p2a: Venusaur|279/363","|","|turn|11","|","|move|p1a: Smoke Weed|Mach Punch|p2a: Venusaur","|-resisted|p2a: Venusaur","|-damage|p2a: Venusaur|240/363","|move|p2a: Venusaur|Sludge Bomb|p1a: Smoke Weed","|-crit|p1a: Smoke Weed","|-damage|p1a: Smoke Weed|0 fnt","|faint|p1a: Smoke Weed","|","|","|switch|p1a: Blaze it|Infernape, F|293/293","|turn|12","|","|move|p1a: Blaze it|Earthquake|p2a: Venusaur","|-damage|p2a: Venusaur|126/363","|-damage|p1a: Blaze it|264/293|[from] item: Life Orb","|move|p2a: Venusaur|Synthesis|p2a: Venusaur","|-heal|p2a: Venusaur|307/363","|","|turn|13","|","|move|p1a: Blaze it|Close Combat|p2a: Venusaur","|-resisted|p2a: Venusaur","|-damage|p2a: Venusaur|190/363","|-unboost|p1a: Blaze it|def|1","|-unboost|p1a: Blaze it|spd|1","|-damage|p1a: Blaze it|235/293|[from] item: Life Orb","|move|p2a: Venusaur|Synthesis|p2a: Venusaur","|-heal|p2a: Venusaur|363/363","|","|turn|14","|","|move|p1a: Blaze it|Close Combat|p2a: Venusaur","|-resisted|p2a: Venusaur","|-damage|p2a: Venusaur|247/363","|-unboost|p1a: Blaze it|def|1","|-unboost|p1a: Blaze it|spd|1","|-damage|p1a: Blaze it|206/293|[from] item: Life Orb","|move|p2a: Venusaur|Sludge Bomb|p1a: Blaze it","|-damage|p1a: Blaze it|0 fnt","|faint|p1a: Blaze it","|","|","|switch|p1a: Snoop Dog|Medicham, M|261/261","|turn|15","|","|detailschange|p1a: Snoop Dog|Medicham-Mega, M","|-mega|p1a: Snoop Dog|Medicham|Medichamite","|move|p1a: Snoop Dog|Fake Out|p2a: Venusaur","|-damage|p2a: Venusaur|166/363","|cant|p2a: Venusaur|flinch","|","|turn|16","|","|move|p1a: Snoop Dog|Fire Punch|p2a: Venusaur","|-supereffective|p2a: Venusaur","|-damage|p2a: Venusaur|34/363","|move|p2a: Venusaur|Synthesis|p2a: Venusaur","|-heal|p2a: Venusaur|215/363","|","|turn|17","|","|move|p1a: Snoop Dog|Fire Punch|p2a: Venusaur","|-supereffective|p2a: Venusaur","|-damage|p2a: Venusaur|83/363","|move|p2a: Venusaur|Synthesis|p2a: Venusaur","|-heal|p2a: Venusaur|264/363","|","|turn|18","|","|move|p1a: Snoop Dog|Fire Punch|p2a: Venusaur","|-supereffective|p2a: Venusaur","|-damage|p2a: Venusaur|114/363","|move|p2a: Venusaur|Synthesis|p2a: Venusaur","|-heal|p2a: Venusaur|295/363","|","|turn|19","|","|move|p1a: Snoop Dog|Fire Punch|p2a: Venusaur","|-supereffective|p2a: Venusaur","|-damage|p2a: Venusaur|149/363","|move|p2a: Venusaur|Sludge Bomb|p1a: Snoop Dog","|-damage|p1a: Snoop Dog|0 fnt","|faint|p1a: Snoop Dog","|","|","|switch|p1a: Special One|Scrafty, M|331/331","|turn|20","|","|move|p1a: Special One|Fake Out|p2a: Venusaur","|-damage|p2a: Venusaur|111/363","|cant|p2a: Venusaur|flinch","|","|turn|21","|","|move|p2a: Venusaur|Synthesis|p2a: Venusaur","|-heal|p2a: Venusaur|292/363","|move|p1a: Special One|High Jump Kick|p2a: Venusaur","|-resisted|p2a: Venusaur","|-damage|p2a: Venusaur|193/363","|","|turn|22","|","|move|p2a: Venusaur|Sludge Bomb|p1a: Special One","|-damage|p1a: Special One|145/331","|-status|p1a: Special One|psn","|move|p1a: Special One|Crunch|p2a: Venusaur","|-damage|p2a: Venusaur|88/363","|","|-damage|p1a: Special One|104/331 psn|[from] psn","|turn|23","|","|move|p2a: Venusaur|Sludge Bomb|p1a: Special One","|-damage|p1a: Special One|0 fnt","|faint|p1a: Special One","|","|","|switch|p1a: Weeeed|Chesnaught, M, shiny|380/380","|turn|24","|","|move|p2a: Venusaur|Sludge Bomb|p1a: Weeeed","|-immune|p1a: Weeeed|[msg]|[from] Bulletproof","|move|p1a: Weeeed|Wood Hammer|p2a: Venusaur","|-resisted|p2a: Venusaur","|-damage|p2a: Venusaur|54/363","|-damage|p1a: Weeeed|369/380|[from] recoil|[of] p2a: Venusaur","|","|turn|25","|","|move|p2a: Venusaur|Knock Off|p1a: Weeeed","|-resisted|p1a: Weeeed","|-damage|p1a: Weeeed|344/380","|-damage|p2a: Venusaur|0 fnt|[from] item: Rocky Helmet|[of] p1a: Weeeed","|faint|p2a: Venusaur","|move|p1a: Weeeed|Wood Hammer|p2: Venusaur|[notarget]","|-notarget","|","|","|switch|p2a: Cradily|Cradily, M|376/376","|turn|26","|","|move|p1a: Weeeed|Leech Seed|p2a: Cradily","|-immune|p2a: Cradily|[msg]","|move|p2a: Cradily|Curse|p2a: Cradily","|-unboost|p2a: Cradily|spe|1","|-boost|p2a: Cradily|atk|1","|-boost|p2a: Cradily|def|1","|","|turn|27","|","|move|p1a: Weeeed|Wood Hammer|p2a: Cradily","|-damage|p2a: Cradily|279/376","|-damage|p1a: Weeeed|312/380|[from] recoil|[of] p2a: Cradily","|move|p2a: Cradily|Curse|p2a: Cradily","|-unboost|p2a: Cradily|spe|1","|-boost|p2a: Cradily|atk|1","|-boost|p2a: Cradily|def|1","|","|-heal|p2a: Cradily|302/376|[from] item: Leftovers","|turn|28","|","|move|p1a: Weeeed|Wood Hammer|p2a: Cradily","|-crit|p2a: Cradily","|-damage|p2a: Cradily|64/376","|-damage|p1a: Weeeed|233/380|[from] recoil|[of] p2a: Cradily","|move|p2a: Cradily|Curse|p2a: Cradily","|-unboost|p2a: Cradily|spe|1","|-boost|p2a: Cradily|atk|1","|-boost|p2a: Cradily|def|1","|","|-heal|p2a: Cradily|87/376|[from] item: Leftovers","|turn|29","|","|move|p1a: Weeeed|Spiky Shield|p1a: Weeeed","|-singleturn|p1a: Weeeed|move: Protect","|move|p2a: Cradily|Synthesis|p2a: Cradily","|-heal|p2a: Cradily|275/376","|","|-heal|p2a: Cradily|298/376|[from] item: Leftovers","|turn|30","|","|win|Tobashi"],"p1rating":{"entryid":"353956","serverid":"eos","formatid":"monotype","userid":"rebornpower","username":"Reborn Power","w":"5","l":4,"t":"0","gxe":52.4,"r":"1541.9971974002","rd":"92.120837608352","sigma":"0","rptime":"1440406800","rpr":1518.3108670964,"rprd":89.503885404394,"rpsigma":"0","acre":1113.648812173,"lacre":1113.648812173,"oldacre":"1148.7424347246"},"p2rating":{"entryid":385011,"formatid":"monotype","userid":"tobashi","username":"Tobashi","r":1500,"rd":130,"sigma":0,"rpr":1546.2008084301,"rprd":122.44236651585,"rpsigma":0,"rptime":1440406800,"w":1,"l":0,"t":0,"gxe":55.8,"acre":1056.1497960826,"lacre":1056.1497960826,"oldacre":1000},"endType":"forfeit"}