{"seed":[3190,45152,30681,51558],"turns":25,"p1":"Bugy","p2":"ApexProf SMogOn","p1team":[{"name":"Toxicroak","species":"Toxicroak","item":"blacksludge","ability":"Dry Skin","moves":["swordsdance","poisonjab","suckerpunch","drainpunch"],"nature":"Adamant","evs":{"hp":252,"atk":252,"def":0,"spa":0,"spd":4,"spe":0},"ivs":{"hp":31,"atk":31,"def":31,"spa":31,"spd":31,"spe":31}},{"name":"Terrakion","species":"Terrakion","item":"choicescarf","ability":"Justified","moves":["ironhead","earthquake","stoneedge","closecombat"],"nature":"Jolly","evs":{"hp":0,"atk":252,"def":0,"spa":0,"spd":4,"spe":252},"ivs":{"hp":31,"atk":31,"def":31,"spa":31,"spd":31,"spe":31}},{"name":"Gallade","species":"Gallade","item":"galladite","ability":"Steadfast","moves":["swordsdance","stoneedge","drainpunch","psychocut"],"nature":"Jolly","evs":{"hp":0,"atk":252,"def":0,"spa":0,"spd":4,"spe":252},"ivs":{"hp":31,"atk":31,"def":31,"spa":31,"spd":31,"spe":31}},{"name":"Cobalion","species":"Cobalion","item":"leftovers","ability":"Justified","moves":["ironhead","voltswitch","stealthrock","thunderwave"],"nature":"Jolly","evs":{"hp":252,"atk":4,"def":0,"spa":0,"spd":0,"spe":252},"ivs":{"hp":31,"atk":31,"def":31,"spa":31,"spd":31,"spe":31}},{"name":"Infernape","species":"Infernape","item":"focussash","ability":"Iron Fist","moves":["closecombat","flamethrower","earthquake","machpunch"],"nature":"Hasty","evs":{"hp":0,"atk":252,"def":0,"spa":4,"spd":0,"spe":252},"ivs":{"hp":31,"atk":31,"def":31,"spa":31,"spd":31,"spe":31}},{"name":"Conkeldurr","species":"Conkeldurr","item":"assaultvest","ability":"Guts","moves":["machpunch","knockoff","thunderpunch","drainpunch"],"nature":"Adamant","evs":{"hp":248,"atk":252,"def":0,"spa":0,"spd":8,"spe":0},"ivs":{"hp":31,"atk":31,"def":31,"spa":31,"spd":31,"spe":31}}],"p2team":[{"name":"Gengar","species":"Gengar","item":"focussash","ability":"Levitate","moves":["shadowball","sludgebomb","dazzlinggleam","destinybond"],"nature":"Timid","evs":{"hp":0,"atk":0,"def":0,"spa":252,"spd":4,"spe":252},"ivs":{"hp":31,"atk":31,"def":31,"spa":31,"spd":31,"spe":31}},{"name":"Aegislash","species":"Aegislash","item":"weaknesspolicy","ability":"Stance Change","moves":["swordsdance","kingsshield","sacredsword","shadowsneak"],"nature":"Careful","evs":{"hp":252,"atk":4,"def":0,"spa":0,"spd":252,"spe":0},"gender":"M","shiny":true,"ivs":{"hp":31,"atk":31,"def":31,"spa":31,"spd":31,"spe":31}},{"name":"Chandelure","species":"Chandelure","item":"choicescarf","ability":"Infiltrator","moves":["shadowball","fireblast","darkpulse","energyball"],"nature":"Modest","evs":{"hp":4,"atk":0,"def":0,"spa":252,"spd":0,"spe":252},"ivs":{"hp":31,"atk":31,"def":31,"spa":31,"spd":31,"spe":31}},{"name":"Sableye","species":"Sableye","item":"sablenite","ability":"Prankster","moves":["willowisp","calmmind","recover","darkpulse"],"nature":"Bold","evs":{"hp":252,"atk":0,"def":252,"spa":0,"spd":4,"spe":0},"ivs":{"hp":31,"atk":31,"def":31,"spa":31,"spd":31,"spe":31}},{"name":"Trevenant","species":"Trevenant","item":"sitrusberry","ability":"Harvest","moves":["substitute","willowisp","leechseed","foulplay"],"nature":"Calm","evs":{"hp":252,"atk":0,"def":4,"spa":0,"spd":252,"spe":0},"gender":"M","shiny":true,"ivs":{"hp":31,"atk":31,"def":31,"spa":31,"spd":31,"spe":31}},{"name":"Jellicent","species":"Jellicent","item":"leftovers","ability":"Cursed Body","moves":["willowisp","recover","acidarmor","hex"],"nature":"Calm","evs":{"hp":252,"atk":0,"def":0,"spa":4,"spd":252,"spe":0},"gender":"M","ivs":{"hp":31,"atk":31,"def":31,"spa":31,"spd":31,"spe":31}}],"log":["|player|p1|Bugy|66","|player|p2|ApexProf SMogOn|290","|gametype|singles","|gen|6","|tier|Monotype","|rated","|rule|Baton Pass Clause: Limit one Baton Passer, can't pass Spe and other stats simultaneously","|rule|Swagger Clause: Swagger is banned","|rule|Same Type Clause: Pokémon in a team must share a type","|clearpoke","|poke|p1|Toxicroak, F","|poke|p1|Terrakion","|poke|p1|Gallade, M","|poke|p1|Cobalion","|poke|p1|Infernape, F","|poke|p1|Conkeldurr, M","|poke|p2|Gengar, M","|poke|p2|Aegislash, M, shiny","|poke|p2|Chandelure, F","|poke|p2|Sableye, M","|poke|p2|Trevenant, M, shiny","|poke|p2|Jellicent, M","|rule|Sleep Clause Mod: Limit one foe put to sleep","|rule|Species Clause: Limit one of each Pokémon","|rule|OHKO Clause: OHKO moves are banned","|rule|Moody Clause: Moody is banned","|rule|Evasion Moves Clause: Evasion moves are banned","|rule|Endless Battle Clause: Forcing endless battles is banned","|rule|HP Percentage Mod: HP is shown in percentages","|teampreview","|","|start","|switch|p1a: Toxicroak|Toxicroak, F|370/370","|switch|p2a: Aegislash|Aegislash, M, shiny|324/324","|turn|1","|","|move|p1a: Toxicroak|Swords Dance|p1a: Toxicroak","|-boost|p1a: Toxicroak|atk|2","|move|p2a: Aegislash|Swords Dance|p2a: Aegislash","|-boost|p2a: Aegislash|atk|2","|","|turn|2","|","|move|p2a: Aegislash|King's Shield|p2a: Aegislash","|-singleturn|p2a: Aegislash|Protect","|move|p1a: Toxicroak|Sucker Punch|p2a: Aegislash","|-fail|p1a: Toxicroak","|","|turn|3","|","|move|p1a: Toxicroak|Sucker Punch|p2a: Aegislash","|-fail|p1a: Toxicroak","|move|p2a: Aegislash|Swords Dance|p2a: Aegislash","|-boost|p2a: Aegislash|atk|2","|","|turn|4","|","|move|p1a: Toxicroak|Swords Dance|p1a: Toxicroak","|-boost|p1a: Toxicroak|atk|2","|move|p2a: Aegislash|Swords Dance|p2a: Aegislash","|-boost|p2a: Aegislash|atk|2","|","|turn|5","|","|move|p2a: Aegislash|King's Shield|p2a: Aegislash","|-singleturn|p2a: Aegislash|Protect","|move|p1a: Toxicroak|Sucker Punch|p2a: Aegislash","|-fail|p1a: Toxicroak","|","|turn|6","|","|move|p1a: Toxicroak|Sucker Punch|p2a: Aegislash","|-fail|p1a: Toxicroak","|move|p2a: Aegislash|Swords Dance|p2a: Aegislash","|-fail|p2a: Aegislash","|","|turn|7","|","|move|p1a: Toxicroak|Sucker Punch|p2a: Aegislash","|-supereffective|p2a: Aegislash","|-damage|p2a: Aegislash|0 fnt","|faint|p2a: Aegislash","|","|","|switch|p2a: Sableye|Sableye, M|304/304","|turn|8","|","|move|p2a: Sableye|Will-O-Wisp|p1a: Toxicroak","|-status|p1a: Toxicroak|brn","|move|p1a: Toxicroak|Poison Jab|p2a: Sableye","|-resisted|p2a: Sableye","|-damage|p2a: Sableye|209/304","|","|-damage|p1a: Toxicroak|324/370 brn|[from] brn","|turn|9","|","|switch|p1a: Conkeldurr|Conkeldurr, M|413/413","|move|p2a: Sableye|Calm Mind|p2a: Sableye","|-boost|p2a: Sableye|spa|1","|-boost|p2a: Sableye|spd|1","|","|turn|10","|","|move|p2a: Sableye|Will-O-Wisp|p1a: Conkeldurr","|-status|p1a: Conkeldurr|brn","|move|p1a: Conkeldurr|Knock Off|p2a: Sableye","|-damage|p2a: Sableye|92/304","|","|-damage|p1a: Conkeldurr|362/413 brn|[from] brn","|turn|11","|","|move|p2a: Sableye|Recover|p2a: Sableye","|-heal|p2a: Sableye|244/304","|move|p1a: Conkeldurr|Thunder Punch|p2a: Sableye","|-damage|p2a: Sableye|103/304","|","|-damage|p1a: Conkeldurr|311/413 brn|[from] brn","|turn|12","|","|move|p2a: Sableye|Recover|p2a: Sableye","|-heal|p2a: Sableye|255/304","|move|p1a: Conkeldurr|Thunder Punch|p2a: Sableye","|-damage|p2a: Sableye|127/304","|","|-damage|p1a: Conkeldurr|260/413 brn|[from] brn","|turn|13","|","|move|p2a: Sableye|Recover|p2a: Sableye","|-heal|p2a: Sableye|279/304","|move|p1a: Conkeldurr|Thunder Punch|p2a: Sableye","|-damage|p2a: Sableye|136/304","|","|-damage|p1a: Conkeldurr|209/413 brn|[from] brn","|turn|14","|","|move|p2a: Sableye|Recover|p2a: Sableye","|-heal|p2a: Sableye|288/304","|move|p1a: Conkeldurr|Thunder Punch|p2a: Sableye","|-damage|p2a: Sableye|153/304","|","|-damage|p1a: Conkeldurr|158/413 brn|[from] brn","|turn|15","|","|move|p2a: Sableye|Calm Mind|p2a: Sableye","|-boost|p2a: Sableye|spa|1","|-boost|p2a: Sableye|spd|1","|move|p1a: Conkeldurr|Thunder Punch|p2a: Sableye","|-damage|p2a: Sableye|10/304","|-status|p2a: Sableye|par","|","|-damage|p1a: Conkeldurr|107/413 brn|[from] brn","|turn|16","|","|move|p2a: Sableye|Recover|p2a: Sableye","|-heal|p2a: Sableye|162/304 par","|move|p1a: Conkeldurr|Thunder Punch|p2a: Sableye","|-damage|p2a: Sableye|35/304 par","|","|-damage|p1a: Conkeldurr|56/413 brn|[from] brn","|turn|17","|","|move|p2a: Sableye|Recover|p2a: Sableye","|-heal|p2a: Sableye|187/304 par","|move|p1a: Conkeldurr|Thunder Punch|p2a: Sableye","|-damage|p2a: Sableye|44/304 par","|","|-damage|p1a: Conkeldurr|5/413 brn|[from] brn","|turn|18","|","|cant|p2a: Sableye|par","|move|p1a: Conkeldurr|Thunder Punch|p2a: Sableye","|-damage|p2a: Sableye|0 fnt","|faint|p2a: Sableye","|","|-damage|p1a: Conkeldurr|0 fnt|[from] brn","|faint|p1a: Conkeldurr","|","|switch|p1a: Cobalion|Cobalion|386/386","|switch|p2a: Jellicent|Jellicent, M|404/404","|turn|19","|","|move|p1a: Cobalion|Stealth Rock|p2a: Jellicent","|-sidestart|p2: ApexProf SMogOn|move: Stealth Rock","|move|p2a: Jellicent|Will-O-Wisp|p1a: Cobalion","|-status|p1a: Cobalion|brn","|","|-damage|p1a: Cobalion|338/386 brn|[from] brn","|turn|20","|","|move|p1a: Cobalion|Thunder Wave|p2a: Jellicent","|-status|p2a: Jellicent|par","|move|p2a: Jellicent|Acid Armor|p2a: Jellicent","|-boost|p2a: Jellicent|def|2","|","|-heal|p1a: Cobalion|362/386 brn|[from] item: Leftovers","|-damage|p1a: Cobalion|314/386 brn|[from] brn","|turn|21","|","|move|p1a: Cobalion|Volt Switch|p2a: Jellicent","|-supereffective|p2a: Jellicent","|-damage|p2a: Jellicent|336/404 par","|","|switch|p1a: Gallade|Gallade, M|277/277","|move|p2a: Jellicent|Acid Armor|p2a: Jellicent","|-boost|p2a: Jellicent|def|2","|","|-heal|p2a: Jellicent|361/404 par|[from] item: Leftovers","|turn|22","|","|detailschange|p1a: Gallade|Gallade-Mega, M","|-mega|p1a: Gallade|Gallade|Galladite","|move|p1a: Gallade|Swords Dance|p1a: Gallade","|-boost|p1a: Gallade|atk|2","|move|p2a: Jellicent|Will-O-Wisp|p1a: Gallade","|-status|p1a: Gallade|brn","|","|-heal|p2a: Jellicent|386/404 par|[from] item: Leftovers","|-damage|p1a: Gallade|243/277 brn|[from] brn","|turn|23","|","|switch|p1a: Toxicroak|Toxicroak, F|324/370 brn","|move|p2a: Jellicent|Hex|p1a: Toxicroak","|-damage|p1a: Toxicroak|140/370 brn","|","|-heal|p1a: Toxicroak|163/370 brn|[from] item: Black Sludge","|-heal|p2a: Jellicent|404/404 par|[from] item: Leftovers","|-damage|p1a: Toxicroak|117/370 brn|[from] brn","|turn|24","|","|move|p1a: Toxicroak|Swords Dance|p1a: Toxicroak","|-boost|p1a: Toxicroak|atk|2","|cant|p2a: Jellicent|par","|","|-heal|p1a: Toxicroak|140/370 brn|[from] item: Black Sludge","|-damage|p1a: Toxicroak|94/370 brn|[from] brn","|turn|25","|","|move|p1a: Toxicroak|Poison Jab|p2a: Jellicent","|-resisted|p2a: Jellicent","|-damage|p2a: Jellicent|374/404 par","|move|p2a: Jellicent|Hex|p1a: Toxicroak","|-damage|p1a: Toxicroak|0 fnt","|faint|p1a: Toxicroak","|","|-heal|p2a: Jellicent|399/404 par|[from] item: Leftovers","|player|p1","|","|win|Bugy"],"p1rating":{"entryid":"380487","serverid":"eos","formatid":"monotype","userid":"bugy","username":"Bugy","w":2,"l":"2","t":"0","gxe":53.1,"r":"1500","rd":"130","sigma":"0","rptime":"1440320400","rpr":1524.8336025515,"rprd":107.19173353321,"rpsigma":"0","acre":1076.6899658967,"lacre":1076.6899658967,"oldacre":"1032.8354252216"},"p2rating":{"entryid":"318042","serverid":"eos","formatid":"monotype","userid":"apexprofsmogon","username":"ApexProf","w":"7","l":7,"t":"0","gxe":55.3,"r":"1524.0907258551","rd":"107.23573718583","sigma":"0","rptime":"1440320400","rpr":1541.0202651709,"rprd":79.564540212422,"rpsigma":"0","acre":1090.4351225296,"lacre":1090.4351225296,"oldacre":"1121.6930933095"},"endType":"forfeit"}