{"seed":[50422,61169,38715,60666],"turns":24,"p1":"Crystal Blade64","p2":"Reborn Power","p1team":[{"name":"Reckless","species":"staraptor","item":"leftovers","ability":"Intimidate","moves":["bravebird","roost","featherdance","defog"],"nature":"Impish","evs":{"hp":252,"atk":4,"def":252,"spa":0,"spd":0,"spe":0},"ivs":{"hp":31,"atk":31,"def":31,"spa":31,"spd":31,"spe":31}},{"name":"BetterThanYou","species":"ditto","item":"choicescarf","ability":"Imposter","moves":["transform"],"nature":"Bold","evs":{"hp":248,"atk":0,"def":252,"spa":0,"spd":8,"spe":0},"happiness":0,"ivs":{"hp":31,"atk":31,"def":31,"spa":31,"spd":31,"spe":31}},{"name":"Nurse Joy pls","species":"chansey","item":"eviolite","ability":"Natural Cure","moves":["aromatherapy","softboiled","thunderwave","seismictoss"],"nature":"Bold","evs":{"hp":248,"atk":0,"def":252,"spa":0,"spd":8,"spe":0},"ivs":{"hp":31,"atk":31,"def":31,"spa":31,"spd":31,"spe":31}},{"name":"EnergizerBunny","species":"lopunny","item":"lopunnite","ability":"Cute Charm","moves":["fakeout","highjumpkick","icepunch","frustration"],"nature":"Jolly","evs":{"hp":4,"atk":252,"def":0,"spa":0,"spd":0,"spe":252},"happiness":0,"ivs":{"hp":31,"atk":31,"def":31,"spa":31,"spd":31,"spe":31}},{"name":"DownloadFreeRAM","species":"porygon2","item":"eviolite","ability":"Trace","moves":["toxic","recover","icebeam","discharge"],"nature":"Bold","evs":{"hp":248,"atk":0,"def":252,"spa":8,"spd":0,"spe":0},"ivs":{"hp":31,"atk":31,"def":31,"spa":31,"spd":31,"spe":31}},{"name":"Diggersby tho","species":"diggersby","item":"choiceband","ability":"Huge Power","moves":["earthquake","quickattack","frustration","uturn"],"nature":"Adamant","evs":{"hp":4,"atk":252,"def":0,"spa":0,"spd":0,"spe":252},"happiness":0,"ivs":{"hp":31,"atk":31,"def":31,"spa":31,"spd":31,"spe":31}}],"p2team":[{"name":"Smoke Weed","species":"conkeldurr","item":"assaultvest","ability":"Guts","moves":["knockoff","machpunch","poisonjab","drainpunch"],"nature":"Adamant","evs":{"hp":248,"atk":252,"def":0,"spa":0,"spd":8,"spe":0},"gender":"M","ivs":{"hp":31,"atk":31,"def":31,"spa":31,"spd":31,"spe":31}},{"name":"Snoop Doggy","species":"medicham","item":"medichamite","ability":"Pure Power","moves":["highjumpkick","fakeout","bulletpunch","firepunch"],"nature":"Jolly","evs":{"hp":0,"atk":252,"def":0,"spa":0,"spd":4,"spe":252},"gender":"M","ivs":{"hp":31,"atk":31,"def":31,"spa":31,"spd":31,"spe":31}},{"name":"Blaze it","species":"infernape","item":"lifeorb","ability":"Iron Fist","moves":["machpunch","swordsdance","closecombat","earthquake"],"nature":"Jolly","evs":{"hp":0,"atk":252,"def":0,"spa":0,"spd":4,"spe":252},"ivs":{"hp":31,"atk":31,"def":31,"spa":31,"spd":31,"spe":31}},{"name":"Rambo","species":"hawlucha","item":"sitrusberry","ability":"Unburden","moves":["acrobatics","swordsdance","highjumpkick","stoneedge"],"nature":"Adamant","evs":{"hp":4,"atk":252,"def":0,"spa":0,"spd":0,"spe":252},"gender":"M","ivs":{"hp":31,"atk":31,"def":31,"spa":31,"spd":31,"spe":31}},{"name":"WEEEEED","species":"chesnaught","item":"rockyhelmet","ability":"Bulletproof","moves":["spikyshield","toxic","leechseed","superfang"],"nature":"Bold","evs":{"hp":248,"atk":0,"def":252,"spa":0,"spd":8,"spe":0},"gender":"M","shiny":true,"ivs":{"hp":31,"atk":31,"def":31,"spa":31,"spd":31,"spe":31}},{"name":"Special One","species":"scrafty","item":"assaultvest","ability":"Moxie","moves":["knockoff","icepunch","highjumpkick","fakeout"],"nature":"Adamant","evs":{"hp":240,"atk":252,"def":8,"spa":0,"spd":8,"spe":0},"gender":"M","ivs":{"hp":31,"atk":31,"def":31,"spa":31,"spd":31,"spe":31}}],"log":["|player|p1|Crystal Blade64|165","|player|p2|Reborn Power|200","|gametype|singles","|gen|6","|tier|Monotype","|rated","|rule|Baton Pass Clause: Limit one Baton Passer, can't pass Spe and other stats simultaneously","|rule|Swagger Clause: Swagger is banned","|rule|Same Type Clause: Pokémon in a team must share a type","|clearpoke","|poke|p1|Staraptor, M","|poke|p1|Ditto","|poke|p1|Chansey, F","|poke|p1|Lopunny, F","|poke|p1|Porygon2","|poke|p1|Diggersby, M","|poke|p2|Conkeldurr, M","|poke|p2|Medicham, M","|poke|p2|Infernape, F","|poke|p2|Hawlucha, M","|poke|p2|Chesnaught, M, shiny","|poke|p2|Scrafty, M","|rule|Sleep Clause Mod: Limit one foe put to sleep","|rule|Species Clause: Limit one of each Pokémon","|rule|OHKO Clause: OHKO moves are banned","|rule|Moody Clause: Moody is banned","|rule|Evasion Moves Clause: Evasion moves are banned","|rule|Endless Battle Clause: Forcing endless battles is banned","|rule|HP Percentage Mod: HP is shown in percentages","|teampreview","|","|start","|switch|p1a: Reckless|Staraptor, M|374/374","|switch|p2a: WEEEEED|Chesnaught, M, shiny|379/379","|-ability|p1a: Reckless|Intimidate","|-unboost|p2a: WEEEEED|atk|1","|turn|1","|","|move|p2a: WEEEEED|Spiky Shield|p2a: WEEEEED","|-singleturn|p2a: WEEEEED|move: Protect","|move|p1a: Reckless|Brave Bird|p2a: WEEEEED","|-activate|p2a: WEEEEED|Protect","|-damage|p1a: Reckless|328/374|[from] Spiky Shield|[of] p2a: WEEEEED","|","|-heal|p1a: Reckless|351/374|[from] item: Leftovers","|turn|2","|","|move|p1a: Reckless|Brave Bird|p2a: WEEEEED","|-supereffective|p2a: WEEEEED","|-damage|p2a: WEEEEED|0 fnt","|-damage|p1a: Reckless|289/374|[from] item: Rocky Helmet|[of] p2a: WEEEEED","|-damage|p1a: Reckless|164/374|[from] recoil|[of] p2a: WEEEEED","|faint|p2a: WEEEEED","|","|-heal|p1a: Reckless|187/374|[from] item: Leftovers","|","|switch|p2a: Snoop Doggy|Medicham, M|261/261","|turn|3","|","|switch|p1a: DownloadFreeRAM|Porygon2|373/373","|-ability|p1a: DownloadFreeRAM|Pure Power|[from] ability: Trace|[of] p2a: Snoop Doggy","|detailschange|p2a: Snoop Doggy|Medicham-Mega, M","|-mega|p2a: Snoop Doggy|Medicham|Medichamite","|move|p2a: Snoop Doggy|Fake Out|p1a: DownloadFreeRAM","|-crit|p1a: DownloadFreeRAM","|-damage|p1a: DownloadFreeRAM|313/373","|","|turn|4","|","|switch|p1a: Reckless|Staraptor, M|187/374","|-ability|p1a: Reckless|Intimidate","|-unboost|p2a: Snoop Doggy|atk|1","|move|p2a: Snoop Doggy|High Jump Kick|p1a: Reckless","|-damage|p1a: Reckless|0 fnt","|faint|p1a: Reckless","|","|","|switch|p1a: EnergizerBunny|Lopunny, F|272/272","|turn|5","|","|switch|p2a: Smoke Weed|Conkeldurr, M|413/413","|detailschange|p1a: EnergizerBunny|Lopunny-Mega, F","|-mega|p1a: EnergizerBunny|Lopunny|Lopunnite","|move|p1a: EnergizerBunny|Fake Out|p2a: Smoke Weed","|-damage|p2a: Smoke Weed|335/413","|","|turn|6","|","|move|p1a: EnergizerBunny|High Jump Kick|p2a: Smoke Weed","|-damage|p2a: Smoke Weed|86/413","|move|p2a: Smoke Weed|Knock Off|p1a: EnergizerBunny","|-resisted|p1a: EnergizerBunny","|-damage|p1a: EnergizerBunny|229/272","|","|turn|7","|","|switch|p1a: BetterThanYou|Ditto|299/299","|-transform|p1a: BetterThanYou|p2a: Smoke Weed","|move|p2a: Smoke Weed|Mach Punch|p1a: BetterThanYou","|-damage|p1a: BetterThanYou|206/299","|","|turn|8","|","|move|p2a: Smoke Weed|Mach Punch|p1a: BetterThanYou","|-damage|p1a: BetterThanYou|115/299","|move|p1a: BetterThanYou|Drain Punch|p2a: Smoke Weed","|-damage|p2a: Smoke Weed|0 fnt","|-heal|p1a: BetterThanYou|158/299|[from] drain|[of] p2a: Smoke Weed","|faint|p2a: Smoke Weed","|","|","|switch|p2a: Rambo|Hawlucha, M|298/298","|turn|9","|","|switch|p1a: DownloadFreeRAM|Porygon2|313/373","|-ability|p1a: DownloadFreeRAM|Unburden|[from] ability: Trace|[of] p2a: Rambo","|move|p2a: Rambo|Acrobatics|p1a: DownloadFreeRAM","|-damage|p1a: DownloadFreeRAM|265/373","|","|turn|10","|","|move|p2a: Rambo|High Jump Kick|p1a: DownloadFreeRAM","|-supereffective|p1a: DownloadFreeRAM","|-damage|p1a: DownloadFreeRAM|41/373","|move|p1a: DownloadFreeRAM|Discharge|p2a: Rambo","|-supereffective|p2a: Rambo","|-damage|p2a: Rambo|102/298","|-status|p2a: Rambo|par","|-enditem|p2a: Rambo|Sitrus Berry|[eat]","|-heal|p2a: Rambo|176/298 par|[from] item: Sitrus Berry","|","|turn|11","|","|move|p2a: Rambo|High Jump Kick|p1a: DownloadFreeRAM|[miss]","|-miss|p2a: Rambo|p1a: DownloadFreeRAM","|-damage|p2a: Rambo|27/298 par|[from] highjumpkick","|move|p1a: DownloadFreeRAM|Recover|p1a: DownloadFreeRAM","|-heal|p1a: DownloadFreeRAM|228/373","|","|turn|12","|","|switch|p1a: BetterThanYou|Ditto|158/299","|-transform|p1a: BetterThanYou|p2a: Rambo","|move|p2a: Rambo|High Jump Kick|p1a: BetterThanYou","|-resisted|p1a: BetterThanYou","|-damage|p1a: BetterThanYou|23/299","|","|turn|13","|","|move|p1a: BetterThanYou|Acrobatics|p2a: Rambo","|-supereffective|p2a: Rambo","|-damage|p2a: Rambo|0 fnt","|faint|p2a: Rambo","|","|","|switch|p2a: Special One|Scrafty, M|331/331","|turn|14","|","|move|p2a: Special One|Fake Out|p1a: BetterThanYou","|-damage|p1a: BetterThanYou|0 fnt","|faint|p1a: BetterThanYou","|-boost|p2a: Special One|atk|1|[from] ability: Moxie","|","|","|switch|p1a: Diggersby tho|Diggersby, M|312/312","|turn|15","|","|move|p1a: Diggersby tho|U-turn|p2a: Special One","|-damage|p2a: Special One|182/331","|","|switch|p1a: Nurse Joy pls|Chansey, F|703/703","|move|p2a: Special One|High Jump Kick|p1a: Nurse Joy pls","|-crit|p1a: Nurse Joy pls","|-supereffective|p1a: Nurse Joy pls","|-damage|p1a: Nurse Joy pls|0 fnt","|faint|p1a: Nurse Joy pls","|-boost|p2a: Special One|atk|1|[from] ability: Moxie","|","|","|switch|p1a: EnergizerBunny|Lopunny-Mega, F|229/272","|turn|16","|","|move|p1a: EnergizerBunny|Fake Out|p2a: Special One","|-damage|p2a: Special One|118/331","|cant|p2a: Special One|flinch","|","|turn|17","|","|move|p1a: EnergizerBunny|Frustration|p2a: Special One","|-crit|p2a: Special One","|-damage|p2a: Special One|0 fnt","|faint|p2a: Special One","|","|","|switch|p2a: Blaze it|Infernape, F|293/293","|turn|18","|","|switch|p1a: DownloadFreeRAM|Porygon2|228/373","|-ability|p1a: DownloadFreeRAM|Iron Fist|[from] ability: Trace|[of] p2a: Blaze it","|move|p2a: Blaze it|Swords Dance|p2a: Blaze it","|-boost|p2a: Blaze it|atk|2","|","|turn|19","|","|move|p2a: Blaze it|Mach Punch|p1a: DownloadFreeRAM","|-supereffective|p1a: DownloadFreeRAM","|-damage|p1a: DownloadFreeRAM|33/373","|-damage|p2a: Blaze it|264/293|[from] item: Life Orb","|move|p1a: DownloadFreeRAM|Discharge|p2a: Blaze it","|-crit|p2a: Blaze it","|-damage|p2a: Blaze it|127/293","|-status|p2a: Blaze it|par","|","|turn|20","|","|move|p2a: Blaze it|Mach Punch|p1a: DownloadFreeRAM","|-supereffective|p1a: DownloadFreeRAM","|-damage|p1a: DownloadFreeRAM|0 fnt","|-damage|p2a: Blaze it|98/293 par|[from] item: Life Orb","|faint|p1a: DownloadFreeRAM","|","|","|switch|p1a: Diggersby tho|Diggersby, M|312/312","|turn|21","|","|move|p1a: Diggersby tho|Quick Attack|p2a: Blaze it","|-damage|p2a: Blaze it|0 fnt","|faint|p2a: Blaze it","|","|","|switch|p2a: Snoop Doggy|Medicham-Mega, M|261/261","|turn|22","|","|move|p2a: Snoop Doggy|Fake Out|p1a: Diggersby tho","|-damage|p1a: Diggersby tho|220/312","|cant|p1a: Diggersby tho|flinch","|","|turn|23","|","|move|p1a: Diggersby tho|Quick Attack|p2a: Snoop Doggy","|-damage|p2a: Snoop Doggy|116/261","|move|p2a: Snoop Doggy|High Jump Kick|p1a: Diggersby tho","|-supereffective|p1a: Diggersby tho","|-damage|p1a: Diggersby tho|0 fnt","|faint|p1a: Diggersby tho","|","|","|switch|p1a: EnergizerBunny|Lopunny-Mega, F|229/272","|turn|24","|","|move|p1a: EnergizerBunny|Fake Out|p2a: Snoop Doggy","|-crit|p2a: Snoop Doggy","|-damage|p2a: Snoop Doggy|0 fnt","|faint|p2a: Snoop Doggy","|","|win|Crystal Blade64"],"p1rating":{"entryid":"73557","serverid":"eos","formatid":"monotype","userid":"crystalblade64","username":"Crystal Blade64","w":16,"l":"7","t":"0","gxe":65.7,"r":"1639.5115739864","rd":"76.117812898389","sigma":"0","rptime":"1440406800","rpr":1624.8302249946,"rprd":67.464526385736,"rpsigma":"0","acre":1204.674174554,"lacre":1204.674174554,"oldacre":"1180.3452991976"},"p2rating":{"entryid":"353956","serverid":"eos","formatid":"monotype","userid":"rebornpower","username":"Reborn Power","w":"13","l":12,"t":"0","gxe":54.2,"r":"1541.9971974002","rd":"92.120837608352","sigma":"0","rptime":"1440406800","rpr":1532.2294525488,"rprd":64.430814677208,"rpsigma":"0","acre":1146.6872790442,"lacre":1146.6872790442,"oldacre":"1171.0161544006"},"endType":"normal"}