{"seed":[26298,38036,29880,27429],"turns":34,"p1":"Knight Bronze <3","p2":"Professor ♅ ☯ Nyx","p1team":[{"name":"GENERICTINI","species":"victini","item":"choicescarf","ability":"Victory Star","moves":["vcreate","boltstrike","uturn","zenheadbutt"],"nature":"Jolly","evs":{"hp":0,"atk":252,"def":0,"spa":0,"spd":4,"spe":252},"ivs":{"hp":31,"atk":31,"def":31,"spa":31,"spd":31,"spe":31}},{"name":"Y U UNBAN!!!!!","species":"gallade","item":"galladite","ability":"Justified","moves":["drainpunch","bulkup","shadowsneak","knockoff"],"nature":"Jolly","evs":{"hp":0,"atk":176,"def":80,"spa":0,"spd":0,"spe":252},"ivs":{"hp":31,"atk":31,"def":31,"spa":31,"spd":31,"spe":31}},{"name":"STICK IT IN","species":"hoopaunbound","item":"choicescarf","ability":"Magician","moves":["drainpunch","gunkshot","hyperspacefury","firepunch"],"nature":"Jolly","evs":{"hp":0,"atk":252,"def":0,"spa":0,"spd":4,"spe":252},"ivs":{"hp":31,"atk":31,"def":31,"spa":31,"spd":31,"spe":31}},{"name":"Nyaaaaa~","species":"mew","item":"leftovers","ability":"Synchronize","moves":["roost","defog","rockslide","willowisp"],"nature":"Careful","evs":{"hp":248,"atk":8,"def":0,"spa":0,"spd":252,"spe":0},"ivs":{"hp":31,"atk":31,"def":31,"spa":31,"spd":31,"spe":31}},{"name":"Poopface","species":"slowbro","item":"leftovers","ability":"Regenerator","moves":["scald","grassknot","slackoff","thunderwave"],"nature":"Bold","evs":{"hp":252,"atk":0,"def":252,"spa":4,"spd":0,"spe":0},"ivs":{"hp":31,"atk":31,"def":31,"spa":31,"spd":31,"spe":31}},{"name":"Melody","species":"meloetta","item":"leftovers","ability":"Serene Grace","moves":["dazzlinggleam","calmmind","psyshock","substitute"],"nature":"Calm","evs":{"hp":248,"atk":0,"def":200,"spa":0,"spd":60,"spe":0},"ivs":{"hp":31,"atk":0,"def":31,"spa":31,"spd":31,"spe":31}}],"p2team":[{"name":"Roserade","species":"Roserade","item":"choicescarf","ability":"Technician","moves":["hiddenpowerrock","magicalleaf","extrasensory","weatherball"],"nature":"Modest","evs":{"hp":0,"atk":0,"def":0,"spa":252,"spd":4,"spe":252},"ivs":{"hp":31,"atk":31,"def":30,"spa":31,"spd":30,"spe":30}},{"name":"Ludicolo","species":"Ludicolo","item":"leftovers","ability":"Swift Swim","moves":["leechseed","gigadrain","raindance","surf"],"nature":"Calm","evs":{"hp":248,"atk":0,"def":0,"spa":8,"spd":252,"spe":0},"ivs":{"hp":31,"atk":31,"def":31,"spa":31,"spd":31,"spe":31}},{"name":"Venusaur","species":"Venusaur","item":"venusaurite","ability":"Overgrow","moves":["hiddenpowerrock","gigadrain","sleeppowder","synthesis"],"nature":"Bold","evs":{"hp":248,"atk":0,"def":188,"spa":0,"spd":72,"spe":0},"ivs":{"hp":31,"atk":31,"def":30,"spa":31,"spd":30,"spe":30}},{"name":"Voltergeist","species":"rotommow","item":"choicescarf","ability":"Levitate","moves":["trick","leafstorm","voltswitch","electroball"],"nature":"Timid","evs":{"hp":0,"atk":0,"def":0,"spa":252,"spd":4,"spe":252},"ivs":{"hp":31,"atk":31,"def":31,"spa":31,"spd":31,"spe":31}},{"name":"Serperior","species":"Serperior","item":"leftovers","ability":"Contrary","moves":["dragonpulse","leafstorm","glare","hiddenpowerfire"],"nature":"Timid","evs":{"hp":0,"atk":0,"def":0,"spa":252,"spd":4,"spe":252},"ivs":{"hp":31,"atk":30,"def":31,"spa":30,"spd":31,"spe":30}},{"name":"Ferrothorn","species":"Ferrothorn","item":"leftovers","ability":"Iron Barbs","moves":["gyroball","leechseed","protect","stealthrock"],"nature":"Relaxed","evs":{"hp":252,"atk":4,"def":252,"spa":0,"spd":0,"spe":0},"ivs":{"hp":31,"atk":31,"def":31,"spa":31,"spd":31,"spe":0}}],"log":["|player|p1|Knight Bronze <3|287","|player|p2|Professor ♅ ☯ Nyx|132","|gametype|singles","|gen|6","|tier|Monotype","|rated","|rule|Baton Pass Clause: Limit one Baton Passer, can't pass Spe and other stats simultaneously","|rule|Swagger Clause: Swagger is banned","|rule|Same Type Clause: Pokémon in a team must share a type","|clearpoke","|poke|p1|Victini","|poke|p1|Gallade, M","|poke|p1|Hoopa-Unbound","|poke|p1|Mew","|poke|p1|Slowbro, F","|poke|p1|Meloetta","|poke|p2|Roserade, F","|poke|p2|Ludicolo, F","|poke|p2|Venusaur, F","|poke|p2|Rotom-Mow","|poke|p2|Serperior, M","|poke|p2|Ferrothorn, F","|rule|Sleep Clause Mod: Limit one foe put to sleep","|rule|Species Clause: Limit one of each Pokémon","|rule|OHKO Clause: OHKO moves are banned","|rule|Moody Clause: Moody is banned","|rule|Evasion Moves Clause: Evasion moves are banned","|rule|Endless Battle Clause: Forcing endless battles is banned","|rule|HP Percentage Mod: HP is shown in percentages","|teampreview","|","|start","|switch|p1a: Nyaaaaa~|Mew|403/403","|switch|p2a: Ludicolo|Ludicolo, F|363/363","|turn|1","|","|move|p1a: Nyaaaaa~|Will-O-Wisp|p2a: Ludicolo","|-status|p2a: Ludicolo|brn","|move|p2a: Ludicolo|Rain Dance|p2a: Ludicolo","|-weather|RainDance","|","|-weather|RainDance|[upkeep]","|-damage|p2a: Ludicolo|318/363 brn|[from] brn","|turn|2","|","|move|p2a: Ludicolo|Leech Seed|p1a: Nyaaaaa~|[miss]","|-miss|p2a: Ludicolo|p1a: Nyaaaaa~","|move|p1a: Nyaaaaa~|Roost|p1a: Nyaaaaa~","|-fail|p1a: Nyaaaaa~","|","|-weather|RainDance|[upkeep]","|-heal|p2a: Ludicolo|340/363 brn|[from] item: Leftovers","|-damage|p2a: Ludicolo|295/363 brn|[from] brn","|turn|3","|","|move|p2a: Ludicolo|Leech Seed|p1a: Nyaaaaa~","|-start|p1a: Nyaaaaa~|move: Leech Seed","|move|p1a: Nyaaaaa~|Rock Slide|p2a: Ludicolo","|-damage|p2a: Ludicolo|219/363 brn","|","|-weather|RainDance|[upkeep]","|-heal|p2a: Ludicolo|241/363 brn|[from] item: Leftovers","|-damage|p1a: Nyaaaaa~|353/403|[from] Leech Seed|[of] p2a: Ludicolo","|-heal|p2a: Ludicolo|291/363 brn|[silent]","|-damage|p2a: Ludicolo|246/363 brn|[from] brn","|turn|4","|","|switch|p1a: Melody|Meloetta|403/403","|move|p2a: Ludicolo|Giga Drain|p1a: Melody","|-crit|p1a: Melody","|-damage|p1a: Melody|310/403","|-heal|p2a: Ludicolo|293/363 brn|[from] drain|[of] p1a: Melody","|","|-weather|RainDance|[upkeep]","|-heal|p2a: Ludicolo|315/363 brn|[from] item: Leftovers","|-heal|p1a: Melody|335/403|[from] item: Leftovers","|-damage|p2a: Ludicolo|270/363 brn|[from] brn","|turn|5","|","|switch|p2a: Ferrothorn|Ferrothorn, F|352/352","|switch|p1a: Nyaaaaa~|Mew|353/403","|","|-weather|none","|-heal|p1a: Nyaaaaa~|378/403|[from] item: Leftovers","|turn|6","|","|switch|p2a: Serperior|Serperior, M|291/291","|move|p1a: Nyaaaaa~|Will-O-Wisp|p2a: Serperior","|-status|p2a: Serperior|brn","|","|-heal|p1a: Nyaaaaa~|403/403|[from] item: Leftovers","|-damage|p2a: Serperior|255/291 brn|[from] brn","|turn|7","|","|move|p2a: Serperior|Leaf Storm|p1a: Nyaaaaa~","|-crit|p1a: Nyaaaaa~","|-damage|p1a: Nyaaaaa~|238/403","|-boost|p2a: Serperior|spa|2","|move|p1a: Nyaaaaa~|Roost|p1a: Nyaaaaa~","|-heal|p1a: Nyaaaaa~|403/403","|","|-heal|p2a: Serperior|273/291 brn|[from] item: Leftovers","|-damage|p2a: Serperior|237/291 brn|[from] brn","|turn|8","|","|switch|p1a: GENERICTINI|Victini|341/341","|move|p2a: Serperior|Leaf Storm|p1a: GENERICTINI|[miss]","|-miss|p2a: Serperior|p1a: GENERICTINI","|","|-heal|p2a: Serperior|255/291 brn|[from] item: Leftovers","|-damage|p2a: Serperior|219/291 brn|[from] brn","|turn|9","|","|switch|p2a: Ludicolo|Ludicolo, F|270/363 brn","|move|p1a: GENERICTINI|U-turn|p2a: Ludicolo","|-supereffective|p2a: Ludicolo","|-damage|p2a: Ludicolo|82/363 brn","|","|switch|p1a: STICK IT IN|Hoopa-Unbound|301/301","|","|-heal|p2a: Ludicolo|104/363 brn|[from] item: Leftovers","|-damage|p2a: Ludicolo|59/363 brn|[from] brn","|turn|10","|","|move|p1a: STICK IT IN|Fire Punch|p2a: Ludicolo","|-damage|p2a: Ludicolo|0 fnt","|faint|p2a: Ludicolo","|","|","|switch|p2a: Ferrothorn|Ferrothorn, F|352/352","|turn|11","|","|move|p1a: STICK IT IN|Fire Punch|p2a: Ferrothorn","|-supereffective|p2a: Ferrothorn","|-damage|p2a: Ferrothorn|100/352","|-damage|p1a: STICK IT IN|264/301|[from] ability: Iron Barbs|[of] p2a: Ferrothorn","|move|p2a: Ferrothorn|Gyro Ball|p1a: STICK IT IN","|-damage|p1a: STICK IT IN|0 fnt","|faint|p1a: STICK IT IN","|","|-heal|p2a: Ferrothorn|122/352|[from] item: Leftovers","|","|switch|p1a: Y U UNBAN!!!!!|Gallade, M|277/277","|turn|12","|","|detailschange|p1a: Y U UNBAN!!!!!|Gallade-Mega, M","|-mega|p1a: Y U UNBAN!!!!!|Gallade|Galladite","|move|p1a: Y U UNBAN!!!!!|Bulk Up|p1a: Y U UNBAN!!!!!","|-boost|p1a: Y U UNBAN!!!!!|atk|1","|-boost|p1a: Y U UNBAN!!!!!|def|1","|move|p2a: Ferrothorn|Leech Seed|p1a: Y U UNBAN!!!!!","|-start|p1a: Y U UNBAN!!!!!|move: Leech Seed","|","|-heal|p2a: Ferrothorn|144/352|[from] item: Leftovers","|-damage|p1a: Y U UNBAN!!!!!|243/277|[from] Leech Seed|[of] p2a: Ferrothorn","|-heal|p2a: Ferrothorn|178/352|[silent]","|turn|13","|","|move|p2a: Ferrothorn|Protect|p2a: Ferrothorn","|-singleturn|p2a: Ferrothorn|Protect","|move|p1a: Y U UNBAN!!!!!|Drain Punch|p2a: Ferrothorn","|-activate|p2a: Ferrothorn|Protect","|","|-heal|p2a: Ferrothorn|200/352|[from] item: Leftovers","|-damage|p1a: Y U UNBAN!!!!!|209/277|[from] Leech Seed|[of] p2a: Ferrothorn","|-heal|p2a: Ferrothorn|234/352|[silent]","|turn|14","|","|switch|p2a: Venusaur|Venusaur, F|363/363","|move|p1a: Y U UNBAN!!!!!|Drain Punch|p2a: Venusaur","|-resisted|p2a: Venusaur","|-damage|p2a: Venusaur|257/363","|-heal|p1a: Y U UNBAN!!!!!|262/277|[from] drain|[of] p2a: Venusaur","|","|-damage|p1a: Y U UNBAN!!!!!|228/277|[from] Leech Seed|[of] p2a: Venusaur","|-heal|p2a: Venusaur|291/363|[silent]","|turn|15","|","|switch|p1a: Melody|Meloetta|335/403","|switch|p2a: Ferrothorn|Ferrothorn, F|234/352","|","|-heal|p1a: Melody|360/403|[from] item: Leftovers","|-heal|p2a: Ferrothorn|256/352|[from] item: Leftovers","|turn|16","|","|move|p1a: Melody|Substitute|p1a: Melody","|-start|p1a: Melody|Substitute","|-damage|p1a: Melody|260/403","|move|p2a: Ferrothorn|Stealth Rock|p1a: Melody","|-sidestart|p1: Knight Bronze <3|move: Stealth Rock","|","|-heal|p1a: Melody|285/403|[from] item: Leftovers","|-heal|p2a: Ferrothorn|278/352|[from] item: Leftovers","|turn|17","|","|switch|p1a: Nyaaaaa~|Mew|403/403","|-damage|p1a: Nyaaaaa~|353/403|[from] Stealth Rock","|move|p2a: Ferrothorn|Gyro Ball|p1a: Nyaaaaa~","|-damage|p1a: Nyaaaaa~|188/403","|","|-heal|p1a: Nyaaaaa~|213/403|[from] item: Leftovers","|-heal|p2a: Ferrothorn|300/352|[from] item: Leftovers","|turn|18","|","|switch|p2a: Serperior|Serperior, M|219/291 brn","|move|p1a: Nyaaaaa~|Will-O-Wisp|p2a: Serperior","|-fail|p2a: Serperior|brn","|","|-heal|p2a: Serperior|237/291 brn|[from] item: Leftovers","|-heal|p1a: Nyaaaaa~|238/403|[from] item: Leftovers","|-damage|p2a: Serperior|201/291 brn|[from] brn","|turn|19","|","|move|p2a: Serperior|Leaf Storm|p1a: Nyaaaaa~","|-damage|p1a: Nyaaaaa~|129/403","|-boost|p2a: Serperior|spa|2","|move|p1a: Nyaaaaa~|Defog|p2a: Serperior","|-boost|p2a: Serperior|evasion|1","|-sideend|p1: Knight Bronze <3|Stealth Rock|[from] move: Defog|[of] p1a: Nyaaaaa~","|","|-heal|p2a: Serperior|219/291 brn|[from] item: Leftovers","|-heal|p1a: Nyaaaaa~|154/403|[from] item: Leftovers","|-damage|p2a: Serperior|183/291 brn|[from] brn","|turn|20","|","|switch|p1a: Melody|Meloetta|285/403","|move|p2a: Serperior|Leaf Storm|p1a: Melody","|-damage|p1a: Melody|56/403","|-boost|p2a: Serperior|spa|2","|","|-heal|p2a: Serperior|201/291 brn|[from] item: Leftovers","|-heal|p1a: Melody|81/403|[from] item: Leftovers","|-damage|p2a: Serperior|165/291 brn|[from] brn","|turn|21","|","|move|p2a: Serperior|Dragon Pulse|p1a: Melody","|-damage|p1a: Melody|0 fnt","|faint|p1a: Melody","|","|-heal|p2a: Serperior|183/291 brn|[from] item: Leftovers","|-damage|p2a: Serperior|147/291 brn|[from] brn","|","|switch|p1a: GENERICTINI|Victini|341/341","|turn|22","|","|move|p1a: GENERICTINI|V-create|p2a: Serperior","|-supereffective|p2a: Serperior","|-damage|p2a: Serperior|0 fnt","|-unboost|p1a: GENERICTINI|spe|1","|-unboost|p1a: GENERICTINI|def|1","|-unboost|p1a: GENERICTINI|spd|1","|faint|p2a: Serperior","|","|","|switch|p2a: Voltergeist|Rotom-Mow|241/241","|turn|23","|","|switch|p1a: Nyaaaaa~|Mew|154/403","|move|p2a: Voltergeist|Electro Ball|p1a: Nyaaaaa~","|-damage|p1a: Nyaaaaa~|87/403","|","|-heal|p1a: Nyaaaaa~|112/403|[from] item: Leftovers","|turn|24","|","|switch|p2a: Roserade|Roserade, F|261/261","|move|p1a: Nyaaaaa~|Roost|p1a: Nyaaaaa~","|-heal|p1a: Nyaaaaa~|314/403","|","|-heal|p1a: Nyaaaaa~|339/403|[from] item: Leftovers","|turn|25","|","|move|p2a: Roserade|Magical Leaf|p1a: Nyaaaaa~","|-damage|p1a: Nyaaaaa~|224/403","|move|p1a: Nyaaaaa~|Will-O-Wisp|p2a: Roserade","|-status|p2a: Roserade|brn","|","|-heal|p1a: Nyaaaaa~|249/403|[from] item: Leftovers","|-damage|p2a: Roserade|229/261 brn|[from] brn","|turn|26","|","|switch|p2a: Voltergeist|Rotom-Mow|241/241","|switch|p1a: Y U UNBAN!!!!!|Gallade-Mega, M|228/277","|","|turn|27","|","|move|p2a: Voltergeist|Electro Ball|p1a: Y U UNBAN!!!!!","|-damage|p1a: Y U UNBAN!!!!!|140/277","|move|p1a: Y U UNBAN!!!!!|Knock Off|p2a: Voltergeist","|-damage|p2a: Voltergeist|123/241","|-enditem|p2a: Voltergeist|Choice Scarf|[from] move: Knock Off|[of] p1a: Y U UNBAN!!!!!","|","|turn|28","|","|move|p1a: Y U UNBAN!!!!!|Bulk Up|p1a: Y U UNBAN!!!!!","|-boost|p1a: Y U UNBAN!!!!!|atk|1","|-boost|p1a: Y U UNBAN!!!!!|def|1","|move|p2a: Voltergeist|Leaf Storm|p1a: Y U UNBAN!!!!!","|-damage|p1a: Y U UNBAN!!!!!|0 fnt","|-unboost|p2a: Voltergeist|spa|2","|faint|p1a: Y U UNBAN!!!!!","|","|","|switch|p1a: GENERICTINI|Victini|341/341","|turn|29","|","|move|p1a: GENERICTINI|V-create|p2a: Voltergeist","|-supereffective|p2a: Voltergeist","|-damage|p2a: Voltergeist|0 fnt","|-unboost|p1a: GENERICTINI|spe|1","|-unboost|p1a: GENERICTINI|def|1","|-unboost|p1a: GENERICTINI|spd|1","|faint|p2a: Voltergeist","|","|","|switch|p2a: Ferrothorn|Ferrothorn, F|300/352","|turn|30","|","|move|p1a: GENERICTINI|V-create|p2a: Ferrothorn","|-supereffective|p2a: Ferrothorn","|-damage|p2a: Ferrothorn|0 fnt","|-damage|p1a: GENERICTINI|299/341|[from] ability: Iron Barbs|[of] p2a: Ferrothorn","|-unboost|p1a: GENERICTINI|spe|1","|-unboost|p1a: GENERICTINI|def|1","|-unboost|p1a: GENERICTINI|spd|1","|faint|p2a: Ferrothorn","|","|","|switch|p2a: Roserade|Roserade, F|229/261 brn","|turn|31","|","|switch|p1a: Nyaaaaa~|Mew|249/403","|move|p2a: Roserade|Hidden Power|p1a: Nyaaaaa~","|-damage|p1a: Nyaaaaa~|171/403","|","|-heal|p1a: Nyaaaaa~|196/403|[from] item: Leftovers","|-damage|p2a: Roserade|197/261 brn|[from] brn","|turn|32","|","|switch|p2a: Venusaur|Venusaur, F|291/363","|move|p1a: Nyaaaaa~|Roost|p1a: Nyaaaaa~","|-heal|p1a: Nyaaaaa~|398/403","|","|-heal|p1a: Nyaaaaa~|403/403|[from] item: Leftovers","|turn|33","|","|detailschange|p2a: Venusaur|Venusaur-Mega, F","|-mega|p2a: Venusaur|Venusaur|Venusaurite","|move|p1a: Nyaaaaa~|Will-O-Wisp|p2a: Venusaur","|-status|p2a: Venusaur|brn","|move|p2a: Venusaur|Sleep Powder|p1a: Nyaaaaa~","|-status|p1a: Nyaaaaa~|slp","|","|-damage|p2a: Venusaur|246/363 brn|[from] brn","|turn|34","|","|win|Knight Bronze <3"],"p1rating":{"entryid":405536,"formatid":"monotype","userid":"knightbronze3","username":"Knight Bronze <3","r":1500,"rd":130,"sigma":0,"rpr":1540.1606143388,"rprd":122.8583080769,"rpsigma":0,"rptime":1440406800,"w":1,"l":0,"t":0,"gxe":55,"acre":1046.1758363826,"lacre":1046.1758363826,"oldacre":1000},"p2rating":{"entryid":"386288","serverid":"eos","formatid":"monotype","userid":"professornyx","username":"Professor ♅ ☯ Nyx","w":"4","l":6,"t":"0","gxe":46.1,"r":"1500","rd":"130","sigma":"0","rptime":"1440406800","rpr":1469.5773242102,"rprd":86.372556894813,"rpsigma":"0","acre":1033.1675145912,"lacre":1033.1675145912,"oldacre":"1054.0750816461"},"endType":"forfeit"}