{"seed":[57384,18885,54565,6806],"turns":29,"p1":"slakingdra","p2":"LightOfAKnowing","p1team":[{"name":"Gengar","species":"Gengar","item":"focussash","ability":"Levitate","moves":["taunt","shadowball","destinybond","dazzlinggleam"],"nature":"Timid","evs":{"hp":0,"atk":0,"def":0,"spa":252,"spd":4,"spe":0},"ivs":{"hp":31,"atk":31,"def":31,"spa":31,"spd":31,"spe":31}},{"name":"Chandelure","species":"Chandelure","item":"choicescarf","ability":"Flash Fire","moves":["flamethrower","shadowball","energyball","darkpulse"],"nature":"Timid","evs":{"hp":0,"atk":0,"def":0,"spa":252,"spd":4,"spe":252},"ivs":{"hp":31,"atk":31,"def":31,"spa":31,"spd":31,"spe":31}},{"name":"I hate this guy","species":"sableye","item":"sablenite","ability":"Prankster","moves":["willowisp","calmmind","recover","darkpulse"],"nature":"Modest","evs":{"hp":248,"atk":0,"def":0,"spa":252,"spd":8,"spe":0},"ivs":{"hp":31,"atk":31,"def":31,"spa":31,"spd":31,"spe":31}},{"name":"Golurk","species":"Golurk","item":"focussash","ability":"No Guard","moves":["dynamicpunch","stealthrock","stoneedge","earthquake"],"nature":"Adamant","evs":{"hp":248,"atk":252,"def":0,"spa":0,"spd":8,"spe":0},"ivs":{"hp":31,"atk":31,"def":31,"spa":31,"spd":31,"spe":31}},{"name":"Aegislash","species":"Aegislash","item":"weaknesspolicy","ability":"Stance Change","moves":["kingsshield","swordsdance","shadowsneak","ironhead"],"nature":"Adamant","evs":{"hp":248,"atk":252,"def":0,"spa":0,"spd":8,"spe":0},"ivs":{"hp":31,"atk":31,"def":31,"spa":31,"spd":31,"spe":31}},{"name":"Jellicent","species":"Jellicent","item":"leftovers","ability":"Water Absorb","moves":["scald","willowisp","recover","shadowball"],"nature":"Calm","evs":{"hp":248,"atk":0,"def":252,"spa":8,"spd":0,"spe":0},"ivs":{"hp":31,"atk":31,"def":31,"spa":31,"spd":31,"spe":31}}],"p2team":[{"name":"Vespiquen","species":"Vespiquen","item":"laxincense","ability":"Pressure","moves":["defendorder","infestation","mudslap","roost"],"nature":"Gentle","evs":{"hp":248,"atk":8,"def":0,"spa":0,"spd":252,"spe":0},"ivs":{"hp":31,"atk":31,"def":31,"spa":31,"spd":31,"spe":31}},{"name":"Forretress","species":"Forretress","item":"custapberry","ability":"Sturdy","moves":["stealthrock","rapidspin","explosion","spikes"],"nature":"Impish","evs":{"hp":248,"atk":8,"def":252,"spa":0,"spd":0,"spe":0},"ivs":{"hp":31,"atk":31,"def":31,"spa":31,"spd":31,"spe":31}},{"name":"Galvantula","species":"Galvantula","item":"focussash","ability":"Swarm","moves":["stickyweb","bugbuzz","voltswitch","suckerpunch"],"nature":"Hasty","evs":{"hp":0,"atk":4,"def":0,"spa":252,"spd":0,"spe":252},"ivs":{"hp":31,"atk":31,"def":31,"spa":31,"spd":31,"spe":31}},{"name":"Pinsir","species":"Pinsir","item":"pinsirite","ability":"Moxie","moves":["quickattack","xscissor","frustration","closecombat"],"nature":"Adamant","evs":{"hp":248,"atk":252,"def":0,"spa":0,"spd":8,"spe":0},"happiness":0,"ivs":{"hp":31,"atk":31,"def":31,"spa":31,"spd":31,"spe":31}},{"name":"Durant","species":"Durant","item":"leftovers","ability":"Truant","moves":["entrainment","honeclaws","ironhead","xscissor"],"nature":"Jolly","evs":{"hp":0,"atk":252,"def":0,"spa":0,"spd":4,"spe":252},"happiness":0,"ivs":{"hp":31,"atk":31,"def":31,"spa":31,"spd":31,"spe":31}},{"name":"Volcarona","species":"Volcarona","item":"choicescarf","ability":"Flame Body","moves":["bugbuzz","fierydance","gigadrain","hurricane"],"nature":"Timid","evs":{"hp":0,"atk":0,"def":0,"spa":252,"spd":4,"spe":252},"ivs":{"hp":31,"atk":31,"def":31,"spa":31,"spd":31,"spe":31}}],"log":["|player|p1|slakingdra|269","|player|p2|LightOfAKnowing|lightofaknowing.gif","|gametype|singles","|gen|6","|tier|Monotype","|rated","|rule|Baton Pass Clause: Limit one Baton Passer, can't pass Spe and other stats simultaneously","|rule|Swagger Clause: Swagger is banned","|rule|Same Type Clause: Pokémon in a team must share a type","|clearpoke","|poke|p1|Gengar, F","|poke|p1|Chandelure, F","|poke|p1|Sableye, F","|poke|p1|Golurk","|poke|p1|Aegislash, F","|poke|p1|Jellicent, F","|poke|p2|Vespiquen, F","|poke|p2|Forretress, M","|poke|p2|Galvantula, F","|poke|p2|Pinsir, M","|poke|p2|Durant, M","|poke|p2|Volcarona, F","|rule|Sleep Clause Mod: Limit one foe put to sleep","|rule|Species Clause: Limit one of each Pokémon","|rule|OHKO Clause: OHKO moves are banned","|rule|Moody Clause: Moody is banned","|rule|Evasion Moves Clause: Evasion moves are banned","|rule|Endless Battle Clause: Forcing endless battles is banned","|rule|HP Percentage Mod: HP is shown in percentages","|teampreview","|","|start","|switch|p1a: Gengar|Gengar, F|261/261","|switch|p2a: Galvantula|Galvantula, F|281/281","|turn|1","|","|move|p2a: Galvantula|Sticky Web|p1a: Gengar","|-sidestart|p1: slakingdra|move: Sticky Web","|move|p1a: Gengar|Taunt|p2a: Galvantula","|-start|p2a: Galvantula|move: Taunt","|","|turn|2","|","|move|p2a: Galvantula|Sucker Punch|p1a: Gengar","|-supereffective|p1a: Gengar","|-damage|p1a: Gengar|105/261","|move|p1a: Gengar|Shadow Ball|p2a: Galvantula","|-damage|p2a: Galvantula|70/281","|","|turn|3","|","|move|p2a: Galvantula|Sucker Punch|p1a: Gengar","|-fail|p2a: Galvantula","|move|p1a: Gengar|Destiny Bond|p1a: Gengar","|-singlemove|p1a: Gengar|Destiny Bond","|","|turn|4","|","|move|p2a: Galvantula|Sucker Punch|p1a: Gengar","|-supereffective|p1a: Gengar","|-damage|p1a: Gengar|0 fnt","|faint|p1a: Gengar","|-activate|p1a: Gengar|Destiny Bond","|faint|p2a: Galvantula","|","|","|switch|p1a: I hate this guy|Sableye, F|303/303","|switch|p2a: Forretress|Forretress, M|353/353","|-activate|p1a: I hate this guy|move: Sticky Web","|-unboost|p1a: I hate this guy|spe|1","|turn|5","|","|detailschange|p1a: I hate this guy|Sableye-Mega, F","|-mega|p1a: I hate this guy|Sableye|Sablenite","|move|p1a: I hate this guy|Calm Mind|p1a: I hate this guy","|-boost|p1a: I hate this guy|spa|1","|-boost|p1a: I hate this guy|spd|1","|move|p2a: Forretress|Rapid Spin|p1a: I hate this guy","|-immune|p1a: I hate this guy|[msg]","|","|turn|6","|","|switch|p2a: Vespiquen|Vespiquen, F|343/343","|-ability|p2a: Vespiquen|Pressure","|move|p1a: I hate this guy|Calm Mind|p1a: I hate this guy","|-boost|p1a: I hate this guy|spa|1","|-boost|p1a: I hate this guy|spd|1","|","|turn|7","|","|move|p2a: Vespiquen|Mud-Slap|p1a: I hate this guy","|-damage|p1a: I hate this guy|296/303","|-unboost|p1a: I hate this guy|accuracy|1","|move|p1a: I hate this guy|Will-O-Wisp|p2a: Vespiquen","|-status|p2a: Vespiquen|brn","|","|-damage|p2a: Vespiquen|301/343 brn|[from] brn","|turn|8","|","|move|p2a: Vespiquen|Infestation|p1a: I hate this guy","|-damage|p1a: I hate this guy|286/303","|-activate|p1a: I hate this guy|move: Infestation|[of] p2a: Vespiquen","|move|p1a: I hate this guy|Dark Pulse|p2a: Vespiquen","|-damage|p2a: Vespiquen|130/343 brn","|","|-damage|p2a: Vespiquen|88/343 brn|[from] brn","|-damage|p1a: I hate this guy|249/303|[from] move: Infestation|[partiallytrapped]","|turn|9","|","|move|p2a: Vespiquen|Roost|p2a: Vespiquen","|-heal|p2a: Vespiquen|260/343 brn","|move|p1a: I hate this guy|Dark Pulse|p2a: Vespiquen","|-damage|p2a: Vespiquen|103/343 brn","|","|-damage|p2a: Vespiquen|61/343 brn|[from] brn","|-damage|p1a: I hate this guy|212/303|[from] move: Infestation|[partiallytrapped]","|turn|10","|","|move|p2a: Vespiquen|Roost|p2a: Vespiquen","|-heal|p2a: Vespiquen|233/343 brn","|move|p1a: I hate this guy|Recover|p1a: I hate this guy","|-heal|p1a: I hate this guy|303/303","|","|-damage|p2a: Vespiquen|191/343 brn|[from] brn","|-damage|p1a: I hate this guy|266/303|[from] move: Infestation|[partiallytrapped]","|turn|11","|","|move|p2a: Vespiquen|Roost|p2a: Vespiquen","|-heal|p2a: Vespiquen|343/343 brn","|move|p1a: I hate this guy|Dark Pulse|p2a: Vespiquen|[miss]","|-miss|p1a: I hate this guy|p2a: Vespiquen","|","|-damage|p2a: Vespiquen|301/343 brn|[from] brn","|-damage|p1a: I hate this guy|229/303|[from] move: Infestation|[partiallytrapped]","|turn|12","|","|move|p2a: Vespiquen|Mud-Slap|p1a: I hate this guy","|-damage|p1a: I hate this guy|222/303","|-unboost|p1a: I hate this guy|accuracy|1","|move|p1a: I hate this guy|Dark Pulse|p2a: Vespiquen|[miss]","|-miss|p1a: I hate this guy|p2a: Vespiquen","|","|-damage|p2a: Vespiquen|259/343 brn|[from] brn","|-end|p1a: I hate this guy|Infestation|[partiallytrapped]","|turn|13","|","|switch|p1a: Aegislash|Aegislash, F|323/323","|-activate|p1a: Aegislash|move: Sticky Web","|-unboost|p1a: Aegislash|spe|1","|move|p2a: Vespiquen|Defend Order|p2a: Vespiquen","|-boost|p2a: Vespiquen|def|1","|-boost|p2a: Vespiquen|spd|1","|","|-damage|p2a: Vespiquen|217/343 brn|[from] brn","|turn|14","|","|move|p2a: Vespiquen|Infestation|p1a: Aegislash","|-resisted|p1a: Aegislash","|-damage|p1a: Aegislash|320/323","|-activate|p1a: Aegislash|move: Infestation|[of] p2a: Vespiquen","|move|p1a: Aegislash|Swords Dance|p1a: Aegislash","|-boost|p1a: Aegislash|atk|2","|","|-damage|p2a: Vespiquen|175/343 brn|[from] brn","|-damage|p1a: Aegislash|280/323|[from] move: Infestation|[partiallytrapped]","|turn|15","|","|move|p2a: Vespiquen|Roost|p2a: Vespiquen","|-heal|p2a: Vespiquen|343/343 brn","|move|p1a: Aegislash|Swords Dance|p1a: Aegislash","|-boost|p1a: Aegislash|atk|2","|","|-damage|p2a: Vespiquen|301/343 brn|[from] brn","|-damage|p1a: Aegislash|240/323|[from] move: Infestation|[partiallytrapped]","|turn|16","|","|move|p1a: Aegislash|King's Shield|p1a: Aegislash","|-singleturn|p1a: Aegislash|Protect","|move|p2a: Vespiquen|Mud-Slap|p1a: Aegislash","|-activate|p1a: Aegislash|Protect","|","|-damage|p2a: Vespiquen|259/343 brn|[from] brn","|-damage|p1a: Aegislash|200/323|[from] move: Infestation|[partiallytrapped]","|turn|17","|","|-formechange|p1a: Aegislash|Aegislash-Blade","|move|p1a: Aegislash|Shadow Sneak|p2a: Vespiquen","|-damage|p2a: Vespiquen|57/343 brn","|move|p2a: Vespiquen|Mud-Slap|p1a: Aegislash","|-supereffective|p1a: Aegislash","|-damage|p1a: Aegislash|150/323","|-enditem|p1a: Aegislash|Weakness Policy","|-boost|p1a: Aegislash|atk|2|[from] item: Weakness Policy","|-boost|p1a: Aegislash|spa|2|[from] item: Weakness Policy","|-unboost|p1a: Aegislash|accuracy|1","|","|-damage|p2a: Vespiquen|15/343 brn|[from] brn","|-damage|p1a: Aegislash|110/323|[from] move: Infestation|[partiallytrapped]","|turn|18","|","|-formechange|p1a: Aegislash|Aegislash","|move|p1a: Aegislash|King's Shield|p1a: Aegislash","|-singleturn|p1a: Aegislash|Protect","|move|p2a: Vespiquen|Roost|p2a: Vespiquen","|-heal|p2a: Vespiquen|187/343 brn","|","|-damage|p2a: Vespiquen|145/343 brn|[from] brn","|-end|p1a: Aegislash|Infestation|[partiallytrapped]","|turn|19","|","|-formechange|p1a: Aegislash|Aegislash-Blade","|move|p1a: Aegislash|Shadow Sneak|p2a: Vespiquen","|-damage|p2a: Vespiquen|0 fnt","|faint|p2a: Vespiquen","|","|","|switch|p2a: Durant|Durant, M|257/257","|turn|20","|","|-formechange|p1a: Aegislash|Aegislash","|move|p1a: Aegislash|King's Shield|p1a: Aegislash","|-singleturn|p1a: Aegislash|Protect","|move|p2a: Durant|Hone Claws|p2a: Durant","|-boost|p2a: Durant|atk|1","|-boost|p2a: Durant|accuracy|1","|","|turn|21","|","|-formechange|p1a: Aegislash|Aegislash-Blade","|move|p1a: Aegislash|Shadow Sneak|p2a: Durant","|-damage|p2a: Durant|0 fnt","|faint|p2a: Durant","|","|","|switch|p2a: Volcarona|Volcarona, F|311/311","|turn|22","|","|move|p1a: Aegislash|Shadow Sneak|p2a: Volcarona","|-damage|p2a: Volcarona|0 fnt","|faint|p2a: Volcarona","|","|","|switch|p2a: Pinsir|Pinsir, M|333/333","|turn|23","|","|detailschange|p2a: Pinsir|Pinsir-Mega, M","|-mega|p2a: Pinsir|Pinsir|Pinsirite","|move|p2a: Pinsir|Quick Attack|p1a: Aegislash","|-resisted|p1a: Aegislash","|-damage|p1a: Aegislash|12/323","|move|p1a: Aegislash|Shadow Sneak|p2a: Pinsir","|-damage|p2a: Pinsir|57/333","|","|turn|24","|","|-formechange|p1a: Aegislash|Aegislash","|move|p1a: Aegislash|King's Shield|p1a: Aegislash","|-singleturn|p1a: Aegislash|Protect","|move|p2a: Pinsir|Quick Attack|p1a: Aegislash","|-activate|p1a: Aegislash|Protect","|-unboost|p2a: Pinsir|atk|2","|","|turn|25","|","|move|p2a: Pinsir|Quick Attack|p1a: Aegislash","|-resisted|p1a: Aegislash","|-damage|p1a: Aegislash|0 fnt","|faint|p1a: Aegislash","|","|","|switch|p1a: Jellicent|Jellicent, F|403/403","|-activate|p1a: Jellicent|move: Sticky Web","|-unboost|p1a: Jellicent|spe|1","|turn|26","|","|switch|p2a: Forretress|Forretress, M|353/353","|move|p1a: Jellicent|Scald|p2a: Forretress","|-crit|p2a: Forretress","|-damage|p2a: Forretress|166/353","|","|turn|27","|","|move|p2a: Forretress|Rapid Spin|p1a: Jellicent","|-immune|p1a: Jellicent|[msg]","|move|p1a: Jellicent|Will-O-Wisp|p2a: Forretress","|-status|p2a: Forretress|brn","|","|-damage|p2a: Forretress|122/353 brn|[from] brn","|turn|28","|","|move|p2a: Forretress|Spikes|p1a: Jellicent","|-sidestart|p1: slakingdra|Spikes","|move|p1a: Jellicent|Shadow Ball|p2a: Forretress","|-damage|p2a: Forretress|0 fnt","|faint|p2a: Forretress","|","|","|switch|p2a: Pinsir|Pinsir-Mega, M|57/333","|turn|29","|","|move|p2a: Pinsir|Frustration|p1a: Jellicent","|-damage|p1a: Jellicent|94/403","|move|p1a: Jellicent|Shadow Ball|p2a: Pinsir","|-damage|p2a: Pinsir|0 fnt","|faint|p2a: Pinsir","|","|win|slakingdra"],"p1rating":{"entryid":"357838","serverid":"eos","formatid":"monotype","userid":"slakingdra","username":"slakingdra","w":8,"l":"3","t":"0","gxe":62.9,"r":"1592.4180693694","rd":"93.089246667293","sigma":"0","rptime":"1440406800","rpr":1602.2391202121,"rprd":85.534534822911,"rpsigma":"0","acre":1152.5473977215,"lacre":1152.5473977215,"oldacre":"1128.8816469543"},"p2rating":{"entryid":"386","serverid":"eos","formatid":"monotype","userid":"lightofaknowing","username":"LightOfAKnowing","w":"19","l":33,"t":"0","gxe":40.2,"r":"1416.9477002435","rd":"51.599175927199","sigma":"0","rptime":"1440406800","rpr":1424.2212402998,"rprd":49.811527024509,"rpsigma":"0","acre":1086.6556341814,"lacre":1086.6556341814,"oldacre":"1110.3213849486"},"endType":"normal"}