{"seed":[39942,59161,43769,6088],"turns":19,"p1":"TTIL-amb64","p2":"alliance - ed wins","p1team":[{"name":"Gliscor","species":"Gliscor","item":"toxicorb","ability":"Poison Heal","moves":["knockoff","toxic","stealthrock","protect"],"nature":"Impish","evs":{"hp":248,"atk":0,"def":132,"spa":0,"spd":56,"spe":72},"ivs":{"hp":31,"atk":31,"def":31,"spa":31,"spd":31,"spe":31}},{"name":"Krookodile","species":"Krookodile","item":"choicescarf","ability":"Moxie","moves":["dragonclaw","earthquake","crunch","brickbreak"],"nature":"Adamant","evs":{"hp":0,"atk":252,"def":0,"spa":0,"spd":4,"spe":252},"ivs":{"hp":31,"atk":31,"def":31,"spa":31,"spd":31,"spe":31}},{"name":"Mamoswine","species":"Mamoswine","item":"leftovers","ability":"Thick Fat","moves":["iceshard","iciclecrash","superpower","knockoff"],"nature":"Impish","evs":{"hp":252,"atk":252,"def":0,"spa":0,"spd":4,"spe":0},"ivs":{"hp":31,"atk":31,"def":31,"spa":31,"spd":31,"spe":31}},{"name":"Hippowdon","species":"Hippowdon","item":"leftovers","ability":"Sand Stream","moves":["earthquake","bodyslam","slackoff","whirlwind"],"nature":"Impish","evs":{"hp":248,"atk":8,"def":4,"spa":0,"spd":248,"spe":0},"ivs":{"hp":31,"atk":31,"def":31,"spa":31,"spd":31,"spe":31}},{"name":"Excadrill","species":"Excadrill","item":"choicescarf","ability":"Mold Breaker","moves":["ironhead","earthquake","xscissor","aerialace"],"nature":"Adamant","evs":{"hp":0,"atk":252,"def":0,"spa":0,"spd":4,"spe":252},"ivs":{"hp":31,"atk":31,"def":31,"spa":31,"spd":31,"spe":31}},{"name":"Nidoking","species":"Nidoking","item":"choicescarf","ability":"Sheer Force","moves":["fireblast","sludgewave","toxicspikes","shadowball"],"nature":"Modest","evs":{"hp":0,"atk":0,"def":0,"spa":252,"spd":4,"spe":252},"ivs":{"hp":31,"atk":31,"def":31,"spa":31,"spd":31,"spe":31}}],"p2team":[{"name":"Diancie","species":"Diancie","item":"leftovers","ability":"Clear Body","moves":["stealthrock","trickroom","diamondstorm","explosion"],"nature":"Brave","evs":{"hp":248,"atk":252,"def":8,"spa":0,"spd":0,"spe":0},"ivs":{"hp":31,"atk":31,"def":31,"spa":31,"spd":31,"spe":0}},{"name":"Sylveon","species":"Sylveon","item":"choicespecs","ability":"Pixilate","moves":["hypervoice","hiddenpowerfire","psyshock","shadowball"],"nature":"Quiet","evs":{"hp":248,"atk":0,"def":8,"spa":252,"spd":0,"spe":0},"gender":"M","ivs":{"hp":31,"atk":0,"def":31,"spa":30,"spd":31,"spe":0}},{"name":"Azumarill","species":"Azumarill","item":"lifeorb","ability":"Huge Power","moves":["playrough","waterfall","superpower","aquajet"],"nature":"Brave","evs":{"hp":248,"atk":252,"def":0,"spa":0,"spd":8,"spe":0},"gender":"M","ivs":{"hp":31,"atk":31,"def":31,"spa":31,"spd":31,"spe":0}},{"name":"Gardevoir","species":"Gardevoir","item":"gardevoirite","ability":"Trace","moves":["hypervoice","focusblast","trickroom","healingwish"],"nature":"Quiet","evs":{"hp":248,"atk":0,"def":8,"spa":252,"spd":0,"spe":0},"gender":"M","ivs":{"hp":31,"atk":0,"def":31,"spa":31,"spd":31,"spe":0},"shiny":true},{"name":"Klefki","species":"Klefki","item":"lightclay","ability":"Prankster","moves":["reflect","lightscreen","foulplay","spikes"],"nature":"Bold","evs":{"hp":248,"atk":0,"def":252,"spa":0,"spd":8,"spe":0},"ivs":{"hp":31,"atk":0,"def":31,"spa":31,"spd":31,"spe":31}},{"name":"Togekiss","species":"Togekiss","item":"choicescarf","ability":"Serene Grace","moves":["airslash","fireblast","dazzlinggleam","trick"],"nature":"Timid","evs":{"hp":0,"atk":0,"def":0,"spa":252,"spd":4,"spe":252},"ivs":{"hp":31,"atk":0,"def":31,"spa":31,"spd":31,"spe":31}}],"log":["|player|p1|TTIL-amb64|153","|player|p2|alliance - ed wins|allianceedwins.png","|gametype|singles","|gen|6","|tier|Monotype","|rated","|rule|Baton Pass Clause: Limit one Baton Passer, can't pass Spe and other stats simultaneously","|rule|Swagger Clause: Swagger is banned","|rule|Same Type Clause: Pokémon in a team must share a type","|clearpoke","|poke|p1|Gliscor, F","|poke|p1|Krookodile, F","|poke|p1|Mamoswine, F","|poke|p1|Hippowdon, M","|poke|p1|Excadrill, M","|poke|p1|Nidoking, M","|poke|p2|Diancie","|poke|p2|Sylveon, M","|poke|p2|Azumarill, M","|poke|p2|Gardevoir, M, shiny","|poke|p2|Klefki, M","|poke|p2|Togekiss, F","|rule|Sleep Clause Mod: Limit one foe put to sleep","|rule|Species Clause: Limit one of each Pokémon","|rule|OHKO Clause: OHKO moves are banned","|rule|Moody Clause: Moody is banned","|rule|Evasion Moves Clause: Evasion moves are banned","|rule|Endless Battle Clause: Forcing endless battles is banned","|rule|HP Percentage Mod: HP is shown in percentages","|teampreview","|","|start","|switch|p1a: Hippowdon|Hippowdon, M|419/419","|switch|p2a: Sylveon|Sylveon, M|393/393","|-weather|Sandstorm","|turn|1","|","|move|p1a: Hippowdon|Body Slam|p2a: Sylveon","|-damage|p2a: Sylveon|294/393","|move|p2a: Sylveon|Hyper Voice|p1a: Hippowdon","|-damage|p1a: Hippowdon|128/419","|","|-weather|Sandstorm|[upkeep]","|-damage|p2a: Sylveon|270/393|[from] sandstorm","|-heal|p1a: Hippowdon|154/419|[from] item: Leftovers","|turn|2","|","|move|p1a: Hippowdon|Body Slam|p2a: Sylveon","|-damage|p2a: Sylveon|161/393","|move|p2a: Sylveon|Hyper Voice|p1a: Hippowdon","|-damage|p1a: Hippowdon|0 fnt","|faint|p1a: Hippowdon","|","|-weather|Sandstorm|[upkeep]","|-damage|p2a: Sylveon|137/393|[from] sandstorm","|","|switch|p1a: Mamoswine|Mamoswine, F|424/424","|turn|3","|","|switch|p2a: Togekiss|Togekiss, F|311/311","|move|p1a: Mamoswine|Icicle Crash|p2a: Togekiss","|-supereffective|p2a: Togekiss","|-damage|p2a: Togekiss|3/311","|","|-weather|Sandstorm|[upkeep]","|-damage|p2a: Togekiss|0 fnt|[from] sandstorm","|faint|p2a: Togekiss","|","|switch|p2a: Klefki|Klefki, M|317/317","|turn|4","|","|move|p2a: Klefki|Reflect|p2a: Klefki","|-sidestart|p2: alliance - ed wins|Reflect","|move|p1a: Mamoswine|Knock Off|p2a: Klefki","|-resisted|p2a: Klefki","|-damage|p2a: Klefki|295/317","|-enditem|p2a: Klefki|Light Clay|[from] move: Knock Off|[of] p1a: Mamoswine","|","|-weather|Sandstorm|[upkeep]","|turn|5","|","|switch|p1a: Gliscor|Gliscor, F|353/353","|move|p2a: Klefki|Foul Play|p1a: Gliscor","|-damage|p1a: Gliscor|308/353","|","|-weather|none","|-status|p1a: Gliscor|tox|[from] item: Toxic Orb","|turn|6","|","|move|p2a: Klefki|Spikes|p1a: Gliscor","|-sidestart|p1: TTIL-amb64|Spikes","|move|p1a: Gliscor|Stealth Rock|p2a: Klefki","|-sidestart|p2: alliance - ed wins|move: Stealth Rock","|","|-heal|p1a: Gliscor|352/353 tox|[from] ability: Poison Heal","|turn|7","|","|switch|p2a: Diancie|Diancie|303/303","|-damage|p2a: Diancie|266/303|[from] Stealth Rock","|move|p1a: Gliscor|Knock Off|p2a: Diancie","|-resisted|p2a: Diancie","|-damage|p2a: Diancie|253/303","|-enditem|p2a: Diancie|Leftovers|[from] move: Knock Off|[of] p1a: Gliscor","|","|-heal|p1a: Gliscor|353/353 tox|[from] ability: Poison Heal","|turn|8","|","|move|p1a: Gliscor|Toxic|p2a: Diancie","|-status|p2a: Diancie|tox","|move|p2a: Diancie|Trick Room|p2a: Diancie","|-fieldstart|move: Trick Room|[of] p2a: Diancie","|","|-damage|p2a: Diancie|235/303 tox|[from] psn","|turn|9","|","|move|p2a: Diancie|Explosion|p1a: Gliscor","|-damage|p1a: Gliscor|181/353 tox","|faint|p2a: Diancie","|move|p1a: Gliscor|Knock Off|p2: Diancie|[notarget]","|-notarget","|","|-heal|p1a: Gliscor|225/353 tox|[from] ability: Poison Heal","|","|switch|p2a: Azumarill|Azumarill, M|403/403","|-damage|p2a: Azumarill|353/403|[from] Stealth Rock","|turn|10","|","|move|p2a: Azumarill|Waterfall|p1a: Gliscor","|-supereffective|p1a: Gliscor","|-damage|p1a: Gliscor|0 fnt","|-damage|p2a: Azumarill|313/403|[from] item: Life Orb","|faint|p1a: Gliscor","|","|","|switch|p1a: Mamoswine|Mamoswine, F|424/424","|-damage|p1a: Mamoswine|371/424|[from] Spikes","|turn|11","|","|move|p2a: Azumarill|Waterfall|p1a: Mamoswine","|-supereffective|p1a: Mamoswine","|-damage|p1a: Mamoswine|0 fnt","|-damage|p2a: Azumarill|273/403|[from] item: Life Orb","|faint|p1a: Mamoswine","|","|-sideend|p2: alliance - ed wins|Reflect","|","|switch|p1a: Excadrill|Excadrill, M|361/361","|-damage|p1a: Excadrill|316/361|[from] Spikes","|-ability|p1a: Excadrill|Mold Breaker","|turn|12","|","|switch|p1a: Krookodile|Krookodile, F|331/331","|-damage|p1a: Krookodile|290/331|[from] Spikes","|move|p2a: Azumarill|Waterfall|p1a: Krookodile","|-crit|p1a: Krookodile","|-supereffective|p1a: Krookodile","|-damage|p1a: Krookodile|0 fnt","|-damage|p2a: Azumarill|233/403|[from] item: Life Orb","|faint|p1a: Krookodile","|","|-fieldend|move: Trick Room","|","|switch|p1a: Nidoking|Nidoking, M|303/303","|-damage|p1a: Nidoking|266/303|[from] Spikes","|turn|13","|","|switch|p2a: Klefki|Klefki, M|295/317","|-damage|p2a: Klefki|276/317|[from] Stealth Rock","|move|p1a: Nidoking|Shadow Ball|p2a: Klefki","|-damage|p2a: Klefki|169/317","|","|turn|14","|","|move|p2a: Klefki|Reflect|p2a: Klefki","|-sidestart|p2: alliance - ed wins|Reflect","|move|p1a: Nidoking|Shadow Ball|p2a: Klefki","|-crit|p2a: Klefki","|-damage|p2a: Klefki|11/317","|","|turn|15","|","|move|p2a: Klefki|Light Screen|p2a: Klefki","|-sidestart|p2: alliance - ed wins|move: Light Screen","|move|p1a: Nidoking|Shadow Ball|p2a: Klefki","|-damage|p2a: Klefki|0 fnt","|faint|p2a: Klefki","|","|","|switch|p2a: Gardevoir|Gardevoir, M, shiny|339/339","|-damage|p2a: Gardevoir|297/339|[from] Stealth Rock","|-ability|p2a: Gardevoir|Sheer Force|[from] ability: Trace|[of] p1a: Nidoking","|turn|16","|","|move|p1a: Nidoking|Shadow Ball|p2a: Gardevoir","|-supereffective|p2a: Gardevoir","|-damage|p2a: Gardevoir|203/339","|move|p2a: Gardevoir|Trick Room|p2a: Gardevoir","|-fieldstart|move: Trick Room|[of] p2a: Gardevoir","|","|turn|17","|","|detailschange|p2a: Gardevoir|Gardevoir-Mega, M, shiny","|-mega|p2a: Gardevoir|Gardevoir|Gardevoirite","|move|p2a: Gardevoir|Healing Wish|p2a: Gardevoir","|faint|p2a: Gardevoir","|move|p1a: Nidoking|Shadow Ball|p2: Gardevoir|[notarget]","|-notarget","|","|","|switch|p2a: Azumarill|Azumarill, M|233/403","|-heal|p2a: Azumarill|403/403|[from] move: Healing Wish","|-damage|p2a: Azumarill|353/403|[from] Stealth Rock","|turn|18","|","|move|p2a: Azumarill|Waterfall|p1a: Nidoking","|-supereffective|p1a: Nidoking","|-damage|p1a: Nidoking|0 fnt","|-damage|p2a: Azumarill|313/403|[from] item: Life Orb","|faint|p1a: Nidoking","|","|-sideend|p2: alliance - ed wins|Reflect","|","|switch|p1a: Excadrill|Excadrill, M|316/361","|-damage|p1a: Excadrill|271/361|[from] Spikes","|-ability|p1a: Excadrill|Mold Breaker","|turn|19","|","|move|p2a: Azumarill|Waterfall|p1a: Excadrill","|-supereffective|p1a: Excadrill","|-damage|p1a: Excadrill|0 fnt","|-damage|p2a: Azumarill|273/403|[from] item: Life Orb","|faint|p1a: Excadrill","|","|win|alliance - ed wins"],"p1rating":{"entryid":"274777","serverid":"eos","formatid":"monotype","userid":"ttilamb64","username":"TTIL-amb64","w":"7","l":9,"t":"0","gxe":46,"r":"1456.7204411967","rd":"95.568926460846","sigma":"0","rptime":"1440406800","rpr":1469.3943781826,"rprd":76.609980866548,"rpsigma":"0","acre":1081.3801498807,"lacre":1081.3801498807,"oldacre":"1102.2244463"},"p2rating":{"entryid":"173044","serverid":"eos","formatid":"monotype","userid":"allianceedwins","username":"alliance - ed wins","w":6,"l":"1","t":"0","gxe":67.5,"r":"1557.0610615","rd":"123.89526123233","sigma":"0","rptime":"1440406800","rpr":1642.5510317649,"rprd":95.839311615323,"rpsigma":"0","acre":1181.3632570085,"lacre":1181.3632570085,"oldacre":"1160.5189605892"},"endType":"normal"}