{"seed":[32213,58646,2667,57195],"turns":35,"p1":"slakingdra","p2":"inferno sasuke","p1team":[{"name":"Gengar","species":"Gengar","item":"focussash","ability":"Levitate","moves":["taunt","shadowball","destinybond","dazzlinggleam"],"nature":"Timid","evs":{"hp":0,"atk":0,"def":0,"spa":252,"spd":4,"spe":0},"ivs":{"hp":31,"atk":31,"def":31,"spa":31,"spd":31,"spe":31}},{"name":"Chandelure","species":"Chandelure","item":"choicescarf","ability":"Flash Fire","moves":["flamethrower","shadowball","energyball","darkpulse"],"nature":"Timid","evs":{"hp":0,"atk":0,"def":0,"spa":252,"spd":4,"spe":252},"ivs":{"hp":31,"atk":31,"def":31,"spa":31,"spd":31,"spe":31}},{"name":"I hate this guy","species":"sableye","item":"sablenite","ability":"Prankster","moves":["willowisp","calmmind","recover","darkpulse"],"nature":"Modest","evs":{"hp":248,"atk":0,"def":0,"spa":252,"spd":8,"spe":0},"ivs":{"hp":31,"atk":31,"def":31,"spa":31,"spd":31,"spe":31}},{"name":"Golurk","species":"Golurk","item":"focussash","ability":"No Guard","moves":["dynamicpunch","stealthrock","stoneedge","earthquake"],"nature":"Adamant","evs":{"hp":248,"atk":252,"def":0,"spa":0,"spd":8,"spe":0},"ivs":{"hp":31,"atk":31,"def":31,"spa":31,"spd":31,"spe":31}},{"name":"Aegislash","species":"Aegislash","item":"weaknesspolicy","ability":"Stance Change","moves":["kingsshield","swordsdance","shadowsneak","ironhead"],"nature":"Adamant","evs":{"hp":248,"atk":252,"def":0,"spa":0,"spd":8,"spe":0},"ivs":{"hp":31,"atk":31,"def":31,"spa":31,"spd":31,"spe":31}},{"name":"Jellicent","species":"Jellicent","item":"leftovers","ability":"Water Absorb","moves":["scald","willowisp","recover","shadowball"],"nature":"Calm","evs":{"hp":248,"atk":0,"def":252,"spa":8,"spd":0,"spe":0},"ivs":{"hp":31,"atk":31,"def":31,"spa":31,"spd":31,"spe":31}}],"p2team":[{"name":"Tornadus-Therian","species":"Tornadus-Therian","item":"assaultvest","ability":"Regenerator","moves":["heatwave","hurricane","aerialace","darkpulse"],"nature":"Mild","evs":{"hp":248,"atk":8,"def":0,"spa":252,"spd":0,"spe":0},"shiny":true,"ivs":{"hp":31,"atk":31,"def":31,"spa":31,"spd":31,"spe":31}},{"name":"Togekiss","species":"Togekiss","item":"choicescarf","ability":"Super Luck","moves":["airslash","dazzlinggleam","hypervoice","flamethrower"],"nature":"Timid","evs":{"hp":0,"atk":0,"def":0,"spa":252,"spd":4,"spe":252},"shiny":true,"ivs":{"hp":31,"atk":31,"def":31,"spa":31,"spd":31,"spe":31}},{"name":"Charizard","species":"Charizard","item":"charizarditey","ability":"Blaze","moves":["solarbeam","flamethrower","airslash","roost"],"nature":"Modest","evs":{"hp":248,"atk":0,"def":0,"spa":252,"spd":8,"spe":0},"shiny":true,"ivs":{"hp":31,"atk":31,"def":31,"spa":31,"spd":31,"spe":31}},{"name":"Gliscor","species":"Gliscor","item":"toxicorb","ability":"Poison Heal","moves":["earthquake","roost","swordsdance","knockoff"],"nature":"Adamant","evs":{"hp":184,"atk":252,"def":0,"spa":0,"spd":0,"spe":72},"shiny":true,"ivs":{"hp":31,"atk":31,"def":31,"spa":31,"spd":31,"spe":31}},{"name":"Mandibuzz","species":"Mandibuzz","item":"rockyhelmet","ability":"Overcoat","moves":["roost","defog","foulplay","heatwave"],"nature":"Bold","evs":{"hp":248,"atk":0,"def":252,"spa":8,"spd":0,"spe":0},"shiny":true,"ivs":{"hp":31,"atk":31,"def":31,"spa":31,"spd":31,"spe":31}},{"name":"Noivern","species":"Noivern","item":"leftovers","ability":"Infiltrator","moves":["hurricane","boomburst","flamethrower","roost"],"nature":"Modest","evs":{"hp":248,"atk":0,"def":0,"spa":252,"spd":8,"spe":0},"shiny":true,"ivs":{"hp":31,"atk":31,"def":31,"spa":31,"spd":31,"spe":31}}],"log":["|player|p1|slakingdra|269","|player|p2|inferno sasuke|infernosasuke.png","|gametype|singles","|gen|6","|tier|Monotype","|rated","|rule|Baton Pass Clause: Limit one Baton Passer, can't pass Spe and other stats simultaneously","|rule|Swagger Clause: Swagger is banned","|rule|Same Type Clause: Pokémon in a team must share a type","|clearpoke","|poke|p1|Gengar, M","|poke|p1|Chandelure, F","|poke|p1|Sableye, M","|poke|p1|Golurk","|poke|p1|Aegislash, M","|poke|p1|Jellicent, M","|poke|p2|Tornadus-Therian, M, shiny","|poke|p2|Togekiss, M, shiny","|poke|p2|Charizard, F, shiny","|poke|p2|Gliscor, M, shiny","|poke|p2|Mandibuzz, F, shiny","|poke|p2|Noivern, F, shiny","|rule|Sleep Clause Mod: Limit one foe put to sleep","|rule|Species Clause: Limit one of each Pokémon","|rule|OHKO Clause: OHKO moves are banned","|rule|Moody Clause: Moody is banned","|rule|Evasion Moves Clause: Evasion moves are banned","|rule|Endless Battle Clause: Forcing endless battles is banned","|rule|HP Percentage Mod: HP is shown in percentages","|teampreview","|","|start","|switch|p1a: Gengar|Gengar, M|261/261","|switch|p2a: Gliscor|Gliscor, M, shiny|337/337","|turn|1","|","|move|p1a: Gengar|Taunt|p2a: Gliscor","|-start|p2a: Gliscor|move: Taunt","|cant|p2a: Gliscor|move: Taunt|Swords Dance","|","|-status|p2a: Gliscor|tox|[from] item: Toxic Orb","|turn|2","|","|move|p1a: Gengar|Shadow Ball|p2a: Gliscor","|-damage|p2a: Gliscor|168/337 tox","|move|p2a: Gliscor|Knock Off|p1a: Gengar","|-supereffective|p1a: Gengar","|-enditem|p1a: Gengar|Focus Sash","|-damage|p1a: Gengar|1/261","|","|-heal|p2a: Gliscor|210/337 tox|[from] ability: Poison Heal","|turn|3","|","|move|p1a: Gengar|Destiny Bond|p1a: Gengar","|-singlemove|p1a: Gengar|Destiny Bond","|move|p2a: Gliscor|Knock Off|p1a: Gengar","|-supereffective|p1a: Gengar","|-damage|p1a: Gengar|0 fnt","|faint|p1a: Gengar","|-activate|p1a: Gengar|Destiny Bond","|faint|p2a: Gliscor","|","|","|switch|p2a: Togekiss|Togekiss, M, shiny|311/311","|switch|p1a: I hate this guy|Sableye, M|303/303","|turn|4","|","|switch|p1a: Chandelure|Chandelure, F|261/261","|move|p2a: Togekiss|Dazzling Gleam|p1a: Chandelure","|-resisted|p1a: Chandelure","|-damage|p1a: Chandelure|182/261","|","|turn|5","|","|switch|p2a: Charizard|Charizard, F, shiny|359/359","|move|p1a: Chandelure|Flamethrower|p2a: Charizard","|-resisted|p2a: Charizard","|-damage|p2a: Charizard|266/359","|","|turn|6","|","|switch|p1a: Jellicent|Jellicent, M|403/403","|detailschange|p2a: Charizard|Charizard-Mega-Y, F, shiny","|-mega|p2a: Charizard|Charizard|Charizardite Y","|-weather|SunnyDay","|move|p2a: Charizard|Air Slash|p1a: Jellicent","|-crit|p1a: Jellicent","|-damage|p1a: Jellicent|198/403","|","|-weather|SunnyDay|[upkeep]","|-heal|p1a: Jellicent|223/403|[from] item: Leftovers","|turn|7","|","|switch|p1a: Chandelure|Chandelure, F|182/261","|move|p2a: Charizard|Solar Beam|p1a: Chandelure|[still]","|-prepare|p2a: Charizard|Solar Beam|p1a: Chandelure","|-anim|p2a: Charizard|Solar Beam|p1a: Chandelure","|-resisted|p1a: Chandelure","|-damage|p1a: Chandelure|80/261","|","|-weather|SunnyDay|[upkeep]","|turn|8","|","|move|p1a: Chandelure|Shadow Ball|p2a: Charizard","|-damage|p2a: Charizard|119/359","|move|p2a: Charizard|Air Slash|p1a: Chandelure","|-damage|p1a: Chandelure|0 fnt","|faint|p1a: Chandelure","|","|-weather|SunnyDay|[upkeep]","|","|switch|p1a: I hate this guy|Sableye, M|303/303","|turn|9","|","|detailschange|p1a: I hate this guy|Sableye-Mega, M","|-mega|p1a: I hate this guy|Sableye|Sablenite","|move|p1a: I hate this guy|Calm Mind|p1a: I hate this guy","|-boost|p1a: I hate this guy|spa|1","|-boost|p1a: I hate this guy|spd|1","|move|p2a: Charizard|Roost|p2a: Charizard","|-heal|p2a: Charizard|299/359","|","|-weather|SunnyDay|[upkeep]","|turn|10","|","|move|p2a: Charizard|Flamethrower|p1a: I hate this guy","|-crit|p1a: I hate this guy","|-damage|p1a: I hate this guy|0 fnt","|faint|p1a: I hate this guy","|","|-weather|none","|","|switch|p1a: Golurk|Golurk|381/381","|turn|11","|","|switch|p2a: Togekiss|Togekiss, M, shiny|311/311","|move|p1a: Golurk|Stone Edge|p2a: Togekiss","|-supereffective|p2a: Togekiss","|-damage|p2a: Togekiss|67/311","|","|turn|12","|","|move|p2a: Togekiss|Air Slash|p1a: Golurk","|-damage|p1a: Golurk|224/381","|cant|p1a: Golurk|flinch","|","|turn|13","|","|move|p2a: Togekiss|Air Slash|p1a: Golurk","|-crit|p1a: Golurk","|-damage|p1a: Golurk|0 fnt","|faint|p1a: Golurk","|","|","|switch|p1a: Aegislash|Aegislash, M|323/323","|turn|14","|","|move|p2a: Togekiss|Air Slash|p1a: Aegislash","|-resisted|p1a: Aegislash","|-damage|p1a: Aegislash|275/323","|move|p1a: Aegislash|Swords Dance|p1a: Aegislash","|-boost|p1a: Aegislash|atk|2","|","|turn|15","|","|move|p2a: Togekiss|Air Slash|p1a: Aegislash","|-resisted|p1a: Aegislash","|-damage|p1a: Aegislash|233/323","|cant|p1a: Aegislash|flinch","|","|turn|16","|","|move|p2a: Togekiss|Air Slash|p1a: Aegislash","|-resisted|p1a: Aegislash","|-damage|p1a: Aegislash|190/323","|cant|p1a: Aegislash|flinch","|","|turn|17","|","|move|p2a: Togekiss|Air Slash|p1a: Aegislash","|-resisted|p1a: Aegislash","|-damage|p1a: Aegislash|146/323","|move|p1a: Aegislash|Swords Dance|p1a: Aegislash","|-boost|p1a: Aegislash|atk|2","|","|turn|18","|","|move|p2a: Togekiss|Air Slash|p1a: Aegislash","|-resisted|p1a: Aegislash","|-damage|p1a: Aegislash|98/323","|move|p1a: Aegislash|Swords Dance|p1a: Aegislash","|-boost|p1a: Aegislash|atk|2","|","|turn|19","|","|-formechange|p1a: Aegislash|Aegislash-Blade","|move|p1a: Aegislash|Shadow Sneak|p2a: Togekiss","|-damage|p2a: Togekiss|0 fnt","|faint|p2a: Togekiss","|","|","|switch|p2a: Noivern|Noivern, F, shiny|373/373","|turn|20","|","|move|p1a: Aegislash|Shadow Sneak|p2a: Noivern","|-damage|p2a: Noivern|0 fnt","|faint|p2a: Noivern","|","|","|switch|p2a: Mandibuzz|Mandibuzz, F, shiny|423/423","|turn|21","|","|move|p1a: Aegislash|Shadow Sneak|p2a: Mandibuzz","|-resisted|p2a: Mandibuzz","|-damage|p2a: Mandibuzz|302/423","|-damage|p1a: Aegislash|45/323|[from] item: Rocky Helmet|[of] p2a: Mandibuzz","|move|p2a: Mandibuzz|Foul Play|p1a: Aegislash","|-supereffective|p1a: Aegislash","|-damage|p1a: Aegislash|0 fnt","|faint|p1a: Aegislash","|","|","|switch|p1a: Jellicent|Jellicent, M|223/403","|turn|22","|","|move|p2a: Mandibuzz|Foul Play|p1a: Jellicent","|-supereffective|p1a: Jellicent","|-damage|p1a: Jellicent|83/403","|move|p1a: Jellicent|Will-O-Wisp|p2a: Mandibuzz","|-status|p2a: Mandibuzz|brn","|","|-heal|p1a: Jellicent|108/403|[from] item: Leftovers","|-damage|p2a: Mandibuzz|250/423 brn|[from] brn","|turn|23","|","|move|p2a: Mandibuzz|Foul Play|p1a: Jellicent","|-supereffective|p1a: Jellicent","|-damage|p1a: Jellicent|47/403","|move|p1a: Jellicent|Recover|p1a: Jellicent","|-heal|p1a: Jellicent|249/403","|","|-heal|p1a: Jellicent|274/403|[from] item: Leftovers","|-damage|p2a: Mandibuzz|198/423 brn|[from] brn","|turn|24","|","|move|p2a: Mandibuzz|Roost|p2a: Mandibuzz","|-heal|p2a: Mandibuzz|410/423 brn","|move|p1a: Jellicent|Recover|p1a: Jellicent","|-heal|p1a: Jellicent|403/403","|","|-damage|p2a: Mandibuzz|358/423 brn|[from] brn","|turn|25","|","|move|p2a: Mandibuzz|Defog|p1a: Jellicent","|-unboost|p1a: Jellicent|evasion|1","|move|p1a: Jellicent|Scald|p2a: Mandibuzz","|-crit|p2a: Mandibuzz","|-damage|p2a: Mandibuzz|228/423 brn","|","|-damage|p2a: Mandibuzz|176/423 brn|[from] brn","|turn|26","|","|move|p2a: Mandibuzz|Foul Play|p1a: Jellicent","|-supereffective|p1a: Jellicent","|-damage|p1a: Jellicent|333/403","|move|p1a: Jellicent|Scald|p2a: Mandibuzz","|-damage|p2a: Mandibuzz|92/423 brn","|","|-heal|p1a: Jellicent|358/403|[from] item: Leftovers","|-damage|p2a: Mandibuzz|40/423 brn|[from] brn","|turn|27","|","|move|p2a: Mandibuzz|Roost|p2a: Mandibuzz","|-heal|p2a: Mandibuzz|252/423 brn","|move|p1a: Jellicent|Recover|p1a: Jellicent","|-heal|p1a: Jellicent|403/403","|","|-damage|p2a: Mandibuzz|200/423 brn|[from] brn","|turn|28","|","|move|p2a: Mandibuzz|Roost|p2a: Mandibuzz","|-heal|p2a: Mandibuzz|412/423 brn","|move|p1a: Jellicent|Scald|p2a: Mandibuzz","|-damage|p2a: Mandibuzz|327/423 brn","|","|-damage|p2a: Mandibuzz|275/423 brn|[from] brn","|turn|29","|","|move|p2a: Mandibuzz|Foul Play|p1a: Jellicent","|-supereffective|p1a: Jellicent","|-damage|p1a: Jellicent|342/403","|move|p1a: Jellicent|Scald|p2a: Mandibuzz","|-damage|p2a: Mandibuzz|196/423 brn","|","|-heal|p1a: Jellicent|367/403|[from] item: Leftovers","|-damage|p2a: Mandibuzz|144/423 brn|[from] brn","|turn|30","|","|move|p2a: Mandibuzz|Roost|p2a: Mandibuzz","|-heal|p2a: Mandibuzz|356/423 brn","|move|p1a: Jellicent|Shadow Ball|p2a: Mandibuzz","|-resisted|p2a: Mandibuzz","|-damage|p2a: Mandibuzz|311/423 brn","|","|-heal|p1a: Jellicent|392/403|[from] item: Leftovers","|-damage|p2a: Mandibuzz|259/423 brn|[from] brn","|turn|31","|","|move|p2a: Mandibuzz|Foul Play|p1a: Jellicent","|-supereffective|p1a: Jellicent","|-damage|p1a: Jellicent|326/403","|move|p1a: Jellicent|Shadow Ball|p2a: Mandibuzz","|-resisted|p2a: Mandibuzz","|-damage|p2a: Mandibuzz|215/423 brn","|","|-heal|p1a: Jellicent|351/403|[from] item: Leftovers","|-damage|p2a: Mandibuzz|163/423 brn|[from] brn","|turn|32","|","|move|p2a: Mandibuzz|Roost|p2a: Mandibuzz","|-heal|p2a: Mandibuzz|375/423 brn","|move|p1a: Jellicent|Shadow Ball|p2a: Mandibuzz","|-resisted|p2a: Mandibuzz","|-damage|p2a: Mandibuzz|330/423 brn","|","|-heal|p1a: Jellicent|376/403|[from] item: Leftovers","|-damage|p2a: Mandibuzz|278/423 brn|[from] brn","|turn|33","|","|switch|p2a: Charizard|Charizard-Mega-Y, F, shiny|299/359","|-weather|SunnyDay","|move|p1a: Jellicent|Shadow Ball|p2a: Charizard","|-damage|p2a: Charizard|224/359","|","|-weather|SunnyDay|[upkeep]","|-heal|p1a: Jellicent|401/403|[from] item: Leftovers","|turn|34","|","|move|p2a: Charizard|Solar Beam|p1a: Jellicent|[still]","|-prepare|p2a: Charizard|Solar Beam|p1a: Jellicent","|-anim|p2a: Charizard|Solar Beam|p1a: Jellicent","|-supereffective|p1a: Jellicent","|-damage|p1a: Jellicent|79/403","|move|p1a: Jellicent|Shadow Ball|p2a: Charizard","|-damage|p2a: Charizard|157/359","|","|-weather|SunnyDay|[upkeep]","|-heal|p1a: Jellicent|104/403|[from] item: Leftovers","|turn|35","|","|move|p2a: Charizard|Solar Beam|p1a: Jellicent|[still]","|-prepare|p2a: Charizard|Solar Beam|p1a: Jellicent","|-anim|p2a: Charizard|Solar Beam|p1a: Jellicent","|-supereffective|p1a: Jellicent","|-damage|p1a: Jellicent|0 fnt","|faint|p1a: Jellicent","|","|win|inferno sasuke"],"p1rating":{"entryid":"357838","serverid":"eos","formatid":"monotype","userid":"slakingdra","username":"slakingdra","w":"9","l":4,"t":"0","gxe":60.7,"r":"1592.4180693694","rd":"93.089246667293","sigma":"0","rptime":"1440406800","rpr":1584.3789840973,"rprd":81.922295684039,"rpsigma":"0","acre":1141.7867577884,"lacre":1141.7867577884,"oldacre":"1178.6150058027"},"p2rating":{"entryid":"45674","serverid":"eos","formatid":"monotype","userid":"infernosasuke","username":"Inferno Sasuke","w":19,"l":"40","t":"0","gxe":35.1,"r":"1386.0823869338","rd":"48.002750918871","sigma":"0","rptime":"1440406800","rpr":1383.791031475,"rprd":46.941605987033,"rpsigma":"0","acre":1058.9251968229,"lacre":1058.9251968229,"oldacre":"1000"},"endType":"normal"}