{"seed":[20154,37399,53674,49189],"turns":41,"p1":"Void Neo","p2":"Void Wiley","p1team":[{"name":"Miller","species":"skarmory","item":"rockyhelmet","ability":"Sturdy","moves":["stealthrock","whirlwind","roost","bravebird"],"nature":"Impish","evs":{"hp":248,"atk":0,"def":252,"spa":0,"spd":0,"spe":8},"ivs":{"hp":31,"atk":31,"def":31,"spa":31,"spd":31,"spe":31}},{"name":"Andrea","species":"togekiss","item":"leftovers","ability":"Serene Grace","moves":["dazzlinggleam","airslash","defog","roost"],"nature":"Calm","evs":{"hp":252,"atk":0,"def":0,"spa":4,"spd":252,"spe":0},"ivs":{"hp":31,"atk":31,"def":31,"spa":31,"spd":31,"spe":31}},{"name":"Ohnta","species":"gyarados","item":"leftovers","ability":"Moxie","moves":["dragondance","substitute","icefang","earthquake"],"nature":"Jolly","evs":{"hp":0,"atk":252,"def":0,"spa":0,"spd":4,"spe":252},"ivs":{"hp":31,"atk":31,"def":31,"spa":31,"spd":31,"spe":31}},{"name":"Rafique","species":"landorustherian","item":"choicescarf","ability":"Intimidate","moves":["uturn","earthquake","stoneedge","knockoff"],"nature":"Jolly","evs":{"hp":0,"atk":252,"def":0,"spa":0,"spd":4,"spe":252},"ivs":{"hp":31,"atk":31,"def":31,"spa":31,"spd":31,"spe":31}},{"name":"Zapdos","species":"Zapdos","item":"leftovers","ability":"Pressure","moves":["discharge","heatwave","toxic","roost"],"nature":"Calm","evs":{"hp":252,"atk":0,"def":0,"spa":4,"spd":252,"spe":0},"ivs":{"hp":31,"atk":31,"def":31,"spa":31,"spd":31,"spe":31}},{"name":"Cyron","species":"dragonite","item":"choiceband","ability":"Multiscale","moves":["outrage","extremespeed","firepunch","brickbreak"],"nature":"Adamant","evs":{"hp":0,"atk":252,"def":0,"spa":0,"spd":8,"spe":248},"ivs":{"hp":31,"atk":31,"def":31,"spa":31,"spd":31,"spe":31}}],"p2team":[{"name":"Tuba","species":"slurpuff","item":"sitrusberry","ability":"Unburden","moves":["bellydrum","drainpunch","playrough","aromatherapy"],"nature":"Jolly","evs":{"hp":4,"atk":252,"def":0,"spa":0,"spd":0,"spe":252},"ivs":{"hp":31,"atk":31,"def":31,"spa":31,"spd":31,"spe":31}},{"name":"Clarinet","species":"azumarill","item":"sitrusberry","ability":"Huge Power","moves":["bellydrum","aquajet","brickbreak","playrough"],"nature":"Adamant","evs":{"hp":252,"atk":252,"def":0,"spa":0,"spd":4,"spe":0},"ivs":{"hp":31,"atk":31,"def":31,"spa":31,"spd":31,"spe":31}},{"name":"Flute","species":"gardevoir","item":"gardevoirite","ability":"Synchronize","moves":["psyshock","hypervoice","energyball","focusblast"],"nature":"Timid","evs":{"hp":4,"atk":0,"def":0,"spa":252,"spd":0,"spe":252},"ivs":{"hp":31,"atk":31,"def":31,"spa":31,"spd":31,"spe":31}},{"name":"Alto","species":"togekiss","item":"choicescarf","ability":"Serene Grace","moves":["airslash","flamethrower","aurasphere","dazzlinggleam"],"nature":"Timid","evs":{"hp":0,"atk":0,"def":0,"spa":252,"spd":4,"spe":252},"ivs":{"hp":31,"atk":31,"def":31,"spa":31,"spd":31,"spe":31}},{"name":"Sax","species":"klefki","item":"lightclay","ability":"Prankster","moves":["thunderwave","lightscreen","reflect","foulplay"],"nature":"Bold","evs":{"hp":248,"atk":0,"def":252,"spa":0,"spd":8,"spe":0},"ivs":{"hp":31,"atk":31,"def":31,"spa":31,"spd":31,"spe":31}},{"name":"Trumpet","species":"sylveon","item":"leftovers","ability":"Pixilate","moves":["hypervoice","wish","protect","calmmind"],"nature":"Bold","evs":{"hp":252,"atk":0,"def":252,"spa":4,"spd":0,"spe":0},"ivs":{"hp":31,"atk":31,"def":31,"spa":31,"spd":31,"spe":31}}],"log":["|player|p1|Void Neo|266","|player|p2|Void Wiley|voidwiley.png","|gametype|singles","|gen|6","|tier|Monotype","|rated","|rule|Baton Pass Clause: Limit one Baton Passer, can't pass Spe and other stats simultaneously","|rule|Swagger Clause: Swagger is banned","|rule|Same Type Clause: Pokémon in a team must share a type","|clearpoke","|poke|p1|Skarmory, M","|poke|p1|Togekiss, F","|poke|p1|Gyarados, M","|poke|p1|Landorus-Therian, M","|poke|p1|Zapdos","|poke|p1|Dragonite, M","|poke|p2|Slurpuff, F","|poke|p2|Azumarill, M","|poke|p2|Gardevoir, M","|poke|p2|Togekiss, F","|poke|p2|Klefki, M","|poke|p2|Sylveon, F","|rule|Sleep Clause Mod: Limit one foe put to sleep","|rule|Species Clause: Limit one of each Pokémon","|rule|OHKO Clause: OHKO moves are banned","|rule|Moody Clause: Moody is banned","|rule|Evasion Moves Clause: Evasion moves are banned","|rule|Endless Battle Clause: Forcing endless battles is banned","|rule|HP Percentage Mod: HP is shown in percentages","|teampreview","|","|start","|switch|p1a: Zapdos|Zapdos|384/384","|switch|p2a: Alto|Togekiss, F|311/311","|-ability|p1a: Zapdos|Pressure","|turn|1","|","|switch|p2a: Sax|Klefki, M|317/317","|switch|p1a: Cyron|Dragonite, M|323/323","|","|turn|2","|","|switch|p1a: Zapdos|Zapdos|384/384","|-ability|p1a: Zapdos|Pressure","|move|p2a: Sax|Thunder Wave|p1a: Zapdos","|-immune|p1a: Zapdos|[msg]","|","|turn|3","|","|move|p2a: Sax|Light Screen|p2a: Sax","|-sidestart|p2: Void Wiley|move: Light Screen","|move|p1a: Zapdos|Heat Wave|p2a: Sax","|-supereffective|p2a: Sax","|-damage|p2a: Sax|210/317","|","|turn|4","|","|move|p2a: Sax|Reflect|p2a: Sax","|-sidestart|p2: Void Wiley|Reflect","|move|p1a: Zapdos|Discharge|p2a: Sax","|-damage|p2a: Sax|142/317","|","|turn|5","|","|move|p1a: Zapdos|Discharge|p2a: Sax","|-damage|p2a: Sax|79/317","|move|p2a: Sax|Foul Play|p1a: Zapdos","|-damage|p1a: Zapdos|318/384","|","|-heal|p1a: Zapdos|342/384|[from] item: Leftovers","|turn|6","|","|move|p1a: Zapdos|Discharge|p2a: Sax","|-damage|p2a: Sax|10/317","|move|p2a: Sax|Foul Play|p1a: Zapdos","|-damage|p1a: Zapdos|268/384","|","|-heal|p1a: Zapdos|292/384|[from] item: Leftovers","|turn|7","|","|move|p1a: Zapdos|Discharge|p2a: Sax","|-crit|p2a: Sax","|-damage|p2a: Sax|0 fnt","|faint|p2a: Sax","|","|-heal|p1a: Zapdos|316/384|[from] item: Leftovers","|","|switch|p2a: Flute|Gardevoir, M|278/278","|turn|8","|","|switch|p1a: Andrea|Togekiss, F|374/374","|detailschange|p2a: Flute|Gardevoir-Mega, M","|-mega|p2a: Flute|Gardevoir|Gardevoirite","|move|p2a: Flute|Hyper Voice|p1a: Andrea","|-damage|p1a: Andrea|215/374","|","|-heal|p1a: Andrea|238/374|[from] item: Leftovers","|turn|9","|","|move|p2a: Flute|Hyper Voice|p1a: Andrea","|-damage|p1a: Andrea|75/374","|move|p1a: Andrea|Roost|p1a: Andrea","|-heal|p1a: Andrea|262/374","|","|-heal|p1a: Andrea|285/374|[from] item: Leftovers","|turn|10","|","|switch|p2a: Tuba|Slurpuff, F|306/306","|move|p1a: Andrea|Roost|p1a: Andrea","|-heal|p1a: Andrea|374/374","|","|-sideend|p2: Void Wiley|move: Light Screen","|turn|11","|","|move|p2a: Tuba|Belly Drum|p2a: Tuba","|-damage|p2a: Tuba|153/306","|-setboost|p2a: Tuba|atk|6|[from] move: Belly Drum","|-enditem|p2a: Tuba|Sitrus Berry|[eat]","|-heal|p2a: Tuba|229/306|[from] item: Sitrus Berry","|move|p1a: Andrea|Air Slash|p2a: Tuba","|-damage|p2a: Tuba|88/306","|","|-sideend|p2: Void Wiley|Reflect","|turn|12","|","|switch|p1a: Ohnta|Gyarados, M|331/331","|move|p2a: Tuba|Play Rough|p1a: Ohnta","|-crit|p1a: Ohnta","|-damage|p1a: Ohnta|0 fnt","|faint|p1a: Ohnta","|","|","|switch|p1a: Cyron|Dragonite, M|323/323","|turn|13","|","|move|p1a: Cyron|Extreme Speed|p2a: Tuba","|-damage|p2a: Tuba|0 fnt","|faint|p2a: Tuba","|","|","|switch|p2a: Flute|Gardevoir-Mega, M|278/278","|turn|14","|","|switch|p1a: Andrea|Togekiss, F|374/374","|move|p2a: Flute|Hyper Voice|p1a: Andrea","|-damage|p1a: Andrea|209/374","|","|-heal|p1a: Andrea|232/374|[from] item: Leftovers","|turn|15","|","|move|p2a: Flute|Hyper Voice|p1a: Andrea","|-damage|p1a: Andrea|63/374","|move|p1a: Andrea|Roost|p1a: Andrea","|-heal|p1a: Andrea|250/374","|","|-heal|p1a: Andrea|273/374|[from] item: Leftovers","|turn|16","|","|move|p2a: Flute|Hyper Voice|p1a: Andrea","|-damage|p1a: Andrea|110/374","|move|p1a: Andrea|Roost|p1a: Andrea","|-heal|p1a: Andrea|297/374","|","|-heal|p1a: Andrea|320/374|[from] item: Leftovers","|turn|17","|player|p2","|player|p2|Void Wiley|voidwiley.png","|","|move|p2a: Flute|Hyper Voice|p1a: Andrea","|-damage|p1a: Andrea|151/374","|move|p1a: Andrea|Roost|p1a: Andrea","|-heal|p1a: Andrea|338/374","|","|-heal|p1a: Andrea|361/374|[from] item: Leftovers","|turn|18","|","|move|p2a: Flute|Hyper Voice|p1a: Andrea","|-damage|p1a: Andrea|201/374","|move|p1a: Andrea|Air Slash|p2a: Flute","|-damage|p2a: Flute|194/278","|","|-heal|p1a: Andrea|224/374|[from] item: Leftovers","|turn|19","|","|move|p2a: Flute|Psyshock|p1a: Andrea","|-damage|p1a: Andrea|31/374","|move|p1a: Andrea|Roost|p1a: Andrea","|-heal|p1a: Andrea|218/374","|","|-heal|p1a: Andrea|241/374|[from] item: Leftovers","|turn|20","|","|switch|p1a: Rafique|Landorus-Therian, M|319/319","|-ability|p1a: Rafique|Intimidate","|-unboost|p2a: Flute|atk|1","|move|p2a: Flute|Psyshock|p1a: Rafique","|-damage|p1a: Rafique|136/319","|","|turn|21","|","|move|p1a: Rafique|Earthquake|p2a: Flute","|-damage|p2a: Flute|0 fnt","|faint|p2a: Flute","|","|","|switch|p2a: Clarinet|Azumarill, M|404/404","|turn|22","|","|move|p1a: Rafique|Earthquake|p2a: Clarinet","|-damage|p2a: Clarinet|191/404","|-enditem|p2a: Clarinet|Sitrus Berry|[eat]","|-heal|p2a: Clarinet|292/404|[from] item: Sitrus Berry","|move|p2a: Clarinet|Belly Drum|p2a: Clarinet","|-damage|p2a: Clarinet|90/404","|-setboost|p2a: Clarinet|atk|6|[from] move: Belly Drum","|","|turn|23","|","|move|p2a: Clarinet|Aqua Jet|p1a: Rafique","|-supereffective|p1a: Rafique","|-damage|p1a: Rafique|0 fnt","|faint|p1a: Rafique","|","|","|switch|p1a: Cyron|Dragonite, M|323/323","|turn|24","|","|move|p1a: Cyron|Extreme Speed|p2a: Clarinet","|-damage|p2a: Clarinet|0 fnt","|faint|p2a: Clarinet","|","|","|switch|p2a: Trumpet|Sylveon, F|394/394","|turn|25","|","|move|p1a: Cyron|Extreme Speed|p2a: Trumpet","|-damage|p2a: Trumpet|235/394","|move|p2a: Trumpet|Calm Mind|p2a: Trumpet","|-boost|p2a: Trumpet|spa|1","|-boost|p2a: Trumpet|spd|1","|","|-heal|p2a: Trumpet|259/394|[from] item: Leftovers","|turn|26","|","|switch|p1a: Zapdos|Zapdos|316/384","|-ability|p1a: Zapdos|Pressure","|move|p2a: Trumpet|Protect|p2a: Trumpet","|-fail|p2a: Trumpet","|","|-heal|p1a: Zapdos|340/384|[from] item: Leftovers","|-heal|p2a: Trumpet|283/394|[from] item: Leftovers","|turn|27","|","|move|p1a: Zapdos|Toxic|p2a: Trumpet","|-status|p2a: Trumpet|tox","|move|p2a: Trumpet|Calm Mind|p2a: Trumpet","|-boost|p2a: Trumpet|spa|1","|-boost|p2a: Trumpet|spd|1","|","|-heal|p1a: Zapdos|364/384|[from] item: Leftovers","|-heal|p2a: Trumpet|307/394 tox|[from] item: Leftovers","|-damage|p2a: Trumpet|283/394 tox|[from] psn","|turn|28","|","|move|p1a: Zapdos|Discharge|p2a: Trumpet","|-damage|p2a: Trumpet|237/394 tox","|move|p2a: Trumpet|Wish|p2a: Trumpet","|","|-heal|p1a: Zapdos|384/384|[from] item: Leftovers","|-heal|p2a: Trumpet|261/394 tox|[from] item: Leftovers","|-damage|p2a: Trumpet|213/394 tox|[from] psn","|turn|29","|","|move|p1a: Zapdos|Discharge|p2a: Trumpet","|-damage|p2a: Trumpet|170/394 tox","|move|p2a: Trumpet|Hyper Voice|p1a: Zapdos","|-damage|p1a: Zapdos|143/384","|","|-heal|p2a: Trumpet|367/394 tox|[from] move: Wish|[wisher] Trumpet","|-heal|p1a: Zapdos|167/384|[from] item: Leftovers","|-heal|p2a: Trumpet|391/394 tox|[from] item: Leftovers","|-damage|p2a: Trumpet|319/394 tox|[from] psn","|turn|30","|","|move|p1a: Zapdos|Roost|p1a: Zapdos","|-heal|p1a: Zapdos|359/384","|move|p2a: Trumpet|Hyper Voice|p1a: Zapdos","|-damage|p1a: Zapdos|148/384","|","|-heal|p1a: Zapdos|172/384|[from] item: Leftovers","|-heal|p2a: Trumpet|343/394 tox|[from] item: Leftovers","|-damage|p2a: Trumpet|247/394 tox|[from] psn","|turn|31","|","|move|p1a: Zapdos|Roost|p1a: Zapdos","|-heal|p1a: Zapdos|364/384","|move|p2a: Trumpet|Wish|p2a: Trumpet","|","|-heal|p1a: Zapdos|384/384|[from] item: Leftovers","|-heal|p2a: Trumpet|271/394 tox|[from] item: Leftovers","|-damage|p2a: Trumpet|151/394 tox|[from] psn","|turn|32","|","|move|p1a: Zapdos|Discharge|p2a: Trumpet","|-damage|p2a: Trumpet|105/394 tox","|move|p2a: Trumpet|Hyper Voice|p1a: Zapdos","|-damage|p1a: Zapdos|159/384","|","|-heal|p2a: Trumpet|302/394 tox|[from] move: Wish|[wisher] Trumpet","|-heal|p1a: Zapdos|183/384|[from] item: Leftovers","|-heal|p2a: Trumpet|326/394 tox|[from] item: Leftovers","|-damage|p2a: Trumpet|182/394 tox|[from] psn","|turn|33","|","|move|p1a: Zapdos|Roost|p1a: Zapdos","|-heal|p1a: Zapdos|375/384","|move|p2a: Trumpet|Hyper Voice|p1a: Zapdos","|-damage|p1a: Zapdos|128/384","|","|-heal|p1a: Zapdos|152/384|[from] item: Leftovers","|-heal|p2a: Trumpet|206/394 tox|[from] item: Leftovers","|-damage|p2a: Trumpet|38/394 tox|[from] psn","|turn|34","|","|move|p1a: Zapdos|Discharge|p2a: Trumpet","|-damage|p2a: Trumpet|0 fnt","|faint|p2a: Trumpet","|","|-heal|p1a: Zapdos|176/384|[from] item: Leftovers","|","|switch|p2a: Alto|Togekiss, F|311/311","|turn|35","|","|move|p2a: Alto|Air Slash|p1a: Zapdos","|-resisted|p1a: Zapdos","|-damage|p1a: Zapdos|127/384","|cant|p1a: Zapdos|flinch","|","|-heal|p1a: Zapdos|151/384|[from] item: Leftovers","|turn|36","|","|move|p2a: Alto|Air Slash|p1a: Zapdos","|-resisted|p1a: Zapdos","|-damage|p1a: Zapdos|106/384","|cant|p1a: Zapdos|flinch","|","|-heal|p1a: Zapdos|130/384|[from] item: Leftovers","|turn|37","|","|move|p2a: Alto|Air Slash|p1a: Zapdos","|-resisted|p1a: Zapdos","|-damage|p1a: Zapdos|83/384","|move|p1a: Zapdos|Roost|p1a: Zapdos","|-heal|p1a: Zapdos|275/384","|","|-heal|p1a: Zapdos|299/384|[from] item: Leftovers","|turn|38","|","|move|p2a: Alto|Air Slash|p1a: Zapdos","|-resisted|p1a: Zapdos","|-damage|p1a: Zapdos|250/384","|cant|p1a: Zapdos|flinch","|","|-heal|p1a: Zapdos|274/384|[from] item: Leftovers","|turn|39","|","|move|p2a: Alto|Air Slash|p1a: Zapdos","|-resisted|p1a: Zapdos","|-damage|p1a: Zapdos|223/384","|move|p1a: Zapdos|Toxic|p2a: Alto","|-status|p2a: Alto|tox","|","|-heal|p1a: Zapdos|247/384|[from] item: Leftovers","|-damage|p2a: Alto|292/311 tox|[from] psn","|turn|40","|","|move|p2a: Alto|Air Slash|p1a: Zapdos","|-crit|p1a: Zapdos","|-resisted|p1a: Zapdos","|-damage|p1a: Zapdos|180/384","|move|p1a: Zapdos|Discharge|p2a: Alto","|-supereffective|p2a: Alto","|-damage|p2a: Alto|98/311 tox","|","|-heal|p1a: Zapdos|204/384|[from] item: Leftovers","|-damage|p2a: Alto|60/311 tox|[from] psn","|turn|41","|","|move|p2a: Alto|Air Slash|p1a: Zapdos","|-resisted|p1a: Zapdos","|-damage|p1a: Zapdos|155/384","|move|p1a: Zapdos|Discharge|p2a: Alto","|-crit|p2a: Alto","|-supereffective|p2a: Alto","|-damage|p2a: Alto|0 fnt","|faint|p2a: Alto","|","|win|Void Neo"],"p1rating":{"entryid":"413977","serverid":"eos","formatid":"monotype","userid":"voidneo","username":"Void Neo","w":2,"l":"0","t":"0","gxe":60,"r":"1500","rd":"130","sigma":"0","rptime":"1440406800","rpr":1580.7420631113,"rprd":117.09573038,"rpsigma":"0","acre":1100.674432727,"lacre":1100.674432727,"oldacre":"1048.4719481837"},"p2rating":{"entryid":"91212","serverid":"eos","formatid":"monotype","userid":"voidwiley","username":"Void Wiley","w":"40","l":18,"t":"0","gxe":69.3,"r":"1657.2125065675","rd":"48.168472020212","sigma":"0","rptime":"1440406800","rpr":1654.1746931075,"rprd":47.294450604924,"rpsigma":"0","acre":1246.7097833407,"lacre":1246.7097833407,"oldacre":"1286.5843236185"},"endType":"normal"}