{"seed":[24003,56604,42432,19302],"turns":25,"p1":"Ready4Fredbear?","p2":"Arcade Twizzler","p1team":[{"name":"Loki","species":"sableye","item":"sablenite","ability":"Prankster","moves":["calmmind","recover","willowisp","snarl"],"nature":"Bold","evs":{"hp":252,"atk":0,"def":196,"spa":0,"spd":60,"spe":0},"gender":"M","ivs":{"hp":31,"atk":31,"def":31,"spa":31,"spd":31,"spe":31}},{"name":"Sobek","species":"tyranitar","item":"leftovers","ability":"Sand Stream","moves":["stoneedge","fireblast","stealthrock","thunderwave"],"nature":"Brave","evs":{"hp":252,"atk":56,"def":0,"spa":0,"spd":200,"spe":0},"gender":"M","ivs":{"hp":31,"atk":31,"def":31,"spa":31,"spd":31,"spe":31}},{"name":"Eros","species":"hoopaunbound","item":"choicescarf","ability":"Magician","moves":["hyperspacefury","hyperspacehole","gunkshot","energyball"],"nature":"Hasty","evs":{"hp":0,"atk":180,"def":0,"spa":76,"spd":0,"spe":252},"ivs":{"hp":31,"atk":31,"def":31,"spa":31,"spd":31,"spe":31}},{"name":"Akkorokamui","species":"crawdaunt","item":"lifeorb","ability":"Adaptability","moves":["knockoff","aquajet","swordsdance","crabhammer"],"nature":"Adamant","evs":{"hp":0,"atk":252,"def":0,"spa":0,"spd":4,"spe":252},"ivs":{"hp":31,"atk":31,"def":31,"spa":31,"spd":31,"spe":31}},{"name":"Urubutsin","species":"mandibuzz","item":"rockyhelmet","ability":"Overcoat","moves":["bravebird","foulplay","roost","defog"],"nature":"Impish","evs":{"hp":248,"atk":8,"def":252,"spa":0,"spd":0,"spe":0},"ivs":{"hp":31,"atk":31,"def":31,"spa":31,"spd":31,"spe":31}},{"name":"The Golem of Vilna","species":"bisharp","item":"lumberry","ability":"Defiant","moves":["swordsdance","knockoff","ironhead","suckerpunch"],"nature":"Adamant","evs":{"hp":0,"atk":252,"def":0,"spa":0,"spd":4,"spe":252},"gender":"M","ivs":{"hp":31,"atk":31,"def":31,"spa":31,"spd":31,"spe":31}}],"p2team":[{"name":"Togekiss","species":"Togekiss","item":"assaultvest","ability":"Serene Grace","moves":["flamethrower","airslash","dazzlinggleam","aurasphere"],"nature":"Modest","evs":{"hp":4,"atk":0,"def":0,"spa":252,"spd":252,"spe":0},"ivs":{"hp":31,"atk":31,"def":31,"spa":31,"spd":31,"spe":31}},{"name":"Dragonite","species":"Dragonite","item":"weaknesspolicy","ability":"Multiscale","moves":["dragondance","dragonclaw","earthquake","extremespeed"],"nature":"Adamant","evs":{"hp":0,"atk":252,"def":0,"spa":0,"spd":4,"spe":252},"ivs":{"hp":31,"atk":31,"def":31,"spa":31,"spd":31,"spe":31}},{"name":"Fuck you","species":"skarmory","item":"rockyhelmet","ability":"Sturdy","moves":["defog","stealthrock","roost","whirlwind"],"nature":"Impish","evs":{"hp":248,"atk":0,"def":236,"spa":0,"spd":0,"spe":24},"ivs":{"hp":31,"atk":31,"def":31,"spa":31,"spd":31,"spe":31}},{"name":"Zapdos","species":"Zapdos","item":"leftovers","ability":"Pressure","moves":["roost","toxic","heatwave","discharge"],"nature":"Bold","evs":{"hp":0,"atk":0,"def":252,"spa":56,"spd":200,"spe":0},"ivs":{"hp":31,"atk":31,"def":31,"spa":31,"spd":31,"spe":31}},{"name":"Bops","species":"landorus","item":"lifeorb","ability":"Sheer Force","moves":["earthquake","knockoff","uturn","rockslide"],"nature":"Jolly","evs":{"hp":0,"atk":252,"def":0,"spa":0,"spd":4,"spe":252},"ivs":{"hp":31,"atk":31,"def":31,"spa":31,"spd":31,"spe":31}},{"name":"Jerry","species":"honchkrow","item":"lifeorb","ability":"Moxie","moves":["suckerpunch","heatwave","bravebird","nightslash"],"nature":"Hasty","evs":{"hp":0,"atk":252,"def":0,"spa":4,"spd":0,"spe":252},"ivs":{"hp":31,"atk":31,"def":31,"spa":31,"spd":31,"spe":31}}],"log":["|player|p1|Ready4Fredbear?|149","|player|p2|Arcade Twizzler|264","|gametype|singles","|gen|6","|tier|Monotype","|rated","|rule|Baton Pass Clause: Limit one Baton Passer, can't pass Spe and other stats simultaneously","|rule|Swagger Clause: Swagger is banned","|rule|Same Type Clause: Pokémon in a team must share a type","|clearpoke","|poke|p1|Sableye, M","|poke|p1|Tyranitar, M","|poke|p1|Hoopa-Unbound","|poke|p1|Crawdaunt, M","|poke|p1|Mandibuzz, F","|poke|p1|Bisharp, M","|poke|p2|Togekiss, M","|poke|p2|Dragonite, F","|poke|p2|Skarmory, M","|poke|p2|Zapdos","|poke|p2|Landorus, M","|poke|p2|Honchkrow, F","|rule|Sleep Clause Mod: Limit one foe put to sleep","|rule|Species Clause: Limit one of each Pokémon","|rule|OHKO Clause: OHKO moves are banned","|rule|Moody Clause: Moody is banned","|rule|Evasion Moves Clause: Evasion moves are banned","|rule|Endless Battle Clause: Forcing endless battles is banned","|rule|HP Percentage Mod: HP is shown in percentages","|teampreview","|","|start","|switch|p1a: Loki|Sableye, M|304/304","|switch|p2a: Fuck you|Skarmory, M|333/333","|turn|1","|","|switch|p2a: Togekiss|Togekiss, M|312/312","|move|p1a: Loki|Calm Mind|p1a: Loki","|-boost|p1a: Loki|spa|1","|-boost|p1a: Loki|spd|1","|","|turn|2","|","|move|p1a: Loki|Recover|p1a: Loki","|-fail|p1a: Loki","|move|p2a: Togekiss|Air Slash|p1a: Loki","|-damage|p1a: Loki|177/304","|","|turn|3","|","|move|p1a: Loki|Recover|p1a: Loki","|-heal|p1a: Loki|304/304","|move|p2a: Togekiss|Air Slash|p1a: Loki","|-damage|p1a: Loki|183/304","|","|turn|4","|","|move|p1a: Loki|Recover|p1a: Loki","|-heal|p1a: Loki|304/304","|move|p2a: Togekiss|Dazzling Gleam|p1a: Loki","|-supereffective|p1a: Loki","|-damage|p1a: Loki|22/304","|","|turn|5","|","|switch|p1a: Urubutsin|Mandibuzz, F|423/423","|move|p2a: Togekiss|Air Slash|p1a: Urubutsin","|-damage|p1a: Urubutsin|272/423","|","|turn|6","|","|switch|p2a: Fuck you|Skarmory, M|333/333","|move|p1a: Urubutsin|Roost|p1a: Urubutsin","|-heal|p1a: Urubutsin|423/423","|","|turn|7","|","|move|p1a: Urubutsin|Defog|p2a: Fuck you","|-unboost|p2a: Fuck you|evasion|1","|move|p2a: Fuck you|Stealth Rock|p1a: Urubutsin","|-sidestart|p1: Ready4Fredbear?|move: Stealth Rock","|","|turn|8","|","|move|p1a: Urubutsin|Defog|p2a: Fuck you","|-unboost|p2a: Fuck you|evasion|1","|-sideend|p1: Ready4Fredbear?|Stealth Rock|[from] move: Defog|[of] p1a: Urubutsin","|move|p2a: Fuck you|Stealth Rock|p1a: Urubutsin","|-sidestart|p1: Ready4Fredbear?|move: Stealth Rock","|","|turn|9","|","|move|p1a: Urubutsin|Defog|p2a: Fuck you","|-unboost|p2a: Fuck you|evasion|1","|-sideend|p1: Ready4Fredbear?|Stealth Rock|[from] move: Defog|[of] p1a: Urubutsin","|move|p2a: Fuck you|Stealth Rock|p1a: Urubutsin","|-sidestart|p1: Ready4Fredbear?|move: Stealth Rock","|","|turn|10","|","|move|p1a: Urubutsin|Defog|p2a: Fuck you","|-unboost|p2a: Fuck you|evasion|1","|-sideend|p1: Ready4Fredbear?|Stealth Rock|[from] move: Defog|[of] p1a: Urubutsin","|move|p2a: Fuck you|Whirlwind|p1a: Urubutsin","|drag|p1a: Sobek|Tyranitar, M|404/404","|-weather|Sandstorm","|","|-weather|Sandstorm|[upkeep]","|turn|11","|","|move|p2a: Fuck you|Stealth Rock|p1a: Sobek","|-sidestart|p1: Ready4Fredbear?|move: Stealth Rock","|move|p1a: Sobek|Stealth Rock|p2a: Fuck you","|-sidestart|p2: Arcade Twizzler|move: Stealth Rock","|","|-weather|Sandstorm|[upkeep]","|turn|12","|","|move|p2a: Fuck you|Defog|p1a: Sobek","|-unboost|p1a: Sobek|evasion|1","|-sideend|p1: Ready4Fredbear?|Stealth Rock|[from] move: Defog|[of] p1a: Sobek","|-sideend|p2: Arcade Twizzler|Stealth Rock|[from] move: Defog|[of] p2a: Fuck you","|move|p1a: Sobek|Fire Blast|p2a: Fuck you","|-supereffective|p2a: Fuck you","|-damage|p2a: Fuck you|105/333","|","|-weather|Sandstorm|[upkeep]","|turn|13","|","|move|p2a: Fuck you|Stealth Rock|p1a: Sobek","|-sidestart|p1: Ready4Fredbear?|move: Stealth Rock","|move|p1a: Sobek|Fire Blast|p2a: Fuck you","|-supereffective|p2a: Fuck you","|-damage|p2a: Fuck you|0 fnt","|faint|p2a: Fuck you","|","|-weather|Sandstorm|[upkeep]","|","|switch|p2a: Bops|Landorus, M|319/319","|turn|14","|","|move|p2a: Bops|U-turn|p1a: Sobek","|-supereffective|p1a: Sobek","|-damage|p1a: Sobek|191/404","|-damage|p2a: Bops|288/319|[from] item: Life Orb","|","|switch|p2a: Dragonite|Dragonite, F|323/323","|move|p1a: Sobek|Stone Edge|p2a: Dragonite","|-supereffective|p2a: Dragonite","|-damage|p2a: Dragonite|149/323","|-enditem|p2a: Dragonite|Weakness Policy","|-boost|p2a: Dragonite|atk|2|[from] item: Weakness Policy","|-boost|p2a: Dragonite|spa|2|[from] item: Weakness Policy","|","|-weather|none","|-heal|p1a: Sobek|216/404|[from] item: Leftovers","|turn|15","|","|move|p2a: Dragonite|Earthquake|p1a: Sobek","|-crit|p1a: Sobek","|-supereffective|p1a: Sobek","|-damage|p1a: Sobek|0 fnt","|faint|p1a: Sobek","|","|","|switch|p1a: Akkorokamui|Crawdaunt, M|267/267","|-damage|p1a: Akkorokamui|234/267|[from] Stealth Rock","|turn|16","|","|move|p2a: Dragonite|Extreme Speed|p1a: Akkorokamui","|-damage|p1a: Akkorokamui|0 fnt","|faint|p1a: Akkorokamui","|","|","|switch|p1a: The Golem of Vilna|Bisharp, M|271/271","|-damage|p1a: The Golem of Vilna|255/271|[from] Stealth Rock","|turn|17","|","|move|p1a: The Golem of Vilna|Sucker Punch|p2a: Dragonite","|-crit|p2a: Dragonite","|-damage|p2a: Dragonite|0 fnt","|faint|p2a: Dragonite","|","|","|switch|p2a: Togekiss|Togekiss, M|312/312","|turn|18","|","|switch|p2a: Zapdos|Zapdos|321/321","|-ability|p2a: Zapdos|Pressure","|move|p1a: The Golem of Vilna|Swords Dance|p1a: The Golem of Vilna","|-boost|p1a: The Golem of Vilna|atk|2","|","|turn|19","|","|move|p1a: The Golem of Vilna|Iron Head|p2a: Zapdos","|-resisted|p2a: Zapdos","|-damage|p2a: Zapdos|207/321","|move|p2a: Zapdos|Discharge|p1a: The Golem of Vilna","|-damage|p1a: The Golem of Vilna|96/271","|","|-heal|p2a: Zapdos|227/321|[from] item: Leftovers","|turn|20","|","|move|p1a: The Golem of Vilna|Sucker Punch|p2a: Zapdos","|-damage|p2a: Zapdos|0 fnt","|faint|p2a: Zapdos","|","|","|switch|p2a: Togekiss|Togekiss, M|312/312","|turn|21","|","|move|p1a: The Golem of Vilna|Iron Head|p2a: Togekiss","|-supereffective|p2a: Togekiss","|-damage|p2a: Togekiss|0 fnt","|faint|p2a: Togekiss","|","|","|switch|p2a: Bops|Landorus, M|288/319","|turn|22","|","|move|p2a: Bops|Earthquake|p1a: The Golem of Vilna","|-supereffective|p1a: The Golem of Vilna","|-damage|p1a: The Golem of Vilna|0 fnt","|-damage|p2a: Bops|257/319|[from] item: Life Orb","|faint|p1a: The Golem of Vilna","|","|","|switch|p1a: Eros|Hoopa-Unbound|301/301","|-damage|p1a: Eros|264/301|[from] Stealth Rock","|turn|23","|","|move|p1a: Eros|Gunk Shot|p2a: Bops","|-resisted|p2a: Bops","|-damage|p2a: Bops|163/319","|move|p2a: Bops|U-turn|p1a: Eros","|-supereffective|p1a: Eros","|-damage|p1a: Eros|0 fnt","|-damage|p2a: Bops|132/319|[from] item: Life Orb","|faint|p1a: Eros","|","|switch|p2a: Jerry|Honchkrow, F|341/341","|","|","|switch|p1a: Urubutsin|Mandibuzz, F|423/423","|-damage|p1a: Urubutsin|318/423|[from] Stealth Rock","|turn|24","|","|move|p2a: Jerry|Brave Bird|p1a: Urubutsin","|-damage|p1a: Urubutsin|127/423","|-damage|p2a: Jerry|285/341|[from] item: Rocky Helmet|[of] p1a: Urubutsin","|-damage|p2a: Jerry|222/341|[from] recoil|[of] p1a: Urubutsin","|-damage|p2a: Jerry|188/341|[from] item: Life Orb","|move|p1a: Urubutsin|Brave Bird|p2a: Jerry","|-damage|p2a: Jerry|0 fnt","|-damage|p1a: Urubutsin|65/423|[from] recoil|[of] p2a: Jerry","|faint|p2a: Jerry","|","|","|switch|p2a: Bops|Landorus, M|132/319","|turn|25","|","|move|p2a: Bops|Rock Slide|p1a: Urubutsin","|-supereffective|p1a: Urubutsin","|-damage|p1a: Urubutsin|0 fnt","|faint|p1a: Urubutsin","|","|","|switch|p1a: Loki|Sableye, M|22/304","|-damage|p1a: Loki|0 fnt|[from] Stealth Rock","|faint|p1a: Loki","|","|win|Arcade Twizzler"],"p1rating":{"entryid":"393868","serverid":"eos","formatid":"monotype","userid":"ready4fredbear","username":"Ready4Fredbear?","w":"3","l":4,"t":"0","gxe":45.2,"r":"1500","rd":"130","sigma":"0","rptime":"1440406800","rpr":1462.4256660781,"rprd":96.200375300656,"rpsigma":"0","acre":1045.5908864004,"lacre":1045.5908864004,"oldacre":"1070.2176440258"},"p2rating":{"entryid":396552,"formatid":"monotype","userid":"arcadetwizzler","username":"Arcade Twizzler","r":1500,"rd":130,"sigma":0,"rpr":1540.1606143388,"rprd":122.8583080769,"rpsigma":0,"rptime":1440406800,"w":1,"l":0,"t":0,"gxe":55,"acre":1047.9758076988,"lacre":1047.9758076988,"oldacre":1000},"endType":"normal"}