{"seed":[30675,4006,6479,33868],"turns":26,"p1":"Professor ♅ ☯ Nyx","p2":"SL Rorich","p1team":[{"name":"Roserade","species":"Roserade","item":"choicescarf","ability":"Technician","moves":["hiddenpowerrock","magicalleaf","extrasensory","weatherball"],"nature":"Modest","evs":{"hp":0,"atk":0,"def":0,"spa":252,"spd":4,"spe":252},"ivs":{"hp":31,"atk":31,"def":30,"spa":31,"spd":30,"spe":30}},{"name":"Ludicolo","species":"Ludicolo","item":"leftovers","ability":"Swift Swim","moves":["leechseed","gigadrain","raindance","surf"],"nature":"Calm","evs":{"hp":248,"atk":0,"def":0,"spa":8,"spd":252,"spe":0},"ivs":{"hp":31,"atk":31,"def":31,"spa":31,"spd":31,"spe":31}},{"name":"Venusaur","species":"Venusaur","item":"venusaurite","ability":"Overgrow","moves":["hiddenpowerrock","gigadrain","sleeppowder","synthesis"],"nature":"Bold","evs":{"hp":248,"atk":0,"def":188,"spa":0,"spd":72,"spe":0},"ivs":{"hp":31,"atk":31,"def":30,"spa":31,"spd":30,"spe":30}},{"name":"Voltergeist","species":"rotommow","item":"choicescarf","ability":"Levitate","moves":["trick","leafstorm","voltswitch","electroball"],"nature":"Timid","evs":{"hp":0,"atk":0,"def":0,"spa":252,"spd":4,"spe":252},"ivs":{"hp":31,"atk":31,"def":31,"spa":31,"spd":31,"spe":31}},{"name":"Serperior","species":"Serperior","item":"leftovers","ability":"Contrary","moves":["dragonpulse","leafstorm","glare","hiddenpowerfire"],"nature":"Timid","evs":{"hp":0,"atk":0,"def":0,"spa":252,"spd":4,"spe":252},"ivs":{"hp":31,"atk":30,"def":31,"spa":30,"spd":31,"spe":30}},{"name":"Ferrothorn","species":"Ferrothorn","item":"leftovers","ability":"Iron Barbs","moves":["gyroball","leechseed","protect","stealthrock"],"nature":"Relaxed","evs":{"hp":252,"atk":4,"def":252,"spa":0,"spd":0,"spe":0},"ivs":{"hp":31,"atk":31,"def":31,"spa":31,"spd":31,"spe":0}}],"p2team":[{"name":"Terropion","species":"terrakion","item":"choicescarf","ability":"Justified","moves":["closecombat","earthquake","rockslide","ironhead"],"nature":"Jolly","evs":{"hp":0,"atk":252,"def":0,"spa":0,"spd":4,"spe":252},"shiny":true,"ivs":{"hp":31,"atk":31,"def":31,"spa":31,"spd":31,"spe":31}},{"name":"Punchy","species":"conkeldurr","item":"assaultvest","ability":"Guts","moves":["drainpunch","knockoff","machpunch","icepunch"],"nature":"Adamant","evs":{"hp":4,"atk":252,"def":0,"spa":0,"spd":252,"spe":0},"gender":"F","shiny":true,"ivs":{"hp":31,"atk":31,"def":31,"spa":31,"spd":31,"spe":31}},{"name":"Scarflucha","species":"hawlucha","item":"choicescarf","ability":"Limber","moves":["acrobatics","flyingpress","highjumpkick","swordsdance"],"nature":"Jolly","evs":{"hp":4,"atk":252,"def":0,"spa":0,"spd":0,"spe":252},"shiny":true,"ivs":{"hp":31,"atk":31,"def":31,"spa":31,"spd":31,"spe":31}},{"name":"SWORD","species":"gallade","item":"galladite","ability":"Steadfast","moves":["closecombat","swordsdance","knockoff","psychocut"],"nature":"Jolly","evs":{"hp":4,"atk":252,"def":0,"spa":0,"spd":0,"spe":252},"ivs":{"hp":31,"atk":31,"def":31,"spa":31,"spd":31,"spe":31}},{"name":"Ninja Monkey","species":"infernape","item":"focussash","ability":"Blaze","moves":["flareblitz","machpunch","uturn","closecombat"],"nature":"Jolly","evs":{"hp":0,"atk":252,"def":0,"spa":0,"spd":4,"spe":252},"ivs":{"hp":31,"atk":31,"def":31,"spa":31,"spd":31,"spe":31}},{"name":"Chesnaught","species":"Chesnaught","item":"rockyhelmet","ability":"Bulletproof","moves":["leechseed","spikyshield","woodhammer","drainpunch"],"nature":"Adamant","evs":{"hp":248,"atk":252,"def":0,"spa":0,"spd":8,"spe":0},"ivs":{"hp":31,"atk":31,"def":31,"spa":31,"spd":31,"spe":31}}],"log":["|player|p1|Professor ♅ ☯ Nyx|132","|player|p2|SL Rorich|137","|gametype|singles","|gen|6","|tier|Monotype","|rated","|rule|Baton Pass Clause: Limit one Baton Passer, can't pass Spe and other stats simultaneously","|rule|Swagger Clause: Swagger is banned","|rule|Same Type Clause: Pokémon in a team must share a type","|clearpoke","|poke|p1|Roserade, M","|poke|p1|Ludicolo, M","|poke|p1|Venusaur, M","|poke|p1|Rotom-Mow","|poke|p1|Serperior, M","|poke|p1|Ferrothorn, M","|poke|p2|Terrakion, shiny","|poke|p2|Conkeldurr, F, shiny","|poke|p2|Hawlucha, F, shiny","|poke|p2|Gallade, M","|poke|p2|Infernape, M","|poke|p2|Chesnaught, F","|rule|Sleep Clause Mod: Limit one foe put to sleep","|rule|Species Clause: Limit one of each Pokémon","|rule|OHKO Clause: OHKO moves are banned","|rule|Moody Clause: Moody is banned","|rule|Evasion Moves Clause: Evasion moves are banned","|rule|Endless Battle Clause: Forcing endless battles is banned","|rule|HP Percentage Mod: HP is shown in percentages","|teampreview","|","|start","|switch|p1a: Voltergeist|Rotom-Mow|241/241","|switch|p2a: Chesnaught|Chesnaught, F|379/379","|turn|1","|","|move|p1a: Voltergeist|Electro Ball|p2a: Chesnaught","|-immune|p2a: Chesnaught|[msg]|[from] Bulletproof","|move|p2a: Chesnaught|Drain Punch|p1a: Voltergeist","|-damage|p1a: Voltergeist|124/241","|","|turn|2","|","|switch|p1a: Roserade|Roserade, M|261/261","|move|p2a: Chesnaught|Drain Punch|p1a: Roserade","|-resisted|p1a: Roserade","|-damage|p1a: Roserade|164/261","|","|turn|3","|","|move|p1a: Roserade|Extrasensory|p2a: Chesnaught","|-supereffective|p2a: Chesnaught","|-damage|p2a: Chesnaught|127/379","|move|p2a: Chesnaught|Wood Hammer|p1a: Roserade","|-resisted|p1a: Roserade","|-damage|p1a: Roserade|92/261","|-damage|p2a: Chesnaught|103/379|[from] recoil|[of] p1a: Roserade","|","|turn|4","|","|move|p2a: Chesnaught|Spiky Shield|p2a: Chesnaught","|-singleturn|p2a: Chesnaught|move: Protect","|move|p1a: Roserade|Extrasensory|p2a: Chesnaught","|-activate|p2a: Chesnaught|Protect","|","|turn|5","|","|move|p1a: Roserade|Extrasensory|p2a: Chesnaught","|-supereffective|p2a: Chesnaught","|-damage|p2a: Chesnaught|0 fnt","|faint|p2a: Chesnaught","|","|","|switch|p2a: Ninja Monkey|Infernape, M|293/293","|turn|6","|","|move|p1a: Roserade|Extrasensory|p2a: Ninja Monkey","|-supereffective|p2a: Ninja Monkey","|-damage|p2a: Ninja Monkey|31/293","|move|p2a: Ninja Monkey|Flare Blitz|p1a: Roserade","|-supereffective|p1a: Roserade","|-damage|p1a: Roserade|0 fnt","|-damage|p2a: Ninja Monkey|1/293|[from] recoil|[of] p1a: Roserade","|faint|p1a: Roserade","|","|","|switch|p1a: Voltergeist|Rotom-Mow|124/241","|turn|7","|","|move|p1a: Voltergeist|Volt Switch|p2a: Ninja Monkey","|-damage|p2a: Ninja Monkey|0 fnt","|faint|p2a: Ninja Monkey","|","|switch|p1a: Ludicolo|Ludicolo, M|363/363","|","|","|switch|p2a: Scarflucha|Hawlucha, F, shiny|298/298","|turn|8","|","|switch|p1a: Ferrothorn|Ferrothorn, M|352/352","|move|p2a: Scarflucha|Flying Press|p1a: Ferrothorn","|-supereffective|p1a: Ferrothorn","|-damage|p1a: Ferrothorn|214/352","|-damage|p2a: Scarflucha|261/298|[from] ability: Iron Barbs|[of] p1a: Ferrothorn","|","|-heal|p1a: Ferrothorn|236/352|[from] item: Leftovers","|turn|9","|","|switch|p2a: Punchy|Conkeldurr, F, shiny|352/352","|move|p1a: Ferrothorn|Gyro Ball|p2a: Punchy","|-damage|p2a: Punchy|262/352","|","|-heal|p1a: Ferrothorn|258/352|[from] item: Leftovers","|turn|10","|","|switch|p1a: Venusaur|Venusaur, M|363/363","|move|p2a: Punchy|Drain Punch|p1a: Venusaur","|-resisted|p1a: Venusaur","|-damage|p1a: Venusaur|297/363","|-heal|p2a: Punchy|295/352|[from] drain|[of] p1a: Venusaur","|","|turn|11","|","|detailschange|p1a: Venusaur|Venusaur-Mega, M","|-mega|p1a: Venusaur|Venusaur|Venusaurite","|move|p1a: Venusaur|Giga Drain|p2a: Punchy","|-damage|p2a: Punchy|219/352","|-heal|p1a: Venusaur|335/363|[from] drain|[of] p2a: Punchy","|move|p2a: Punchy|Ice Punch|p1a: Venusaur","|-crit|p1a: Venusaur","|-supereffective|p1a: Venusaur","|-damage|p1a: Venusaur|229/363","|","|turn|12","|","|move|p1a: Venusaur|Giga Drain|p2a: Punchy","|-damage|p2a: Punchy|143/352","|-heal|p1a: Venusaur|267/363|[from] drain|[of] p2a: Punchy","|move|p2a: Punchy|Knock Off|p1a: Venusaur","|-damage|p1a: Venusaur|203/363","|","|turn|13","|","|move|p1a: Venusaur|Synthesis|p1a: Venusaur","|-heal|p1a: Venusaur|363/363","|move|p2a: Punchy|Ice Punch|p1a: Venusaur","|-supereffective|p1a: Venusaur","|-damage|p1a: Venusaur|295/363","|","|turn|14","|","|switch|p2a: SWORD|Gallade, M|278/278","|move|p1a: Venusaur|Giga Drain|p2a: SWORD","|-damage|p2a: SWORD|190/278","|-heal|p1a: Venusaur|339/363|[from] drain|[of] p2a: SWORD","|","|turn|15","|","|detailschange|p2a: SWORD|Gallade-Mega, M","|-mega|p2a: SWORD|Gallade|Galladite","|move|p2a: SWORD|Swords Dance|p2a: SWORD","|-boost|p2a: SWORD|atk|2","|move|p1a: Venusaur|Sleep Powder|p2a: SWORD|[miss]","|-miss|p1a: Venusaur|p2a: SWORD","|","|turn|16","|","|move|p2a: SWORD|Psycho Cut|p1a: Venusaur","|-supereffective|p1a: Venusaur","|-damage|p1a: Venusaur|0 fnt","|faint|p1a: Venusaur","|","|","|switch|p1a: Serperior|Serperior, M|291/291","|turn|17","|","|move|p1a: Serperior|Leaf Storm|p2a: SWORD","|-damage|p2a: SWORD|60/278","|-boost|p1a: Serperior|spa|2","|move|p2a: SWORD|Knock Off|p1a: Serperior","|-damage|p1a: Serperior|24/291","|-enditem|p1a: Serperior|Leftovers|[from] move: Knock Off|[of] p2a: SWORD","|","|turn|18","|","|move|p1a: Serperior|Dragon Pulse|p2a: SWORD","|-damage|p2a: SWORD|0 fnt","|faint|p2a: SWORD","|","|","|switch|p2a: Punchy|Conkeldurr, F, shiny|143/352","|turn|19","|","|move|p2a: Punchy|Mach Punch|p1a: Serperior","|-damage|p1a: Serperior|0 fnt","|faint|p1a: Serperior","|","|","|switch|p1a: Voltergeist|Rotom-Mow|124/241","|turn|20","|","|move|p1a: Voltergeist|Electro Ball|p2a: Punchy","|-damage|p2a: Punchy|14/352","|move|p2a: Punchy|Ice Punch|p1a: Voltergeist","|-supereffective|p1a: Voltergeist","|-damage|p1a: Voltergeist|0 fnt","|faint|p1a: Voltergeist","|","|","|switch|p1a: Ludicolo|Ludicolo, M|363/363","|turn|21","|","|move|p2a: Punchy|Mach Punch|p1a: Ludicolo","|-crit|p1a: Ludicolo","|-damage|p1a: Ludicolo|189/363","|move|p1a: Ludicolo|Rain Dance|p1a: Ludicolo","|-weather|RainDance","|","|-weather|RainDance|[upkeep]","|-heal|p1a: Ludicolo|211/363|[from] item: Leftovers","|turn|22","|","|move|p2a: Punchy|Mach Punch|p1a: Ludicolo","|-damage|p1a: Ludicolo|102/363","|move|p1a: Ludicolo|Giga Drain|p2a: Punchy","|-damage|p2a: Punchy|0 fnt","|-heal|p1a: Ludicolo|109/363|[from] drain|[of] p2a: Punchy","|faint|p2a: Punchy","|","|-weather|RainDance|[upkeep]","|-heal|p1a: Ludicolo|131/363|[from] item: Leftovers","|","|switch|p2a: Scarflucha|Hawlucha, F, shiny|261/298","|turn|23","|","|move|p2a: Scarflucha|Flying Press|p1a: Ludicolo","|-supereffective|p1a: Ludicolo","|-damage|p1a: Ludicolo|0 fnt","|faint|p1a: Ludicolo","|","|-weather|RainDance|[upkeep]","|","|switch|p1a: Ferrothorn|Ferrothorn, M|258/352","|turn|24","|","|move|p2a: Scarflucha|Flying Press|p1a: Ferrothorn","|-supereffective|p1a: Ferrothorn","|-damage|p1a: Ferrothorn|130/352","|-damage|p2a: Scarflucha|224/298|[from] ability: Iron Barbs|[of] p1a: Ferrothorn","|move|p1a: Ferrothorn|Leech Seed|p2a: Scarflucha","|-start|p2a: Scarflucha|move: Leech Seed","|","|-weather|RainDance|[upkeep]","|-heal|p1a: Ferrothorn|152/352|[from] item: Leftovers","|-damage|p2a: Scarflucha|187/298|[from] Leech Seed|[of] p1a: Ferrothorn","|-heal|p1a: Ferrothorn|189/352|[silent]","|turn|25","|","|switch|p2a: Terropion|Terrakion, shiny|323/323","|move|p1a: Ferrothorn|Protect|p1a: Ferrothorn","|-fail|p1a: Ferrothorn","|","|-weather|none","|-heal|p1a: Ferrothorn|211/352|[from] item: Leftovers","|turn|26","|","|move|p2a: Terropion|Close Combat|p1a: Ferrothorn","|-supereffective|p1a: Ferrothorn","|-damage|p1a: Ferrothorn|0 fnt","|-damage|p2a: Terropion|283/323|[from] ability: Iron Barbs|[of] p1a: Ferrothorn","|-unboost|p2a: Terropion|def|1","|-unboost|p2a: Terropion|spd|1","|faint|p1a: Ferrothorn","|","|win|SL Rorich"],"p1rating":{"entryid":"386288","serverid":"eos","formatid":"monotype","userid":"professornyx","username":"Professor ♅ ☯ Nyx","w":"4","l":5,"t":"0","gxe":48.6,"r":"1500","rd":"130","sigma":"0","rptime":"1440406800","rpr":1488.8369726798,"rprd":88.747826314529,"rpsigma":"0","acre":1054.0750816461,"lacre":1054.0750816461,"oldacre":"1072.7030371153"},"p2rating":{"entryid":"259402","serverid":"eos","formatid":"monotype","userid":"slrorich","username":"SLRorich","w":9,"l":"7","t":"0","gxe":52.6,"r":"1511.6035132121","rd":"81.690773600617","sigma":"0","rptime":"1440406800","rpr":1520.3404352662,"rprd":76.561656295995,"rpsigma":"0","acre":1132.9809110866,"lacre":1132.9809110866,"oldacre":"1110.7044825615"},"endType":"normal"}