{"seed":[35577,51614,23965,15284],"turns":28,"p1":"Carnie Red","p2":"SWL Jyph","p1team":[{"name":"Rotom-Wash","species":"Rotom-Wash","item":"leftovers","ability":"Levitate","moves":["hydropump","painsplit","voltswitch","willowisp"],"nature":"Calm","evs":{"hp":252,"atk":0,"def":0,"spa":4,"spd":252,"spe":0},"ivs":{"hp":31,"atk":31,"def":31,"spa":31,"spd":31,"spe":31}},{"name":"Galvantula","species":"Galvantula","item":"focussash","ability":"Compound Eyes","moves":["bugbuzz","gigadrain","stickyweb","thunderbolt"],"nature":"Timid","evs":{"hp":0,"atk":0,"def":0,"spa":252,"spd":4,"spe":252},"ivs":{"hp":31,"atk":31,"def":31,"spa":31,"spd":31,"spe":31}},{"name":"Thundurus-Therian","species":"Thundurus-Therian","item":"lifeorb","ability":"Volt Absorb","moves":["flashcannon","nastyplot","voltswitch","sludgewave"],"nature":"Timid","evs":{"hp":0,"atk":0,"def":0,"spa":252,"spd":4,"spe":252},"ivs":{"hp":31,"atk":31,"def":31,"spa":31,"spd":31,"spe":31}},{"name":"Ampharos","species":"Ampharos","item":"ampharosite","ability":"Static","moves":["voltswitch","cottonguard","dragonpulse","healbell"],"nature":"Modest","evs":{"hp":248,"atk":0,"def":0,"spa":252,"spd":8,"spe":0},"shiny":true,"ivs":{"hp":31,"atk":31,"def":31,"spa":31,"spd":31,"spe":31}},{"name":"Stunfisk","species":"Stunfisk","item":"assaultvest","ability":"Static","moves":["earthpower","discharge","scald","sludgewave"],"nature":"Bold","evs":{"hp":248,"atk":0,"def":0,"spa":252,"spd":8,"spe":0},"shiny":true,"ivs":{"hp":31,"atk":31,"def":31,"spa":31,"spd":31,"spe":31}},{"name":"Magnezone","species":"Magnezone","item":"choicespecs","ability":"Sturdy","moves":["flashcannon","hiddenpowerice","voltswitch","signalbeam"],"nature":"Modest","evs":{"hp":248,"atk":0,"def":0,"spa":252,"spd":8,"spe":0},"ivs":{"hp":31,"atk":30,"def":30,"spa":31,"spd":31,"spe":31}}],"p2team":[{"name":"Sharpedo","species":"Sharpedo","item":"sharpedonite","ability":"Speed Boost","moves":["protect","waterfall","icefang","crunch"],"nature":"Adamant","evs":{"hp":0,"atk":252,"def":0,"spa":0,"spd":4,"spe":252},"ivs":{"hp":31,"atk":31,"def":31,"spa":31,"spd":31,"spe":31}},{"name":"Gyarados","species":"Gyarados","item":"leftovers","ability":"Intimidate","moves":["substitute","dragondance","waterfall","bounce"],"nature":"Jolly","evs":{"hp":80,"atk":252,"def":0,"spa":0,"spd":0,"spe":176},"ivs":{"hp":31,"atk":31,"def":31,"spa":31,"spd":31,"spe":31}},{"name":"Swampert","species":"Swampert","item":"leftovers","ability":"Torrent","moves":["stealthrock","toxic","roar","earthquake"],"nature":"Impish","evs":{"hp":252,"atk":4,"def":252,"spa":0,"spd":0,"spe":0},"ivs":{"hp":31,"atk":31,"def":31,"spa":31,"spd":31,"spe":31}},{"name":"Lanturn","species":"Lanturn","item":"leftovers","ability":"Volt Absorb","moves":["healbell","voltswitch","scald","toxic"],"nature":"Calm","evs":{"hp":252,"atk":0,"def":0,"spa":4,"spd":252,"spe":0},"ivs":{"hp":31,"atk":31,"def":31,"spa":31,"spd":31,"spe":31}},{"name":"Keldeo","species":"Keldeo","item":"leftovers","ability":"Justified","moves":["substitute","calmmind","scald","secretsword"],"nature":"Timid","evs":{"hp":0,"atk":0,"def":4,"spa":252,"spd":0,"spe":252},"ivs":{"hp":31,"atk":31,"def":31,"spa":31,"spd":31,"spe":31}},{"name":"Empoleon","species":"Empoleon","item":"choicespecs","ability":"Torrent","moves":["hydropump","grassknot","flashcannon","icebeam"],"nature":"Modest","evs":{"hp":248,"atk":0,"def":0,"spa":252,"spd":8,"spe":0},"ivs":{"hp":31,"atk":31,"def":31,"spa":31,"spd":31,"spe":31}}],"log":["|player|p1|Carnie Red|162","|player|p2|SWL Jyph|swljyph.png","|gametype|singles","|gen|6","|tier|Monotype","|rated","|rule|Baton Pass Clause: Limit one Baton Passer, can't pass Spe and other stats simultaneously","|rule|Swagger Clause: Swagger is banned","|rule|Same Type Clause: Pokémon in a team must share a type","|clearpoke","|poke|p1|Rotom-Wash","|poke|p1|Galvantula, F","|poke|p1|Thundurus-Therian, M","|poke|p1|Ampharos, M, shiny","|poke|p1|Stunfisk, F, shiny","|poke|p1|Magnezone","|poke|p2|Sharpedo, M","|poke|p2|Gyarados, M","|poke|p2|Swampert, M","|poke|p2|Lanturn, F","|poke|p2|Keldeo","|poke|p2|Empoleon, F","|rule|Sleep Clause Mod: Limit one foe put to sleep","|rule|Species Clause: Limit one of each Pokémon","|rule|OHKO Clause: OHKO moves are banned","|rule|Moody Clause: Moody is banned","|rule|Evasion Moves Clause: Evasion moves are banned","|rule|Endless Battle Clause: Forcing endless battles is banned","|rule|HP Percentage Mod: HP is shown in percentages","|teampreview","|","|start","|switch|p1a: Galvantula|Galvantula, F|281/281","|switch|p2a: Lanturn|Lanturn, F|454/454","|turn|1","|","|move|p1a: Galvantula|Sticky Web|p2a: Lanturn","|-sidestart|p2: SWL Jyph|move: Sticky Web","|move|p2a: Lanturn|Toxic|p1a: Galvantula","|-status|p1a: Galvantula|tox","|","|-damage|p1a: Galvantula|264/281 tox|[from] psn","|turn|2","|","|move|p1a: Galvantula|Giga Drain|p2a: Lanturn","|-supereffective|p2a: Lanturn","|-damage|p2a: Lanturn|330/454","|-heal|p1a: Galvantula|281/281 tox|[from] drain|[of] p2a: Lanturn","|move|p2a: Lanturn|Scald|p1a: Galvantula","|-damage|p1a: Galvantula|161/281 tox","|","|-heal|p2a: Lanturn|358/454|[from] item: Leftovers","|-damage|p1a: Galvantula|127/281 tox|[from] psn","|turn|3","|","|switch|p2a: Gyarados|Gyarados, M|351/351","|-ability|p2a: Gyarados|Intimidate","|-unboost|p1a: Galvantula|atk|1","|move|p1a: Galvantula|Giga Drain|p2a: Gyarados","|-damage|p2a: Gyarados|280/351","|-heal|p1a: Galvantula|163/281 tox|[from] drain|[of] p2a: Gyarados","|","|-heal|p2a: Gyarados|301/351|[from] item: Leftovers","|-damage|p1a: Galvantula|112/281 tox|[from] psn","|turn|4","|","|switch|p2a: Lanturn|Lanturn, F|358/454","|-activate|p2a: Lanturn|move: Sticky Web","|-unboost|p2a: Lanturn|spe|1","|move|p1a: Galvantula|Thunderbolt|p2a: Lanturn","|-heal|p2a: Lanturn|454/454|[from] ability: Volt Absorb|[of] p1a: Galvantula","|","|-damage|p1a: Galvantula|44/281 tox|[from] psn","|turn|5","|","|switch|p1a: Rotom-Wash|Rotom-Wash|304/304","|move|p2a: Lanturn|Scald|p1a: Rotom-Wash","|-resisted|p1a: Rotom-Wash","|-damage|p1a: Rotom-Wash|279/304","|","|-heal|p1a: Rotom-Wash|298/304|[from] item: Leftovers","|turn|6","|","|move|p1a: Rotom-Wash|Will-O-Wisp|p2a: Lanturn","|-status|p2a: Lanturn|brn","|move|p2a: Lanturn|Toxic|p1a: Rotom-Wash","|-status|p1a: Rotom-Wash|tox","|","|-heal|p1a: Rotom-Wash|304/304 tox|[from] item: Leftovers","|-damage|p1a: Rotom-Wash|285/304 tox|[from] psn","|-damage|p2a: Lanturn|398/454 brn|[from] brn","|turn|7","|","|switch|p1a: Ampharos|Ampharos, M, shiny|383/383","|move|p2a: Lanturn|Heal Bell|p2a: Lanturn","|-cureteam|p2a: Lanturn|[from] move: HealBell","|","|-heal|p2a: Lanturn|426/454|[from] item: Leftovers","|turn|8","|","|switch|p2a: Swampert|Swampert, M|404/404","|-activate|p2a: Swampert|move: Sticky Web","|-unboost|p2a: Swampert|spe|1","|detailschange|p1a: Ampharos|Ampharos-Mega, M, shiny","|-mega|p1a: Ampharos|Ampharos|Ampharosite","|-ability|p1a: Ampharos|Mold Breaker","|move|p1a: Ampharos|Heal Bell|p1a: Ampharos","|-cureteam|p1a: Ampharos|[from] move: HealBell","|","|turn|9","|","|switch|p1a: Rotom-Wash|Rotom-Wash|285/304","|move|p2a: Swampert|Stealth Rock|p1a: Rotom-Wash","|-sidestart|p1: Carnie Red|move: Stealth Rock","|","|-heal|p1a: Rotom-Wash|304/304|[from] item: Leftovers","|turn|10","|","|switch|p1a: Galvantula|Galvantula, F|44/281","|-damage|p1a: Galvantula|0 fnt|[from] Stealth Rock","|faint|p1a: Galvantula","|move|p2a: Swampert|Toxic|p1: Galvantula|[notarget]","|-notarget","|","|","|switch|p1a: Stunfisk|Stunfisk, F, shiny|421/421","|-damage|p1a: Stunfisk|395/421|[from] Stealth Rock","|turn|11","|","|switch|p2a: Empoleon|Empoleon, F|371/371","|-activate|p2a: Empoleon|move: Sticky Web","|-unboost|p2a: Empoleon|spe|1","|move|p1a: Stunfisk|Scald|p2a: Empoleon","|-resisted|p2a: Empoleon","|-damage|p2a: Empoleon|336/371","|","|turn|12","|","|move|p2a: Empoleon|Hydro Pump|p1a: Stunfisk|[miss]","|-miss|p2a: Empoleon|p1a: Stunfisk","|move|p1a: Stunfisk|Earth Power|p2a: Empoleon","|-supereffective|p2a: Empoleon","|-damage|p2a: Empoleon|118/371","|","|turn|13","|","|move|p2a: Empoleon|Hydro Pump|p1a: Stunfisk","|-supereffective|p1a: Stunfisk","|-damage|p1a: Stunfisk|0 fnt","|faint|p1a: Stunfisk","|","|","|switch|p1a: Ampharos|Ampharos-Mega, M, shiny|383/383","|-damage|p1a: Ampharos|336/383|[from] Stealth Rock","|-ability|p1a: Ampharos|Mold Breaker","|turn|14","|","|switch|p2a: Lanturn|Lanturn, F|426/454","|-activate|p2a: Lanturn|move: Sticky Web","|-unboost|p2a: Lanturn|spe|1","|move|p1a: Ampharos|Dragon Pulse|p2a: Lanturn","|-crit|p2a: Lanturn","|-damage|p2a: Lanturn|156/454","|","|-heal|p2a: Lanturn|184/454|[from] item: Leftovers","|turn|15","|","|move|p1a: Ampharos|Dragon Pulse|p2a: Lanturn","|-damage|p2a: Lanturn|19/454","|move|p2a: Lanturn|Toxic|p1a: Ampharos","|-status|p1a: Ampharos|tox","|","|-heal|p2a: Lanturn|47/454|[from] item: Leftovers","|-damage|p1a: Ampharos|313/383 tox|[from] psn","|turn|16","|","|move|p1a: Ampharos|Heal Bell|p1a: Ampharos","|-cureteam|p1a: Ampharos|[from] move: HealBell","|move|p2a: Lanturn|Volt Switch|p1a: Ampharos","|-resisted|p1a: Ampharos","|-damage|p1a: Ampharos|297/383","|","|switch|p2a: Swampert|Swampert, M|404/404","|-activate|p2a: Swampert|move: Sticky Web","|-unboost|p2a: Swampert|spe|1","|","|turn|17","|","|switch|p1a: Rotom-Wash|Rotom-Wash|304/304","|-damage|p1a: Rotom-Wash|266/304|[from] Stealth Rock","|move|p2a: Swampert|Toxic|p1a: Rotom-Wash","|-status|p1a: Rotom-Wash|tox","|","|-heal|p1a: Rotom-Wash|285/304 tox|[from] item: Leftovers","|-damage|p1a: Rotom-Wash|266/304 tox|[from] psn","|turn|18","|","|move|p1a: Rotom-Wash|Will-O-Wisp|p2a: Swampert","|-status|p2a: Swampert|brn","|move|p2a: Swampert|Roar|p1a: Rotom-Wash","|drag|p1a: Thundurus-Therian|Thundurus-Therian, M|299/299","|-damage|p1a: Thundurus-Therian|225/299|[from] Stealth Rock","|","|-damage|p2a: Swampert|354/404 brn|[from] brn","|turn|19","|","|switch|p2a: Lanturn|Lanturn, F|47/454","|-activate|p2a: Lanturn|move: Sticky Web","|-unboost|p2a: Lanturn|spe|1","|move|p1a: Thundurus-Therian|Nasty Plot|p1a: Thundurus-Therian","|-boost|p1a: Thundurus-Therian|spa|2","|","|-heal|p2a: Lanturn|75/454|[from] item: Leftovers","|turn|20","|","|move|p1a: Thundurus-Therian|Sludge Wave|p2a: Lanturn","|-damage|p2a: Lanturn|0 fnt","|-damage|p1a: Thundurus-Therian|196/299|[from] item: Life Orb","|faint|p2a: Lanturn","|","|","|switch|p2a: Swampert|Swampert, M|354/404 brn","|-activate|p2a: Swampert|move: Sticky Web","|-unboost|p2a: Swampert|spe|1","|turn|21","|","|move|p1a: Thundurus-Therian|Sludge Wave|p2a: Swampert","|-resisted|p2a: Swampert","|-damage|p2a: Swampert|182/404 brn","|-damage|p1a: Thundurus-Therian|167/299|[from] item: Life Orb","|move|p2a: Swampert|Roar|p1a: Thundurus-Therian","|drag|p1a: Ampharos|Ampharos-Mega, M, shiny|297/383","|-damage|p1a: Ampharos|250/383|[from] Stealth Rock","|-ability|p1a: Ampharos|Mold Breaker","|","|-heal|p2a: Swampert|207/404 brn|[from] item: Leftovers","|-damage|p2a: Swampert|157/404 brn|[from] brn","|turn|22","|","|move|p1a: Ampharos|Dragon Pulse|p2a: Swampert","|-damage|p2a: Swampert|0 fnt","|faint|p2a: Swampert","|","|","|switch|p2a: Sharpedo|Sharpedo, M|281/281","|-activate|p2a: Sharpedo|move: Sticky Web","|-unboost|p2a: Sharpedo|spe|1","|turn|23","|","|move|p2a: Sharpedo|Protect|p2a: Sharpedo","|-singleturn|p2a: Sharpedo|Protect","|move|p1a: Ampharos|Cotton Guard|p1a: Ampharos","|-boost|p1a: Ampharos|def|3","|","|-boost|p2a: Sharpedo|spe|1|[from] ability: Speed Boost","|turn|24","|","|switch|p2a: Empoleon|Empoleon, F|118/371","|-activate|p2a: Empoleon|move: Sticky Web","|-unboost|p2a: Empoleon|spe|1","|move|p1a: Ampharos|Volt Switch|p2a: Empoleon","|-supereffective|p2a: Empoleon","|-damage|p2a: Empoleon|0 fnt","|faint|p2a: Empoleon","|","|switch|p1a: Magnezone|Magnezone|343/343","|-damage|p1a: Magnezone|322/343|[from] Stealth Rock","|","|","|switch|p2a: Gyarados|Gyarados, M|301/351","|-ability|p2a: Gyarados|Intimidate","|-unboost|p1a: Magnezone|atk|1","|turn|25","|","|move|p2a: Gyarados|Waterfall|p1a: Magnezone","|-damage|p1a: Magnezone|196/343","|move|p1a: Magnezone|Volt Switch|p2a: Gyarados","|-supereffective|p2a: Gyarados","|-damage|p2a: Gyarados|0 fnt","|faint|p2a: Gyarados","|","|switch|p1a: Rotom-Wash|Rotom-Wash|266/304 tox","|-damage|p1a: Rotom-Wash|228/304 tox|[from] Stealth Rock","|","|-heal|p1a: Rotom-Wash|247/304 tox|[from] item: Leftovers","|-damage|p1a: Rotom-Wash|228/304 tox|[from] psn","|","|switch|p2a: Sharpedo|Sharpedo, M|281/281","|-activate|p2a: Sharpedo|move: Sticky Web","|-unboost|p2a: Sharpedo|spe|1","|turn|26","|","|move|p2a: Sharpedo|Protect|p2a: Sharpedo","|-singleturn|p2a: Sharpedo|Protect","|move|p1a: Rotom-Wash|Volt Switch|p2a: Sharpedo","|-activate|p2a: Sharpedo|Protect","|","|-heal|p1a: Rotom-Wash|247/304 tox|[from] item: Leftovers","|-damage|p1a: Rotom-Wash|209/304 tox|[from] psn","|-boost|p2a: Sharpedo|spe|1|[from] ability: Speed Boost","|turn|27","|","|detailschange|p2a: Sharpedo|Sharpedo-Mega, M","|-mega|p2a: Sharpedo|Sharpedo|Sharpedonite","|move|p2a: Sharpedo|Crunch|p1a: Rotom-Wash","|-damage|p1a: Rotom-Wash|0 fnt","|faint|p1a: Rotom-Wash","|","|","|switch|p1a: Thundurus-Therian|Thundurus-Therian, M|167/299","|-damage|p1a: Thundurus-Therian|93/299|[from] Stealth Rock","|turn|28","|","|move|p1a: Thundurus-Therian|Volt Switch|p2a: Sharpedo","|-crit|p2a: Sharpedo","|-supereffective|p2a: Sharpedo","|-damage|p2a: Sharpedo|0 fnt","|-damage|p1a: Thundurus-Therian|64/299|[from] item: Life Orb","|faint|p2a: Sharpedo","|","|switch|p1a: Magnezone|Magnezone|196/343","|-damage|p1a: Magnezone|175/343|[from] Stealth Rock","|","|","|win|Carnie Red"],"p1rating":{"entryid":"272068","serverid":"eos","formatid":"monotype","userid":"carniered","username":"Carnie Red","w":10,"l":"3","t":"0","gxe":65.1,"r":"1606.4584837125","rd":"87.917289443417","sigma":"0","rptime":"1440406800","rpr":1620.3190703179,"rprd":81.172296869797,"rpsigma":"0","acre":1177.4699325143,"lacre":1177.4699325143,"oldacre":"1153.3129046297"},"p2rating":{"entryid":"10848","serverid":"eos","formatid":"monotype","userid":"swljyph","username":"SWL Jyph","w":"8","l":6,"t":"0","gxe":56.3,"r":"1562.4638760459","rd":"85.873762312218","sigma":"0","rptime":"1440406800","rpr":1549.0422496807,"rprd":79.744849177408,"rpsigma":"0","acre":1117.4362934003,"lacre":1117.4362934003,"oldacre":"1141.5933212849"},"endType":"forfeit"}