{"seed":[49531,41080,19306,9704],"turns":24,"p1":"SnipingRain","p2":"LightOfAKnowing","p1team":[{"name":"WhoNeedsHo","species":"cobalion","item":"leftovers","ability":"Justified","moves":["ironhead","thunderwave","taunt","stealthrock"],"nature":"Jolly","evs":{"hp":148,"atk":108,"def":0,"spa":0,"spd":0,"spe":252},"ivs":{"hp":31,"atk":31,"def":31,"spa":31,"spd":31,"spe":31}},{"name":"MedichamBB","species":"gallade","item":"galladite","ability":"Steadfast","moves":["icepunch","psychocut","shadowsneak","knockoff"],"nature":"Jolly","evs":{"hp":0,"atk":252,"def":0,"spa":0,"spd":8,"spe":248},"ivs":{"hp":31,"atk":31,"def":31,"spa":31,"spd":31,"spe":31}},{"name":"SweeperKeeper","species":"terrakion","item":"choicescarf","ability":"Justified","moves":["closecombat","ironhead","earthquake","stoneedge"],"nature":"Jolly","evs":{"hp":0,"atk":252,"def":0,"spa":0,"spd":4,"spe":252},"ivs":{"hp":31,"atk":31,"def":31,"spa":31,"spd":31,"spe":31}},{"name":"InstaWins","species":"breloom","item":"focussash","ability":"Technician","moves":["bulletseed","swordsdance","spore","machpunch"],"nature":"Jolly","evs":{"hp":0,"atk":252,"def":0,"spa":0,"spd":4,"spe":252},"ivs":{"hp":31,"atk":31,"def":31,"spa":31,"spd":31,"spe":31}},{"name":"Powah!","species":"keldeo","item":"choicespecs","ability":"Justified","moves":["hydropump","hiddenpowerelectric","secretsword","icywind"],"nature":"Timid","evs":{"hp":4,"atk":0,"def":0,"spa":252,"spd":0,"spe":252},"ivs":{"hp":31,"atk":31,"def":31,"spa":30,"spd":31,"spe":31}},{"name":"SanicSpeed!","species":"conkeldurr","item":"assaultvest","ability":"Guts","moves":["drainpunch","machpunch","icepunch","knockoff"],"nature":"Adamant","evs":{"hp":36,"atk":104,"def":136,"spa":0,"spd":176,"spe":56},"ivs":{"hp":31,"atk":31,"def":31,"spa":31,"spd":31,"spe":31}}],"p2team":[{"name":"Sharpedo","species":"Sharpedo","item":"sharpedonite","ability":"Speed Boost","moves":["protect","substitute","crunch","waterfall"],"nature":"Adamant","evs":{"hp":0,"atk":252,"def":0,"spa":0,"spd":4,"spe":252},"ivs":{"hp":31,"atk":31,"def":31,"spa":31,"spd":31,"spe":31}},{"name":"Starmie","species":"Starmie","item":"lightclay","ability":"Natural Cure","moves":["rapidspin","scald","lightscreen","reflect"],"nature":"Timid","evs":{"hp":252,"atk":0,"def":0,"spa":4,"spd":0,"spe":252},"ivs":{"hp":31,"atk":31,"def":31,"spa":31,"spd":31,"spe":31}},{"name":"Azumarill","species":"Azumarill","item":"sitrusberry","ability":"Huge Power","moves":["bellydrum","aquajet","playrough","bodyslam"],"nature":"Adamant","evs":{"hp":252,"atk":252,"def":0,"spa":0,"spd":4,"spe":0},"ivs":{"hp":31,"atk":31,"def":31,"spa":31,"spd":31,"spe":31}},{"name":"Poliwrath","species":"Poliwrath","item":"leftovers","ability":"Water Absorb","moves":["substitute","focuspunch","poisonjab","waterfall"],"nature":"Adamant","evs":{"hp":252,"atk":252,"def":0,"spa":0,"spd":4,"spe":0},"ivs":{"hp":31,"atk":31,"def":31,"spa":31,"spd":31,"spe":31}},{"name":"Milotic","species":"Milotic","item":"leftovers","ability":"Competitive","moves":["mirrorcoat","scald","recover","magiccoat"],"nature":"Bold","evs":{"hp":248,"atk":0,"def":252,"spa":0,"spd":8,"spe":0},"ivs":{"hp":31,"atk":31,"def":31,"spa":31,"spd":31,"spe":31}},{"name":"Clawitzer","species":"Clawitzer","item":"choicescarf","ability":"Mega Launcher","moves":["waterpulse","aurasphere","darkpulse","dragonpulse"],"nature":"Timid","evs":{"hp":0,"atk":0,"def":0,"spa":252,"spd":4,"spe":252},"ivs":{"hp":31,"atk":31,"def":31,"spa":31,"spd":31,"spe":31}}],"log":["|player|p1|SnipingRain|196","|player|p2|LightOfAKnowing|lightofaknowing.png","|gametype|singles","|gen|6","|tier|Monotype","|rated","|rule|Baton Pass Clause: Limit one Baton Passer, can't pass Spe and other stats simultaneously","|rule|Swagger Clause: Swagger is banned","|rule|Same Type Clause: Pokémon in a team must share a type","|clearpoke","|poke|p1|Cobalion","|poke|p1|Gallade, M","|poke|p1|Terrakion","|poke|p1|Breloom, F","|poke|p1|Keldeo","|poke|p1|Conkeldurr, F","|poke|p2|Sharpedo, F","|poke|p2|Starmie","|poke|p2|Azumarill, M","|poke|p2|Poliwrath, F","|poke|p2|Milotic, M","|poke|p2|Clawitzer, M","|rule|Sleep Clause Mod: Limit one foe put to sleep","|rule|Species Clause: Limit one of each Pokémon","|rule|OHKO Clause: OHKO moves are banned","|rule|Moody Clause: Moody is banned","|rule|Evasion Moves Clause: Evasion moves are banned","|rule|Endless Battle Clause: Forcing endless battles is banned","|rule|HP Percentage Mod: HP is shown in percentages","|teampreview","|","|start","|switch|p1a: InstaWins|Breloom, F|261/261","|switch|p2a: Starmie|Starmie|324/324","|turn|1","|","|move|p2a: Starmie|Reflect|p2a: Starmie","|-sidestart|p2: LightOfAKnowing|Reflect","|move|p1a: InstaWins|Bullet Seed|p2a: Starmie","|-supereffective|p2a: Starmie","|-damage|p2a: Starmie|240/324","|-supereffective|p2a: Starmie","|-damage|p2a: Starmie|170/324","|-hitcount|p2a: Starmie|2","|","|turn|2","|","|move|p2a: Starmie|Light Screen|p2a: Starmie","|-sidestart|p2: LightOfAKnowing|move: Light Screen","|move|p1a: InstaWins|Spore|p2a: Starmie","|-status|p2a: Starmie|slp","|","|turn|3","|","|switch|p2a: Milotic|Milotic, M|393/393","|move|p1a: InstaWins|Swords Dance|p1a: InstaWins","|-boost|p1a: InstaWins|atk|2","|","|turn|4","|","|move|p1a: InstaWins|Bullet Seed|p2a: Milotic","|-crit|p2a: Milotic","|-supereffective|p2a: Milotic","|-damage|p2a: Milotic|31/393","|-crit|p2a: Milotic","|-supereffective|p2a: Milotic","|-damage|p2a: Milotic|0 fnt","|-hitcount|p2a: Milotic|2","|faint|p2a: Milotic","|","|","|switch|p2a: Starmie|Starmie|170/324","|turn|5","|","|move|p2a: Starmie|Scald|p1a: InstaWins","|-resisted|p1a: InstaWins","|-damage|p1a: InstaWins|184/261","|move|p1a: InstaWins|Bullet Seed|p2a: Starmie","|-supereffective|p2a: Starmie","|-damage|p2a: Starmie|8/324","|-supereffective|p2a: Starmie","|-damage|p2a: Starmie|0 fnt","|-hitcount|p2a: Starmie|2","|faint|p2a: Starmie","|","|","|switch|p2a: Clawitzer|Clawitzer, M|283/283","|turn|6","|","|move|p2a: Clawitzer|Dragon Pulse|p1a: InstaWins","|-damage|p1a: InstaWins|0 fnt","|faint|p1a: InstaWins","|","|","|switch|p1a: SanicSpeed!|Conkeldurr, F|360/360","|turn|7","|","|move|p2a: Clawitzer|Dragon Pulse|p1a: SanicSpeed!","|-damage|p1a: SanicSpeed!|247/360","|move|p1a: SanicSpeed!|Knock Off|p2a: Clawitzer","|-damage|p2a: Clawitzer|221/283","|-enditem|p2a: Clawitzer|Choice Scarf|[from] move: Knock Off|[of] p1a: SanicSpeed!","|","|turn|8","|","|move|p2a: Clawitzer|Water Pulse|p1a: SanicSpeed!","|-damage|p1a: SanicSpeed!|123/360","|move|p1a: SanicSpeed!|Drain Punch|p2a: Clawitzer","|-damage|p2a: Clawitzer|144/283","|-heal|p1a: SanicSpeed!|162/360|[from] drain|[of] p2a: Clawitzer","|","|-sideend|p2: LightOfAKnowing|Reflect","|turn|9","|","|move|p2a: Clawitzer|Water Pulse|p1a: SanicSpeed!","|-crit|p1a: SanicSpeed!","|-damage|p1a: SanicSpeed!|0 fnt","|faint|p1a: SanicSpeed!","|","|-sideend|p2: LightOfAKnowing|move: Light Screen","|","|switch|p1a: Powah!|Keldeo|324/324","|turn|10","|","|move|p1a: Powah!|Hidden Power|p2a: Clawitzer","|-supereffective|p2a: Clawitzer","|-damage|p2a: Clawitzer|0 fnt","|faint|p2a: Clawitzer","|","|","|switch|p2a: Azumarill|Azumarill, M|404/404","|turn|11","|","|move|p1a: Powah!|Hidden Power|p2a: Azumarill","|-supereffective|p2a: Azumarill","|-damage|p2a: Azumarill|138/404","|-enditem|p2a: Azumarill|Sitrus Berry|[eat]","|-heal|p2a: Azumarill|239/404|[from] item: Sitrus Berry","|move|p2a: Azumarill|Play Rough|p1a: Powah!","|-supereffective|p1a: Powah!","|-damage|p1a: Powah!|0 fnt","|faint|p1a: Powah!","|","|","|switch|p1a: WhoNeedsHo|Cobalion|360/360","|turn|12","|","|move|p1a: WhoNeedsHo|Thunder Wave|p2a: Azumarill","|-status|p2a: Azumarill|par","|move|p2a: Azumarill|Play Rough|p1a: WhoNeedsHo|[miss]","|-miss|p2a: Azumarill|p1a: WhoNeedsHo","|","|turn|13","|","|move|p1a: WhoNeedsHo|Iron Head|p2a: Azumarill","|-damage|p2a: Azumarill|124/404 par","|cant|p2a: Azumarill|flinch","|","|turn|14","|","|move|p1a: WhoNeedsHo|Iron Head|p2a: Azumarill","|-damage|p2a: Azumarill|16/404 par","|move|p2a: Azumarill|Play Rough|p1a: WhoNeedsHo","|-damage|p1a: WhoNeedsHo|200/360","|","|-heal|p1a: WhoNeedsHo|222/360|[from] item: Leftovers","|turn|15","|","|move|p2a: Azumarill|Aqua Jet|p1a: WhoNeedsHo","|-damage|p1a: WhoNeedsHo|153/360","|move|p1a: WhoNeedsHo|Iron Head|p2a: Azumarill","|-damage|p2a: Azumarill|0 fnt","|faint|p2a: Azumarill","|","|-heal|p1a: WhoNeedsHo|175/360|[from] item: Leftovers","|","|switch|p2a: Sharpedo|Sharpedo, F|281/281","|turn|16","|","|detailschange|p2a: Sharpedo|Sharpedo-Mega, F","|-mega|p2a: Sharpedo|Sharpedo|Sharpedonite","|move|p2a: Sharpedo|Protect|p2a: Sharpedo","|-singleturn|p2a: Sharpedo|Protect","|move|p1a: WhoNeedsHo|Thunder Wave|p2a: Sharpedo","|-activate|p2a: Sharpedo|Protect","|","|-heal|p1a: WhoNeedsHo|197/360|[from] item: Leftovers","|turn|17","|","|move|p1a: WhoNeedsHo|Thunder Wave|p2a: Sharpedo","|-status|p2a: Sharpedo|par","|move|p2a: Sharpedo|Waterfall|p1a: WhoNeedsHo","|-damage|p1a: WhoNeedsHo|68/360","|","|-heal|p1a: WhoNeedsHo|90/360|[from] item: Leftovers","|turn|18","|","|move|p1a: WhoNeedsHo|Stealth Rock|p2a: Sharpedo","|-sidestart|p2: LightOfAKnowing|move: Stealth Rock","|move|p2a: Sharpedo|Substitute|p2a: Sharpedo","|-start|p2a: Sharpedo|Substitute","|-damage|p2a: Sharpedo|211/281 par","|","|-heal|p1a: WhoNeedsHo|112/360|[from] item: Leftovers","|turn|19","|","|move|p1a: WhoNeedsHo|Iron Head|p2a: Sharpedo","|-resisted|p2a: Sharpedo","|-activate|p2a: Sharpedo|Substitute|[damage]","|move|p2a: Sharpedo|Waterfall|p1a: WhoNeedsHo","|-damage|p1a: WhoNeedsHo|0 fnt","|faint|p1a: WhoNeedsHo","|","|","|switch|p1a: MedichamBB|Gallade, M|277/277","|turn|20","|","|detailschange|p1a: MedichamBB|Gallade-Mega, M","|-mega|p1a: MedichamBB|Gallade|Galladite","|move|p1a: MedichamBB|Ice Punch|p2a: Sharpedo","|-crit|p2a: Sharpedo","|-resisted|p2a: Sharpedo","|-end|p2a: Sharpedo|Substitute","|move|p2a: Sharpedo|Waterfall|p1a: MedichamBB","|-damage|p1a: MedichamBB|115/277","|","|turn|21","|","|move|p1a: MedichamBB|Ice Punch|p2a: Sharpedo","|-resisted|p2a: Sharpedo","|-damage|p2a: Sharpedo|145/281 par","|move|p2a: Sharpedo|Waterfall|p1a: MedichamBB","|-damage|p1a: MedichamBB|0 fnt","|faint|p1a: MedichamBB","|","|","|switch|p1a: SweeperKeeper|Terrakion|323/323","|turn|22","|","|move|p1a: SweeperKeeper|Stone Edge|p2a: Sharpedo","|-damage|p2a: Sharpedo|0 fnt","|faint|p2a: Sharpedo","|","|","|switch|p2a: Poliwrath|Poliwrath, F|384/384","|-damage|p2a: Poliwrath|360/384|[from] Stealth Rock","|turn|23","|","|move|p1a: SweeperKeeper|Stone Edge|p2a: Poliwrath","|-resisted|p2a: Poliwrath","|-damage|p2a: Poliwrath|267/384","|move|p2a: Poliwrath|Waterfall|p1a: SweeperKeeper","|-supereffective|p1a: SweeperKeeper","|-damage|p1a: SweeperKeeper|47/323","|","|-heal|p2a: Poliwrath|291/384|[from] item: Leftovers","|turn|24","|","|win|LightOfAKnowing"],"p1rating":{"entryid":"416496","serverid":"eos","formatid":"monotype","userid":"snipingrain","username":"SnipingRain","w":"1","l":1,"t":"0","gxe":48.4,"r":"1500","rd":"130","sigma":"0","rptime":"1440406800","rpr":1486.924256143,"rprd":115.64721782906,"rpsigma":"0","acre":1030.3094114911,"lacre":1030.3094114911,"oldacre":"1041.4921527133"},"p2rating":{"entryid":"386","serverid":"eos","formatid":"monotype","userid":"lightofaknowing","username":"LightOfAKnowing","w":31,"l":"40","t":"0","gxe":45.7,"r":"1416.9477002435","rd":"51.599175927199","sigma":"0","rptime":"1440406800","rpr":1467.5361683864,"rprd":43.20363679901,"rpsigma":"0","acre":1170.3701943107,"lacre":1170.3701943107,"oldacre":"1153.1382180891"},"endType":"forfeit"}