{"seed":[59395,58039,59655,31709],"turns":26,"p1":"sovereign♕zoroark","p2":"Guard Wanderer","p1team":[{"name":"obamasnow","species":"abomasnow","item":"abomasite","ability":"Snow Warning","moves":["blizzard","gigadrain","hiddenpowerfire","iceshard"],"nature":"Brave","evs":{"hp":0,"atk":0,"def":4,"spa":252,"spd":252,"spe":0},"ivs":{"hp":31,"atk":30,"def":31,"spa":30,"spd":31,"spe":30},"shiny":true},{"name":"elsa","species":"froslass","item":"leftovers","ability":"Snow Cloak","moves":["substitute","thunderbolt","icebeam","destinybond"],"nature":"Timid","evs":{"hp":4,"atk":0,"def":0,"spa":252,"spd":0,"spe":252},"ivs":{"hp":31,"atk":31,"def":31,"spa":31,"spd":31,"spe":31}},{"name":"kraid","species":"kyuremblack","item":"choicescarf","ability":"Teravolt","moves":["outrage","fusionbolt","stoneedge","facade"],"nature":"Jolly","evs":{"hp":4,"atk":252,"def":0,"spa":0,"spd":0,"spe":252},"shiny":true,"ivs":{"hp":31,"atk":31,"def":31,"spa":31,"spd":31,"spe":31}},{"name":"man bear pig","species":"mamoswine","item":"lifeorb","ability":"Snow Cloak","moves":["stealthrock","earthquake","iceshard","stoneedge"],"nature":"Adamant","evs":{"hp":4,"atk":252,"def":0,"spa":0,"spd":0,"spe":252},"ivs":{"hp":31,"atk":31,"def":31,"spa":31,"spd":31,"spe":31}},{"name":"john lennon","species":"walrein","item":"choicespecs","ability":"Thick Fat","moves":["surf","icebeam","signalbeam","hiddenpowerfire"],"nature":"Modest","evs":{"hp":252,"atk":0,"def":0,"spa":252,"spd":0,"spe":4},"ivs":{"hp":31,"atk":30,"def":31,"spa":30,"spd":31,"spe":30}},{"name":"shell fish","species":"cloyster","item":"focussash","ability":"Skill Link","moves":["shellsmash","iciclespear","rockblast","razorshell"],"nature":"Adamant","evs":{"hp":24,"atk":252,"def":0,"spa":0,"spd":0,"spe":232},"ivs":{"hp":31,"atk":31,"def":31,"spa":31,"spd":31,"spe":31}}],"p2team":[{"name":"Smeargle","species":"Smeargle","item":"focussash","ability":"Own Tempo","moves":["simplebeam","nightshade","kingsshield","spore"],"nature":"Timid","evs":{"hp":252,"atk":0,"def":0,"spa":0,"spd":4,"spe":252},"ivs":{"hp":31,"atk":31,"def":31,"spa":31,"spd":31,"spe":31}},{"name":"Porygon2","species":"Porygon2","item":"eviolite","ability":"Trace","moves":["agility","chargebeam","triattack","recover"],"nature":"Calm","evs":{"hp":252,"atk":0,"def":0,"spa":4,"spd":252,"spe":0},"ivs":{"hp":31,"atk":31,"def":31,"spa":31,"spd":31,"spe":31}},{"name":"Miltank","species":"Miltank","item":"leftovers","ability":"Sap Sipper","moves":["firepunch","earthquake","bodyslam","facade"],"nature":"Adamant","evs":{"hp":252,"atk":252,"def":0,"spa":0,"spd":4,"spe":0},"ivs":{"hp":31,"atk":31,"def":31,"spa":31,"spd":31,"spe":31}},{"name":"Cinccino","species":"Cinccino","item":"kingsrock","ability":"Skill Link","moves":["bulletseed","rockblast","tailslap","uturn"],"nature":"Jolly","evs":{"hp":0,"atk":252,"def":0,"spa":0,"spd":4,"spe":252},"ivs":{"hp":31,"atk":31,"def":31,"spa":31,"spd":31,"spe":31}},{"name":"Ditto","species":"Ditto","item":"choicescarf","ability":"Imposter","moves":["transform"],"nature":"Bold","evs":{"hp":248,"atk":0,"def":252,"spa":0,"spd":8,"spe":0},"ivs":{"hp":31,"atk":31,"def":31,"spa":31,"spd":31,"spe":31}},{"name":"Furfrou","species":"Furfrou","item":"marangaberry","ability":"Fur Coat","moves":["thunderwave","toxic","snarl","refresh"],"nature":"Timid","evs":{"hp":248,"atk":0,"def":0,"spa":8,"spd":0,"spe":252},"ivs":{"hp":31,"atk":31,"def":31,"spa":31,"spd":31,"spe":31}}],"log":["|player|p1|sovereign♕zoroark|218","|player|p2|Guard Wanderer|235","|gametype|singles","|gen|6","|tier|Monotype","|rated","|rule|Baton Pass Clause: Limit one Baton Passer, can't pass Spe and other stats simultaneously","|rule|Swagger Clause: Swagger is banned","|rule|Same Type Clause: Pokémon in a team must share a type","|clearpoke","|poke|p1|Abomasnow, M, shiny","|poke|p1|Froslass, F","|poke|p1|Kyurem-Black, shiny","|poke|p1|Mamoswine, M","|poke|p1|Walrein, F","|poke|p1|Cloyster, M","|poke|p2|Smeargle, M","|poke|p2|Porygon2","|poke|p2|Miltank, F","|poke|p2|Cinccino, M","|poke|p2|Ditto","|poke|p2|Furfrou, M","|rule|Sleep Clause Mod: Limit one foe put to sleep","|rule|Species Clause: Limit one of each Pokémon","|rule|OHKO Clause: OHKO moves are banned","|rule|Moody Clause: Moody is banned","|rule|Evasion Moves Clause: Evasion moves are banned","|rule|Endless Battle Clause: Forcing endless battles is banned","|rule|HP Percentage Mod: HP is shown in percentages","|teampreview","|","|start","|switch|p1a: obamasnow|Abomasnow, M, shiny|321/321","|switch|p2a: Furfrou|Furfrou, M|353/353","|-weather|Hail","|turn|1","|","|detailschange|p1a: obamasnow|Abomasnow-Mega, M, shiny","|-mega|p1a: obamasnow|Abomasnow|Abomasite","|move|p2a: Furfrou|Snarl|p1a: obamasnow","|-damage|p1a: obamasnow|297/321","|-unboost|p1a: obamasnow|spa|1","|move|p1a: obamasnow|Blizzard|p2a: Furfrou","|-damage|p2a: Furfrou|209/353","|-enditem|p2a: Furfrou|Maranga Berry|[eat]","|-boost|p2a: Furfrou|spd|1|[from] item: Maranga Berry","|","|-weather|Hail|[upkeep]","|-damage|p2a: Furfrou|187/353|[from] hail","|turn|2","|","|move|p2a: Furfrou|Toxic|p1a: obamasnow","|-status|p1a: obamasnow|tox","|move|p1a: obamasnow|Blizzard|p2a: Furfrou","|-damage|p2a: Furfrou|85/353","|-status|p2a: Furfrou|frz","|","|-weather|Hail|[upkeep]","|-damage|p2a: Furfrou|63/353 frz|[from] hail","|-damage|p1a: obamasnow|277/321 tox|[from] psn","|turn|3","|","|move|p1a: obamasnow|Ice Shard|p2a: Furfrou","|-damage|p2a: Furfrou|15/353 frz","|cant|p2a: Furfrou|frz","|","|-weather|Hail|[upkeep]","|-damage|p2a: Furfrou|0 fnt|[from] hail","|-damage|p1a: obamasnow|237/321 tox|[from] psn","|faint|p2a: Furfrou","|","|switch|p2a: Smeargle|Smeargle, M|314/314","|turn|4","|","|move|p2a: Smeargle|Simple Beam|p1a: obamasnow","|-endability|p1a: obamasnow|snowwarning|[from] move: Simple Beam","|-ability|p1a: obamasnow|Simple|[from] move: Simple Beam","|move|p1a: obamasnow|Blizzard|p2a: Smeargle","|-damage|p2a: Smeargle|79/314","|","|-weather|Hail|[upkeep]","|-damage|p2a: Smeargle|60/314|[from] hail","|-damage|p1a: obamasnow|177/321 tox|[from] psn","|turn|5","|","|switch|p2a: Porygon2|Porygon2|374/374","|-ability|p2a: Porygon2|Simple|[from] ability: Trace|[of] p1a: obamasnow","|move|p1a: obamasnow|Ice Shard|p2a: Porygon2","|-damage|p2a: Porygon2|328/374","|","|-weather|none","|-damage|p1a: obamasnow|97/321 tox|[from] psn","|turn|6","|","|move|p1a: obamasnow|Ice Shard|p2a: Porygon2","|-damage|p2a: Porygon2|276/374","|move|p2a: Porygon2|Agility|p2a: Porygon2","|-boost|p2a: Porygon2|spe|4","|","|-damage|p1a: obamasnow|0 fnt|[from] psn","|faint|p1a: obamasnow","|","|switch|p1a: john lennon|Walrein, F|424/424","|turn|7","|","|move|p2a: Porygon2|Charge Beam|p1a: john lennon","|-supereffective|p1a: john lennon","|-damage|p1a: john lennon|334/424","|-boost|p2a: Porygon2|spa|2","|move|p1a: john lennon|Surf|p2a: Porygon2","|-damage|p2a: Porygon2|171/374","|","|turn|8","|","|move|p2a: Porygon2|Charge Beam|p1a: john lennon","|-supereffective|p1a: john lennon","|-damage|p1a: john lennon|140/424","|-boost|p2a: Porygon2|spa|2","|move|p1a: john lennon|Surf|p2a: Porygon2","|-damage|p2a: Porygon2|72/374","|","|turn|9","|","|move|p2a: Porygon2|Recover|p2a: Porygon2","|-heal|p2a: Porygon2|259/374","|move|p1a: john lennon|Surf|p2a: Porygon2","|-damage|p2a: Porygon2|150/374","|","|turn|10","|","|move|p2a: Porygon2|Recover|p2a: Porygon2","|-heal|p2a: Porygon2|337/374","|move|p1a: john lennon|Surf|p2a: Porygon2","|-damage|p2a: Porygon2|225/374","|","|turn|11","|","|move|p2a: Porygon2|Charge Beam|p1a: john lennon","|-supereffective|p1a: john lennon","|-damage|p1a: john lennon|0 fnt","|-boost|p2a: Porygon2|spa|2","|faint|p1a: john lennon","|","|","|switch|p1a: elsa|Froslass, F|282/282","|turn|12","|","|move|p2a: Porygon2|Charge Beam|p1a: elsa","|-damage|p1a: elsa|69/282","|move|p1a: elsa|Destiny Bond|p1a: elsa","|-singlemove|p1a: elsa|Destiny Bond","|","|-heal|p1a: elsa|86/282|[from] item: Leftovers","|turn|13","|","|move|p2a: Porygon2|Recover|p2a: Porygon2","|-heal|p2a: Porygon2|374/374","|move|p1a: elsa|Destiny Bond|p1a: elsa","|-singlemove|p1a: elsa|Destiny Bond","|","|-heal|p1a: elsa|103/282|[from] item: Leftovers","|turn|14","|","|move|p2a: Porygon2|Tri Attack|p1a: elsa","|-immune|p1a: elsa|[msg]","|move|p1a: elsa|Destiny Bond|p1a: elsa","|-singlemove|p1a: elsa|Destiny Bond","|","|-heal|p1a: elsa|120/282|[from] item: Leftovers","|turn|15","|","|move|p2a: Porygon2|Tri Attack|p1a: elsa","|-immune|p1a: elsa|[msg]","|move|p1a: elsa|Substitute|p1a: elsa","|-start|p1a: elsa|Substitute","|-damage|p1a: elsa|50/282","|","|-heal|p1a: elsa|67/282|[from] item: Leftovers","|turn|16","|","|move|p2a: Porygon2|Charge Beam|p1a: elsa","|-end|p1a: elsa|Substitute","|move|p1a: elsa|Destiny Bond|p1a: elsa","|-singlemove|p1a: elsa|Destiny Bond","|","|-heal|p1a: elsa|84/282|[from] item: Leftovers","|turn|17","|","|move|p2a: Porygon2|Agility|p2a: Porygon2","|-boost|p2a: Porygon2|spe|4","|move|p1a: elsa|Destiny Bond|p1a: elsa","|-singlemove|p1a: elsa|Destiny Bond","|","|-heal|p1a: elsa|101/282|[from] item: Leftovers","|turn|18","|","|move|p2a: Porygon2|Tri Attack|p1a: elsa","|-immune|p1a: elsa|[msg]","|move|p1a: elsa|Destiny Bond|p1a: elsa","|-singlemove|p1a: elsa|Destiny Bond","|","|-heal|p1a: elsa|118/282|[from] item: Leftovers","|turn|19","|","|move|p2a: Porygon2|Agility|p2a: Porygon2","|-fail|p2a: Porygon2","|move|p1a: elsa|Substitute|p1a: elsa","|-start|p1a: elsa|Substitute","|-damage|p1a: elsa|48/282","|","|-heal|p1a: elsa|65/282|[from] item: Leftovers","|turn|20","|","|move|p2a: Porygon2|Charge Beam|p1a: elsa|[miss]","|-miss|p2a: Porygon2|p1a: elsa","|move|p1a: elsa|Ice Beam|p2a: Porygon2","|-crit|p2a: Porygon2","|-damage|p2a: Porygon2|283/374","|","|-heal|p1a: elsa|82/282|[from] item: Leftovers","|turn|21","|","|move|p2a: Porygon2|Charge Beam|p1a: elsa","|-end|p1a: elsa|Substitute","|move|p1a: elsa|Ice Beam|p2a: Porygon2","|-crit|p2a: Porygon2","|-damage|p2a: Porygon2|193/374","|","|-heal|p1a: elsa|99/282|[from] item: Leftovers","|turn|22","|","|move|p2a: Porygon2|Charge Beam|p1a: elsa","|-damage|p1a: elsa|0 fnt","|faint|p1a: elsa","|","|","|switch|p1a: kraid|Kyurem-Black, shiny|392/392","|-ability|p1a: kraid|Teravolt","|turn|23","|","|move|p2a: Porygon2|Tri Attack|p1a: kraid","|-damage|p1a: kraid|0 fnt","|faint|p1a: kraid","|","|","|switch|p1a: man bear pig|Mamoswine, M|362/362","|turn|24","|","|move|p1a: man bear pig|Ice Shard|p2a: Porygon2","|-damage|p2a: Porygon2|118/374","|-damage|p1a: man bear pig|326/362|[from] item: Life Orb","|move|p2a: Porygon2|Tri Attack|p1a: man bear pig","|-damage|p1a: man bear pig|0 fnt","|faint|p1a: man bear pig","|","|","|switch|p1a: shell fish|Cloyster, M|247/247","|turn|25","|","|move|p2a: Porygon2|Tri Attack|p1a: shell fish","|-enditem|p1a: shell fish|Focus Sash","|-damage|p1a: shell fish|1/247","|move|p1a: shell fish|Icicle Spear|p2a: Porygon2","|-damage|p2a: Porygon2|90/374","|-damage|p2a: Porygon2|57/374","|-damage|p2a: Porygon2|30/374","|-damage|p2a: Porygon2|0 fnt","|-hitcount|p2a: Porygon2|4","|faint|p2a: Porygon2","|","|","|switch|p2a: Ditto|Ditto|299/299","|-transform|p2a: Ditto|p1a: shell fish","|turn|26","|","|move|p2a: Ditto|Icicle Spear|p1a: shell fish","|-resisted|p1a: shell fish","|-damage|p1a: shell fish|0 fnt","|-hitcount|p1a: shell fish|1","|faint|p1a: shell fish","|","|win|Guard Wanderer"],"p1rating":{"entryid":"313593","serverid":"eos","formatid":"monotype","userid":"sovereignzoroark","username":"sovereign♕zoroark","w":"11","l":34,"t":"0","gxe":27.1,"r":"1322.0725980657","rd":"55.316099561562","sigma":"0","rptime":"1440406800","rpr":1312.2952161987,"rprd":52.57944348575,"rpsigma":"0","acre":1006.656178786,"lacre":1006.656178786,"oldacre":"1019.3278203736"},"p2rating":{"entryid":"9966","serverid":"eos","formatid":"monotype","userid":"guardwanderer","username":"Guard Wanderer","w":20,"l":"29","t":"0","gxe":42,"r":"1460.2300294704","rd":"51.851987647183","sigma":"0","rptime":"1440406800","rpr":1438.7144011164,"rprd":49.502994687882,"rpsigma":"0","acre":1061.0001961768,"lacre":1061.0001961768,"oldacre":"1025.4569519868"},"endType":"normal"}