{"seed":[47361,27217,62278,46378],"turns":24,"p1":"Professor ♅ ☯ Nyx","p2":"loatist","p1team":[{"name":"Roserade","species":"Roserade","item":"choicescarf","ability":"Technician","moves":["hiddenpowerrock","magicalleaf","extrasensory","weatherball"],"nature":"Modest","evs":{"hp":0,"atk":0,"def":0,"spa":252,"spd":4,"spe":252},"ivs":{"hp":31,"atk":31,"def":30,"spa":31,"spd":30,"spe":30}},{"name":"Ludicolo","species":"Ludicolo","item":"leftovers","ability":"Swift Swim","moves":["leechseed","gigadrain","raindance","surf"],"nature":"Calm","evs":{"hp":248,"atk":0,"def":0,"spa":8,"spd":252,"spe":0},"ivs":{"hp":31,"atk":31,"def":31,"spa":31,"spd":31,"spe":31}},{"name":"Venusaur","species":"Venusaur","item":"venusaurite","ability":"Overgrow","moves":["sludgebomb","gigadrain","sleeppowder","synthesis"],"nature":"Bold","evs":{"hp":248,"atk":0,"def":188,"spa":0,"spd":72,"spe":0},"ivs":{"hp":31,"atk":31,"def":30,"spa":31,"spd":30,"spe":30}},{"name":"Voltergeist","species":"rotommow","item":"choicescarf","ability":"Levitate","moves":["trick","leafstorm","voltswitch","electroball"],"nature":"Timid","evs":{"hp":0,"atk":0,"def":0,"spa":252,"spd":4,"spe":252},"ivs":{"hp":31,"atk":31,"def":31,"spa":31,"spd":31,"spe":31}},{"name":"Serperior","species":"Serperior","item":"leftovers","ability":"Contrary","moves":["dragonpulse","leafstorm","glare","hiddenpowerfire"],"nature":"Timid","evs":{"hp":0,"atk":0,"def":0,"spa":252,"spd":4,"spe":252},"ivs":{"hp":31,"atk":30,"def":31,"spa":30,"spd":31,"spe":30}},{"name":"Ferrothorn","species":"Ferrothorn","item":"leftovers","ability":"Iron Barbs","moves":["gyroball","leechseed","protect","stealthrock"],"nature":"Relaxed","evs":{"hp":252,"atk":4,"def":252,"spa":0,"spd":0,"spe":0},"ivs":{"hp":31,"atk":31,"def":31,"spa":31,"spd":31,"spe":0}}],"p2team":[{"name":"Vanilla","species":"audino","item":"audinite","ability":"Regenerator","moves":["healbell","wish","calmmind","drainingkiss"],"nature":"Modest","evs":{"hp":252,"atk":0,"def":252,"spa":4,"spd":0,"spe":0},"gender":"F","shiny":true,"ivs":{"hp":31,"atk":31,"def":31,"spa":31,"spd":31,"spe":31}},{"name":"Ziggy","species":"kecleon","item":"lumberry","ability":"Protean","moves":["drainpunch","suckerpunch","skillswap","irontail"],"nature":"Adamant","evs":{"hp":4,"atk":252,"def":252,"spa":0,"spd":0,"spe":0},"gender":"F","shiny":true,"ivs":{"hp":31,"atk":31,"def":31,"spa":31,"spd":31,"spe":31}},{"name":"Emo bangs","species":"staraptor","item":"choiceband","ability":"Reckless","moves":["bravebird","steelwing","doubleedge","whirlwind"],"nature":"Adamant","evs":{"hp":4,"atk":252,"def":0,"spa":0,"spd":0,"spe":252},"gender":"M","shiny":true,"ivs":{"hp":31,"atk":31,"def":31,"spa":31,"spd":31,"spe":31}},{"name":"Hannah Montana","species":"meloetta","item":"lifeorb","ability":"Serene Grace","moves":["relicsong","lowkick","shadowball","psychic"],"nature":"Mild","evs":{"hp":252,"atk":84,"def":0,"spa":172,"spd":0,"spe":0},"ivs":{"hp":31,"atk":31,"def":31,"spa":31,"spd":31,"spe":31}},{"name":"Jezebel","species":"pyroar","item":"metronome","ability":"Unnerve","moves":["willowisp","echoedvoice","flamethrower","attract"],"nature":"Modest","evs":{"hp":4,"atk":0,"def":0,"spa":252,"spd":0,"spe":252},"gender":"F","shiny":true,"ivs":{"hp":31,"atk":31,"def":31,"spa":31,"spd":31,"spe":31}},{"name":"GEICO Gecko","species":"heliolisk","item":"bigroot","ability":"Dry Skin","moves":["raindance","voltswitch","surf","paraboliccharge"],"nature":"Timid","evs":{"hp":4,"atk":0,"def":0,"spa":252,"spd":0,"spe":252},"gender":"M","ivs":{"hp":31,"atk":31,"def":31,"spa":31,"spd":31,"spe":31}}],"log":["|player|p1|Professor ♅ ☯ Nyx|132","|player|p2|loatist|277","|gametype|singles","|gen|6","|tier|Monotype","|rated","|rule|Baton Pass Clause: Limit one Baton Passer, can't pass Spe and other stats simultaneously","|rule|Swagger Clause: Swagger is banned","|rule|Same Type Clause: Pokémon in a team must share a type","|clearpoke","|poke|p1|Roserade, F","|poke|p1|Ludicolo, F","|poke|p1|Venusaur, F","|poke|p1|Rotom-Mow","|poke|p1|Serperior, F","|poke|p1|Ferrothorn, M","|poke|p2|Audino, F, shiny","|poke|p2|Kecleon, F, shiny","|poke|p2|Staraptor, M, shiny","|poke|p2|Meloetta","|poke|p2|Pyroar, F, shiny","|poke|p2|Heliolisk, M","|rule|Sleep Clause Mod: Limit one foe put to sleep","|rule|Species Clause: Limit one of each Pokémon","|rule|OHKO Clause: OHKO moves are banned","|rule|Moody Clause: Moody is banned","|rule|Evasion Moves Clause: Evasion moves are banned","|rule|Endless Battle Clause: Forcing endless battles is banned","|rule|HP Percentage Mod: HP is shown in percentages","|teampreview","|","|start","|switch|p1a: Roserade|Roserade, F|261/261","|switch|p2a: Jezebel|Pyroar, F, shiny|314/314","|-ability|p2a: Jezebel|Unnerve|p1: Professor ♅ ☯ Nyx","|turn|1","|","|move|p1a: Roserade|Hidden Power|p2a: Jezebel","|-supereffective|p2a: Jezebel","|-damage|p2a: Jezebel|0 fnt","|faint|p2a: Jezebel","|","|","|switch|p2a: Hannah Montana|Meloetta|404/404","|turn|2","|","|switch|p1a: Ferrothorn|Ferrothorn, M|352/352","|move|p2a: Hannah Montana|Relic Song|p1a: Ferrothorn","|-resisted|p1a: Ferrothorn","|-damage|p1a: Ferrothorn|281/352","|-damage|p2a: Hannah Montana|364/404|[from] item: Life Orb","|-formechange|p2a: Hannah Montana|Meloetta-Pirouette|[msg]","|","|-heal|p1a: Ferrothorn|303/352|[from] item: Leftovers","|turn|3","|","|switch|p2a: Ziggy|Kecleon, F, shiny|262/262","|move|p1a: Ferrothorn|Protect|p1a: Ferrothorn","|-fail|p1a: Ferrothorn","|","|-heal|p1a: Ferrothorn|325/352|[from] item: Leftovers","|turn|4","|","|move|p2a: Ziggy|Skill Swap|p1a: Ferrothorn","|-start|p2a: Ziggy|typechange|Psychic|[from] Protean","|-activate|p2a: Ziggy|move: Skill Swap|Iron Barbs|Protean|[of] p1a: Ferrothorn","|move|p1a: Ferrothorn|Leech Seed|p2a: Ziggy","|-start|p1a: Ferrothorn|typechange|Grass|[from] Protean","|-start|p2a: Ziggy|move: Leech Seed","|","|-heal|p1a: Ferrothorn|347/352|[from] item: Leftovers","|-damage|p2a: Ziggy|230/262|[from] Leech Seed|[of] p1a: Ferrothorn","|-heal|p1a: Ferrothorn|352/352|[silent]","|turn|5","|","|move|p2a: Ziggy|Drain Punch|p1a: Ferrothorn","|-damage|p1a: Ferrothorn|302/352","|-heal|p2a: Ziggy|255/262|[from] drain|[of] p1a: Ferrothorn","|move|p1a: Ferrothorn|Stealth Rock|p2a: Ziggy","|-start|p1a: Ferrothorn|typechange|Rock|[from] Protean","|-sidestart|p2: loatist|move: Stealth Rock","|","|-heal|p1a: Ferrothorn|324/352|[from] item: Leftovers","|-damage|p2a: Ziggy|223/262|[from] Leech Seed|[of] p1a: Ferrothorn","|-heal|p1a: Ferrothorn|352/352|[silent]","|turn|6","|","|move|p2a: Ziggy|Drain Punch|p1a: Ferrothorn","|-supereffective|p1a: Ferrothorn","|-damage|p1a: Ferrothorn|258/352","|-heal|p2a: Ziggy|262/262|[from] drain|[of] p1a: Ferrothorn","|move|p1a: Ferrothorn|Leech Seed|p2a: Ziggy","|-start|p1a: Ferrothorn|typechange|Grass|[from] Protean","|-fail|p2a: Ziggy","|","|-heal|p1a: Ferrothorn|280/352|[from] item: Leftovers","|-damage|p2a: Ziggy|230/262|[from] Leech Seed|[of] p1a: Ferrothorn","|-heal|p1a: Ferrothorn|312/352|[silent]","|turn|7","|","|switch|p2a: Emo bangs|Staraptor, M, shiny|312/312","|-damage|p2a: Emo bangs|234/312|[from] Stealth Rock","|switch|p1a: Voltergeist|Rotom-Mow|241/241","|","|turn|8","|","|move|p1a: Voltergeist|Volt Switch|p2a: Emo bangs","|-supereffective|p2a: Emo bangs","|-damage|p2a: Emo bangs|0 fnt","|faint|p2a: Emo bangs","|","|switch|p1a: Ferrothorn|Ferrothorn, M|312/352","|","|-heal|p1a: Ferrothorn|334/352|[from] item: Leftovers","|","|switch|p2a: Ziggy|Kecleon, F, shiny|230/262","|-damage|p2a: Ziggy|198/262|[from] Stealth Rock","|turn|9","|","|move|p2a: Ziggy|Skill Swap|p1a: Ferrothorn","|-start|p2a: Ziggy|typechange|Psychic|[from] Protean","|-activate|p2a: Ziggy|move: Skill Swap|Iron Barbs|Protean|[of] p1a: Ferrothorn","|move|p1a: Ferrothorn|Leech Seed|p2a: Ziggy","|-start|p1a: Ferrothorn|typechange|Grass|[from] Protean","|-start|p2a: Ziggy|move: Leech Seed","|","|-heal|p1a: Ferrothorn|352/352|[from] item: Leftovers","|-damage|p2a: Ziggy|166/262|[from] Leech Seed|[of] p1a: Ferrothorn","|turn|10","|","|switch|p2a: GEICO Gecko|Heliolisk, M|266/266","|-damage|p2a: GEICO Gecko|233/266|[from] Stealth Rock","|move|p1a: Ferrothorn|Gyro Ball|p2a: GEICO Gecko","|-start|p1a: Ferrothorn|typechange|Steel|[from] Protean","|-resisted|p2a: GEICO Gecko","|-damage|p2a: GEICO Gecko|86/266","|","|turn|11","|","|move|p1a: Ferrothorn|Protect|p1a: Ferrothorn","|-start|p1a: Ferrothorn|typechange|Normal|[from] Protean","|-singleturn|p1a: Ferrothorn|Protect","|move|p2a: GEICO Gecko|Rain Dance|p2a: GEICO Gecko","|-weather|RainDance","|","|-weather|RainDance|[upkeep]","|-heal|p2a: GEICO Gecko|119/266|[from] ability: Dry Skin","|turn|12","|","|move|p2a: GEICO Gecko|Surf|p1a: Ferrothorn","|-damage|p1a: Ferrothorn|218/352","|move|p1a: Ferrothorn|Leech Seed|p2a: GEICO Gecko","|-start|p1a: Ferrothorn|typechange|Grass|[from] Protean","|-start|p2a: GEICO Gecko|move: Leech Seed","|","|-weather|RainDance|[upkeep]","|-heal|p2a: GEICO Gecko|152/266|[from] ability: Dry Skin","|-heal|p1a: Ferrothorn|240/352|[from] item: Leftovers","|-damage|p2a: GEICO Gecko|119/266|[from] Leech Seed|[of] p1a: Ferrothorn","|-heal|p1a: Ferrothorn|273/352|[silent]","|turn|13","|","|move|p2a: GEICO Gecko|Parabolic Charge|p1a: Ferrothorn","|-crit|p1a: Ferrothorn","|-resisted|p1a: Ferrothorn","|-damage|p1a: Ferrothorn|224/352","|-heal|p2a: GEICO Gecko|151/266|[from] drain|[of] p1a: Ferrothorn","|move|p1a: Ferrothorn|Gyro Ball|p2a: GEICO Gecko","|-start|p1a: Ferrothorn|typechange|Steel|[from] Protean","|-resisted|p2a: GEICO Gecko","|-damage|p2a: GEICO Gecko|7/266","|","|-weather|RainDance|[upkeep]","|-heal|p2a: GEICO Gecko|40/266|[from] ability: Dry Skin","|-heal|p1a: Ferrothorn|246/352|[from] item: Leftovers","|-damage|p2a: GEICO Gecko|7/266|[from] Leech Seed|[of] p1a: Ferrothorn","|-heal|p1a: Ferrothorn|279/352|[silent]","|turn|14","|","|move|p1a: Ferrothorn|Protect|p1a: Ferrothorn","|-start|p1a: Ferrothorn|typechange|Normal|[from] Protean","|-singleturn|p1a: Ferrothorn|Protect","|move|p2a: GEICO Gecko|Volt Switch|p1a: Ferrothorn","|-activate|p1a: Ferrothorn|Protect","|","|-weather|RainDance|[upkeep]","|-heal|p2a: GEICO Gecko|40/266|[from] ability: Dry Skin","|-heal|p1a: Ferrothorn|301/352|[from] item: Leftovers","|-damage|p2a: GEICO Gecko|7/266|[from] Leech Seed|[of] p1a: Ferrothorn","|-heal|p1a: Ferrothorn|334/352|[silent]","|turn|15","|","|move|p2a: GEICO Gecko|Parabolic Charge|p1a: Ferrothorn","|-damage|p1a: Ferrothorn|262/352","|-heal|p2a: GEICO Gecko|54/266|[from] drain|[of] p1a: Ferrothorn","|move|p1a: Ferrothorn|Leech Seed|p2a: GEICO Gecko","|-start|p1a: Ferrothorn|typechange|Grass|[from] Protean","|-fail|p2a: GEICO Gecko","|","|-weather|none","|-heal|p1a: Ferrothorn|284/352|[from] item: Leftovers","|-damage|p2a: GEICO Gecko|21/266|[from] Leech Seed|[of] p1a: Ferrothorn","|-heal|p1a: Ferrothorn|317/352|[silent]","|turn|16","|","|move|p2a: GEICO Gecko|Rain Dance|p2a: GEICO Gecko","|-weather|RainDance","|move|p1a: Ferrothorn|Gyro Ball|p2a: GEICO Gecko","|-start|p1a: Ferrothorn|typechange|Steel|[from] Protean","|-resisted|p2a: GEICO Gecko","|-damage|p2a: GEICO Gecko|0 fnt","|faint|p2a: GEICO Gecko","|","|-weather|RainDance|[upkeep]","|-heal|p1a: Ferrothorn|339/352|[from] item: Leftovers","|","|switch|p2a: Hannah Montana|Meloetta|364/404","|-damage|p2a: Hannah Montana|314/404|[from] Stealth Rock","|turn|17","|","|move|p2a: Hannah Montana|Low Kick|p1a: Ferrothorn","|-supereffective|p1a: Ferrothorn","|-damage|p1a: Ferrothorn|225/352","|-damage|p2a: Hannah Montana|274/404|[from] item: Life Orb","|move|p1a: Ferrothorn|Leech Seed|p2a: Hannah Montana","|-start|p1a: Ferrothorn|typechange|Grass|[from] Protean","|-start|p2a: Hannah Montana|move: Leech Seed","|","|-weather|RainDance|[upkeep]","|-heal|p1a: Ferrothorn|247/352|[from] item: Leftovers","|-damage|p2a: Hannah Montana|224/404|[from] Leech Seed|[of] p1a: Ferrothorn","|-heal|p1a: Ferrothorn|297/352|[silent]","|turn|18","|","|move|p2a: Hannah Montana|Relic Song|p1a: Ferrothorn","|-damage|p1a: Ferrothorn|149/352","|-formechange|p2a: Hannah Montana|Meloetta-Pirouette|[msg]","|-damage|p2a: Hannah Montana|184/404|[from] item: Life Orb","|move|p1a: Ferrothorn|Gyro Ball|p2a: Hannah Montana","|-start|p1a: Ferrothorn|typechange|Steel|[from] Protean","|-damage|p2a: Hannah Montana|0 fnt","|faint|p2a: Hannah Montana","|","|-weather|RainDance|[upkeep]","|-heal|p1a: Ferrothorn|171/352|[from] item: Leftovers","|","|switch|p2a: Ziggy|Kecleon, F, shiny|166/262","|-damage|p2a: Ziggy|134/262|[from] Stealth Rock","|turn|19","|","|switch|p1a: Venusaur|Venusaur, F|363/363","|move|p2a: Ziggy|Drain Punch|p1a: Venusaur","|-start|p2a: Ziggy|typechange|Fighting|[from] Protean","|-resisted|p1a: Venusaur","|-damage|p1a: Venusaur|313/363","|-heal|p2a: Ziggy|159/262|[from] drain|[of] p1a: Venusaur","|","|-weather|RainDance|[upkeep]","|turn|20","|","|detailschange|p1a: Venusaur|Venusaur-Mega, F","|-mega|p1a: Venusaur|Venusaur|Venusaurite","|move|p2a: Ziggy|Sucker Punch|p1a: Venusaur","|-start|p2a: Ziggy|typechange|Dark|[from] Protean","|-damage|p1a: Venusaur|232/363","|move|p1a: Venusaur|Giga Drain|p2a: Ziggy","|-damage|p2a: Ziggy|66/262","|-heal|p1a: Venusaur|279/363|[from] drain|[of] p2a: Ziggy","|","|-weather|none","|turn|21","|","|move|p1a: Venusaur|Giga Drain|p2a: Ziggy","|-damage|p2a: Ziggy|0 fnt","|-heal|p1a: Venusaur|312/363|[from] drain|[of] p2a: Ziggy","|faint|p2a: Ziggy","|","|","|switch|p2a: Vanilla|Audino, F, shiny|410/410","|-damage|p2a: Vanilla|359/410|[from] Stealth Rock","|turn|22","|","|detailschange|p2a: Vanilla|Audino-Mega, F, shiny","|-mega|p2a: Vanilla|Audino|Audinite","|move|p1a: Venusaur|Sludge Bomb|p2a: Vanilla","|-supereffective|p2a: Vanilla","|-damage|p2a: Vanilla|165/410","|move|p2a: Vanilla|Calm Mind|p2a: Vanilla","|-boost|p2a: Vanilla|spa|1","|-boost|p2a: Vanilla|spd|1","|","|turn|23","|","|move|p1a: Venusaur|Sludge Bomb|p2a: Vanilla","|-supereffective|p2a: Vanilla","|-damage|p2a: Vanilla|25/410","|move|p2a: Vanilla|Draining Kiss|p1a: Venusaur","|-resisted|p1a: Venusaur","|-damage|p1a: Venusaur|282/363","|-heal|p2a: Vanilla|48/410|[from] drain|[of] p1a: Venusaur","|","|turn|24","|","|move|p1a: Venusaur|Sludge Bomb|p2a: Vanilla","|-supereffective|p2a: Vanilla","|-damage|p2a: Vanilla|0 fnt","|faint|p2a: Vanilla","|","|win|Professor ♅ ☯ Nyx"],"p1rating":{"entryid":"386288","serverid":"eos","formatid":"monotype","userid":"professornyx","username":"Professor ♅ ☯ Nyx","w":9,"l":"8","t":"0","gxe":52.4,"r":"1500","rd":"130","sigma":"0","rptime":"1440406800","rpr":1518.1300279769,"rprd":73.579798710536,"rpsigma":"0","acre":1134.1633668382,"lacre":1134.1633668382,"oldacre":"1116.7373183467"},"p2rating":{"entryid":"218110","serverid":"eos","formatid":"monotype","userid":"loatist","username":"loatist","w":"1","l":6,"t":"0","gxe":35.8,"r":"1404.9224659999","rd":"99.417646594838","sigma":"0","rptime":"1440406800","rpr":1386.3581459983,"rprd":96.305440207825,"rpsigma":"0","acre":1000.2546539042,"lacre":1000.2546539042,"oldacre":"1008.0687074215"},"endType":"normal"}