{"seed":[14035,30214,29071,53527],"turns":22,"p1":"Union Wevrm","p2":"jackker","p1team":[{"name":"Flygon","species":"Flygon","item":"choiceband","ability":"Levitate","moves":["earthquake","stoneedge","outrage","superpower"],"nature":"Jolly","evs":{"hp":0,"atk":252,"def":0,"spa":0,"spd":4,"spe":252},"ivs":{"hp":31,"atk":31,"def":31,"spa":31,"spd":31,"spe":31}},{"name":"Zygarde","species":"Zygarde","item":"leftovers","ability":"Aura Break","moves":["dragondance","extremespeed","rockslide","substitute"],"nature":"Adamant","evs":{"hp":0,"atk":252,"def":0,"spa":0,"spd":4,"spe":252},"ivs":{"hp":31,"atk":31,"def":31,"spa":31,"spd":31,"spe":31}},{"name":"Latios","species":"Latios","item":"latiosite","ability":"Levitate","moves":["dracometeor","psychic","thunderbolt","dragonpulse"],"nature":"Timid","evs":{"hp":0,"atk":0,"def":0,"spa":252,"spd":4,"spe":252},"ivs":{"hp":31,"atk":31,"def":31,"spa":31,"spd":31,"spe":31}},{"name":"Noivern","species":"Noivern","item":"choicespecs","ability":"Frisk","moves":["airslash","boomburst","dracometeor","flamethrower"],"nature":"Timid","evs":{"hp":0,"atk":0,"def":0,"spa":252,"spd":4,"spe":252},"ivs":{"hp":31,"atk":31,"def":31,"spa":31,"spd":31,"spe":31}},{"name":"Kingdra","species":"Kingdra","item":"leftovers","ability":"Sniper","moves":["dragondance","outrage","bounce","waterfall"],"nature":"Adamant","evs":{"hp":0,"atk":0,"def":0,"spa":0,"spd":4,"spe":252},"ivs":{"hp":31,"atk":31,"def":31,"spa":31,"spd":31,"spe":31}},{"name":"Hydreigon","species":"Hydreigon","item":"lifeorb","ability":"Levitate","moves":["crunch","dragonrush","flamethrower","steelwing"],"nature":"Hasty","evs":{"hp":0,"atk":252,"def":0,"spa":4,"spd":0,"spe":252},"ivs":{"hp":31,"atk":31,"def":31,"spa":31,"spd":31,"spe":31}}],"p2team":[{"name":"toges.copy","species":"cobalion","item":"leftovers","ability":"Justified","moves":["stealthrock","taunt","ironhead","thunderwave"],"nature":"Impish","evs":{"hp":252,"atk":0,"def":212,"spa":0,"spd":0,"spe":44},"ivs":{"hp":31,"atk":31,"def":31,"spa":31,"spd":31,"spe":31}},{"name":"beyblade","species":"hitmontop","item":"assaultvest","ability":"Intimidate","moves":["endeavor","seismictoss","suckerpunch","rapidspin"],"nature":"Careful","evs":{"hp":252,"atk":0,"def":16,"spa":0,"spd":240,"spe":0},"ivs":{"hp":31,"atk":31,"def":31,"spa":31,"spd":31,"spe":31}},{"name":"the.punk","species":"scrafty","item":"leftovers","ability":"Shed Skin","moves":["crunch","drainpunch","bulkup","icepunch"],"nature":"Careful","evs":{"hp":252,"atk":4,"def":0,"spa":0,"spd":252,"spe":0},"ivs":{"hp":31,"atk":31,"def":31,"spa":31,"spd":31,"spe":31}},{"name":"diddy.kong","species":"infernape","item":"focussash","ability":"Blaze","moves":["flamethrower","vacuumwave","encore","nastyplot"],"nature":"Timid","evs":{"hp":0,"atk":0,"def":0,"spa":252,"spd":0,"spe":252},"ivs":{"hp":31,"atk":31,"def":31,"spa":31,"spd":31,"spe":31}},{"name":"beetle.juice","species":"heracross","item":"heracronite","ability":"Moxie","moves":["bulletseed","rockblast","closecombat","pinmissile"],"nature":"Adamant","evs":{"hp":252,"atk":232,"def":24,"spa":0,"spd":0,"spe":0},"ivs":{"hp":31,"atk":31,"def":31,"spa":31,"spd":31,"spe":31}},{"name":"doggy","species":"terrakion","item":"choicescarf","ability":"Justified","moves":["earthquake","ironhead","stoneedge","closecombat"],"nature":"Adamant","evs":{"hp":0,"atk":252,"def":0,"spa":0,"spd":0,"spe":252},"ivs":{"hp":31,"atk":31,"def":31,"spa":31,"spd":31,"spe":31}}],"log":["|player|p1|Union Wevrm|unionwevrm.png","|player|p2|jackker|196","|gametype|singles","|gen|6","|tier|Monotype","|rated","|rule|Baton Pass Clause: Limit one Baton Passer, can't pass Spe and other stats simultaneously","|rule|Swagger Clause: Swagger is banned","|rule|Same Type Clause: Pokémon in a team must share a type","|clearpoke","|poke|p1|Flygon, F","|poke|p1|Zygarde","|poke|p1|Latios, M","|poke|p1|Noivern, M","|poke|p1|Kingdra, F","|poke|p1|Hydreigon, F","|poke|p2|Cobalion","|poke|p2|Hitmontop, M","|poke|p2|Scrafty, M","|poke|p2|Infernape, F","|poke|p2|Heracross, M","|poke|p2|Terrakion","|rule|Sleep Clause Mod: Limit one foe put to sleep","|rule|Species Clause: Limit one of each Pokémon","|rule|OHKO Clause: OHKO moves are banned","|rule|Moody Clause: Moody is banned","|rule|Evasion Moves Clause: Evasion moves are banned","|rule|Endless Battle Clause: Forcing endless battles is banned","|rule|HP Percentage Mod: HP is shown in percentages","|teampreview","|","|start","|switch|p1a: Flygon|Flygon, F|301/301","|switch|p2a: beetle.juice|Heracross, M|364/364","|turn|1","|","|detailschange|p2a: beetle.juice|Heracross-Mega, M","|-mega|p2a: beetle.juice|Heracross|Heracronite","|move|p1a: Flygon|Stone Edge|p2a: beetle.juice|[miss]","|-miss|p1a: Flygon|p2a: beetle.juice","|move|p2a: beetle.juice|Bullet Seed|p1a: Flygon","|-damage|p1a: Flygon|251/301","|-damage|p1a: Flygon|199/301","|-damage|p1a: Flygon|145/301","|-damage|p1a: Flygon|95/301","|-damage|p1a: Flygon|42/301","|-hitcount|p1a: Flygon|5","|","|turn|2","|","|switch|p2a: toges.copy|Cobalion|386/386","|move|p1a: Flygon|Stone Edge|p2a: toges.copy","|-crit|p2a: toges.copy","|-resisted|p2a: toges.copy","|-damage|p2a: toges.copy|350/386","|","|-heal|p2a: toges.copy|374/386|[from] item: Leftovers","|turn|3","|","|switch|p1a: Zygarde|Zygarde|357/357","|-ability|p1a: Zygarde|Aura Break","|move|p2a: toges.copy|Stealth Rock|p1a: Zygarde","|-sidestart|p1: Union Wevrm|move: Stealth Rock","|","|-heal|p2a: toges.copy|386/386|[from] item: Leftovers","|turn|4","|","|move|p1a: Zygarde|Substitute|p1a: Zygarde","|-start|p1a: Zygarde|Substitute","|-damage|p1a: Zygarde|268/357","|move|p2a: toges.copy|Taunt|p1a: Zygarde","|-start|p1a: Zygarde|move: Taunt","|","|-heal|p1a: Zygarde|290/357|[from] item: Leftovers","|turn|5","|","|switch|p2a: beyblade|Hitmontop, M|304/304","|-ability|p2a: beyblade|Intimidate","|-activate|p1a: Zygarde|Substitute|ability: Intimidate|[of] p2a: beyblade","|move|p1a: Zygarde|Rock Slide|p2a: beyblade","|-resisted|p2a: beyblade","|-damage|p2a: beyblade|264/304","|","|-heal|p1a: Zygarde|312/357|[from] item: Leftovers","|turn|6","|","|move|p1a: Zygarde|Extreme Speed|p2a: beyblade","|-damage|p2a: beyblade|169/304","|move|p2a: beyblade|Seismic Toss|p1a: Zygarde","|-end|p1a: Zygarde|Substitute","|","|-heal|p1a: Zygarde|334/357|[from] item: Leftovers","|turn|7","|","|move|p1a: Zygarde|Rock Slide|p2a: beyblade","|-resisted|p2a: beyblade","|-damage|p2a: beyblade|129/304","|move|p2a: beyblade|Endeavor|p1a: Zygarde","|-damage|p1a: Zygarde|129/357","|","|-heal|p1a: Zygarde|151/357|[from] item: Leftovers","|-end|p1a: Zygarde|move: Taunt","|turn|8","|","|move|p1a: Zygarde|Dragon Dance|p1a: Zygarde","|-boost|p1a: Zygarde|atk|1","|-boost|p1a: Zygarde|spe|1","|move|p2a: beyblade|Seismic Toss|p1a: Zygarde","|-damage|p1a: Zygarde|51/357","|","|-heal|p1a: Zygarde|73/357|[from] item: Leftovers","|turn|9","|","|move|p1a: Zygarde|Extreme Speed|p2a: beyblade","|-damage|p2a: beyblade|2/304","|move|p2a: beyblade|Seismic Toss|p1a: Zygarde","|-damage|p1a: Zygarde|0 fnt","|faint|p1a: Zygarde","|","|","|switch|p1a: Kingdra|Kingdra, F|291/291","|-damage|p1a: Kingdra|255/291|[from] Stealth Rock","|turn|10","|","|move|p1a: Kingdra|Dragon Dance|p1a: Kingdra","|-boost|p1a: Kingdra|atk|1","|-boost|p1a: Kingdra|spe|1","|move|p2a: beyblade|Endeavor|p1a: Kingdra","|-damage|p1a: Kingdra|2/291","|","|-heal|p1a: Kingdra|20/291|[from] item: Leftovers","|turn|11","|","|move|p2a: beyblade|Sucker Punch|p1a: Kingdra","|-damage|p1a: Kingdra|0 fnt","|faint|p1a: Kingdra","|","|","|switch|p1a: Latios|Latios, M|301/301","|-damage|p1a: Latios|264/301|[from] Stealth Rock","|turn|12","|","|detailschange|p1a: Latios|Latios-Mega, M","|-mega|p1a: Latios|Latios|Latiosite","|move|p2a: beyblade|Sucker Punch|p1a: Latios","|-supereffective|p1a: Latios","|-damage|p1a: Latios|150/301","|move|p1a: Latios|Dragon Pulse|p2a: beyblade","|-damage|p2a: beyblade|0 fnt","|faint|p2a: beyblade","|","|","|switch|p2a: the.punk|Scrafty, M|334/334","|turn|13","|","|move|p1a: Latios|Draco Meteor|p2a: the.punk","|-damage|p2a: the.punk|172/334","|-unboost|p1a: Latios|spa|2","|move|p2a: the.punk|Bulk Up|p2a: the.punk","|-boost|p2a: the.punk|atk|1","|-boost|p2a: the.punk|def|1","|","|-heal|p2a: the.punk|192/334|[from] item: Leftovers","|turn|14","|","|switch|p1a: Noivern|Noivern, M|311/311","|-damage|p1a: Noivern|234/311|[from] Stealth Rock","|-item|p2a: the.punk|Leftovers|[from] ability: Frisk|[of] p1a: Noivern|[identify]","|move|p2a: the.punk|Ice Punch|p1a: Noivern","|-supereffective|p1a: Noivern","|-damage|p1a: Noivern|0 fnt","|faint|p1a: Noivern","|","|-heal|p2a: the.punk|212/334|[from] item: Leftovers","|","|switch|p1a: Flygon|Flygon, F|42/301","|-damage|p1a: Flygon|24/301|[from] Stealth Rock","|turn|15","|","|move|p1a: Flygon|Superpower|p2a: the.punk","|-supereffective|p2a: the.punk","|-damage|p2a: the.punk|18/334","|-unboost|p1a: Flygon|atk|1","|-unboost|p1a: Flygon|def|1","|move|p2a: the.punk|Drain Punch|p1a: Flygon","|-damage|p1a: Flygon|0 fnt","|-heal|p2a: the.punk|30/334|[from] drain|[of] p1a: Flygon","|faint|p1a: Flygon","|","|-heal|p2a: the.punk|50/334|[from] item: Leftovers","|","|switch|p1a: Hydreigon|Hydreigon, F|325/325","|-damage|p1a: Hydreigon|285/325|[from] Stealth Rock","|turn|16","|","|move|p1a: Hydreigon|Steel Wing|p2a: the.punk","|-damage|p2a: the.punk|0 fnt","|-damage|p1a: Hydreigon|253/325|[from] item: Life Orb","|faint|p2a: the.punk","|","|","|switch|p2a: doggy|Terrakion|323/323","|turn|17","|","|move|p2a: doggy|Close Combat|p1a: Hydreigon","|-supereffective|p1a: Hydreigon","|-damage|p1a: Hydreigon|0 fnt","|-unboost|p2a: doggy|def|1","|-unboost|p2a: doggy|spd|1","|faint|p1a: Hydreigon","|","|","|switch|p1a: Latios|Latios-Mega, M|150/301","|-damage|p1a: Latios|113/301|[from] Stealth Rock","|turn|18","|","|switch|p2a: toges.copy|Cobalion|386/386","|move|p1a: Latios|Psychic|p2a: toges.copy","|-damage|p2a: toges.copy|143/386","|","|-heal|p2a: toges.copy|167/386|[from] item: Leftovers","|turn|19","|","|move|p1a: Latios|Psychic|p2a: toges.copy","|-damage|p2a: toges.copy|0 fnt","|faint|p2a: toges.copy","|","|","|switch|p2a: diddy.kong|Infernape, F|293/293","|turn|20","|","|move|p1a: Latios|Psychic|p2a: diddy.kong","|-supereffective|p2a: diddy.kong","|-enditem|p2a: diddy.kong|Focus Sash","|-damage|p2a: diddy.kong|1/293","|move|p2a: diddy.kong|Flamethrower|p1a: Latios","|-resisted|p1a: Latios","|-damage|p1a: Latios|23/301","|","|turn|21","|","|move|p1a: Latios|Dragon Pulse|p2a: diddy.kong","|-damage|p2a: diddy.kong|0 fnt","|faint|p2a: diddy.kong","|","|","|switch|p2a: doggy|Terrakion|323/323","|turn|22","|","|move|p2a: doggy|Close Combat|p1a: Latios","|-resisted|p1a: Latios","|-damage|p1a: Latios|0 fnt","|-unboost|p2a: doggy|def|1","|-unboost|p2a: doggy|spd|1","|faint|p1a: Latios","|","|win|jackker"],"p1rating":{"entryid":"373318","serverid":"eos","formatid":"monotype","userid":"unionwevrm","username":"Union Wevrm","w":"8","l":8,"t":"0","gxe":50.9,"r":"1498.8010721827","rd":"98.297024950931","sigma":"0","rptime":"1440406800","rpr":1507.0224301652,"rprd":75.315671083755,"rpsigma":"0","acre":1080.8735037718,"lacre":1080.8735037718,"oldacre":"1105.3543760343"},"p2rating":{"entryid":"395291","serverid":"eos","formatid":"monotype","userid":"jackker","username":"jackker","w":6,"l":"2","t":"0","gxe":62.6,"r":"1500","rd":"130","sigma":"0","rptime":"1440406800","rpr":1600.2113320454,"rprd":92.034521008054,"rpsigma":"0","acre":1137.0508234881,"lacre":1137.0508234881,"oldacre":"1112.5699512256"},"endType":"normal"}