{"seed":[40032,5644,55846,14475],"turns":28,"p1":"Cryѕtаl Rain","p2":"GTX♅Bzumzum","p1team":[{"name":"Hoopa-Unbound","species":"Hoopa-Unbound","item":"choicescarf","ability":"Magician","moves":["hyperspacefury","gunkshot","drainpunch","zenheadbutt"],"nature":"Jolly","evs":{"hp":0,"atk":252,"def":0,"spa":0,"spd":4,"spe":252},"ivs":{"hp":31,"atk":31,"def":31,"spa":31,"spd":31,"spe":31}},{"name":"Latias","species":"Latias","item":"lightclay","ability":"Levitate","moves":["lightscreen","reflect","psyshock","defog"],"nature":"Timid","evs":{"hp":248,"atk":0,"def":0,"spa":8,"spd":0,"spe":252},"ivs":{"hp":31,"atk":31,"def":31,"spa":31,"spd":31,"spe":31}},{"name":"Slowbro","species":"Slowbro","item":"leftovers","ability":"Regenerator","moves":["scald","slackoff","calmmind","thunderwave"],"nature":"Bold","evs":{"hp":252,"atk":0,"def":252,"spa":0,"spd":4,"spe":0},"ivs":{"hp":31,"atk":31,"def":31,"spa":31,"spd":31,"spe":31}},{"name":"Victini","species":"Victini","item":"choicescarf","ability":"Victory Star","moves":["boltstrike","vcreate","zenheadbutt","uturn"],"nature":"Jolly","evs":{"hp":0,"atk":252,"def":0,"spa":0,"spd":4,"spe":252},"ivs":{"hp":31,"atk":31,"def":31,"spa":31,"spd":31,"spe":31}},{"name":"Gallade","species":"Gallade","item":"galladite","ability":"Justified","moves":["drainpunch","psychocut","knockoff","shadowsneak"],"nature":"Adamant","evs":{"hp":0,"atk":252,"def":0,"spa":0,"spd":8,"spe":248},"ivs":{"hp":31,"atk":31,"def":31,"spa":31,"spd":31,"spe":31}},{"name":"Meloetta","species":"Meloetta","item":"assaultvest","ability":"Serene Grace","moves":["psychic","energyball","hypervoice","shadowball"],"nature":"Modest","evs":{"hp":248,"atk":0,"def":0,"spa":252,"spd":8,"spe":0},"ivs":{"hp":31,"atk":31,"def":31,"spa":31,"spd":31,"spe":31}}],"p2team":[{"name":"Elec","species":"manectric","item":"manectite","ability":"Lightning Rod","moves":["thunderbolt","hiddenpowerice","flamethrower","voltswitch"],"nature":"Timid","evs":{"hp":0,"atk":0,"def":0,"spa":252,"spd":4,"spe":252},"gender":"M","ivs":{"hp":31,"atk":30,"def":30,"spa":31,"spd":31,"spe":31}},{"name":"Breezer","species":"rotomfrost","item":"leftovers","ability":"Levitate","moves":["blizzard","painsplit","protect","willowisp"],"nature":"Bold","evs":{"hp":252,"atk":0,"def":28,"spa":228,"spd":0,"spe":0},"ivs":{"hp":31,"atk":31,"def":30,"spa":30,"spd":30,"spe":30},"shiny":true},{"name":"MY ZONE!!!","species":"magnezone","item":"choicespecs","ability":"Sturdy","moves":["hiddenpowerice","flashcannon","triattack","voltswitch"],"nature":"Timid","evs":{"hp":248,"atk":0,"def":0,"spa":252,"spd":0,"spe":8},"ivs":{"hp":31,"atk":30,"def":30,"spa":31,"spd":31,"spe":31},"shiny":true},{"name":"Thundurus","species":"Thundurus","item":"lifeorb","ability":"Prankster","moves":["grassknot","psychic","embargo","raindance"],"nature":"Timid","evs":{"hp":0,"atk":0,"def":4,"spa":252,"spd":0,"spe":252},"ivs":{"hp":31,"atk":30,"def":30,"spa":31,"spd":31,"spe":31},"shiny":true},{"name":"Zapz","species":"zapdos","item":"leftovers","ability":"Pressure","moves":["heatwave","roost","extrasensory","defog"],"nature":"Modest","evs":{"hp":252,"atk":0,"def":0,"spa":252,"spd":4,"spe":0},"shiny":true,"ivs":{"hp":31,"atk":31,"def":31,"spa":31,"spd":31,"spe":31}},{"name":"Plugg-in Failure","species":"electivire","item":"choicescarf","ability":"Vital Spirit","moves":["thunderpunch","earthquake","icepunch","rockslide"],"nature":"Jolly","evs":{"hp":0,"atk":252,"def":0,"spa":0,"spd":4,"spe":252},"gender":"M","shiny":true,"ivs":{"hp":31,"atk":31,"def":31,"spa":31,"spd":31,"spe":31}}],"log":["|player|p1|Cryѕtаl Rain|crystalraichu.png","|player|p2|GTX♅Bzumzum|225","|gametype|singles","|gen|6","|tier|Monotype","|rated","|rule|Baton Pass Clause: Limit one Baton Passer, can't pass Spe and other stats simultaneously","|rule|Swagger Clause: Swagger is banned","|rule|Same Type Clause: Pokémon in a team must share a type","|clearpoke","|poke|p1|Hoopa-Unbound","|poke|p1|Latias, F","|poke|p1|Slowbro, M","|poke|p1|Victini","|poke|p1|Gallade, M","|poke|p1|Meloetta","|poke|p2|Manectric, M","|poke|p2|Rotom-Frost, shiny","|poke|p2|Magnezone, shiny","|poke|p2|Thundurus, M, shiny","|poke|p2|Zapdos, shiny","|poke|p2|Electivire, M, shiny","|rule|Sleep Clause Mod: Limit one foe put to sleep","|rule|Species Clause: Limit one of each Pokémon","|rule|OHKO Clause: OHKO moves are banned","|rule|Moody Clause: Moody is banned","|rule|Evasion Moves Clause: Evasion moves are banned","|rule|Endless Battle Clause: Forcing endless battles is banned","|rule|HP Percentage Mod: HP is shown in percentages","|teampreview","|","|start","|switch|p1a: Victini|Victini|341/341","|switch|p2a: Plugg-in Failure|Electivire, M, shiny|291/291","|turn|1","|","|move|p1a: Victini|U-turn|p2a: Plugg-in Failure","|-damage|p2a: Plugg-in Failure|191/291","|","|switch|p1a: Latias|Latias, F|363/363","|move|p2a: Plugg-in Failure|Earthquake|p1a: Latias","|-immune|p1a: Latias|[msg]","|","|turn|2","|","|switch|p2a: Zapz|Zapdos, shiny|384/384","|-ability|p2a: Zapz|Pressure","|move|p1a: Latias|Reflect|p1a: Latias","|-sidestart|p1: Cryѕtаl Rain|Reflect","|","|turn|3","|","|move|p1a: Latias|Light Screen|p1a: Latias","|-sidestart|p1: Cryѕtаl Rain|move: Light Screen","|move|p2a: Zapz|Heat Wave|p1a: Latias","|-resisted|p1a: Latias","|-damage|p1a: Latias|341/363","|","|turn|4","|","|move|p1a: Latias|Psyshock|p2a: Zapz","|-damage|p2a: Zapz|266/384","|move|p2a: Zapz|Defog|p1a: Latias","|-unboost|p1a: Latias|evasion|1","|-sideend|p1: Cryѕtаl Rain|Reflect","|-sideend|p1: Cryѕtаl Rain|move: Light Screen","|","|-heal|p2a: Zapz|290/384|[from] item: Leftovers","|turn|5","|","|move|p1a: Latias|Light Screen|p1a: Latias","|-sidestart|p1: Cryѕtаl Rain|move: Light Screen","|move|p2a: Zapz|Heat Wave|p1a: Latias","|-resisted|p1a: Latias","|-damage|p1a: Latias|317/363","|","|-heal|p2a: Zapz|314/384|[from] item: Leftovers","|turn|6","|","|switch|p1a: Hoopa-Unbound|Hoopa-Unbound|301/301","|move|p2a: Zapz|Defog|p1a: Hoopa-Unbound","|-unboost|p1a: Hoopa-Unbound|evasion|1","|-sideend|p1: Cryѕtаl Rain|move: Light Screen","|","|-heal|p2a: Zapz|338/384|[from] item: Leftovers","|turn|7","|","|move|p1a: Hoopa-Unbound|Hyperspace Fury|p2a: Zapz","|-crit|p2a: Zapz","|-damage|p2a: Zapz|0 fnt","|-unboost|p1a: Hoopa-Unbound|def|1","|faint|p2a: Zapz","|","|","|switch|p2a: Plugg-in Failure|Electivire, M, shiny|191/291","|turn|8","|","|switch|p1a: Latias|Latias, F|317/363","|move|p2a: Plugg-in Failure|Thunder Punch|p1a: Latias","|-resisted|p1a: Latias","|-damage|p1a: Latias|248/363","|","|turn|9","|","|move|p2a: Plugg-in Failure|Thunder Punch|p1a: Latias","|-resisted|p1a: Latias","|-damage|p1a: Latias|179/363","|move|p1a: Latias|Reflect|p1a: Latias","|-sidestart|p1: Cryѕtаl Rain|Reflect","|","|turn|10","|","|move|p2a: Plugg-in Failure|Thunder Punch|p1a: Latias","|-resisted|p1a: Latias","|-damage|p1a: Latias|144/363","|move|p1a: Latias|Light Screen|p1a: Latias","|-sidestart|p1: Cryѕtаl Rain|move: Light Screen","|","|turn|11","|","|switch|p2a: Breezer|Rotom-Frost, shiny|304/304","|move|p1a: Latias|Psyshock|p2a: Breezer","|-damage|p2a: Breezer|216/304","|","|-heal|p2a: Breezer|235/304|[from] item: Leftovers","|turn|12","|","|switch|p1a: Victini|Victini|341/341","|move|p2a: Breezer|Will-O-Wisp|p1a: Victini","|-immune|p1a: Victini|[msg]","|","|-heal|p2a: Breezer|254/304|[from] item: Leftovers","|turn|13","|","|move|p2a: Breezer|Protect|p2a: Breezer","|-singleturn|p2a: Breezer|Protect","|move|p1a: Victini|V-create|p2a: Breezer","|-activate|p2a: Breezer|Protect","|","|-heal|p2a: Breezer|273/304|[from] item: Leftovers","|turn|14","|","|switch|p2a: MY ZONE!!!|Magnezone, shiny|343/343","|move|p1a: Victini|V-create|p2a: MY ZONE!!!","|-supereffective|p2a: MY ZONE!!!","|-ability|p2a: MY ZONE!!!|Sturdy","|-damage|p2a: MY ZONE!!!|1/343","|-unboost|p1a: Victini|spe|1","|-unboost|p1a: Victini|def|1","|-unboost|p1a: Victini|spd|1","|","|turn|15","|","|move|p1a: Victini|V-create|p2a: MY ZONE!!!","|-supereffective|p2a: MY ZONE!!!","|-damage|p2a: MY ZONE!!!|0 fnt","|-unboost|p1a: Victini|spe|1","|-unboost|p1a: Victini|def|1","|-unboost|p1a: Victini|spd|1","|faint|p2a: MY ZONE!!!","|","|","|switch|p2a: Thundurus|Thundurus, M, shiny|299/299","|turn|16","|","|switch|p1a: Latias|Latias, F|144/363","|move|p2a: Thundurus|Rain Dance|p2a: Thundurus","|-weather|RainDance","|","|-weather|RainDance|[upkeep]","|-sideend|p1: Cryѕtаl Rain|Reflect","|turn|17","|","|move|p2a: Thundurus|Psychic|p1a: Latias","|-resisted|p1a: Latias","|-damage|p1a: Latias|118/363","|-damage|p2a: Thundurus|270/299|[from] item: Life Orb","|move|p1a: Latias|Psyshock|p2a: Thundurus","|-damage|p2a: Thundurus|141/299","|","|-weather|RainDance|[upkeep]","|-sideend|p1: Cryѕtаl Rain|move: Light Screen","|turn|18","|","|switch|p2a: Elec|Manectric, M|281/281","|move|p1a: Latias|Light Screen|p1a: Latias","|-sidestart|p1: Cryѕtаl Rain|move: Light Screen","|","|-weather|RainDance|[upkeep]","|turn|19","|","|detailschange|p2a: Elec|Manectric-Mega, M","|-mega|p2a: Elec|Manectric|Manectite","|-ability|p2a: Elec|Intimidate","|-unboost|p1a: Latias|atk|1","|move|p1a: Latias|Psyshock|p2a: Elec","|-damage|p2a: Elec|160/281","|move|p2a: Elec|Hidden Power|p1a: Latias","|-crit|p1a: Latias","|-supereffective|p1a: Latias","|-damage|p1a: Latias|0 fnt","|faint|p1a: Latias","|","|-weather|RainDance|[upkeep]","|","|switch|p1a: Hoopa-Unbound|Hoopa-Unbound|301/301","|turn|20","|","|move|p1a: Hoopa-Unbound|Hyperspace Fury|p2a: Elec","|-damage|p2a: Elec|0 fnt","|-unboost|p1a: Hoopa-Unbound|def|1","|faint|p2a: Elec","|","|-weather|none","|","|switch|p2a: Plugg-in Failure|Electivire, M, shiny|191/291","|turn|21","|","|switch|p1a: Victini|Victini|341/341","|move|p2a: Plugg-in Failure|Rock Slide|p1a: Victini","|-supereffective|p1a: Victini","|-damage|p1a: Victini|155/341","|","|turn|22","|","|move|p1a: Victini|V-create|p2a: Plugg-in Failure","|-damage|p2a: Plugg-in Failure|0 fnt","|-unboost|p1a: Victini|spe|1","|-unboost|p1a: Victini|def|1","|-unboost|p1a: Victini|spd|1","|faint|p2a: Plugg-in Failure","|","|","|switch|p2a: Thundurus|Thundurus, M, shiny|141/299","|turn|23","|","|move|p2a: Thundurus|Rain Dance|p2a: Thundurus","|-weather|RainDance","|move|p1a: Victini|V-create|p2a: Thundurus","|-damage|p2a: Thundurus|0 fnt","|-unboost|p1a: Victini|spe|1","|-unboost|p1a: Victini|def|1","|-unboost|p1a: Victini|spd|1","|faint|p2a: Thundurus","|","|-weather|RainDance|[upkeep]","|","|switch|p2a: Breezer|Rotom-Frost, shiny|273/304","|turn|24","|","|move|p1a: Victini|V-create|p2a: Breezer","|-supereffective|p2a: Breezer","|-damage|p2a: Breezer|31/304","|-unboost|p1a: Victini|spe|1","|-unboost|p1a: Victini|def|1","|-unboost|p1a: Victini|spd|1","|move|p2a: Breezer|Blizzard|p1a: Victini","|-resisted|p1a: Victini","|-damage|p1a: Victini|61/341","|","|-weather|RainDance|[upkeep]","|-heal|p2a: Breezer|50/304|[from] item: Leftovers","|turn|25","|","|move|p2a: Breezer|Protect|p2a: Breezer","|-singleturn|p2a: Breezer|Protect","|move|p1a: Victini|V-create|p2a: Breezer","|-activate|p2a: Breezer|Protect","|","|-weather|RainDance|[upkeep]","|-heal|p2a: Breezer|69/304|[from] item: Leftovers","|-sideend|p1: Cryѕtаl Rain|move: Light Screen","|turn|26","|","|move|p2a: Breezer|Protect|p2a: Breezer","|-singleturn|p2a: Breezer|Protect","|move|p1a: Victini|V-create|p2a: Breezer","|-activate|p2a: Breezer|Protect","|","|-weather|RainDance|[upkeep]","|-heal|p2a: Breezer|88/304|[from] item: Leftovers","|turn|27","|","|move|p2a: Breezer|Blizzard|p1a: Victini","|-miss|p2a: Breezer|p1a: Victini","|-activate|p1a: Victini|move: Struggle","|move|p1a: Victini|Struggle|p2a: Breezer","|-damage|p2a: Breezer|42/304","|-damage|p1a: Victini|0 fnt|[from] recoil","|faint|p1a: Victini","|","|-weather|none","|-heal|p2a: Breezer|61/304|[from] item: Leftovers","|","|switch|p1a: Gallade|Gallade, M|277/277","|turn|28","|","|detailschange|p1a: Gallade|Gallade-Mega, M","|-mega|p1a: Gallade|Gallade|Galladite","|move|p1a: Gallade|Drain Punch|p2a: Breezer","|-supereffective|p2a: Breezer","|-damage|p2a: Breezer|0 fnt","|faint|p2a: Breezer","|","|win|Cryѕtаl Rain"],"p1rating":{"entryid":"372740","serverid":"eos","formatid":"monotype","userid":"crytlrain","username":"Cryѕtаl Rain","w":5,"l":"2","t":"0","gxe":55.5,"r":"1528.1162292296","rd":"98.62203470296","sigma":"0","rptime":"1440406800","rpr":1543.2407799982,"rprd":95.570936502586,"rpsigma":"0","acre":1123.4186733319,"lacre":1123.4186733319,"oldacre":"1102.2170121605"},"p2rating":{"entryid":"1463","serverid":"eos","formatid":"monotype","userid":"gtxbzumzum","username":"GTX♅Bzumzum","w":"17","l":38,"t":"0","gxe":32.2,"r":"1371.7255151614","rd":"50.612050208139","sigma":"0","rptime":"1440406800","rpr":1359.004410702,"rprd":49.427423845645,"rpsigma":"0","acre":1034.3017514151,"lacre":1034.3017514151,"oldacre":"1049.0179931799"},"endType":"normal"}