{"seed":[43453,65164,30303,31224],"turns":36,"p1":"Guard Wanderer","p2":"Ready4Fredbear?","p1team":[{"name":"Toxitoad","species":"toxicroak","item":"blacksludge","ability":"Dry Skin","moves":["bulkup","drainpunch","gunkshot","suckerpunch"],"nature":"Adamant","evs":{"hp":252,"atk":252,"def":0,"spa":0,"spd":4,"spe":0},"ivs":{"hp":31,"atk":31,"def":31,"spa":31,"spd":31,"spe":31}},{"name":"Tentarude","species":"tentacruel","item":"assaultvest","ability":"Liquid Ooze","moves":["scald","acidspray","gigadrain","hex"],"nature":"Timid","evs":{"hp":4,"atk":0,"def":0,"spa":252,"spd":0,"spe":252},"ivs":{"hp":31,"atk":31,"def":31,"spa":31,"spd":31,"spe":31}},{"name":"Asthma","species":"weezing","item":"sitrusberry","ability":"Levitate","moves":["raindance","willowisp","thief","toxicspikes"],"nature":"Careful","evs":{"hp":248,"atk":8,"def":0,"spa":0,"spd":252,"spe":0},"ivs":{"hp":31,"atk":31,"def":31,"spa":31,"spd":31,"spe":31}},{"name":"Sal","species":"gengar","item":"choicescarf","ability":"Levitate","moves":["hex","venoshock","trick","destinybond"],"nature":"Timid","evs":{"hp":4,"atk":0,"def":0,"spa":252,"spd":0,"spe":252},"ivs":{"hp":31,"atk":30,"def":30,"spa":31,"spd":31,"spe":31}},{"name":"Slowbat","species":"crobat","item":"whiteherb","ability":"Infiltrator","moves":["curse","acrobatics","roost","hypnosis"],"nature":"Jolly","evs":{"hp":252,"atk":4,"def":0,"spa":0,"spd":0,"spe":252},"ivs":{"hp":31,"atk":31,"def":31,"spa":31,"spd":31,"spe":31}},{"name":"Skuntank","species":"Skuntank","item":"lumberry","ability":"Aftermath","moves":["snatch","poisonjab","suckerpunch","raindance"],"nature":"Adamant","evs":{"hp":248,"atk":252,"def":0,"spa":0,"spd":8,"spe":0},"ivs":{"hp":31,"atk":31,"def":31,"spa":31,"spd":31,"spe":31}}],"p2team":[{"name":"Loki","species":"sableye","item":"sablenite","ability":"Prankster","moves":["calmmind","recover","willowisp","snarl"],"nature":"Bold","evs":{"hp":252,"atk":0,"def":196,"spa":0,"spd":60,"spe":0},"gender":"M","ivs":{"hp":31,"atk":31,"def":31,"spa":31,"spd":31,"spe":31}},{"name":"Sobek","species":"tyranitar","item":"leftovers","ability":"Sand Stream","moves":["stoneedge","fireblast","stealthrock","thunderwave"],"nature":"Brave","evs":{"hp":252,"atk":56,"def":0,"spa":0,"spd":200,"spe":0},"gender":"M","ivs":{"hp":31,"atk":31,"def":31,"spa":31,"spd":31,"spe":31}},{"name":"Eros","species":"hoopaunbound","item":"choicescarf","ability":"Magician","moves":["hyperspacefury","hyperspacehole","gunkshot","energyball"],"nature":"Hasty","evs":{"hp":0,"atk":180,"def":0,"spa":76,"spd":0,"spe":252},"ivs":{"hp":31,"atk":31,"def":31,"spa":31,"spd":31,"spe":31}},{"name":"Akkorokamui","species":"crawdaunt","item":"lifeorb","ability":"Adaptability","moves":["knockoff","aquajet","swordsdance","crabhammer"],"nature":"Adamant","evs":{"hp":0,"atk":252,"def":0,"spa":0,"spd":4,"spe":252},"ivs":{"hp":31,"atk":31,"def":31,"spa":31,"spd":31,"spe":31}},{"name":"Urubutsin","species":"mandibuzz","item":"rockyhelmet","ability":"Overcoat","moves":["bravebird","foulplay","roost","defog"],"nature":"Impish","evs":{"hp":248,"atk":8,"def":252,"spa":0,"spd":0,"spe":0},"ivs":{"hp":31,"atk":31,"def":31,"spa":31,"spd":31,"spe":31}},{"name":"The Golem of Vilna","species":"bisharp","item":"lumberry","ability":"Defiant","moves":["swordsdance","knockoff","ironhead","suckerpunch"],"nature":"Adamant","evs":{"hp":0,"atk":252,"def":0,"spa":0,"spd":4,"spe":252},"gender":"M","ivs":{"hp":31,"atk":31,"def":31,"spa":31,"spd":31,"spe":31}}],"log":["|player|p1|Guard Wanderer|235","|player|p2|Ready4Fredbear?|149","|gametype|singles","|gen|6","|tier|Monotype","|rated","|rule|Baton Pass Clause: Limit one Baton Passer, can't pass Spe and other stats simultaneously","|rule|Swagger Clause: Swagger is banned","|rule|Same Type Clause: Pokémon in a team must share a type","|clearpoke","|poke|p1|Toxicroak, M","|poke|p1|Tentacruel, M","|poke|p1|Weezing, F","|poke|p1|Gengar, M","|poke|p1|Crobat, F","|poke|p1|Skuntank, F","|poke|p2|Sableye, M","|poke|p2|Tyranitar, M","|poke|p2|Hoopa-Unbound","|poke|p2|Crawdaunt, F","|poke|p2|Mandibuzz, F","|poke|p2|Bisharp, M","|rule|Sleep Clause Mod: Limit one foe put to sleep","|rule|Species Clause: Limit one of each Pokémon","|rule|OHKO Clause: OHKO moves are banned","|rule|Moody Clause: Moody is banned","|rule|Evasion Moves Clause: Evasion moves are banned","|rule|Endless Battle Clause: Forcing endless battles is banned","|rule|HP Percentage Mod: HP is shown in percentages","|teampreview","|","|start","|switch|p1a: Asthma|Weezing, F|333/333","|switch|p2a: Loki|Sableye, M|304/304","|turn|1","|","|move|p2a: Loki|Calm Mind|p2a: Loki","|-boost|p2a: Loki|spa|1","|-boost|p2a: Loki|spd|1","|move|p1a: Asthma|Thief|p2a: Loki","|-damage|p2a: Loki|267/304","|","|turn|2","|","|move|p2a: Loki|Calm Mind|p2a: Loki","|-boost|p2a: Loki|spa|1","|-boost|p2a: Loki|spd|1","|move|p1a: Asthma|Toxic Spikes|p2a: Loki","|-sidestart|p2: Ready4Fredbear?|move: Toxic Spikes","|","|turn|3","|","|move|p2a: Loki|Calm Mind|p2a: Loki","|-boost|p2a: Loki|spa|1","|-boost|p2a: Loki|spd|1","|move|p1a: Asthma|Toxic Spikes|p2a: Loki","|-sidestart|p2: Ready4Fredbear?|move: Toxic Spikes","|","|turn|4","|","|move|p2a: Loki|Calm Mind|p2a: Loki","|-boost|p2a: Loki|spa|1","|-boost|p2a: Loki|spd|1","|move|p1a: Asthma|Will-O-Wisp|p2a: Loki","|-status|p2a: Loki|brn","|","|-damage|p2a: Loki|229/304 brn|[from] brn","|turn|5","|","|move|p2a: Loki|Calm Mind|p2a: Loki","|-boost|p2a: Loki|spa|1","|-boost|p2a: Loki|spd|1","|move|p1a: Asthma|Rain Dance|p1a: Asthma","|-weather|RainDance","|","|-weather|RainDance|[upkeep]","|-damage|p2a: Loki|191/304 brn|[from] brn","|turn|6","|","|switch|p1a: Tentarude|Tentacruel, M|302/302","|move|p2a: Loki|Recover|p2a: Loki","|-heal|p2a: Loki|304/304 brn","|","|-weather|RainDance|[upkeep]","|-damage|p2a: Loki|266/304 brn|[from] brn","|turn|7","|","|move|p1a: Tentarude|Acid Spray|p2a: Loki","|-resisted|p2a: Loki","|-damage|p2a: Loki|256/304 brn","|-unboost|p2a: Loki|spd|2","|move|p2a: Loki|Snarl|p1a: Tentarude","|-damage|p1a: Tentarude|214/302","|-unboost|p1a: Tentarude|spa|1","|","|-weather|RainDance|[upkeep]","|-damage|p2a: Loki|218/304 brn|[from] brn","|turn|8","|","|move|p2a: Loki|Calm Mind|p2a: Loki","|-boost|p2a: Loki|spa|1","|-boost|p2a: Loki|spd|1","|move|p1a: Tentarude|Acid Spray|p2a: Loki","|-resisted|p2a: Loki","|-damage|p2a: Loki|209/304 brn","|-unboost|p2a: Loki|spd|2","|","|-weather|RainDance|[upkeep]","|-damage|p2a: Loki|171/304 brn|[from] brn","|turn|9","|","|switch|p1a: Skuntank|Skuntank, F|409/409","|move|p2a: Loki|Recover|p2a: Loki","|-heal|p2a: Loki|304/304 brn","|","|-weather|none","|-damage|p2a: Loki|266/304 brn|[from] brn","|turn|10","|","|move|p1a: Skuntank|Snatch|p1a: Skuntank","|-singleturn|p1a: Skuntank|Snatch","|move|p2a: Loki|Calm Mind|p2a: Loki","|-activate|p1a: Skuntank|Snatch|[of] p2a: Loki","|move|p1a: Skuntank|Calm Mind|p1a: Skuntank|[from]Snatch","|-boost|p1a: Skuntank|spa|1","|-boost|p1a: Skuntank|spd|1","|","|-damage|p2a: Loki|228/304 brn|[from] brn","|turn|11","|","|move|p1a: Skuntank|Snatch|p1a: Skuntank","|-singleturn|p1a: Skuntank|Snatch","|move|p2a: Loki|Will-O-Wisp|p1a: Skuntank|[miss]","|-miss|p2a: Loki|p1a: Skuntank","|","|-damage|p2a: Loki|190/304 brn|[from] brn","|turn|12","|","|move|p2a: Loki|Recover|p2a: Loki","|-heal|p2a: Loki|304/304 brn","|move|p1a: Skuntank|Poison Jab|p2a: Loki","|-resisted|p2a: Loki","|-damage|p2a: Loki|242/304 brn","|","|-damage|p2a: Loki|204/304 brn|[from] brn","|turn|13","|","|move|p2a: Loki|Recover|p2a: Loki","|-heal|p2a: Loki|304/304 brn","|move|p1a: Skuntank|Poison Jab|p2a: Loki","|-resisted|p2a: Loki","|-damage|p2a: Loki|250/304 brn","|","|-damage|p2a: Loki|212/304 brn|[from] brn","|turn|14","|","|move|p2a: Loki|Calm Mind|p2a: Loki","|-boost|p2a: Loki|spd|1","|move|p1a: Skuntank|Poison Jab|p2a: Loki","|-crit|p2a: Loki","|-resisted|p2a: Loki","|-damage|p2a: Loki|134/304 brn","|","|-damage|p2a: Loki|96/304 brn|[from] brn","|turn|15","|","|move|p1a: Skuntank|Snatch|p1a: Skuntank","|-singleturn|p1a: Skuntank|Snatch","|move|p2a: Loki|Recover|p2a: Loki","|-activate|p1a: Skuntank|Snatch|[of] p2a: Loki","|move|p1a: Skuntank|Recover|p1a: Skuntank|[from]Snatch","|-fail|p1a: Skuntank","|","|-damage|p2a: Loki|58/304 brn|[from] brn","|turn|16","|","|move|p1a: Skuntank|Snatch|p1a: Skuntank","|-singleturn|p1a: Skuntank|Snatch","|move|p2a: Loki|Recover|p2a: Loki","|-activate|p1a: Skuntank|Snatch|[of] p2a: Loki","|move|p1a: Skuntank|Recover|p1a: Skuntank|[from]Snatch","|-fail|p1a: Skuntank","|","|-damage|p2a: Loki|20/304 brn|[from] brn","|turn|17","|","|detailschange|p2a: Loki|Sableye-Mega, M","|-mega|p2a: Loki|Sableye|Sablenite","|move|p1a: Skuntank|Snatch|p1a: Skuntank","|-singleturn|p1a: Skuntank|Snatch","|move|p2a: Loki|Recover|p2a: Loki","|-activate|p1a: Skuntank|Snatch|[of] p2a: Loki","|move|p1a: Skuntank|Recover|p1a: Skuntank|[from]Snatch","|-fail|p1a: Skuntank","|","|-damage|p2a: Loki|0 fnt|[from] brn","|faint|p2a: Loki","|","|switch|p2a: Sobek|Tyranitar, M|404/404","|-status|p2a: Sobek|tox","|-weather|Sandstorm","|turn|18","|","|switch|p2a: Akkorokamui|Crawdaunt, F|267/267","|-status|p2a: Akkorokamui|tox","|move|p1a: Skuntank|Rain Dance|p1a: Skuntank","|-weather|RainDance","|","|-weather|RainDance|[upkeep]","|-damage|p2a: Akkorokamui|251/267 tox|[from] psn","|turn|19","|","|move|p1a: Skuntank|Snatch|p1a: Skuntank","|-singleturn|p1a: Skuntank|Snatch","|move|p2a: Akkorokamui|Swords Dance|p2a: Akkorokamui","|-activate|p1a: Skuntank|Snatch|[of] p2a: Akkorokamui","|move|p1a: Skuntank|Swords Dance|p1a: Skuntank|[from]Snatch","|-boost|p1a: Skuntank|atk|2","|","|-weather|RainDance|[upkeep]","|-damage|p2a: Akkorokamui|219/267 tox|[from] psn","|turn|20","|","|move|p2a: Akkorokamui|Aqua Jet|p1a: Skuntank","|-damage|p1a: Skuntank|159/409","|-damage|p2a: Akkorokamui|193/267 tox|[from] item: Life Orb","|move|p1a: Skuntank|Poison Jab|p2a: Akkorokamui","|-damage|p2a: Akkorokamui|0 fnt","|faint|p2a: Akkorokamui","|","|-weather|RainDance|[upkeep]","|","|switch|p2a: The Golem of Vilna|Bisharp, M|271/271","|turn|21","|","|move|p2a: The Golem of Vilna|Sucker Punch|p1a: Skuntank","|-resisted|p1a: Skuntank","|-damage|p1a: Skuntank|51/409","|move|p1a: Skuntank|Sucker Punch|p2a: The Golem of Vilna","|-fail|p1a: Skuntank","|","|-weather|RainDance|[upkeep]","|turn|22","|","|switch|p1a: Asthma|Weezing, F|333/333","|move|p2a: The Golem of Vilna|Sucker Punch|p1a: Asthma","|-fail|p2a: The Golem of Vilna","|","|-weather|none","|turn|23","|","|move|p2a: The Golem of Vilna|Swords Dance|p2a: The Golem of Vilna","|-boost|p2a: The Golem of Vilna|atk|2","|move|p1a: Asthma|Will-O-Wisp|p2a: The Golem of Vilna","|-status|p2a: The Golem of Vilna|brn","|-enditem|p2a: The Golem of Vilna|Lum Berry|[eat]","|-curestatus|p2a: The Golem of Vilna|brn","|","|turn|24","|","|move|p2a: The Golem of Vilna|Swords Dance|p2a: The Golem of Vilna","|-boost|p2a: The Golem of Vilna|atk|2","|move|p1a: Asthma|Will-O-Wisp|p2a: The Golem of Vilna","|-status|p2a: The Golem of Vilna|brn","|","|-damage|p2a: The Golem of Vilna|238/271 brn|[from] brn","|turn|25","|","|move|p2a: The Golem of Vilna|Knock Off|p1a: Asthma","|-damage|p1a: Asthma|93/333","|-enditem|p1a: Asthma|Sitrus Berry|[from] move: Knock Off|[of] p2a: The Golem of Vilna","|move|p1a: Asthma|Rain Dance|p1a: Asthma","|-weather|RainDance","|","|-weather|RainDance|[upkeep]","|-damage|p2a: The Golem of Vilna|205/271 brn|[from] brn","|turn|26","|","|move|p2a: The Golem of Vilna|Knock Off|p1a: Asthma","|-damage|p1a: Asthma|0 fnt","|faint|p1a: Asthma","|","|-weather|RainDance|[upkeep]","|-damage|p2a: The Golem of Vilna|172/271 brn|[from] brn","|","|switch|p1a: Toxitoad|Toxicroak, M|370/370","|turn|27","|","|move|p2a: The Golem of Vilna|Iron Head|p1a: Toxitoad","|-crit|p1a: Toxitoad","|-damage|p1a: Toxitoad|0 fnt","|faint|p1a: Toxitoad","|","|-weather|RainDance|[upkeep]","|-damage|p2a: The Golem of Vilna|139/271 brn|[from] brn","|","|switch|p1a: Sal|Gengar, M|262/262","|turn|28","|","|move|p1a: Sal|Destiny Bond|p1a: Sal","|-singlemove|p1a: Sal|Destiny Bond","|move|p2a: The Golem of Vilna|Knock Off|p1a: Sal","|-supereffective|p1a: Sal","|-damage|p1a: Sal|0 fnt","|-enditem|p1a: Sal|Choice Scarf|[from] move: Knock Off|[of] p2a: The Golem of Vilna","|faint|p1a: Sal","|-activate|p1a: Sal|Destiny Bond","|faint|p2a: The Golem of Vilna","|","|-weather|RainDance|[upkeep]","|","|switch|p1a: Tentarude|Tentacruel, M|214/302","|switch|p2a: Urubutsin|Mandibuzz, F|423/423","|turn|29","|","|move|p1a: Tentarude|Scald|p2a: Urubutsin","|-damage|p2a: Urubutsin|273/423","|-status|p2a: Urubutsin|brn","|move|p2a: Urubutsin|Brave Bird|p1a: Tentarude","|-damage|p1a: Tentarude|145/302","|-damage|p2a: Urubutsin|250/423 brn|[from] recoil|[of] p1a: Tentarude","|","|-weather|none","|-damage|p2a: Urubutsin|198/423 brn|[from] brn","|turn|30","|","|move|p1a: Tentarude|Acid Spray|p2a: Urubutsin","|-damage|p2a: Urubutsin|144/423 brn","|-unboost|p2a: Urubutsin|spd|2","|move|p2a: Urubutsin|Roost|p2a: Urubutsin","|-heal|p2a: Urubutsin|356/423 brn","|","|-damage|p2a: Urubutsin|304/423 brn|[from] brn","|turn|31","|","|move|p1a: Tentarude|Scald|p2a: Urubutsin","|-damage|p2a: Urubutsin|85/423 brn","|move|p2a: Urubutsin|Foul Play|p1a: Tentarude","|-damage|p1a: Tentarude|91/302","|","|-damage|p2a: Urubutsin|33/423 brn|[from] brn","|turn|32","|","|move|p1a: Tentarude|Giga Drain|p2a: Urubutsin","|-resisted|p2a: Urubutsin","|-damage|p2a: Urubutsin|0 fnt","|-heal|p1a: Tentarude|108/302|[from] drain|[of] p2a: Urubutsin","|faint|p2a: Urubutsin","|","|","|switch|p2a: Eros|Hoopa-Unbound|301/301","|-status|p2a: Eros|tox","|turn|33","|","|move|p2a: Eros|Hyperspace Fury|p1a: Tentarude","|-damage|p1a: Tentarude|0 fnt","|-unboost|p2a: Eros|def|1","|faint|p1a: Tentarude","|","|-damage|p2a: Eros|283/301 tox|[from] psn","|","|switch|p1a: Slowbat|Crobat, F|374/374","|turn|34","|","|move|p2a: Eros|Hyperspace Fury|p1a: Slowbat","|-damage|p1a: Slowbat|131/374","|-unboost|p2a: Eros|def|1","|move|p1a: Slowbat|Curse|p1a: Slowbat","|-unboost|p1a: Slowbat|spe|1","|-boost|p1a: Slowbat|atk|1","|-boost|p1a: Slowbat|def|1","|-enditem|p1a: Slowbat|White Herb","|-restoreboost|p1a: Slowbat|[silent]","|","|-damage|p2a: Eros|247/301 tox|[from] psn","|turn|35","|","|move|p2a: Eros|Hyperspace Fury|p1a: Slowbat","|-damage|p1a: Slowbat|0 fnt","|-unboost|p2a: Eros|def|1","|faint|p1a: Slowbat","|","|-damage|p2a: Eros|193/301 tox|[from] psn","|","|switch|p1a: Skuntank|Skuntank, F|51/409","|turn|36","|","|move|p2a: Eros|Hyperspace Fury|p1a: Skuntank","|-resisted|p1a: Skuntank","|-damage|p1a: Skuntank|0 fnt","|-unboost|p2a: Eros|def|1","|faint|p1a: Skuntank","|","|win|Ready4Fredbear?"],"p1rating":{"entryid":"9966","serverid":"eos","formatid":"monotype","userid":"guardwanderer","username":"Guard Wanderer","w":"19","l":26,"t":"0","gxe":44,"r":"1460.2300294704","rd":"51.851987647183","sigma":"0","rptime":"1440406800","rpr":1453.9488344555,"rprd":51.370797437837,"rpsigma":"0","acre":1078.0629217282,"lacre":1078.0629217282,"oldacre":"1107.4689170464"},"p2rating":{"entryid":"393868","serverid":"eos","formatid":"monotype","userid":"ready4fredbear","username":"Ready4Fredbear?","w":4,"l":"4","t":"0","gxe":48.3,"r":"1500","rd":"130","sigma":"0","rptime":"1440406800","rpr":1486.7306767636,"rprd":92.840003600768,"rpsigma":"0","acre":1084.5966065573,"lacre":1084.5966065573,"oldacre":"1045.5908864004"},"endType":"normal"}