{"seed":[62812,49743,52568,27781],"turns":29,"p1":"Alliance - Mxy","p2":"SlyZix","p1team":[{"name":"Beedrill","species":"Beedrill","item":"beedrillite","ability":"Swarm","moves":["uturn","poisonjab","knockoff","protect"],"nature":"Jolly","evs":{"hp":0,"atk":252,"def":0,"spa":0,"spd":4,"spe":252},"ivs":{"hp":31,"atk":31,"def":31,"spa":31,"spd":31,"spe":31}},{"name":"Weezing","species":"Weezing","item":"blacksludge","ability":"Levitate","moves":["fireblast","sludgewave","willowisp","painsplit"],"nature":"Bold","evs":{"hp":248,"atk":0,"def":252,"spa":8,"spd":0,"spe":0},"ivs":{"hp":31,"atk":0,"def":31,"spa":31,"spd":31,"spe":31}},{"name":"Drapion","species":"Drapion","item":"choicescarf","ability":"Sniper","moves":["knockoff","rockslide","earthquake","thunderfang"],"nature":"Jolly","evs":{"hp":0,"atk":252,"def":0,"spa":0,"spd":4,"spe":252},"ivs":{"hp":31,"atk":31,"def":31,"spa":31,"spd":31,"spe":31}},{"name":"Nidoqueen","species":"Nidoqueen","item":"focussash","ability":"Sheer Force","moves":["earthpower","sludgewave","icebeam","stealthrock"],"nature":"Timid","evs":{"hp":48,"atk":0,"def":0,"spa":252,"spd":0,"spe":208},"ivs":{"hp":31,"atk":31,"def":31,"spa":31,"spd":31,"spe":31}},{"name":"Crobat","species":"Crobat","item":"leftovers","ability":"Infiltrator","moves":["bravebird","toxic","taunt","defog"],"nature":"Jolly","evs":{"hp":120,"atk":136,"def":0,"spa":0,"spd":0,"spe":252},"ivs":{"hp":31,"atk":31,"def":31,"spa":31,"spd":31,"spe":31}},{"name":"Nidoking","species":"Nidoking","item":"lifeorb","ability":"Sheer Force","moves":["earthpower","flamethrower","icebeam","suckerpunch"],"nature":"Naive","evs":{"hp":0,"atk":4,"def":0,"spa":252,"spd":0,"spe":252},"ivs":{"hp":31,"atk":31,"def":31,"spa":31,"spd":31,"spe":31}}],"p2team":[{"name":"Hoopa","species":"Hoopa","item":"lifeorb","ability":"Magician","moves":["trickroom","hyperspacehole","shadowball","focusblast"],"nature":"Modest","evs":{"hp":252,"atk":0,"def":4,"spa":252,"spd":0,"spe":0},"ivs":{"hp":31,"atk":31,"def":31,"spa":31,"spd":31,"spe":31}},{"name":"Sableye","species":"Sableye","item":"sablenite","ability":"Prankster","moves":["calmmind","darkpulse","dazzlinggleam","recover"],"nature":"Bold","evs":{"hp":248,"atk":0,"def":252,"spa":8,"spd":0,"spe":0},"ivs":{"hp":31,"atk":31,"def":31,"spa":31,"spd":31,"spe":31}},{"name":"Dusknoir","species":"Dusknoir","item":"leftovers","ability":"Pressure","moves":["painsplit","confuseray","willowisp","seismictoss"],"nature":"Calm","evs":{"hp":252,"atk":0,"def":4,"spa":0,"spd":252,"spe":0},"ivs":{"hp":31,"atk":31,"def":31,"spa":31,"spd":31,"spe":31}},{"name":"Gengar","species":"Gengar","item":"choicespecs","ability":"Levitate","moves":["dazzlinggleam","focusblast","shadowball","sludgebomb"],"nature":"Timid","evs":{"hp":0,"atk":0,"def":0,"spa":252,"spd":4,"spe":252},"ivs":{"hp":31,"atk":31,"def":31,"spa":31,"spd":31,"spe":31}},{"name":"Aegislash","species":"Aegislash","item":"weaknesspolicy","ability":"Stance Change","moves":["swordsdance","sacredsword","shadowsneak","kingsshield"],"nature":"Adamant","evs":{"hp":248,"atk":252,"def":0,"spa":0,"spd":8,"spe":0},"ivs":{"hp":31,"atk":31,"def":31,"spa":31,"spd":31,"spe":31}},{"name":"Golurk","species":"Golurk","item":"leftovers","ability":"Iron Fist","moves":["earthquake","drainpunch","stealthrock","phantomforce"],"nature":"Adamant","evs":{"hp":252,"atk":252,"def":0,"spa":0,"spd":4,"spe":0},"ivs":{"hp":31,"atk":31,"def":31,"spa":31,"spd":31,"spe":31}}],"log":["|player|p1|Alliance - Mxy|270","|player|p2|SlyZix|248","|gametype|singles","|gen|6","|tier|Monotype","|rated","|rule|Baton Pass Clause: Limit one Baton Passer, can't pass Spe and other stats simultaneously","|rule|Swagger Clause: Swagger is banned","|rule|Same Type Clause: Pokémon in a team must share a type","|clearpoke","|poke|p1|Beedrill, M","|poke|p1|Weezing, M","|poke|p1|Drapion, F","|poke|p1|Nidoqueen, F","|poke|p1|Crobat, M","|poke|p1|Nidoking, M","|poke|p2|Hoopa","|poke|p2|Sableye, F","|poke|p2|Dusknoir, M","|poke|p2|Gengar, M","|poke|p2|Aegislash, F","|poke|p2|Golurk","|rule|Sleep Clause Mod: Limit one foe put to sleep","|rule|Species Clause: Limit one of each Pokémon","|rule|OHKO Clause: OHKO moves are banned","|rule|Moody Clause: Moody is banned","|rule|Evasion Moves Clause: Evasion moves are banned","|rule|Endless Battle Clause: Forcing endless battles is banned","|rule|HP Percentage Mod: HP is shown in percentages","|teampreview","|","|start","|switch|p1a: Beedrill|Beedrill, M|271/271","|switch|p2a: Sableye|Sableye, F|303/303","|turn|1","|","|detailschange|p1a: Beedrill|Beedrill-Mega, M","|-mega|p1a: Beedrill|Beedrill|Beedrillite","|detailschange|p2a: Sableye|Sableye-Mega, F","|-mega|p2a: Sableye|Sableye|Sablenite","|move|p1a: Beedrill|Protect|p1a: Beedrill","|-singleturn|p1a: Beedrill|Protect","|move|p2a: Sableye|Calm Mind|p2a: Sableye","|-boost|p2a: Sableye|spa|1","|-boost|p2a: Sableye|spd|1","|","|turn|2","|","|move|p1a: Beedrill|U-turn|p2a: Sableye","|-damage|p2a: Sableye|197/303","|","|switch|p1a: Nidoking|Nidoking, M|303/303","|move|p2a: Sableye|Dark Pulse|p1a: Nidoking","|-damage|p1a: Nidoking|122/303","|","|turn|3","|","|move|p1a: Nidoking|Earth Power|p2a: Sableye","|-damage|p2a: Sableye|68/303","|move|p2a: Sableye|Recover|p2a: Sableye","|-heal|p2a: Sableye|220/303","|","|turn|4","|","|move|p1a: Nidoking|Earth Power|p2a: Sableye","|-damage|p2a: Sableye|94/303","|move|p2a: Sableye|Dark Pulse|p1a: Nidoking","|-damage|p1a: Nidoking|0 fnt","|faint|p1a: Nidoking","|","|","|switch|p1a: Beedrill|Beedrill-Mega, M|271/271","|turn|5","|","|move|p1a: Beedrill|U-turn|p2a: Sableye","|-damage|p2a: Sableye|0 fnt","|faint|p2a: Sableye","|","|switch|p1a: Nidoqueen|Nidoqueen, F|333/333","|","|","|switch|p2a: Golurk|Golurk|382/382","|turn|6","|","|move|p1a: Nidoqueen|Ice Beam|p2a: Golurk","|-supereffective|p2a: Golurk","|-damage|p2a: Golurk|164/382","|move|p2a: Golurk|Stealth Rock|p1a: Nidoqueen","|-sidestart|p1: Alliance - Mxy|move: Stealth Rock","|","|-heal|p2a: Golurk|187/382|[from] item: Leftovers","|turn|7","|","|switch|p2a: Dusknoir|Dusknoir, M|294/294","|-ability|p2a: Dusknoir|Pressure","|move|p1a: Nidoqueen|Ice Beam|p2a: Dusknoir","|-damage|p2a: Dusknoir|236/294","|","|-heal|p2a: Dusknoir|254/294|[from] item: Leftovers","|turn|8","|","|move|p1a: Nidoqueen|Stealth Rock|p2a: Dusknoir","|-sidestart|p2: SlyZix|move: Stealth Rock","|move|p2a: Dusknoir|Confuse Ray|p1a: Nidoqueen","|-start|p1a: Nidoqueen|confusion","|","|-heal|p2a: Dusknoir|272/294|[from] item: Leftovers","|turn|9","|","|-activate|p1a: Nidoqueen|confusion","|move|p1a: Nidoqueen|Sludge Wave|p2a: Dusknoir","|-resisted|p2a: Dusknoir","|-damage|p2a: Dusknoir|229/294","|move|p2a: Dusknoir|Will-O-Wisp|p1a: Nidoqueen|[miss]","|-miss|p2a: Dusknoir|p1a: Nidoqueen","|","|-heal|p2a: Dusknoir|247/294|[from] item: Leftovers","|turn|10","|","|-end|p1a: Nidoqueen|confusion","|move|p1a: Nidoqueen|Earth Power|p2a: Dusknoir","|-damage|p2a: Dusknoir|159/294","|move|p2a: Dusknoir|Will-O-Wisp|p1a: Nidoqueen","|-status|p1a: Nidoqueen|brn","|","|-heal|p2a: Dusknoir|177/294|[from] item: Leftovers","|-damage|p1a: Nidoqueen|292/333 brn|[from] brn","|turn|11","|","|move|p1a: Nidoqueen|Earth Power|p2a: Dusknoir","|-damage|p2a: Dusknoir|92/294","|move|p2a: Dusknoir|Confuse Ray|p1a: Nidoqueen","|-start|p1a: Nidoqueen|confusion","|","|-heal|p2a: Dusknoir|110/294|[from] item: Leftovers","|-damage|p1a: Nidoqueen|251/333 brn|[from] brn","|turn|12","|","|-activate|p1a: Nidoqueen|confusion","|move|p1a: Nidoqueen|Earth Power|p2a: Dusknoir","|-damage|p2a: Dusknoir|23/294","|move|p2a: Dusknoir|Pain Split|p1a: Nidoqueen","|-sethp|p1a: Nidoqueen|137/333 brn|p2a: Dusknoir|137/294|[from] move: Pain Split","|","|-heal|p2a: Dusknoir|155/294|[from] item: Leftovers","|-damage|p1a: Nidoqueen|96/333 brn|[from] brn","|turn|13","|","|-end|p1a: Nidoqueen|confusion","|move|p1a: Nidoqueen|Earth Power|p2a: Dusknoir","|-damage|p2a: Dusknoir|65/294","|move|p2a: Dusknoir|Seismic Toss|p1a: Nidoqueen","|-damage|p1a: Nidoqueen|0 fnt","|faint|p1a: Nidoqueen","|","|-heal|p2a: Dusknoir|83/294|[from] item: Leftovers","|","|switch|p1a: Beedrill|Beedrill-Mega, M|271/271","|-damage|p1a: Beedrill|204/271|[from] Stealth Rock","|turn|14","|","|move|p1a: Beedrill|Knock Off|p2a: Dusknoir","|-supereffective|p2a: Dusknoir","|-damage|p2a: Dusknoir|0 fnt","|-enditem|p2a: Dusknoir|Leftovers|[from] move: Knock Off|[of] p1a: Beedrill","|faint|p2a: Dusknoir","|","|","|switch|p2a: Aegislash|Aegislash, F|323/323","|-damage|p2a: Aegislash|303/323|[from] Stealth Rock","|turn|15","|","|switch|p1a: Weezing|Weezing, M|333/333","|-damage|p1a: Weezing|292/333|[from] Stealth Rock","|move|p2a: Aegislash|King's Shield|p2a: Aegislash","|-fail|p2a: Aegislash","|","|-heal|p1a: Weezing|312/333|[from] item: Black Sludge","|turn|16","|","|switch|p2a: Gengar|Gengar, M|261/261","|-damage|p2a: Gengar|229/261|[from] Stealth Rock","|move|p1a: Weezing|Will-O-Wisp|p2a: Gengar","|-status|p2a: Gengar|brn","|","|-heal|p1a: Weezing|332/333|[from] item: Black Sludge","|-damage|p2a: Gengar|197/261 brn|[from] brn","|turn|17","|","|switch|p1a: Crobat|Crobat, M|341/341","|-damage|p1a: Crobat|256/341|[from] Stealth Rock","|move|p2a: Gengar|Shadow Ball|p1a: Crobat","|-damage|p1a: Crobat|0 fnt","|faint|p1a: Crobat","|","|-damage|p2a: Gengar|165/261 brn|[from] brn","|","|switch|p1a: Drapion|Drapion, F|281/281","|-damage|p1a: Drapion|246/281|[from] Stealth Rock","|turn|18","|","|move|p1a: Drapion|Knock Off|p2a: Gengar","|-supereffective|p2a: Gengar","|-damage|p2a: Gengar|0 fnt","|-enditem|p2a: Gengar|Choice Specs|[from] move: Knock Off|[of] p1a: Drapion","|faint|p2a: Gengar","|","|","|switch|p2a: Aegislash|Aegislash, F|303/323","|-damage|p2a: Aegislash|283/323|[from] Stealth Rock","|turn|19","|","|switch|p1a: Beedrill|Beedrill-Mega, M|204/271","|-damage|p1a: Beedrill|137/271|[from] Stealth Rock","|move|p2a: Aegislash|Swords Dance|p2a: Aegislash","|-boost|p2a: Aegislash|atk|2","|","|turn|20","|","|-formechange|p2a: Aegislash|Aegislash-Blade","|move|p2a: Aegislash|Shadow Sneak|p1a: Beedrill","|-damage|p1a: Beedrill|0 fnt","|faint|p1a: Beedrill","|","|","|switch|p1a: Weezing|Weezing, M|332/333","|-damage|p1a: Weezing|291/333|[from] Stealth Rock","|turn|21","|","|switch|p2a: Hoopa|Hoopa|364/364","|-damage|p2a: Hoopa|319/364|[from] Stealth Rock","|move|p1a: Weezing|Will-O-Wisp|p2a: Hoopa","|-status|p2a: Hoopa|brn","|","|-heal|p1a: Weezing|311/333|[from] item: Black Sludge","|-damage|p2a: Hoopa|274/364 brn|[from] brn","|turn|22","|","|switch|p1a: Drapion|Drapion, F|246/281","|-damage|p1a: Drapion|211/281|[from] Stealth Rock","|move|p2a: Hoopa|Hyperspace Hole|p1a: Drapion","|-immune|p1a: Drapion|[msg]","|","|-damage|p2a: Hoopa|229/364 brn|[from] brn","|turn|23","|","|switch|p2a: Golurk|Golurk|187/382","|-damage|p2a: Golurk|164/382|[from] Stealth Rock","|move|p1a: Drapion|Earthquake|p2a: Golurk","|-damage|p2a: Golurk|60/382","|","|-heal|p2a: Golurk|83/382|[from] item: Leftovers","|turn|24","|","|move|p1a: Drapion|Earthquake|p2a: Golurk","|-damage|p2a: Golurk|0 fnt","|faint|p2a: Golurk","|","|","|switch|p2a: Aegislash|Aegislash, F|283/323","|-damage|p2a: Aegislash|263/323|[from] Stealth Rock","|turn|25","|","|switch|p1a: Weezing|Weezing, M|311/333","|-damage|p1a: Weezing|270/333|[from] Stealth Rock","|move|p2a: Aegislash|Swords Dance|p2a: Aegislash","|-boost|p2a: Aegislash|atk|2","|","|-heal|p1a: Weezing|290/333|[from] item: Black Sludge","|turn|26","|","|move|p1a: Weezing|Fire Blast|p2a: Aegislash","|-supereffective|p2a: Aegislash","|-damage|p2a: Aegislash|155/323","|-enditem|p2a: Aegislash|Weakness Policy","|-boost|p2a: Aegislash|atk|2|[from] item: Weakness Policy","|-boost|p2a: Aegislash|spa|2|[from] item: Weakness Policy","|move|p2a: Aegislash|Swords Dance|p2a: Aegislash","|-boost|p2a: Aegislash|atk|2","|","|-heal|p1a: Weezing|310/333|[from] item: Black Sludge","|turn|27","|","|-formechange|p2a: Aegislash|Aegislash-Blade","|move|p2a: Aegislash|Shadow Sneak|p1a: Weezing","|-crit|p1a: Weezing","|-damage|p1a: Weezing|0 fnt","|faint|p1a: Weezing","|","|","|switch|p1a: Drapion|Drapion, F|211/281","|-damage|p1a: Drapion|176/281|[from] Stealth Rock","|turn|28","|","|move|p2a: Aegislash|Shadow Sneak|p1a: Drapion","|-resisted|p1a: Drapion","|-damage|p1a: Drapion|12/281","|move|p1a: Drapion|Earthquake|p2a: Aegislash","|-supereffective|p2a: Aegislash","|-damage|p2a: Aegislash|0 fnt","|faint|p2a: Aegislash","|","|","|switch|p2a: Hoopa|Hoopa|229/364 brn","|-damage|p2a: Hoopa|184/364 brn|[from] Stealth Rock","|turn|29","|","|move|p1a: Drapion|Earthquake|p2a: Hoopa","|-damage|p2a: Hoopa|46/364 brn","|move|p2a: Hoopa|Shadow Ball|p1a: Drapion","|-resisted|p1a: Drapion","|-damage|p1a: Drapion|0 fnt","|-damage|p2a: Hoopa|10/364 brn|[from] item: Life Orb","|faint|p1a: Drapion","|","|win|SlyZix"],"p1rating":{"entryid":"127788","serverid":"eos","formatid":"monotype","userid":"alliancemxy","username":"Alliance - Mxy","w":"16","l":12,"t":"0","gxe":55.5,"r":"1604.4900838263","rd":"67.887001260084","sigma":"0","rptime":"1440406800","rpr":1542.0752818327,"rprd":63.004852161509,"rpsigma":"0","acre":1057.9161776458,"lacre":1057.9161776458,"oldacre":"1083.1700624147"},"p2rating":{"entryid":"61352","serverid":"eos","formatid":"monotype","userid":"slyzix","username":"SlyZix","w":2,"l":"2","t":"0","gxe":51,"r":"1463.0115312018","rd":"112.0547270697","sigma":"0","rptime":"1440406800","rpr":1507.8835243202,"rprd":107.56712706167,"rpsigma":"0","acre":1078.2030088086,"lacre":1078.2030088086,"oldacre":"1040"},"endType":"normal"}