{"seed":[14760,34658,35381,14036],"turns":32,"p1":"GTX♅Asian","p2":"Inferno Sableye","p1team":[{"name":"Cloyster","species":"Cloyster","item":"focussash","ability":"Skill Link","moves":["shellsmash","iciclespear","rockblast","razorshell"],"nature":"Adamant","evs":{"hp":0,"atk":252,"def":0,"spa":0,"spd":4,"spe":252},"gender":"M","shiny":true,"ivs":{"hp":31,"atk":31,"def":31,"spa":31,"spd":31,"spe":31}},{"name":"Azumarill","species":"Azumarill","item":"sitrusberry","ability":"Huge Power","moves":["aquajet","bellydrum","playrough","waterfall"],"nature":"Adamant","evs":{"hp":252,"atk":252,"def":0,"spa":0,"spd":4,"spe":0},"gender":"F","ivs":{"hp":31,"atk":30,"def":30,"spa":30,"spd":31,"spe":31}},{"name":"Rotom-Wash","species":"Rotom-Wash","item":"leftovers","ability":"Levitate","moves":["voltswitch","hydropump","painsplit","willowisp"],"nature":"Calm","evs":{"hp":252,"atk":0,"def":0,"spa":4,"spd":252,"spe":0},"ivs":{"hp":31,"atk":31,"def":31,"spa":31,"spd":31,"spe":31}},{"name":"Sharpedo","species":"Sharpedo","item":"sharpedonite","ability":"Speed Boost","moves":["protect","crunch","waterfall","icefang"],"nature":"Rash","evs":{"hp":0,"atk":252,"def":0,"spa":0,"spd":4,"spe":252},"gender":"M","ivs":{"hp":31,"atk":31,"def":31,"spa":31,"spd":31,"spe":31}},{"name":"Keldeo","species":"Keldeo","item":"choicescarf","ability":"Justified","moves":["scald","secretsword","icywind","hiddenpowerfire"],"nature":"Timid","evs":{"hp":0,"atk":0,"def":0,"spa":252,"spd":4,"spe":252},"ivs":{"hp":31,"atk":30,"def":31,"spa":30,"spd":31,"spe":30}},{"name":"Gastrodon","species":"Gastrodon","item":"leftovers","ability":"Storm Drain","moves":["scald","recover","toxic","earthpower"],"nature":"Bold","evs":{"hp":252,"atk":0,"def":252,"spa":4,"spd":0,"spe":0},"gender":"F","ivs":{"hp":31,"atk":31,"def":31,"spa":31,"spd":31,"spe":31}}],"p2team":[{"name":"Sableye","species":"Sableye","item":"sablenite","ability":"Prankster","moves":["calmmind","recover","shadowball","willowisp"],"nature":"Bold","evs":{"hp":248,"atk":0,"def":196,"spa":0,"spd":64,"spe":0},"shiny":true,"ivs":{"hp":31,"atk":31,"def":31,"spa":31,"spd":31,"spe":31}},{"name":"Hoopa-Unbound","species":"Hoopa-Unbound","item":"choicescarf","ability":"Magician","moves":["darkpulse","psyshock","gunkshot","drainpunch"],"nature":"Mild","evs":{"hp":0,"atk":160,"def":0,"spa":96,"spd":0,"spe":252},"ivs":{"hp":31,"atk":31,"def":31,"spa":31,"spd":31,"spe":31}},{"name":"Bisharp","species":"Bisharp","item":"choicescarf","ability":"Defiant","moves":["poisonjab","ironhead","psychocut","knockoff"],"nature":"Jolly","evs":{"hp":0,"atk":252,"def":0,"spa":0,"spd":4,"spe":252},"ivs":{"hp":31,"atk":31,"def":31,"spa":31,"spd":31,"spe":31}},{"name":"Tyranitar","species":"Tyranitar","item":"chopleberry","ability":"Sand Stream","moves":["stealthrock","thunderwave","earthquake","rockslide"],"nature":"Careful","evs":{"hp":248,"atk":0,"def":100,"spa":0,"spd":160,"spe":0},"ivs":{"hp":31,"atk":31,"def":31,"spa":31,"spd":31,"spe":31}},{"name":"Weavile","species":"Weavile","item":"lifeorb","ability":"Pressure","moves":["iciclecrash","iceshard","knockoff","lowkick"],"nature":"Jolly","evs":{"hp":0,"atk":252,"def":0,"spa":0,"spd":4,"spe":252},"ivs":{"hp":31,"atk":31,"def":31,"spa":31,"spd":31,"spe":31}},{"name":"Sharpedo","species":"Sharpedo","item":"lifeorb","ability":"Speed Boost","moves":["waterfall","crunch","poisonjab","protect"],"nature":"Adamant","evs":{"hp":0,"atk":252,"def":0,"spa":0,"spd":4,"spe":252},"ivs":{"hp":31,"atk":31,"def":31,"spa":31,"spd":31,"spe":31}}],"log":["|player|p1|GTX♅Asian|222","|player|p2|Inferno Sableye|infernosableye.gif","|gametype|singles","|gen|6","|tier|Monotype","|rated","|rule|Baton Pass Clause: Limit one Baton Passer, can't pass Spe and other stats simultaneously","|rule|Swagger Clause: Swagger is banned","|rule|Same Type Clause: Pokémon in a team must share a type","|clearpoke","|poke|p1|Cloyster, M, shiny","|poke|p1|Azumarill, F","|poke|p1|Rotom-Wash","|poke|p1|Sharpedo, M","|poke|p1|Keldeo","|poke|p1|Gastrodon, F","|poke|p2|Sableye, F, shiny","|poke|p2|Hoopa-Unbound","|poke|p2|Bisharp, M","|poke|p2|Tyranitar, F","|poke|p2|Weavile, F","|poke|p2|Sharpedo, F","|rule|Sleep Clause Mod: Limit one foe put to sleep","|rule|Species Clause: Limit one of each Pokémon","|rule|OHKO Clause: OHKO moves are banned","|rule|Moody Clause: Moody is banned","|rule|Evasion Moves Clause: Evasion moves are banned","|rule|Endless Battle Clause: Forcing endless battles is banned","|rule|HP Percentage Mod: HP is shown in percentages","|teampreview","|","|start","|switch|p1a: Azumarill|Azumarill, F|404/404","|switch|p2a: Hoopa-Unbound|Hoopa-Unbound|301/301","|turn|1","|","|switch|p1a: Gastrodon|Gastrodon, F|426/426","|move|p2a: Hoopa-Unbound|Gunk Shot|p1a: Gastrodon","|-resisted|p1a: Gastrodon","|-damage|p1a: Gastrodon|359/426","|","|-heal|p1a: Gastrodon|385/426|[from] item: Leftovers","|turn|2","|","|switch|p2a: Tyranitar|Tyranitar, F|403/403","|-weather|Sandstorm","|move|p1a: Gastrodon|Toxic|p2a: Tyranitar","|-status|p2a: Tyranitar|tox","|","|-weather|Sandstorm|[upkeep]","|-heal|p1a: Gastrodon|411/426|[from] item: Leftovers","|-damage|p2a: Tyranitar|378/403 tox|[from] psn","|turn|3","|","|move|p2a: Tyranitar|Stealth Rock|p1a: Gastrodon","|-sidestart|p1: GTX♅Asian|move: Stealth Rock","|move|p1a: Gastrodon|Earth Power|p2a: Tyranitar","|-supereffective|p2a: Tyranitar","|-damage|p2a: Tyranitar|280/403 tox","|-unboost|p2a: Tyranitar|spd|1","|","|-weather|Sandstorm|[upkeep]","|-heal|p1a: Gastrodon|426/426|[from] item: Leftovers","|-damage|p2a: Tyranitar|230/403 tox|[from] psn","|turn|4","|","|switch|p2a: Sableye|Sableye, F, shiny|303/303","|move|p1a: Gastrodon|Scald|p2a: Sableye","|-damage|p2a: Sableye|194/303","|-status|p2a: Sableye|brn","|","|-weather|Sandstorm|[upkeep]","|-damage|p2a: Sableye|176/303 brn|[from] sandstorm","|-damage|p2a: Sableye|139/303 brn|[from] brn","|turn|5","|","|detailschange|p2a: Sableye|Sableye-Mega, F, shiny","|-mega|p2a: Sableye|Sableye|Sablenite","|move|p2a: Sableye|Recover|p2a: Sableye","|-heal|p2a: Sableye|291/303 brn","|move|p1a: Gastrodon|Scald|p2a: Sableye","|-damage|p2a: Sableye|215/303 brn","|","|-weather|Sandstorm|[upkeep]","|-damage|p2a: Sableye|197/303 brn|[from] sandstorm","|-damage|p2a: Sableye|160/303 brn|[from] brn","|turn|6","|","|move|p1a: Gastrodon|Earth Power|p2a: Sableye","|-damage|p2a: Sableye|70/303 brn","|move|p2a: Sableye|Recover|p2a: Sableye","|-heal|p2a: Sableye|222/303 brn","|","|-weather|none","|-damage|p2a: Sableye|185/303 brn|[from] brn","|turn|7","|","|move|p1a: Gastrodon|Scald|p2a: Sableye","|-damage|p2a: Sableye|107/303 brn","|move|p2a: Sableye|Recover|p2a: Sableye","|-heal|p2a: Sableye|259/303 brn","|","|-damage|p2a: Sableye|222/303 brn|[from] brn","|turn|8","|","|move|p1a: Gastrodon|Scald|p2a: Sableye","|-damage|p2a: Sableye|144/303 brn","|move|p2a: Sableye|Recover|p2a: Sableye","|-heal|p2a: Sableye|296/303 brn","|","|-damage|p2a: Sableye|259/303 brn|[from] brn","|turn|9","|","|move|p1a: Gastrodon|Scald|p2a: Sableye","|-damage|p2a: Sableye|192/303 brn","|move|p2a: Sableye|Recover|p2a: Sableye","|-heal|p2a: Sableye|303/303 brn","|","|-damage|p2a: Sableye|266/303 brn|[from] brn","|turn|10","|","|move|p1a: Gastrodon|Earth Power|p2a: Sableye","|-damage|p2a: Sableye|179/303 brn","|move|p2a: Sableye|Calm Mind|p2a: Sableye","|-boost|p2a: Sableye|spa|1","|-boost|p2a: Sableye|spd|1","|","|-damage|p2a: Sableye|142/303 brn|[from] brn","|turn|11","|","|move|p1a: Gastrodon|Earth Power|p2a: Sableye","|-damage|p2a: Sableye|88/303 brn","|move|p2a: Sableye|Recover|p2a: Sableye","|-heal|p2a: Sableye|240/303 brn","|","|-damage|p2a: Sableye|203/303 brn|[from] brn","|turn|12","|","|switch|p1a: Azumarill|Azumarill, F|404/404","|-damage|p1a: Azumarill|354/404|[from] Stealth Rock","|move|p2a: Sableye|Will-O-Wisp|p1a: Azumarill","|-status|p1a: Azumarill|brn","|","|-damage|p1a: Azumarill|304/404 brn|[from] brn","|-damage|p2a: Sableye|166/303 brn|[from] brn","|turn|13","|","|move|p1a: Azumarill|Belly Drum|p1a: Azumarill","|-damage|p1a: Azumarill|102/404 brn","|-setboost|p1a: Azumarill|atk|6|[from] move: Belly Drum","|-enditem|p1a: Azumarill|Sitrus Berry|[eat]","|-heal|p1a: Azumarill|203/404 brn|[from] item: Sitrus Berry","|move|p2a: Sableye|Recover|p2a: Sableye","|-heal|p2a: Sableye|303/303 brn","|","|-damage|p1a: Azumarill|153/404 brn|[from] brn","|-damage|p2a: Sableye|266/303 brn|[from] brn","|turn|14","|","|switch|p2a: Tyranitar|Tyranitar, F|230/403 tox","|-weather|Sandstorm","|move|p1a: Azumarill|Play Rough|p2a: Tyranitar","|-supereffective|p2a: Tyranitar","|-damage|p2a: Tyranitar|0 fnt","|faint|p2a: Tyranitar","|","|-weather|Sandstorm|[upkeep]","|-damage|p1a: Azumarill|128/404 brn|[from] sandstorm","|-damage|p1a: Azumarill|78/404 brn|[from] brn","|","|switch|p2a: Sharpedo|Sharpedo, F|281/281","|turn|15","|","|move|p2a: Sharpedo|Protect|p2a: Sharpedo","|-singleturn|p2a: Sharpedo|Protect","|move|p1a: Azumarill|Play Rough|p2a: Sharpedo","|-activate|p2a: Sharpedo|Protect","|","|-weather|Sandstorm|[upkeep]","|-damage|p2a: Sharpedo|264/281|[from] sandstorm","|-damage|p1a: Azumarill|53/404 brn|[from] sandstorm","|-damage|p1a: Azumarill|3/404 brn|[from] brn","|-boost|p2a: Sharpedo|spe|1|[from] ability: Speed Boost","|turn|16","|","|move|p1a: Azumarill|Aqua Jet|p2a: Sharpedo","|-resisted|p2a: Sharpedo","|-damage|p2a: Sharpedo|95/281","|move|p2a: Sharpedo|Poison Jab|p1a: Azumarill","|-crit|p1a: Azumarill","|-supereffective|p1a: Azumarill","|-damage|p1a: Azumarill|0 fnt","|-damage|p2a: Sharpedo|67/281|[from] item: Life Orb","|faint|p1a: Azumarill","|","|-weather|Sandstorm|[upkeep]","|-damage|p2a: Sharpedo|50/281|[from] sandstorm","|-boost|p2a: Sharpedo|spe|1|[from] ability: Speed Boost","|","|switch|p1a: Keldeo|Keldeo|323/323","|-damage|p1a: Keldeo|303/323|[from] Stealth Rock","|turn|17","|","|move|p2a: Sharpedo|Poison Jab|p1a: Keldeo","|-damage|p1a: Keldeo|154/323","|-damage|p2a: Sharpedo|22/281|[from] item: Life Orb","|move|p1a: Keldeo|Secret Sword|p2a: Sharpedo","|-supereffective|p2a: Sharpedo","|-damage|p2a: Sharpedo|0 fnt","|faint|p2a: Sharpedo","|","|-weather|Sandstorm|[upkeep]","|-damage|p1a: Keldeo|134/323|[from] sandstorm","|","|switch|p2a: Hoopa-Unbound|Hoopa-Unbound|301/301","|turn|18","|","|switch|p1a: Gastrodon|Gastrodon, F|426/426","|-damage|p1a: Gastrodon|400/426|[from] Stealth Rock","|move|p2a: Hoopa-Unbound|Psyshock|p1a: Gastrodon","|-damage|p1a: Gastrodon|232/426","|","|-weather|none","|-heal|p1a: Gastrodon|258/426|[from] item: Leftovers","|turn|19","|","|move|p2a: Hoopa-Unbound|Psyshock|p1a: Gastrodon","|-crit|p1a: Gastrodon","|-damage|p1a: Gastrodon|35/426","|move|p1a: Gastrodon|Recover|p1a: Gastrodon","|-heal|p1a: Gastrodon|248/426","|","|-heal|p1a: Gastrodon|274/426|[from] item: Leftovers","|turn|20","|","|move|p2a: Hoopa-Unbound|Psyshock|p1a: Gastrodon","|-crit|p1a: Gastrodon","|-damage|p1a: Gastrodon|48/426","|move|p1a: Gastrodon|Recover|p1a: Gastrodon","|-heal|p1a: Gastrodon|261/426","|","|-heal|p1a: Gastrodon|287/426|[from] item: Leftovers","|turn|21","|","|switch|p2a: Bisharp|Bisharp, M|271/271","|move|p1a: Gastrodon|Toxic|p2a: Bisharp|[miss]","|-miss|p1a: Gastrodon|p2a: Bisharp","|","|-heal|p1a: Gastrodon|313/426|[from] item: Leftovers","|turn|22","|","|move|p2a: Bisharp|Knock Off|p1a: Gastrodon","|-crit|p1a: Gastrodon","|-damage|p1a: Gastrodon|85/426","|-enditem|p1a: Gastrodon|Leftovers|[from] move: Knock Off|[of] p2a: Bisharp","|move|p1a: Gastrodon|Earth Power|p2a: Bisharp","|-supereffective|p2a: Bisharp","|-damage|p2a: Bisharp|5/271","|","|turn|23","|","|move|p2a: Bisharp|Knock Off|p1a: Gastrodon","|-damage|p1a: Gastrodon|0 fnt","|faint|p1a: Gastrodon","|","|","|switch|p1a: Sharpedo|Sharpedo, M|281/281","|-damage|p1a: Sharpedo|246/281|[from] Stealth Rock","|turn|24","|","|move|p1a: Sharpedo|Protect|p1a: Sharpedo","|-singleturn|p1a: Sharpedo|Protect","|move|p2a: Bisharp|Knock Off|p1a: Sharpedo","|-activate|p1a: Sharpedo|Protect","|","|-boost|p1a: Sharpedo|spe|1|[from] ability: Speed Boost","|turn|25","|","|move|p1a: Sharpedo|Waterfall|p2a: Bisharp","|-damage|p2a: Bisharp|0 fnt","|faint|p2a: Bisharp","|","|-boost|p1a: Sharpedo|spe|1|[from] ability: Speed Boost","|","|switch|p2a: Sableye|Sableye-Mega, F, shiny|266/303 brn","|turn|26","|","|move|p1a: Sharpedo|Waterfall|p2a: Sableye","|-damage|p2a: Sableye|181/303 brn","|cant|p2a: Sableye|flinch","|","|-damage|p2a: Sableye|144/303 brn|[from] brn","|-boost|p1a: Sharpedo|spe|1|[from] ability: Speed Boost","|turn|27","|","|detailschange|p1a: Sharpedo|Sharpedo-Mega, M","|-mega|p1a: Sharpedo|Sharpedo|Sharpedonite","|move|p1a: Sharpedo|Crunch|p2a: Sableye","|-damage|p2a: Sableye|8/303 brn","|move|p2a: Sableye|Recover|p2a: Sableye","|-heal|p2a: Sableye|160/303 brn","|","|-damage|p2a: Sableye|123/303 brn|[from] brn","|turn|28","|","|move|p1a: Sharpedo|Crunch|p2a: Sableye","|-damage|p2a: Sableye|0 fnt","|faint|p2a: Sableye","|","|","|switch|p2a: Weavile|Weavile, F|281/281","|-ability|p2a: Weavile|Pressure","|turn|29","|","|move|p1a: Sharpedo|Crunch|p2a: Weavile","|-resisted|p2a: Weavile","|-damage|p2a: Weavile|132/281","|move|p2a: Weavile|Low Kick|p1a: Sharpedo","|-supereffective|p1a: Sharpedo","|-damage|p1a: Sharpedo|0 fnt","|-damage|p2a: Weavile|104/281|[from] item: Life Orb","|faint|p1a: Sharpedo","|","|","|switch|p1a: Keldeo|Keldeo|134/323","|-damage|p1a: Keldeo|114/323|[from] Stealth Rock","|turn|30","|","|move|p1a: Keldeo|Secret Sword|p2a: Weavile","|-supereffective|p2a: Weavile","|-damage|p2a: Weavile|0 fnt","|faint|p2a: Weavile","|","|","|switch|p2a: Hoopa-Unbound|Hoopa-Unbound|301/301","|turn|31","|","|move|p1a: Keldeo|Secret Sword|p2a: Hoopa-Unbound","|-damage|p2a: Hoopa-Unbound|43/301","|move|p2a: Hoopa-Unbound|Dark Pulse|p1a: Keldeo","|-resisted|p1a: Keldeo","|-damage|p1a: Keldeo|15/323","|-boost|p1a: Keldeo|atk|1|[from] ability: Justified","|","|turn|32","|","|move|p1a: Keldeo|Secret Sword|p2a: Hoopa-Unbound","|-damage|p2a: Hoopa-Unbound|0 fnt","|faint|p2a: Hoopa-Unbound","|","|win|GTX♅Asian"],"p1rating":{"entryid":"370034","serverid":"eos","formatid":"monotype","userid":"gtxasian","username":"GTX♅Asian","w":6,"l":"2","t":"0","gxe":61.4,"r":"1465.3538060066","rd":"117.73616620292","sigma":"0","rptime":"1440406800","rpr":1590.7094593878,"rprd":94.858968307886,"rpsigma":"0","acre":1167.3934283672,"lacre":1167.3934283672,"oldacre":"1132.2966185361"},"p2rating":{"entryid":"83803","serverid":"eos","formatid":"monotype","userid":"infernosableye","username":"Inferno Sableye","w":"39","l":14,"t":"0","gxe":71.4,"r":"1684.0737894333","rd":"50.231927762125","sigma":"0","rptime":"1440406800","rpr":1673.8027863253,"rprd":49.903741576273,"rpsigma":"0","acre":1245.9951684272,"lacre":1245.9951684272,"oldacre":"1281.0919782583"},"endType":"normal"}