{"seed":[22182,65366,45502,21039],"turns":30,"p1":"Inferno Sableye","p2":"GTX♅Asian","p1team":[{"name":"Not op","species":"sableye","item":"sablenite","ability":"Prankster","moves":["shadowball","recover","calmmind","willowisp"],"nature":"Bold","evs":{"hp":248,"atk":0,"def":252,"spa":0,"spd":8,"spe":0},"ivs":{"hp":31,"atk":0,"def":31,"spa":31,"spd":31,"spe":31}},{"name":"Rawwrrrr","species":"tyranitar","item":"chopleberry","ability":"Sand Stream","moves":["stealthrock","thunderwave","rockslide","earthquake"],"nature":"Impish","evs":{"hp":252,"atk":0,"def":80,"spa":0,"spd":176,"spe":0},"ivs":{"hp":31,"atk":31,"def":31,"spa":31,"spd":31,"spe":31}},{"name":"Bish Plz","species":"bisharp","item":"lumberry","ability":"Defiant","moves":["knockoff","suckerpunch","ironhead","swordsdance"],"nature":"Adamant","evs":{"hp":0,"atk":252,"def":4,"spa":0,"spd":0,"spe":252},"gender":"M","shiny":true,"ivs":{"hp":31,"atk":31,"def":31,"spa":31,"spd":31,"spe":31}},{"name":"Oit of this world","species":"hoopaunbound","item":"choicescarf","ability":"Magician","moves":["gunkshot","psychic","hyperspacefury","drainpunch"],"nature":"Hasty","evs":{"hp":0,"atk":252,"def":0,"spa":4,"spd":0,"spe":252},"ivs":{"hp":31,"atk":31,"def":31,"spa":31,"spd":31,"spe":31}},{"name":"No pressure","species":"weavile","item":"lifeorb","ability":"Pressure","moves":["iciclecrash","iceshard","knockoff","lowkick"],"nature":"Jolly","evs":{"hp":0,"atk":252,"def":0,"spa":0,"spd":4,"spe":252},"ivs":{"hp":31,"atk":31,"def":31,"spa":31,"spd":31,"spe":31}},{"name":"Buzz off bitch","species":"mandibuzz","item":"rockyhelmet","ability":"Overcoat","moves":["roost","defog","whirlwind","foulplay"],"nature":"Bold","evs":{"hp":176,"atk":0,"def":252,"spa":0,"spd":80,"spe":0},"ivs":{"hp":31,"atk":31,"def":31,"spa":31,"spd":31,"spe":31}}],"p2team":[{"name":"Cloyster","species":"Cloyster","item":"focussash","ability":"Skill Link","moves":["shellsmash","iciclespear","rockblast","iceshard"],"nature":"Adamant","evs":{"hp":0,"atk":252,"def":0,"spa":0,"spd":4,"spe":252},"gender":"M","shiny":true,"ivs":{"hp":31,"atk":31,"def":31,"spa":31,"spd":31,"spe":31}},{"name":"Azumarill","species":"Azumarill","item":"sitrusberry","ability":"Huge Power","moves":["aquajet","bellydrum","playrough","waterfall"],"nature":"Adamant","evs":{"hp":252,"atk":252,"def":0,"spa":0,"spd":4,"spe":0},"gender":"F","ivs":{"hp":31,"atk":30,"def":30,"spa":30,"spd":31,"spe":31}},{"name":"Rotom-Wash","species":"Rotom-Wash","item":"leftovers","ability":"Levitate","moves":["voltswitch","hydropump","painsplit","willowisp"],"nature":"Calm","evs":{"hp":252,"atk":0,"def":0,"spa":4,"spd":252,"spe":0},"ivs":{"hp":31,"atk":31,"def":31,"spa":31,"spd":31,"spe":31}},{"name":"Sharpedo","species":"Sharpedo","item":"sharpedonite","ability":"Speed Boost","moves":["protect","crunch","aquajet","icefang"],"nature":"Adamant","evs":{"hp":0,"atk":252,"def":0,"spa":0,"spd":4,"spe":252},"gender":"M","ivs":{"hp":31,"atk":31,"def":31,"spa":31,"spd":31,"spe":31}},{"name":"Keldeo","species":"Keldeo","item":"choicescarf","ability":"Justified","moves":["scald","secretsword","icywind","hiddenpowerfire"],"nature":"Timid","evs":{"hp":0,"atk":0,"def":0,"spa":252,"spd":4,"spe":252},"ivs":{"hp":31,"atk":30,"def":31,"spa":30,"spd":31,"spe":30}},{"name":"Gastrodon","species":"Gastrodon","item":"leftovers","ability":"Storm Drain","moves":["scald","recover","toxic","earthpower"],"nature":"Bold","evs":{"hp":252,"atk":0,"def":252,"spa":4,"spd":0,"spe":0},"gender":"F","ivs":{"hp":31,"atk":31,"def":31,"spa":31,"spd":31,"spe":31}}],"log":["|player|p1|Inferno Sableye|infernosableye.gif","|player|p2|GTX♅Asian|222","|gametype|singles","|gen|6","|tier|Monotype","|rated","|rule|Baton Pass Clause: Limit one Baton Passer, can't pass Spe and other stats simultaneously","|rule|Swagger Clause: Swagger is banned","|rule|Same Type Clause: Pokémon in a team must share a type","|clearpoke","|poke|p1|Sableye, M","|poke|p1|Tyranitar, F","|poke|p1|Bisharp, M, shiny","|poke|p1|Hoopa-Unbound","|poke|p1|Weavile, F","|poke|p1|Mandibuzz, F","|poke|p2|Cloyster, M, shiny","|poke|p2|Azumarill, F","|poke|p2|Rotom-Wash","|poke|p2|Sharpedo, M","|poke|p2|Keldeo","|poke|p2|Gastrodon, F","|rule|Sleep Clause Mod: Limit one foe put to sleep","|rule|Species Clause: Limit one of each Pokémon","|rule|OHKO Clause: OHKO moves are banned","|rule|Moody Clause: Moody is banned","|rule|Evasion Moves Clause: Evasion moves are banned","|rule|Endless Battle Clause: Forcing endless battles is banned","|rule|HP Percentage Mod: HP is shown in percentages","|teampreview","|","|start","|switch|p1a: Not op|Sableye, M|303/303","|switch|p2a: Cloyster|Cloyster, M, shiny|241/241","|turn|1","|","|move|p1a: Not op|Will-O-Wisp|p2a: Cloyster|[miss]","|-miss|p1a: Not op|p2a: Cloyster","|move|p2a: Cloyster|Shell Smash|p2a: Cloyster","|-unboost|p2a: Cloyster|def|1","|-unboost|p2a: Cloyster|spd|1","|-boost|p2a: Cloyster|atk|2","|-boost|p2a: Cloyster|spa|2","|-boost|p2a: Cloyster|spe|2","|","|turn|2","|","|detailschange|p1a: Not op|Sableye-Mega, M","|-mega|p1a: Not op|Sableye|Sablenite","|move|p1a: Not op|Will-O-Wisp|p2a: Cloyster","|-status|p2a: Cloyster|brn","|move|p2a: Cloyster|Icicle Spear|p1a: Not op","|-damage|p1a: Not op|281/303","|-damage|p1a: Not op|254/303","|-damage|p1a: Not op|230/303","|-damage|p1a: Not op|206/303","|-damage|p1a: Not op|182/303","|-hitcount|p1a: Not op|5","|","|-damage|p2a: Cloyster|211/241 brn|[from] brn","|turn|3","|","|move|p2a: Cloyster|Icicle Spear|p1a: Not op","|-damage|p1a: Not op|155/303","|-damage|p1a: Not op|131/303","|-damage|p1a: Not op|108/303","|-damage|p1a: Not op|84/303","|-damage|p1a: Not op|60/303","|-hitcount|p1a: Not op|5","|move|p1a: Not op|Recover|p1a: Not op","|-heal|p1a: Not op|212/303","|","|-damage|p2a: Cloyster|181/241 brn|[from] brn","|turn|4","|","|move|p2a: Cloyster|Icicle Spear|p1a: Not op","|-damage|p1a: Not op|190/303","|-damage|p1a: Not op|166/303","|-damage|p1a: Not op|142/303","|-damage|p1a: Not op|118/303","|-damage|p1a: Not op|94/303","|-hitcount|p1a: Not op|5","|move|p1a: Not op|Recover|p1a: Not op","|-heal|p1a: Not op|246/303","|","|-damage|p2a: Cloyster|151/241 brn|[from] brn","|turn|5","|","|move|p2a: Cloyster|Icicle Spear|p1a: Not op","|-damage|p1a: Not op|222/303","|-damage|p1a: Not op|195/303","|-damage|p1a: Not op|170/303","|-damage|p1a: Not op|146/303","|-damage|p1a: Not op|122/303","|-hitcount|p1a: Not op|5","|move|p1a: Not op|Recover|p1a: Not op","|-heal|p1a: Not op|274/303","|","|-damage|p2a: Cloyster|121/241 brn|[from] brn","|turn|6","|","|switch|p2a: Azumarill|Azumarill, F|404/404","|move|p1a: Not op|Recover|p1a: Not op","|-heal|p1a: Not op|303/303","|","|turn|7","|","|switch|p1a: Buzz off bitch|Mandibuzz, F|405/405","|move|p2a: Azumarill|Play Rough|p1a: Buzz off bitch","|-supereffective|p1a: Buzz off bitch","|-damage|p1a: Buzz off bitch|157/405","|-damage|p2a: Azumarill|337/404|[from] item: Rocky Helmet|[of] p1a: Buzz off bitch","|","|turn|8","|","|move|p2a: Azumarill|Aqua Jet|p1a: Buzz off bitch","|-damage|p1a: Buzz off bitch|91/405","|-damage|p2a: Azumarill|270/404|[from] item: Rocky Helmet|[of] p1a: Buzz off bitch","|move|p1a: Buzz off bitch|Roost|p1a: Buzz off bitch","|-heal|p1a: Buzz off bitch|294/405","|","|turn|9","|","|switch|p2a: Sharpedo|Sharpedo, M|281/281","|move|p1a: Buzz off bitch|Roost|p1a: Buzz off bitch","|-heal|p1a: Buzz off bitch|405/405","|","|turn|10","|","|switch|p1a: Not op|Sableye-Mega, M|303/303","|move|p2a: Sharpedo|Protect|p2a: Sharpedo","|-fail|p2a: Sharpedo","|","|-boost|p2a: Sharpedo|spe|1|[from] ability: Speed Boost","|turn|11","|","|move|p2a: Sharpedo|Protect|p2a: Sharpedo","|-singleturn|p2a: Sharpedo|Protect","|move|p1a: Not op|Will-O-Wisp|p2a: Sharpedo","|-activate|p2a: Sharpedo|Protect","|","|-boost|p2a: Sharpedo|spe|1|[from] ability: Speed Boost","|turn|12","|","|detailschange|p2a: Sharpedo|Sharpedo-Mega, M","|-mega|p2a: Sharpedo|Sharpedo|Sharpedonite","|move|p2a: Sharpedo|Crunch|p1a: Not op","|-damage|p1a: Not op|155/303","|-unboost|p1a: Not op|def|1","|move|p1a: Not op|Will-O-Wisp|p2a: Sharpedo","|-status|p2a: Sharpedo|brn","|","|-damage|p2a: Sharpedo|246/281 brn|[from] brn","|turn|13","|","|switch|p1a: Rawwrrrr|Tyranitar, F|404/404","|-weather|Sandstorm","|move|p2a: Sharpedo|Crunch|p1a: Rawwrrrr","|-resisted|p1a: Rawwrrrr","|-damage|p1a: Rawwrrrr|356/404","|","|-weather|Sandstorm|[upkeep]","|-damage|p2a: Sharpedo|229/281 brn|[from] sandstorm","|-damage|p2a: Sharpedo|194/281 brn|[from] brn","|turn|14","|","|switch|p2a: Gastrodon|Gastrodon, F|426/426","|move|p1a: Rawwrrrr|Stealth Rock|p2a: Gastrodon","|-sidestart|p2: GTX♅Asian|move: Stealth Rock","|","|-weather|Sandstorm|[upkeep]","|turn|15","|","|switch|p1a: Oit of this world|Hoopa-Unbound|301/301","|move|p2a: Gastrodon|Scald|p1a: Oit of this world","|-damage|p1a: Oit of this world|225/301","|","|-weather|Sandstorm|[upkeep]","|-damage|p1a: Oit of this world|207/301|[from] sandstorm","|turn|16","|","|move|p1a: Oit of this world|Psychic|p2a: Gastrodon","|-damage|p2a: Gastrodon|213/426","|move|p2a: Gastrodon|Toxic|p1a: Oit of this world","|-status|p1a: Oit of this world|tox","|","|-weather|Sandstorm|[upkeep]","|-damage|p1a: Oit of this world|189/301 tox|[from] sandstorm","|-heal|p2a: Gastrodon|239/426|[from] item: Leftovers","|-damage|p1a: Oit of this world|171/301 tox|[from] psn","|turn|17","|","|move|p1a: Oit of this world|Psychic|p2a: Gastrodon","|-damage|p2a: Gastrodon|28/426","|move|p2a: Gastrodon|Recover|p2a: Gastrodon","|-heal|p2a: Gastrodon|241/426","|","|-weather|none","|-heal|p2a: Gastrodon|267/426|[from] item: Leftovers","|-damage|p1a: Oit of this world|135/301 tox|[from] psn","|turn|18","|","|move|p1a: Oit of this world|Psychic|p2a: Gastrodon","|-damage|p2a: Gastrodon|78/426","|move|p2a: Gastrodon|Recover|p2a: Gastrodon","|-heal|p2a: Gastrodon|291/426","|","|-heal|p2a: Gastrodon|317/426|[from] item: Leftovers","|-damage|p1a: Oit of this world|81/301 tox|[from] psn","|turn|19","|","|move|p1a: Oit of this world|Psychic|p2a: Gastrodon","|-damage|p2a: Gastrodon|110/426","|move|p2a: Gastrodon|Recover|p2a: Gastrodon","|-heal|p2a: Gastrodon|323/426","|","|-heal|p2a: Gastrodon|349/426|[from] item: Leftovers","|-damage|p1a: Oit of this world|9/301 tox|[from] psn","|turn|20","|","|move|p1a: Oit of this world|Psychic|p2a: Gastrodon","|-damage|p2a: Gastrodon|153/426","|move|p2a: Gastrodon|Recover|p2a: Gastrodon","|-heal|p2a: Gastrodon|366/426","|","|-heal|p2a: Gastrodon|392/426|[from] item: Leftovers","|-damage|p1a: Oit of this world|0 fnt|[from] psn","|faint|p1a: Oit of this world","|","|switch|p1a: Bish Plz|Bisharp, M, shiny|271/271","|turn|21","|","|move|p1a: Bish Plz|Swords Dance|p1a: Bish Plz","|-boost|p1a: Bish Plz|atk|2","|move|p2a: Gastrodon|Earth Power|p1a: Bish Plz","|-supereffective|p1a: Bish Plz","|-damage|p1a: Bish Plz|11/271","|","|-heal|p2a: Gastrodon|418/426|[from] item: Leftovers","|turn|22","|","|move|p1a: Bish Plz|Knock Off|p2a: Gastrodon","|-damage|p2a: Gastrodon|54/426","|-enditem|p2a: Gastrodon|Leftovers|[from] move: Knock Off|[of] p1a: Bish Plz","|move|p2a: Gastrodon|Scald|p1a: Bish Plz","|-damage|p1a: Bish Plz|0 fnt","|faint|p1a: Bish Plz","|","|","|switch|p1a: No pressure|Weavile, F|281/281","|-ability|p1a: No pressure|Pressure","|turn|23","|","|move|p1a: No pressure|Knock Off|p2a: Gastrodon","|-damage|p2a: Gastrodon|0 fnt","|-damage|p1a: No pressure|253/281|[from] item: Life Orb","|faint|p2a: Gastrodon","|","|","|switch|p2a: Keldeo|Keldeo|323/323","|-damage|p2a: Keldeo|303/323|[from] Stealth Rock","|turn|24","|","|switch|p1a: Buzz off bitch|Mandibuzz, F|405/405","|move|p2a: Keldeo|Secret Sword|p1a: Buzz off bitch","|-damage|p1a: Buzz off bitch|303/405","|","|turn|25","|","|switch|p2a: Cloyster|Cloyster, M, shiny|121/241 brn","|-damage|p2a: Cloyster|61/241 brn|[from] Stealth Rock","|move|p1a: Buzz off bitch|Roost|p1a: Buzz off bitch","|-heal|p1a: Buzz off bitch|405/405","|","|-damage|p2a: Cloyster|31/241 brn|[from] brn","|turn|26","|","|move|p2a: Cloyster|Icicle Spear|p1a: Buzz off bitch","|-supereffective|p1a: Buzz off bitch","|-damage|p1a: Buzz off bitch|374/405","|-supereffective|p1a: Buzz off bitch","|-damage|p1a: Buzz off bitch|346/405","|-supereffective|p1a: Buzz off bitch","|-damage|p1a: Buzz off bitch|318/405","|-supereffective|p1a: Buzz off bitch","|-damage|p1a: Buzz off bitch|290/405","|-supereffective|p1a: Buzz off bitch","|-damage|p1a: Buzz off bitch|262/405","|-hitcount|p1a: Buzz off bitch|5","|move|p1a: Buzz off bitch|Roost|p1a: Buzz off bitch","|-heal|p1a: Buzz off bitch|405/405","|","|-damage|p2a: Cloyster|1/241 brn|[from] brn","|turn|27","|","|move|p2a: Cloyster|Rock Blast|p1a: Buzz off bitch","|-supereffective|p1a: Buzz off bitch","|-damage|p1a: Buzz off bitch|386/405","|-supereffective|p1a: Buzz off bitch","|-damage|p1a: Buzz off bitch|367/405","|-supereffective|p1a: Buzz off bitch","|-damage|p1a: Buzz off bitch|350/405","|-crit|p1a: Buzz off bitch","|-supereffective|p1a: Buzz off bitch","|-damage|p1a: Buzz off bitch|324/405","|-supereffective|p1a: Buzz off bitch","|-damage|p1a: Buzz off bitch|306/405","|-hitcount|p1a: Buzz off bitch|5","|move|p1a: Buzz off bitch|Roost|p1a: Buzz off bitch","|-heal|p1a: Buzz off bitch|405/405","|","|-damage|p2a: Cloyster|0 fnt|[from] brn","|faint|p2a: Cloyster","|","|switch|p2a: Sharpedo|Sharpedo-Mega, M|194/281 brn","|-damage|p2a: Sharpedo|159/281 brn|[from] Stealth Rock","|turn|28","|","|switch|p1a: Not op|Sableye-Mega, M|155/303","|move|p2a: Sharpedo|Protect|p2a: Sharpedo","|-fail|p2a: Sharpedo","|","|-damage|p2a: Sharpedo|124/281 brn|[from] brn","|turn|29","|","|move|p2a: Sharpedo|Crunch|p1a: Not op","|-damage|p1a: Not op|82/303","|move|p1a: Not op|Recover|p1a: Not op","|-heal|p1a: Not op|234/303","|","|-damage|p2a: Sharpedo|89/281 brn|[from] brn","|turn|30","|","|win|Inferno Sableye"],"p1rating":{"entryid":"83803","serverid":"eos","formatid":"monotype","userid":"infernosableye","username":"Inferno Sableye","w":46,"l":"14","t":"0","gxe":73.6,"r":"1684.0737894333","rd":"50.231927762125","sigma":"0","rptime":"1440406800","rpr":1694.855407197,"rprd":47.784784523653,"rpsigma":"0","acre":1326.8668626794,"lacre":1326.8668626794,"oldacre":"1316.1596557688"},"p2rating":{"entryid":"370034","serverid":"eos","formatid":"monotype","userid":"gtxasian","username":"GTX♅Asian","w":"6","l":4,"t":"0","gxe":56.8,"r":"1465.3538060066","rd":"117.73616620292","sigma":"0","rptime":"1440406800","rpr":1553.0339961922,"rprd":89.983748590747,"rpsigma":"0","acre":1127.9418116477,"lacre":1127.9418116477,"oldacre":"1141.325820286"},"endType":"forfeit"}