{"seed":[31718,65032,39827,65159],"turns":39,"p1":"Gym Ldr Mitsuka∆","p2":"alliance - ed wins","p1team":[{"name":"Celebi","species":"Celebi","item":"lightclay","ability":"Natural Cure","moves":["uturn","reflect","thunderwave","lightscreen"],"nature":"Calm","evs":{"hp":248,"atk":0,"def":0,"spa":0,"spd":224,"spe":36},"ivs":{"hp":31,"atk":31,"def":31,"spa":31,"spd":31,"spe":31}},{"name":"Abomasnow","species":"Abomasnow","item":"abomasite","ability":"Soundproof","moves":["swordsdance","iceshard","earthquake","seedbomb"],"nature":"Adamant","evs":{"hp":76,"atk":200,"def":0,"spa":0,"spd":0,"spe":180},"ivs":{"hp":31,"atk":31,"def":31,"spa":31,"spd":31,"spe":31}},{"name":"Shiftry","species":"Shiftry","item":"lifeorb","ability":"Chlorophyll","moves":["fakeout","knockoff","suckerpunch","rockslide"],"nature":"Adamant","evs":{"hp":4,"atk":252,"def":0,"spa":0,"spd":0,"spe":252},"ivs":{"hp":31,"atk":30,"def":31,"spa":30,"spd":31,"spe":30}},{"name":"Cradily","species":"Cradily","item":"leftovers","ability":"Suction Cups","moves":["rocktomb","mirrorcoat","rest","stealthrock"],"nature":"Careful","evs":{"hp":252,"atk":0,"def":80,"spa":0,"spd":176,"spe":0},"ivs":{"hp":31,"atk":31,"def":31,"spa":31,"spd":31,"spe":31}},{"name":"Vileplume","species":"Vileplume","item":"rockyhelmet","ability":"Effect Spore","moves":["sleeppowder","moonblast","sludgebomb","moonlight"],"nature":"Bold","evs":{"hp":252,"atk":0,"def":252,"spa":0,"spd":4,"spe":0},"ivs":{"hp":31,"atk":31,"def":31,"spa":31,"spd":31,"spe":31}},{"name":"Shaymin","species":"Shaymin","item":"choicespecs","ability":"Natural Cure","moves":["seedflare","airslash","hiddenpowerfire","earthpower"],"nature":"Timid","evs":{"hp":0,"atk":0,"def":0,"spa":252,"spd":4,"spe":252},"ivs":{"hp":31,"atk":30,"def":31,"spa":30,"spd":31,"spe":30}}],"p2team":[{"name":"Diancie","species":"Diancie","item":"leftovers","ability":"Clear Body","moves":["stealthrock","trickroom","diamondstorm","explosion"],"nature":"Brave","evs":{"hp":248,"atk":252,"def":8,"spa":0,"spd":0,"spe":0},"ivs":{"hp":31,"atk":31,"def":31,"spa":31,"spd":31,"spe":0}},{"name":"Sylveon","species":"Sylveon","item":"choicespecs","ability":"Pixilate","moves":["hypervoice","hiddenpowerfire","psyshock","shadowball"],"nature":"Quiet","evs":{"hp":248,"atk":0,"def":8,"spa":252,"spd":0,"spe":0},"gender":"M","ivs":{"hp":31,"atk":0,"def":31,"spa":30,"spd":31,"spe":0}},{"name":"Azumarill","species":"Azumarill","item":"lifeorb","ability":"Huge Power","moves":["playrough","waterfall","superpower","aquajet"],"nature":"Brave","evs":{"hp":248,"atk":252,"def":0,"spa":0,"spd":8,"spe":0},"gender":"M","ivs":{"hp":31,"atk":31,"def":31,"spa":31,"spd":31,"spe":0}},{"name":"Gardevoir","species":"Gardevoir","item":"gardevoirite","ability":"Trace","moves":["hypervoice","focusblast","trickroom","healingwish"],"nature":"Quiet","evs":{"hp":248,"atk":0,"def":8,"spa":252,"spd":0,"spe":0},"gender":"M","ivs":{"hp":31,"atk":0,"def":31,"spa":31,"spd":31,"spe":0},"shiny":true},{"name":"Klefki","species":"Klefki","item":"lightclay","ability":"Prankster","moves":["reflect","lightscreen","foulplay","spikes"],"nature":"Bold","evs":{"hp":248,"atk":0,"def":252,"spa":0,"spd":8,"spe":0},"ivs":{"hp":31,"atk":0,"def":31,"spa":31,"spd":31,"spe":31}},{"name":"Togekiss","species":"Togekiss","item":"choicescarf","ability":"Serene Grace","moves":["airslash","fireblast","dazzlinggleam","trick"],"nature":"Timid","evs":{"hp":0,"atk":0,"def":0,"spa":252,"spd":4,"spe":252},"ivs":{"hp":31,"atk":0,"def":31,"spa":31,"spd":31,"spe":31}}],"log":["|player|p1|Gym Ldr Mitsuka∆|265","|player|p2|alliance - ed wins|allianceedwins.png","|gametype|singles","|gen|6","|tier|Monotype","|rated","|rule|Baton Pass Clause: Limit one Baton Passer, can't pass Spe and other stats simultaneously","|rule|Swagger Clause: Swagger is banned","|rule|Same Type Clause: Pokémon in a team must share a type","|clearpoke","|poke|p1|Celebi","|poke|p1|Abomasnow, M","|poke|p1|Shiftry, F","|poke|p1|Cradily, F","|poke|p1|Vileplume, F","|poke|p1|Shaymin","|poke|p2|Diancie","|poke|p2|Sylveon, M","|poke|p2|Azumarill, M","|poke|p2|Gardevoir, M, shiny","|poke|p2|Klefki, F","|poke|p2|Togekiss, M","|rule|Sleep Clause Mod: Limit one foe put to sleep","|rule|Species Clause: Limit one of each Pokémon","|rule|OHKO Clause: OHKO moves are banned","|rule|Moody Clause: Moody is banned","|rule|Evasion Moves Clause: Evasion moves are banned","|rule|Endless Battle Clause: Forcing endless battles is banned","|rule|HP Percentage Mod: HP is shown in percentages","|teampreview","|","|start","|switch|p1a: Cradily|Cradily, F|376/376","|switch|p2a: Togekiss|Togekiss, M|311/311","|turn|1","|","|move|p2a: Togekiss|Trick|p1a: Cradily","|-activate|p2a: Togekiss|move: Trick|[of] p1a: Cradily","|-item|p1a: Cradily|Choice Scarf|[from] move: Trick","|-item|p2a: Togekiss|Leftovers|[from] move: Trick","|move|p1a: Cradily|Mirror Coat|p2a: Togekiss","|-fail|p2a: Togekiss","|","|turn|2","|","|switch|p2a: Diancie|Diancie|303/303","|switch|p1a: Shaymin|Shaymin|341/341","|","|turn|3","|","|move|p1a: Shaymin|Seed Flare|p2a: Diancie","|-supereffective|p2a: Diancie","|-damage|p2a: Diancie|0 fnt","|faint|p2a: Diancie","|","|","|switch|p2a: Togekiss|Togekiss, M|311/311","|turn|4","|","|switch|p1a: Cradily|Cradily, F|376/376","|move|p2a: Togekiss|Air Slash|p1a: Cradily","|-damage|p1a: Cradily|280/376","|","|turn|5","|","|switch|p2a: Klefki|Klefki, F|317/317","|move|p1a: Cradily|Mirror Coat|p2a: Klefki","|-fail|p2a: Klefki","|","|turn|6","|","|switch|p2a: Togekiss|Togekiss, M|311/311","|switch|p1a: Shaymin|Shaymin|341/341","|","|turn|7","|","|move|p1a: Shaymin|Air Slash|p2a: Togekiss","|-damage|p2a: Togekiss|210/311","|move|p2a: Togekiss|Air Slash|p1a: Shaymin","|-supereffective|p1a: Shaymin","|-damage|p1a: Shaymin|89/341","|","|-heal|p2a: Togekiss|229/311|[from] item: Leftovers","|turn|8","|","|switch|p2a: Klefki|Klefki, F|317/317","|move|p1a: Shaymin|Air Slash|p2a: Klefki|[miss]","|-miss|p1a: Shaymin|p2a: Klefki","|","|turn|9","|","|switch|p1a: Abomasnow|Abomasnow, M|340/340","|move|p2a: Klefki|Spikes|p1a: Abomasnow","|-sidestart|p1: Gym Ldr Mitsuka∆|Spikes","|","|turn|10","|","|detailschange|p1a: Abomasnow|Abomasnow-Mega, M","|-mega|p1a: Abomasnow|Abomasnow|Abomasite","|-weather|Hail","|move|p2a: Klefki|Reflect|p2a: Klefki","|-sidestart|p2: alliance - ed wins|Reflect","|move|p1a: Abomasnow|Swords Dance|p1a: Abomasnow","|-boost|p1a: Abomasnow|atk|2","|","|-weather|Hail|[upkeep]","|-damage|p2a: Klefki|298/317|[from] hail","|turn|11","|","|move|p2a: Klefki|Foul Play|p1a: Abomasnow","|-damage|p1a: Abomasnow|95/340","|move|p1a: Abomasnow|Swords Dance|p1a: Abomasnow","|-boost|p1a: Abomasnow|atk|2","|","|-weather|Hail|[upkeep]","|-damage|p2a: Klefki|279/317|[from] hail","|turn|12","|","|switch|p1a: Vileplume|Vileplume, F|354/354","|-damage|p1a: Vileplume|310/354|[from] Spikes","|move|p2a: Klefki|Foul Play|p1a: Vileplume","|-damage|p1a: Vileplume|266/354","|-status|p2a: Klefki|par","|-damage|p2a: Klefki|227/317 par|[from] item: Rocky Helmet|[of] p1a: Vileplume","|","|-weather|Hail|[upkeep]","|-damage|p1a: Vileplume|244/354|[from] hail","|-damage|p2a: Klefki|208/317 par|[from] hail","|turn|13","|","|move|p2a: Klefki|Spikes|p1a: Vileplume","|-sidestart|p1: Gym Ldr Mitsuka∆|Spikes","|move|p1a: Vileplume|Moonlight|p1a: Vileplume","|-heal|p1a: Vileplume|332/354","|","|-weather|Hail|[upkeep]","|-damage|p1a: Vileplume|310/354|[from] hail","|-damage|p2a: Klefki|189/317 par|[from] hail","|turn|14","|","|switch|p1a: Abomasnow|Abomasnow-Mega, M|95/340","|-damage|p1a: Abomasnow|39/340|[from] Spikes","|cant|p2a: Klefki|par","|","|-weather|none","|turn|15","|","|move|p1a: Abomasnow|Earthquake|p2a: Klefki","|-supereffective|p2a: Klefki","|-damage|p2a: Klefki|88/317 par","|move|p2a: Klefki|Foul Play|p1a: Abomasnow","|-damage|p1a: Abomasnow|0 fnt","|faint|p1a: Abomasnow","|","|","|switch|p1a: Celebi|Celebi|403/403","|-damage|p1a: Celebi|336/403|[from] Spikes","|turn|16","|","|switch|p2a: Gardevoir|Gardevoir, M, shiny|339/339","|-ability|p2a: Gardevoir|Natural Cure|[from] ability: Trace|[of] p1a: Celebi","|move|p1a: Celebi|Light Screen|p1a: Celebi","|-sidestart|p1: Gym Ldr Mitsuka∆|move: Light Screen","|","|turn|17","|","|move|p1a: Celebi|Thunder Wave|p2a: Gardevoir","|-status|p2a: Gardevoir|par","|move|p2a: Gardevoir|Trick Room|p2a: Gardevoir","|-fieldstart|move: Trick Room|[of] p2a: Gardevoir","|","|-sideend|p2: alliance - ed wins|Reflect","|turn|18","|","|switch|p2a: Sylveon|Sylveon, M|393/393","|move|p1a: Celebi|Reflect|p1a: Celebi","|-sidestart|p1: Gym Ldr Mitsuka∆|Reflect","|","|turn|19","|","|move|p2a: Sylveon|Hyper Voice|p1a: Celebi","|-damage|p1a: Celebi|222/403","|move|p1a: Celebi|U-turn|p2a: Sylveon","|-crit|p2a: Sylveon","|-resisted|p2a: Sylveon","|-damage|p2a: Sylveon|344/393","|","|switch|p1a: Vileplume|Vileplume, F|310/354","|-damage|p1a: Vileplume|251/354|[from] Spikes","|","|turn|20","|","|switch|p2a: Klefki|Klefki, F|88/317 par","|move|p1a: Vileplume|Sludge Bomb|p2a: Klefki","|-immune|p2a: Klefki|[msg]","|","|turn|21","|","|switch|p2a: Togekiss|Togekiss, M|229/311","|move|p1a: Vileplume|Moonblast|p2a: Togekiss","|-damage|p2a: Togekiss|159/311","|-unboost|p2a: Togekiss|spa|1","|","|-heal|p2a: Togekiss|178/311|[from] item: Leftovers","|-fieldend|move: Trick Room","|turn|22","|","|move|p2a: Togekiss|Air Slash|p1a: Vileplume","|-supereffective|p1a: Vileplume","|-damage|p1a: Vileplume|154/354","|move|p1a: Vileplume|Sludge Bomb|p2a: Togekiss","|-supereffective|p2a: Togekiss","|-damage|p2a: Togekiss|0 fnt","|faint|p2a: Togekiss","|","|","|switch|p2a: Gardevoir|Gardevoir, M, shiny|339/339","|-ability|p2a: Gardevoir|Effect Spore|[from] ability: Trace|[of] p1a: Vileplume","|turn|23","|","|move|p1a: Vileplume|Sleep Powder|p2a: Gardevoir|[miss]","|-miss|p1a: Vileplume|p2a: Gardevoir","|move|p2a: Gardevoir|Trick Room|p2a: Gardevoir","|-fieldstart|move: Trick Room|[of] p2a: Gardevoir","|","|-sideend|p1: Gym Ldr Mitsuka∆|move: Light Screen","|turn|24","|","|switch|p1a: Cradily|Cradily, F|280/376","|-damage|p1a: Cradily|218/376|[from] Spikes","|detailschange|p2a: Gardevoir|Gardevoir-Mega, M, shiny","|-mega|p2a: Gardevoir|Gardevoir|Gardevoirite","|move|p2a: Gardevoir|Hyper Voice|p1a: Cradily","|-damage|p1a: Cradily|28/376","|","|turn|25","|","|move|p1a: Cradily|Rest|p1a: Cradily","|-status|p1a: Cradily|slp","|-heal|p1a: Cradily|376/376 slp|[silent]","|-status|p1a: Cradily|slp|[from] move: Rest","|move|p2a: Gardevoir|Hyper Voice|p1a: Cradily","|-damage|p1a: Cradily|183/376 slp","|","|-sideend|p1: Gym Ldr Mitsuka∆|Reflect","|turn|26","|","|cant|p1a: Cradily|slp","|move|p2a: Gardevoir|Trick Room|p2a: Gardevoir","|-fieldend|move: Trick Room","|","|turn|27","|","|cant|p1a: Cradily|slp","|move|p2a: Gardevoir|Trick Room|p2a: Gardevoir","|-fieldstart|move: Trick Room|[of] p2a: Gardevoir","|","|turn|28","|","|switch|p2a: Sylveon|Sylveon, M|344/393","|-curestatus|p1a: Cradily|slp","|move|p1a: Cradily|Rest|p1a: Cradily","|-status|p1a: Cradily|slp","|-heal|p1a: Cradily|376/376 slp|[silent]","|-status|p1a: Cradily|slp|[from] move: Rest","|","|turn|29","|","|switch|p1a: Celebi|Celebi|222/403","|-damage|p1a: Celebi|155/403|[from] Spikes","|move|p2a: Sylveon|Hyper Voice|p1a: Celebi","|-damage|p1a: Celebi|0 fnt","|faint|p1a: Celebi","|","|","|switch|p1a: Vileplume|Vileplume, F|154/354","|-damage|p1a: Vileplume|95/354|[from] Spikes","|turn|30","|","|move|p2a: Sylveon|Hyper Voice|p1a: Vileplume","|-resisted|p1a: Vileplume","|-damage|p1a: Vileplume|0 fnt","|faint|p1a: Vileplume","|","|","|switch|p1a: Shiftry|Shiftry, F|322/322","|-damage|p1a: Shiftry|269/322|[from] Spikes","|turn|31","|","|move|p1a: Shiftry|Fake Out|p2a: Sylveon","|-damage|p2a: Sylveon|263/393","|-damage|p1a: Shiftry|237/322|[from] item: Life Orb","|cant|p2a: Sylveon|flinch","|","|-fieldend|move: Trick Room","|turn|32","|","|switch|p2a: Klefki|Klefki, F|88/317 par","|move|p1a: Shiftry|Sucker Punch|p2a: Klefki","|-fail|p1a: Shiftry","|","|turn|33","|","|switch|p1a: Shaymin|Shaymin|89/341","|-damage|p1a: Shaymin|33/341|[from] Spikes","|move|p2a: Klefki|Reflect|p2a: Klefki","|-sidestart|p2: alliance - ed wins|Reflect","|","|turn|34","|","|move|p2a: Klefki|Light Screen|p2a: Klefki","|-sidestart|p2: alliance - ed wins|move: Light Screen","|move|p1a: Shaymin|Earth Power|p2a: Klefki","|-supereffective|p2a: Klefki","|-damage|p2a: Klefki|0 fnt","|faint|p2a: Klefki","|","|","|switch|p2a: Gardevoir|Gardevoir-Mega, M, shiny|339/339","|turn|35","|","|move|p1a: Shaymin|Earth Power|p2a: Gardevoir","|-damage|p2a: Gardevoir|290/339","|move|p2a: Gardevoir|Trick Room|p2a: Gardevoir","|-fieldstart|move: Trick Room|[of] p2a: Gardevoir","|","|turn|36","|","|switch|p1a: Cradily|Cradily, F|376/376 slp","|-damage|p1a: Cradily|314/376 slp|[from] Spikes","|move|p2a: Gardevoir|Hyper Voice|p1a: Cradily","|-damage|p1a: Cradily|106/376 slp","|","|turn|37","|","|cant|p1a: Cradily|slp","|move|p2a: Gardevoir|Hyper Voice|p1a: Cradily","|-crit|p1a: Cradily","|-damage|p1a: Cradily|0 fnt","|faint|p1a: Cradily","|","|","|switch|p1a: Shiftry|Shiftry, F|237/322","|-damage|p1a: Shiftry|184/322|[from] Spikes","|turn|38","|","|switch|p2a: Sylveon|Sylveon, M|263/393","|move|p1a: Shiftry|Fake Out|p2a: Sylveon","|-damage|p2a: Sylveon|225/393","|-damage|p1a: Shiftry|152/322|[from] item: Life Orb","|","|turn|39","|","|move|p2a: Sylveon|Hyper Voice|p1a: Shiftry","|-supereffective|p1a: Shiftry","|-damage|p1a: Shiftry|0 fnt","|faint|p1a: Shiftry","|","|-fieldend|move: Trick Room","|","|switch|p1a: Shaymin|Shaymin|33/341","|-damage|p1a: Shaymin|0 fnt|[from] Spikes","|faint|p1a: Shaymin","|","|win|alliance - ed wins"],"p1rating":{"entryid":"379503","serverid":"eos","formatid":"monotype","userid":"gymldrmitsuka","username":"Gym Ldr Mitsuka∆","w":"3","l":11,"t":"0","gxe":33.1,"r":"1441.313944946","rd":"103.46670437715","sigma":"0","rptime":"1440406800","rpr":1364.3473795401,"rprd":79.894179977876,"rpsigma":"0","acre":1036.7470943425,"lacre":1036.7470943425,"oldacre":"1046.4590949329"},"p2rating":{"entryid":"173044","serverid":"eos","formatid":"monotype","userid":"allianceedwins","username":"alliance - ed wins","w":10,"l":"2","t":"0","gxe":68.2,"r":"1557.0610615","rd":"123.89526123233","sigma":"0","rptime":"1440406800","rpr":1647.6132183578,"rprd":84.106926327804,"rpsigma":"0","acre":1219.5549089508,"lacre":1219.5549089508,"oldacre":"1205.2463487945"},"endType":"normal"}