{"seed":[23226,14512,25596,54858],"turns":49,"p1":"LightOfAKnowing","p2":"inferno sasuke","p1team":[{"name":"Vespiquen","species":"Vespiquen","item":"laxincense","ability":"Pressure","moves":["defendorder","infestation","mudslap","roost"],"nature":"Gentle","evs":{"hp":248,"atk":8,"def":0,"spa":0,"spd":252,"spe":0},"ivs":{"hp":31,"atk":31,"def":31,"spa":31,"spd":31,"spe":31}},{"name":"Forretress","species":"Forretress","item":"custapberry","ability":"Sturdy","moves":["stealthrock","rapidspin","explosion","spikes"],"nature":"Impish","evs":{"hp":248,"atk":8,"def":252,"spa":0,"spd":0,"spe":0},"ivs":{"hp":31,"atk":31,"def":31,"spa":31,"spd":31,"spe":31}},{"name":"Galvantula","species":"Galvantula","item":"focussash","ability":"Swarm","moves":["stickyweb","bugbuzz","voltswitch","suckerpunch"],"nature":"Hasty","evs":{"hp":0,"atk":4,"def":0,"spa":252,"spd":0,"spe":252},"ivs":{"hp":31,"atk":31,"def":31,"spa":31,"spd":31,"spe":31}},{"name":"Pinsir","species":"Pinsir","item":"pinsirite","ability":"Moxie","moves":["quickattack","xscissor","frustration","closecombat"],"nature":"Adamant","evs":{"hp":248,"atk":252,"def":0,"spa":0,"spd":8,"spe":0},"happiness":0,"ivs":{"hp":31,"atk":31,"def":31,"spa":31,"spd":31,"spe":31}},{"name":"Durant","species":"Durant","item":"leftovers","ability":"Truant","moves":["entrainment","stoneedge","ironhead","xscissor"],"nature":"Jolly","evs":{"hp":0,"atk":252,"def":0,"spa":0,"spd":4,"spe":252},"happiness":0,"ivs":{"hp":31,"atk":31,"def":31,"spa":31,"spd":31,"spe":31}},{"name":"Volcarona","species":"Volcarona","item":"choicescarf","ability":"Flame Body","moves":["bugbuzz","fierydance","gigadrain","hurricane"],"nature":"Timid","evs":{"hp":0,"atk":0,"def":0,"spa":252,"spd":4,"spe":252},"ivs":{"hp":31,"atk":31,"def":31,"spa":31,"spd":31,"spe":31}}],"p2team":[{"name":"Tornadus-Therian","species":"Tornadus-Therian","item":"assaultvest","ability":"Regenerator","moves":["heatwave","hurricane","aerialace","darkpulse"],"nature":"Mild","evs":{"hp":248,"atk":8,"def":0,"spa":252,"spd":0,"spe":0},"shiny":true,"ivs":{"hp":31,"atk":31,"def":31,"spa":31,"spd":31,"spe":31}},{"name":"Togekiss","species":"Togekiss","item":"choicescarf","ability":"Super Luck","moves":["airslash","dazzlinggleam","hypervoice","flamethrower"],"nature":"Timid","evs":{"hp":0,"atk":0,"def":0,"spa":252,"spd":4,"spe":252},"shiny":true,"ivs":{"hp":31,"atk":31,"def":31,"spa":31,"spd":31,"spe":31}},{"name":"Charizard","species":"Charizard","item":"charizarditey","ability":"Blaze","moves":["solarbeam","flamethrower","airslash","roost"],"nature":"Modest","evs":{"hp":248,"atk":0,"def":0,"spa":252,"spd":8,"spe":0},"shiny":true,"ivs":{"hp":31,"atk":31,"def":31,"spa":31,"spd":31,"spe":31}},{"name":"Gliscor","species":"Gliscor","item":"toxicorb","ability":"Poison Heal","moves":["earthquake","roost","swordsdance","knockoff"],"nature":"Adamant","evs":{"hp":184,"atk":252,"def":0,"spa":0,"spd":0,"spe":72},"shiny":true,"ivs":{"hp":31,"atk":31,"def":31,"spa":31,"spd":31,"spe":31}},{"name":"Mandibuzz","species":"Mandibuzz","item":"rockyhelmet","ability":"Overcoat","moves":["roost","defog","foulplay","heatwave"],"nature":"Bold","evs":{"hp":248,"atk":0,"def":252,"spa":8,"spd":0,"spe":0},"shiny":true,"ivs":{"hp":31,"atk":31,"def":31,"spa":31,"spd":31,"spe":31}},{"name":"Noivern","species":"Noivern","item":"leftovers","ability":"Infiltrator","moves":["hurricane","boomburst","flamethrower","roost"],"nature":"Modest","evs":{"hp":248,"atk":0,"def":0,"spa":252,"spd":8,"spe":0},"shiny":true,"ivs":{"hp":31,"atk":31,"def":31,"spa":31,"spd":31,"spe":31}}],"log":["|player|p1|LightOfAKnowing|lightofaknowing.gif","|player|p2|inferno sasuke|infernosasuke.png","|gametype|singles","|gen|6","|tier|Monotype","|rated","|rule|Baton Pass Clause: Limit one Baton Passer, can't pass Spe and other stats simultaneously","|rule|Swagger Clause: Swagger is banned","|rule|Same Type Clause: Pokémon in a team must share a type","|clearpoke","|poke|p1|Vespiquen, F","|poke|p1|Forretress, F","|poke|p1|Galvantula, M","|poke|p1|Pinsir, F","|poke|p1|Durant, M","|poke|p1|Volcarona, M","|poke|p2|Tornadus-Therian, M, shiny","|poke|p2|Togekiss, M, shiny","|poke|p2|Charizard, F, shiny","|poke|p2|Gliscor, M, shiny","|poke|p2|Mandibuzz, F, shiny","|poke|p2|Noivern, F, shiny","|rule|Sleep Clause Mod: Limit one foe put to sleep","|rule|Species Clause: Limit one of each Pokémon","|rule|OHKO Clause: OHKO moves are banned","|rule|Moody Clause: Moody is banned","|rule|Evasion Moves Clause: Evasion moves are banned","|rule|Endless Battle Clause: Forcing endless battles is banned","|rule|HP Percentage Mod: HP is shown in percentages","|teampreview","|","|start","|switch|p1a: Galvantula|Galvantula, M|281/281","|switch|p2a: Tornadus-Therian|Tornadus-Therian, M, shiny|361/361","|turn|1","|","|move|p1a: Galvantula|Volt Switch|p2a: Tornadus-Therian","|-supereffective|p2a: Tornadus-Therian","|-damage|p2a: Tornadus-Therian|217/361","|","|switch|p1a: Durant|Durant, M|257/257","|move|p2a: Tornadus-Therian|Heat Wave|p1a: Durant","|-supereffective|p1a: Durant","|-damage|p1a: Durant|0 fnt","|faint|p1a: Durant","|","|","|switch|p1a: Forretress|Forretress, F|353/353","|turn|2","|","|move|p2a: Tornadus-Therian|Heat Wave|p1a: Forretress","|-miss|p2a: Tornadus-Therian|p1a: Forretress","|move|p1a: Forretress|Stealth Rock|p2a: Tornadus-Therian","|-sidestart|p2: inferno sasuke|move: Stealth Rock","|","|turn|3","|","|move|p2a: Tornadus-Therian|Heat Wave|p1a: Forretress","|-supereffective|p1a: Forretress","|-ability|p1a: Forretress|Sturdy","|-damage|p1a: Forretress|1/353","|move|p1a: Forretress|Explosion|p2a: Tornadus-Therian","|-damage|p2a: Tornadus-Therian|0 fnt","|faint|p1a: Forretress","|faint|p2a: Tornadus-Therian","|","|","|switch|p1a: Galvantula|Galvantula, M|281/281","|switch|p2a: Noivern|Noivern, F, shiny|373/373","|-damage|p2a: Noivern|280/373|[from] Stealth Rock","|turn|4","|","|move|p1a: Galvantula|Volt Switch|p2a: Noivern","|-damage|p2a: Noivern|159/373","|","|switch|p1a: Volcarona|Volcarona, M|311/311","|move|p2a: Noivern|Hurricane|p1a: Volcarona","|-supereffective|p1a: Volcarona","|-damage|p1a: Volcarona|0 fnt","|faint|p1a: Volcarona","|","|-heal|p2a: Noivern|182/373|[from] item: Leftovers","|","|switch|p1a: Galvantula|Galvantula, M|281/281","|turn|5","|","|move|p1a: Galvantula|Sucker Punch|p2a: Noivern","|-fail|p1a: Galvantula","|move|p2a: Noivern|Roost|p2a: Noivern","|-heal|p2a: Noivern|369/373","|","|-heal|p2a: Noivern|373/373|[from] item: Leftovers","|turn|6","|","|move|p1a: Galvantula|Bug Buzz|p2a: Noivern","|-resisted|p2a: Noivern","|-damage|p2a: Noivern|292/373","|move|p2a: Noivern|Flamethrower|p1a: Galvantula","|-supereffective|p1a: Galvantula","|-enditem|p1a: Galvantula|Focus Sash","|-damage|p1a: Galvantula|1/281","|","|-heal|p2a: Noivern|315/373|[from] item: Leftovers","|turn|7","|","|move|p1a: Galvantula|Bug Buzz|p2a: Noivern","|-resisted|p2a: Noivern","|-damage|p2a: Noivern|203/373","|move|p2a: Noivern|Roost|p2a: Noivern","|-heal|p2a: Noivern|373/373","|","|turn|8","|","|move|p1a: Galvantula|Bug Buzz|p2a: Noivern","|-resisted|p2a: Noivern","|-damage|p2a: Noivern|265/373","|move|p2a: Noivern|Hurricane|p1a: Galvantula","|-damage|p1a: Galvantula|0 fnt","|faint|p1a: Galvantula","|","|-heal|p2a: Noivern|288/373|[from] item: Leftovers","|","|switch|p1a: Vespiquen|Vespiquen, F|343/343","|-ability|p1a: Vespiquen|Pressure","|turn|9","|","|move|p2a: Noivern|Roost|p2a: Noivern","|-heal|p2a: Noivern|373/373","|move|p1a: Vespiquen|Defend Order|p1a: Vespiquen","|-boost|p1a: Vespiquen|def|1","|-boost|p1a: Vespiquen|spd|1","|","|turn|10","|","|move|p2a: Noivern|Flamethrower|p1a: Vespiquen","|-supereffective|p1a: Vespiquen","|-damage|p1a: Vespiquen|249/343","|move|p1a: Vespiquen|Infestation|p2a: Noivern","|-resisted|p2a: Noivern","|-damage|p2a: Noivern|362/373","|-activate|p2a: Noivern|move: Infestation|[of] p1a: Vespiquen","|","|-heal|p2a: Noivern|373/373|[from] item: Leftovers","|-damage|p2a: Noivern|327/373|[from] move: Infestation|[partiallytrapped]","|turn|11","|","|move|p2a: Noivern|Hurricane|p1a: Vespiquen|[miss]","|-miss|p2a: Noivern|p1a: Vespiquen","|move|p1a: Vespiquen|Roost|p1a: Vespiquen","|-heal|p1a: Vespiquen|343/343","|","|-heal|p2a: Noivern|350/373|[from] item: Leftovers","|-damage|p2a: Noivern|304/373|[from] move: Infestation|[partiallytrapped]","|turn|12","|","|move|p2a: Noivern|Hurricane|p1a: Vespiquen|[miss]","|-miss|p2a: Noivern|p1a: Vespiquen","|move|p1a: Vespiquen|Defend Order|p1a: Vespiquen","|-boost|p1a: Vespiquen|def|1","|-boost|p1a: Vespiquen|spd|1","|","|-heal|p2a: Noivern|327/373|[from] item: Leftovers","|-damage|p2a: Noivern|281/373|[from] move: Infestation|[partiallytrapped]","|turn|13","|","|move|p2a: Noivern|Roost|p2a: Noivern","|-heal|p2a: Noivern|373/373","|move|p1a: Vespiquen|Defend Order|p1a: Vespiquen","|-boost|p1a: Vespiquen|def|1","|-boost|p1a: Vespiquen|spd|1","|","|-damage|p2a: Noivern|327/373|[from] move: Infestation|[partiallytrapped]","|turn|14","|","|move|p2a: Noivern|Hurricane|p1a: Vespiquen","|-supereffective|p1a: Vespiquen","|-damage|p1a: Vespiquen|241/343","|move|p1a: Vespiquen|Defend Order|p1a: Vespiquen","|-boost|p1a: Vespiquen|def|1","|-boost|p1a: Vespiquen|spd|1","|","|-heal|p2a: Noivern|350/373|[from] item: Leftovers","|-damage|p2a: Noivern|304/373|[from] move: Infestation|[partiallytrapped]","|turn|15","|","|move|p2a: Noivern|Flamethrower|p1a: Vespiquen","|-supereffective|p1a: Vespiquen","|-damage|p1a: Vespiquen|193/343","|move|p1a: Vespiquen|Infestation|p2a: Noivern","|-resisted|p2a: Noivern","|-damage|p2a: Noivern|292/373","|","|-heal|p2a: Noivern|315/373|[from] item: Leftovers","|-end|p2a: Noivern|Infestation|[partiallytrapped]","|turn|16","|","|switch|p2a: Charizard|Charizard, F, shiny|359/359","|-damage|p2a: Charizard|180/359|[from] Stealth Rock","|move|p1a: Vespiquen|Infestation|p2a: Charizard","|-resisted|p2a: Charizard","|-damage|p2a: Charizard|175/359","|-activate|p2a: Charizard|move: Infestation|[of] p1a: Vespiquen","|","|-damage|p2a: Charizard|131/359|[from] move: Infestation|[partiallytrapped]","|turn|17","|","|detailschange|p2a: Charizard|Charizard-Mega-Y, F, shiny","|-mega|p2a: Charizard|Charizard|Charizardite Y","|-weather|SunnyDay","|move|p2a: Charizard|Roost|p2a: Charizard","|-heal|p2a: Charizard|311/359","|move|p1a: Vespiquen|Roost|p1a: Vespiquen","|-heal|p1a: Vespiquen|343/343","|","|-weather|SunnyDay|[upkeep]","|-damage|p2a: Charizard|267/359|[from] move: Infestation|[partiallytrapped]","|turn|18","|","|move|p2a: Charizard|Roost|p2a: Charizard","|-heal|p2a: Charizard|359/359","|move|p1a: Vespiquen|Roost|p1a: Vespiquen","|-fail|p1a: Vespiquen","|","|-weather|SunnyDay|[upkeep]","|-damage|p2a: Charizard|315/359|[from] move: Infestation|[partiallytrapped]","|turn|19","|","|move|p2a: Charizard|Flamethrower|p1a: Vespiquen","|-supereffective|p1a: Vespiquen","|-damage|p1a: Vespiquen|203/343","|move|p1a: Vespiquen|Mud-Slap|p2a: Charizard","|-immune|p2a: Charizard|[msg]","|","|-weather|SunnyDay|[upkeep]","|-damage|p2a: Charizard|271/359|[from] move: Infestation|[partiallytrapped]","|turn|20","|","|move|p2a: Charizard|Flamethrower|p1a: Vespiquen","|-supereffective|p1a: Vespiquen","|-damage|p1a: Vespiquen|51/343","|move|p1a: Vespiquen|Roost|p1a: Vespiquen","|-heal|p1a: Vespiquen|223/343","|","|-weather|SunnyDay|[upkeep]","|-damage|p2a: Charizard|227/359|[from] move: Infestation|[partiallytrapped]","|turn|21","|","|move|p2a: Charizard|Flamethrower|p1a: Vespiquen","|-supereffective|p1a: Vespiquen","|-damage|p1a: Vespiquen|83/343","|move|p1a: Vespiquen|Roost|p1a: Vespiquen","|-heal|p1a: Vespiquen|255/343","|","|-weather|none","|-end|p2a: Charizard|Infestation|[partiallytrapped]","|turn|22","|","|move|p2a: Charizard|Roost|p2a: Charizard","|-heal|p2a: Charizard|359/359","|move|p1a: Vespiquen|Defend Order|p1a: Vespiquen","|-boost|p1a: Vespiquen|def|1","|-boost|p1a: Vespiquen|spd|1","|","|turn|23","|","|switch|p2a: Gliscor|Gliscor, M, shiny|337/337","|-damage|p2a: Gliscor|295/337|[from] Stealth Rock","|move|p1a: Vespiquen|Defend Order|p1a: Vespiquen","|-boost|p1a: Vespiquen|def|1","|-boost|p1a: Vespiquen|spd|1","|","|-status|p2a: Gliscor|tox|[from] item: Toxic Orb","|turn|24","|","|move|p2a: Gliscor|Swords Dance|p2a: Gliscor","|-boost|p2a: Gliscor|atk|2","|move|p1a: Vespiquen|Infestation|p2a: Gliscor","|-resisted|p2a: Gliscor","|-damage|p2a: Gliscor|283/337 tox","|-activate|p2a: Gliscor|move: Infestation|[of] p1a: Vespiquen","|","|-heal|p2a: Gliscor|325/337 tox|[from] ability: Poison Heal","|-damage|p2a: Gliscor|283/337 tox|[from] move: Infestation|[partiallytrapped]","|turn|25","|","|move|p2a: Gliscor|Swords Dance|p2a: Gliscor","|-boost|p2a: Gliscor|atk|2","|move|p1a: Vespiquen|Mud-Slap|p2a: Gliscor","|-immune|p2a: Gliscor|[msg]","|","|-heal|p2a: Gliscor|325/337 tox|[from] ability: Poison Heal","|-damage|p2a: Gliscor|283/337 tox|[from] move: Infestation|[partiallytrapped]","|turn|26","|","|move|p2a: Gliscor|Swords Dance|p2a: Gliscor","|-boost|p2a: Gliscor|atk|2","|move|p1a: Vespiquen|Mud-Slap|p2a: Gliscor","|-immune|p2a: Gliscor|[msg]","|","|-heal|p2a: Gliscor|325/337 tox|[from] ability: Poison Heal","|-damage|p2a: Gliscor|283/337 tox|[from] move: Infestation|[partiallytrapped]","|turn|27","|","|move|p2a: Gliscor|Knock Off|p1a: Vespiquen","|-damage|p1a: Vespiquen|145/343","|-enditem|p1a: Vespiquen|Lax Incense|[from] move: Knock Off|[of] p2a: Gliscor","|move|p1a: Vespiquen|Mud-Slap|p2a: Gliscor","|-immune|p2a: Gliscor|[msg]","|","|-heal|p2a: Gliscor|325/337 tox|[from] ability: Poison Heal","|-damage|p2a: Gliscor|283/337 tox|[from] move: Infestation|[partiallytrapped]","|turn|28","|","|move|p2a: Gliscor|Knock Off|p1a: Vespiquen","|-damage|p1a: Vespiquen|70/343","|move|p1a: Vespiquen|Roost|p1a: Vespiquen","|-heal|p1a: Vespiquen|242/343","|","|-heal|p2a: Gliscor|325/337 tox|[from] ability: Poison Heal","|-end|p2a: Gliscor|Infestation|[partiallytrapped]","|turn|29","|","|move|p2a: Gliscor|Knock Off|p1a: Vespiquen","|-damage|p1a: Vespiquen|171/343","|move|p1a: Vespiquen|Infestation|p2a: Gliscor","|-resisted|p2a: Gliscor","|-damage|p2a: Gliscor|313/337 tox","|-activate|p2a: Gliscor|move: Infestation|[of] p1a: Vespiquen","|","|-heal|p2a: Gliscor|337/337 tox|[from] ability: Poison Heal","|-damage|p2a: Gliscor|295/337 tox|[from] move: Infestation|[partiallytrapped]","|turn|30","|","|move|p2a: Gliscor|Knock Off|p1a: Vespiquen","|-damage|p1a: Vespiquen|91/343","|move|p1a: Vespiquen|Roost|p1a: Vespiquen","|-heal|p1a: Vespiquen|263/343","|","|-heal|p2a: Gliscor|337/337 tox|[from] ability: Poison Heal","|-damage|p2a: Gliscor|295/337 tox|[from] move: Infestation|[partiallytrapped]","|turn|31","|","|move|p2a: Gliscor|Knock Off|p1a: Vespiquen","|-damage|p1a: Vespiquen|185/343","|move|p1a: Vespiquen|Defend Order|p1a: Vespiquen","|-fail|p1a: Vespiquen","|","|-heal|p2a: Gliscor|337/337 tox|[from] ability: Poison Heal","|-damage|p2a: Gliscor|295/337 tox|[from] move: Infestation|[partiallytrapped]","|turn|32","|","|move|p2a: Gliscor|Roost|p2a: Gliscor","|-heal|p2a: Gliscor|337/337 tox","|move|p1a: Vespiquen|Defend Order|p1a: Vespiquen","|-fail|p1a: Vespiquen","|","|-damage|p2a: Gliscor|295/337 tox|[from] move: Infestation|[partiallytrapped]","|turn|33","|","|move|p2a: Gliscor|Knock Off|p1a: Vespiquen","|-damage|p1a: Vespiquen|108/343","|move|p1a: Vespiquen|Defend Order|p1a: Vespiquen","|-fail|p1a: Vespiquen","|","|-heal|p2a: Gliscor|337/337 tox|[from] ability: Poison Heal","|-damage|p2a: Gliscor|295/337 tox|[from] move: Infestation|[partiallytrapped]","|turn|34","|","|move|p2a: Gliscor|Knock Off|p1a: Vespiquen","|-damage|p1a: Vespiquen|36/343","|move|p1a: Vespiquen|Roost|p1a: Vespiquen","|-heal|p1a: Vespiquen|208/343","|","|-heal|p2a: Gliscor|337/337 tox|[from] ability: Poison Heal","|-end|p2a: Gliscor|Infestation|[partiallytrapped]","|turn|35","|","|switch|p2a: Togekiss|Togekiss, M, shiny|311/311","|-damage|p2a: Togekiss|234/311|[from] Stealth Rock","|move|p1a: Vespiquen|Infestation|p2a: Togekiss","|-resisted|p2a: Togekiss","|-damage|p2a: Togekiss|229/311","|-activate|p2a: Togekiss|move: Infestation|[of] p1a: Vespiquen","|","|-damage|p2a: Togekiss|191/311|[from] move: Infestation|[partiallytrapped]","|turn|36","|","|move|p2a: Togekiss|Flamethrower|p1a: Vespiquen","|-supereffective|p1a: Vespiquen","|-damage|p1a: Vespiquen|170/343","|move|p1a: Vespiquen|Mud-Slap|p2a: Togekiss","|-immune|p2a: Togekiss|[msg]","|","|-damage|p2a: Togekiss|153/311|[from] move: Infestation|[partiallytrapped]","|turn|37","|","|move|p2a: Togekiss|Flamethrower|p1a: Vespiquen","|-supereffective|p1a: Vespiquen","|-damage|p1a: Vespiquen|134/343","|move|p1a: Vespiquen|Roost|p1a: Vespiquen","|-heal|p1a: Vespiquen|306/343","|","|-damage|p2a: Togekiss|115/311|[from] move: Infestation|[partiallytrapped]","|turn|38","|","|move|p2a: Togekiss|Flamethrower|p1a: Vespiquen","|-supereffective|p1a: Vespiquen","|-damage|p1a: Vespiquen|266/343","|move|p1a: Vespiquen|Mud-Slap|p2a: Togekiss","|-immune|p2a: Togekiss|[msg]","|","|-damage|p2a: Togekiss|77/311|[from] move: Infestation|[partiallytrapped]","|turn|39","|","|move|p2a: Togekiss|Flamethrower|p1a: Vespiquen","|-supereffective|p1a: Vespiquen","|-damage|p1a: Vespiquen|224/343","|move|p1a: Vespiquen|Mud-Slap|p2a: Togekiss","|-immune|p2a: Togekiss|[msg]","|","|-end|p2a: Togekiss|Infestation|[partiallytrapped]","|turn|40","|","|move|p2a: Togekiss|Flamethrower|p1a: Vespiquen","|-supereffective|p1a: Vespiquen","|-damage|p1a: Vespiquen|188/343","|move|p1a: Vespiquen|Mud-Slap|p2a: Togekiss","|-immune|p2a: Togekiss|[msg]","|","|turn|41","|","|switch|p2a: Charizard|Charizard-Mega-Y, F, shiny|359/359","|-damage|p2a: Charizard|180/359|[from] Stealth Rock","|-weather|SunnyDay","|move|p1a: Vespiquen|Infestation|p2a: Charizard","|-resisted|p2a: Charizard","|-damage|p2a: Charizard|176/359","|-activate|p2a: Charizard|move: Infestation|[of] p1a: Vespiquen","|","|-weather|SunnyDay|[upkeep]","|-damage|p2a: Charizard|132/359|[from] move: Infestation|[partiallytrapped]","|turn|42","|","|move|p2a: Charizard|Roost|p2a: Charizard","|-heal|p2a: Charizard|312/359","|move|p1a: Vespiquen|Roost|p1a: Vespiquen","|-heal|p1a: Vespiquen|343/343","|","|-weather|SunnyDay|[upkeep]","|-damage|p2a: Charizard|268/359|[from] move: Infestation|[partiallytrapped]","|turn|43","|","|move|p2a: Charizard|Roost|p2a: Charizard","|-heal|p2a: Charizard|359/359","|move|p1a: Vespiquen|Defend Order|p1a: Vespiquen","|-fail|p1a: Vespiquen","|","|-weather|SunnyDay|[upkeep]","|-damage|p2a: Charizard|315/359|[from] move: Infestation|[partiallytrapped]","|turn|44","|","|move|p2a: Charizard|Flamethrower|p1a: Vespiquen","|-supereffective|p1a: Vespiquen","|-damage|p1a: Vespiquen|227/343","|move|p1a: Vespiquen|Mud-Slap|p2a: Charizard","|-immune|p2a: Charizard|[msg]","|","|-weather|SunnyDay|[upkeep]","|-damage|p2a: Charizard|271/359|[from] move: Infestation|[partiallytrapped]","|turn|45","|","|move|p2a: Charizard|Flamethrower|p1a: Vespiquen","|-supereffective|p1a: Vespiquen","|-damage|p1a: Vespiquen|117/343","|move|p1a: Vespiquen|Mud-Slap|p2a: Charizard","|-immune|p2a: Charizard|[msg]","|","|-weather|none","|-damage|p2a: Charizard|227/359|[from] move: Infestation|[partiallytrapped]","|turn|46","|","|move|p2a: Charizard|Flamethrower|p1a: Vespiquen","|-supereffective|p1a: Vespiquen","|-damage|p1a: Vespiquen|45/343","|move|p1a: Vespiquen|Mud-Slap|p2a: Charizard","|-immune|p2a: Charizard|[msg]","|","|-end|p2a: Charizard|Infestation|[partiallytrapped]","|turn|47","|","|move|p2a: Charizard|Flamethrower|p1a: Vespiquen","|-supereffective|p1a: Vespiquen","|-damage|p1a: Vespiquen|0 fnt","|faint|p1a: Vespiquen","|","|","|switch|p1a: Pinsir|Pinsir, F|333/333","|turn|48","|","|move|p2a: Charizard|Roost|p2a: Charizard","|-heal|p2a: Charizard|359/359","|move|p1a: Pinsir|Frustration|p2a: Charizard","|-damage|p2a: Charizard|212/359","|","|turn|49","|","|detailschange|p1a: Pinsir|Pinsir-Mega, F","|-mega|p1a: Pinsir|Pinsir|Pinsirite","|move|p1a: Pinsir|Quick Attack|p2a: Charizard","|-damage|p2a: Charizard|80/359","|move|p2a: Charizard|Flamethrower|p1a: Pinsir","|-supereffective|p1a: Pinsir","|-damage|p1a: Pinsir|0 fnt","|faint|p1a: Pinsir","|","|win|inferno sasuke"],"p1rating":{"entryid":"386","serverid":"eos","formatid":"monotype","userid":"lightofaknowing","username":"LightOfAKnowing","w":"24","l":37,"t":"0","gxe":41.6,"r":"1416.9477002435","rd":"51.599175927199","sigma":"0","rptime":"1440406800","rpr":1435.5181439441,"rprd":46.190521953985,"rpsigma":"0","acre":1079.4021244502,"lacre":1079.4021244502,"oldacre":"1109.7016549757"},"p2rating":{"entryid":"45674","serverid":"eos","formatid":"monotype","userid":"infernosasuke","username":"Inferno Sasuke","w":20,"l":"42","t":"0","gxe":35.2,"r":"1386.0823869338","rd":"48.002750918871","sigma":"0","rptime":"1440406800","rpr":1384.5762525109,"rprd":46.002837217217,"rpsigma":"0","acre":1077.0491938705,"lacre":1077.0491938705,"oldacre":"1034.9179255333"},"endType":"normal"}