{"seed":[37283,32640,63515,41671],"turns":24,"p1":"Gym Ldr Mitsuka∆","p2":"GTX♅Bzumzum","p1team":[{"name":"Bellossom","species":"Bellossom","item":"rockyhelmet","ability":"Chlorophyll","moves":["sleeppowder","gigadrain","moonblast","teeterdance"],"nature":"Bold","evs":{"hp":252,"atk":0,"def":224,"spa":0,"spd":32,"spe":0},"ivs":{"hp":31,"atk":30,"def":31,"spa":30,"spd":31,"spe":30}},{"name":"Abomasnow","species":"Abomasnow","item":"abomasite","ability":"Soundproof","moves":["iceshard","blizzard","hiddenpowerfire","gigadrain"],"nature":"Timid","evs":{"hp":4,"atk":0,"def":0,"spa":252,"spd":0,"spe":252},"ivs":{"hp":31,"atk":30,"def":31,"spa":30,"spd":31,"spe":30}},{"name":"Roserade","species":"Roserade","item":"choicescarf","ability":"Technician","moves":["hiddenpowerrock","extrasensory","sludgebomb","gigadrain"],"nature":"Timid","evs":{"hp":0,"atk":0,"def":0,"spa":252,"spd":4,"spe":252},"ivs":{"hp":31,"atk":31,"def":30,"spa":31,"spd":30,"spe":30}},{"name":"Leavanny","species":"Leavanny","item":"focussash","ability":"Swarm","moves":["stickyweb","leafblade","knockoff","xscissor"],"nature":"Adamant","evs":{"hp":4,"atk":252,"def":0,"spa":0,"spd":0,"spe":252},"ivs":{"hp":31,"atk":31,"def":31,"spa":31,"spd":31,"spe":31}},{"name":"Ferrothorn","species":"Ferrothorn","item":"occaberry","ability":"Iron Barbs","moves":["stealthrock","thunderwave","knockoff","ironhead"],"nature":"Impish","evs":{"hp":252,"atk":0,"def":128,"spa":0,"spd":128,"spe":0},"ivs":{"hp":31,"atk":31,"def":31,"spa":31,"spd":31,"spe":31}},{"name":"Breloom","species":"Breloom","item":"focussash","ability":"Technician","moves":["spore","machpunch","bulletseed","rocktomb"],"nature":"Jolly","evs":{"hp":0,"atk":252,"def":0,"spa":0,"spd":4,"spe":252},"ivs":{"hp":31,"atk":31,"def":31,"spa":31,"spd":31,"spe":31}}],"p2team":[{"name":"Thorns","species":"ferrothorn","item":"rockyhelmet","ability":"Iron Barbs","moves":["stealthrock","gyroball","leechseed","protect"],"nature":"Jolly","evs":{"hp":128,"atk":100,"def":116,"spa":0,"spd":120,"spe":44},"gender":"M","ivs":{"hp":31,"atk":31,"def":31,"spa":31,"spd":31,"spe":0}},{"name":"Brawloom","species":"breloom","item":"focussash","ability":"Technician","moves":["bulletseed","rocktomb","machpunch","spore"],"nature":"Jolly","evs":{"hp":4,"atk":252,"def":0,"spa":0,"spd":0,"spe":252},"gender":"M","shiny":true,"ivs":{"hp":31,"atk":31,"def":31,"spa":31,"spd":31,"spe":31}},{"name":"Rising Roses","species":"roserade","item":"bigroot","ability":"Technician","moves":["aromatherapy","hiddenpowerrock","megadrain","magicalleaf"],"nature":"Modest","evs":{"hp":248,"atk":0,"def":0,"spa":252,"spd":8,"spe":0},"gender":"M","ivs":{"hp":31,"atk":31,"def":30,"spa":31,"spd":30,"spe":30},"shiny":true},{"name":"Ludicool","species":"ludicolo","item":"leftovers","ability":"Swift Swim","moves":["icebeam","scald","gigadrain","raindance"],"nature":"Modest","evs":{"hp":200,"atk":0,"def":0,"spa":184,"spd":4,"spe":120},"gender":"M","shiny":true,"ivs":{"hp":31,"atk":31,"def":31,"spa":31,"spd":31,"spe":31}},{"name":"Great-ily","species":"cradily","item":"leftovers","ability":"Storm Drain","moves":["ancientpower","earthpower","recover","toxic"],"nature":"Calm","evs":{"hp":232,"atk":24,"def":0,"spa":0,"spd":252,"spe":0},"gender":"M","shiny":true,"ivs":{"hp":31,"atk":31,"def":31,"spa":31,"spd":31,"spe":31}},{"name":"Plantasaurus","species":"venusaur","item":"venusaurite","ability":"Chlorophyll","moves":["gigadrain","hiddenpowerelectric","sludgebomb","synthesis"],"nature":"Modest","evs":{"hp":0,"atk":0,"def":68,"spa":188,"spd":0,"spe":252},"gender":"M","ivs":{"hp":31,"atk":31,"def":31,"spa":30,"spd":31,"spe":31},"shiny":true}],"log":["|player|p1|Gym Ldr Mitsuka∆|265","|player|p2|GTX♅Bzumzum|225","|gametype|singles","|gen|6","|tier|Monotype","|rated","|rule|Baton Pass Clause: Limit one Baton Passer, can't pass Spe and other stats simultaneously","|rule|Swagger Clause: Swagger is banned","|rule|Same Type Clause: Pokémon in a team must share a type","|clearpoke","|poke|p1|Bellossom, M","|poke|p1|Abomasnow, F","|poke|p1|Roserade, M","|poke|p1|Leavanny, F","|poke|p1|Ferrothorn, F","|poke|p1|Breloom, M","|poke|p2|Ferrothorn, M","|poke|p2|Breloom, M, shiny","|poke|p2|Roserade, M, shiny","|poke|p2|Ludicolo, M, shiny","|poke|p2|Cradily, M, shiny","|poke|p2|Venusaur, M, shiny","|rule|Sleep Clause Mod: Limit one foe put to sleep","|rule|Species Clause: Limit one of each Pokémon","|rule|OHKO Clause: OHKO moves are banned","|rule|Moody Clause: Moody is banned","|rule|Evasion Moves Clause: Evasion moves are banned","|rule|Endless Battle Clause: Forcing endless battles is banned","|rule|HP Percentage Mod: HP is shown in percentages","|teampreview","|","|start","|switch|p1a: Abomasnow|Abomasnow, F|322/322","|switch|p2a: Great-ily|Cradily, M, shiny|371/371","|turn|1","|","|detailschange|p1a: Abomasnow|Abomasnow-Mega, F","|-mega|p1a: Abomasnow|Abomasnow|Abomasite","|-weather|Hail","|move|p1a: Abomasnow|Blizzard|p2a: Great-ily","|-supereffective|p2a: Great-ily","|-damage|p2a: Great-ily|105/371","|move|p2a: Great-ily|Toxic|p1a: Abomasnow","|-status|p1a: Abomasnow|tox","|","|-weather|Hail|[upkeep]","|-damage|p2a: Great-ily|82/371|[from] hail","|-heal|p2a: Great-ily|105/371|[from] item: Leftovers","|-damage|p1a: Abomasnow|302/322 tox|[from] psn","|turn|2","|","|switch|p2a: Ludicool|Ludicolo, M, shiny|351/351","|move|p1a: Abomasnow|Blizzard|p2a: Ludicool","|-damage|p2a: Ludicool|161/351","|","|-weather|Hail|[upkeep]","|-damage|p2a: Ludicool|140/351|[from] hail","|-heal|p2a: Ludicool|161/351|[from] item: Leftovers","|-damage|p1a: Abomasnow|262/322 tox|[from] psn","|turn|3","|","|switch|p1a: Leavanny|Leavanny, F|292/292","|move|p2a: Ludicool|Rain Dance|p2a: Ludicool","|-weather|RainDance","|","|-weather|RainDance|[upkeep]","|-heal|p2a: Ludicool|182/351|[from] item: Leftovers","|turn|4","|","|move|p2a: Ludicool|Ice Beam|p1a: Leavanny","|-supereffective|p1a: Leavanny","|-damage|p1a: Leavanny|70/292","|move|p1a: Leavanny|X-Scissor|p2a: Ludicool","|-supereffective|p2a: Ludicool","|-damage|p2a: Ludicool|0 fnt","|faint|p2a: Ludicool","|","|-weather|RainDance|[upkeep]","|","|switch|p2a: Great-ily|Cradily, M, shiny|105/371","|turn|5","|","|move|p1a: Leavanny|X-Scissor|p2a: Great-ily","|-supereffective|p2a: Great-ily","|-damage|p2a: Great-ily|0 fnt","|faint|p2a: Great-ily","|","|-weather|RainDance|[upkeep]","|","|switch|p2a: Thorns|Ferrothorn, M|321/321","|turn|6","|","|move|p1a: Leavanny|Sticky Web|p2a: Thorns","|-sidestart|p2: GTX♅Bzumzum|move: Sticky Web","|move|p2a: Thorns|Stealth Rock|p1a: Leavanny","|-sidestart|p1: Gym Ldr Mitsuka∆|move: Stealth Rock","|","|-weather|RainDance|[upkeep]","|turn|7","|","|switch|p2a: Rising Roses|Roserade, M, shiny|323/323","|-activate|p2a: Rising Roses|move: Sticky Web","|-unboost|p2a: Rising Roses|spe|1","|move|p1a: Leavanny|X-Scissor|p2a: Rising Roses","|-damage|p2a: Rising Roses|19/323","|","|-weather|none","|turn|8","|","|switch|p2a: Thorns|Ferrothorn, M|321/321","|-activate|p2a: Thorns|move: Sticky Web","|-unboost|p2a: Thorns|spe|1","|move|p1a: Leavanny|X-Scissor|p2a: Thorns","|-damage|p2a: Thorns|182/321","|-damage|p1a: Leavanny|34/292|[from] ability: Iron Barbs|[of] p2a: Thorns","|-damage|p1a: Leavanny|0 fnt|[from] item: Rocky Helmet|[of] p2a: Thorns","|faint|p1a: Leavanny","|","|","|switch|p1a: Ferrothorn|Ferrothorn, F|352/352","|-damage|p1a: Ferrothorn|330/352|[from] Stealth Rock","|turn|9","|","|switch|p2a: Brawloom|Breloom, M, shiny|262/262","|-activate|p2a: Brawloom|move: Sticky Web","|-unboost|p2a: Brawloom|spe|1","|move|p1a: Ferrothorn|Stealth Rock|p2a: Brawloom","|-sidestart|p2: GTX♅Bzumzum|move: Stealth Rock","|","|turn|10","|","|move|p2a: Brawloom|Bullet Seed|p1a: Ferrothorn","|-resisted|p1a: Ferrothorn","|-damage|p1a: Ferrothorn|320/352","|-resisted|p1a: Ferrothorn","|-damage|p1a: Ferrothorn|309/352","|-resisted|p1a: Ferrothorn","|-damage|p1a: Ferrothorn|299/352","|-hitcount|p1a: Ferrothorn|3","|move|p1a: Ferrothorn|Iron Head|p2a: Brawloom","|-damage|p2a: Brawloom|156/262","|","|turn|11","|","|switch|p2a: Rising Roses|Roserade, M, shiny|19/323","|-activate|p2a: Rising Roses|move: Sticky Web","|-unboost|p2a: Rising Roses|spe|1","|-damage|p2a: Rising Roses|0 fnt|[from] Stealth Rock","|faint|p2a: Rising Roses","|switch|p1a: Bellossom|Bellossom, M|354/354","|-damage|p1a: Bellossom|310/354|[from] Stealth Rock","|","|","|switch|p2a: Thorns|Ferrothorn, M|182/321","|-activate|p2a: Thorns|move: Sticky Web","|-unboost|p2a: Thorns|spe|1","|-damage|p2a: Thorns|162/321|[from] Stealth Rock","|turn|12","|","|move|p1a: Bellossom|Teeter Dance|p2a: Thorns","|-start|p2a: Thorns|confusion","|-activate|p2a: Thorns|confusion","|-damage|p2a: Thorns|136/321|[from] confusion","|","|turn|13","|","|switch|p1a: Ferrothorn|Ferrothorn, F|299/352","|-damage|p1a: Ferrothorn|277/352|[from] Stealth Rock","|-activate|p2a: Thorns|confusion","|move|p2a: Thorns|Gyro Ball|p1a: Ferrothorn","|-resisted|p1a: Ferrothorn","|-damage|p1a: Ferrothorn|258/352","|-damage|p2a: Thorns|96/321|[from] ability: Iron Barbs|[of] p1a: Ferrothorn","|","|turn|14","|","|move|p1a: Ferrothorn|Knock Off|p2a: Thorns","|-damage|p2a: Thorns|42/321","|-damage|p1a: Ferrothorn|214/352|[from] ability: Iron Barbs|[of] p2a: Thorns","|-damage|p1a: Ferrothorn|156/352|[from] item: Rocky Helmet|[of] p2a: Thorns","|-enditem|p2a: Thorns|Rocky Helmet|[from] move: Knock Off|[of] p1a: Ferrothorn","|-end|p2a: Thorns|confusion","|move|p2a: Thorns|Leech Seed|p1a: Ferrothorn","|-immune|p1a: Ferrothorn|[msg]","|","|turn|15","|","|move|p1a: Ferrothorn|Iron Head|p2a: Thorns","|-resisted|p2a: Thorns","|-damage|p2a: Thorns|7/321","|-damage|p1a: Ferrothorn|112/352|[from] ability: Iron Barbs|[of] p2a: Thorns","|cant|p2a: Thorns|flinch","|","|turn|16","|","|move|p1a: Ferrothorn|Knock Off|p2a: Thorns","|-damage|p2a: Thorns|0 fnt","|-damage|p1a: Ferrothorn|68/352|[from] ability: Iron Barbs|[of] p2a: Thorns","|faint|p2a: Thorns","|","|","|switch|p2a: Plantasaurus|Venusaur, M, shiny|301/301","|-damage|p2a: Plantasaurus|264/301|[from] Stealth Rock","|-activate|p2a: Plantasaurus|move: Sticky Web","|-unboost|p2a: Plantasaurus|spe|1","|turn|17","|","|detailschange|p2a: Plantasaurus|Venusaur-Mega, M, shiny","|-mega|p2a: Plantasaurus|Venusaur|Venusaurite","|move|p2a: Plantasaurus|Giga Drain|p1a: Ferrothorn","|-resisted|p1a: Ferrothorn","|-damage|p1a: Ferrothorn|43/352","|-heal|p2a: Plantasaurus|277/301|[from] drain|[of] p1a: Ferrothorn","|move|p1a: Ferrothorn|Iron Head|p2a: Plantasaurus","|-damage|p2a: Plantasaurus|205/301","|","|turn|18","|","|move|p2a: Plantasaurus|Hidden Power|p1a: Ferrothorn","|-resisted|p1a: Ferrothorn","|-damage|p1a: Ferrothorn|14/352","|move|p1a: Ferrothorn|Iron Head|p2a: Plantasaurus","|-damage|p2a: Plantasaurus|130/301","|","|turn|19","|","|move|p2a: Plantasaurus|Synthesis|p2a: Plantasaurus","|-heal|p2a: Plantasaurus|280/301","|move|p1a: Ferrothorn|Iron Head|p2a: Plantasaurus","|-damage|p2a: Plantasaurus|207/301","|","|turn|20","|","|move|p2a: Plantasaurus|Giga Drain|p1a: Ferrothorn","|-resisted|p1a: Ferrothorn","|-damage|p1a: Ferrothorn|0 fnt","|-heal|p2a: Plantasaurus|214/301|[from] drain|[of] p1a: Ferrothorn","|faint|p1a: Ferrothorn","|","|","|switch|p1a: Abomasnow|Abomasnow-Mega, F|262/322 tox","|-damage|p1a: Abomasnow|182/322 tox|[from] Stealth Rock","|-weather|Hail","|turn|21","|","|move|p1a: Abomasnow|Blizzard|p2a: Plantasaurus","|-supereffective|p2a: Plantasaurus","|-damage|p2a: Plantasaurus|28/301","|move|p2a: Plantasaurus|Giga Drain|p1a: Abomasnow","|-resisted|p1a: Abomasnow","|-damage|p1a: Abomasnow|122/322 tox","|-heal|p2a: Plantasaurus|58/301|[from] drain|[of] p1a: Abomasnow","|","|-weather|Hail|[upkeep]","|-damage|p2a: Plantasaurus|40/301|[from] hail","|-damage|p1a: Abomasnow|102/322 tox|[from] psn","|turn|22","|","|move|p1a: Abomasnow|Blizzard|p2a: Plantasaurus","|-supereffective|p2a: Plantasaurus","|-damage|p2a: Plantasaurus|0 fnt","|faint|p2a: Plantasaurus","|","|-weather|Hail|[upkeep]","|-damage|p1a: Abomasnow|62/322 tox|[from] psn","|","|switch|p2a: Brawloom|Breloom, M, shiny|156/262","|-activate|p2a: Brawloom|move: Sticky Web","|-unboost|p2a: Brawloom|spe|1","|-damage|p2a: Brawloom|140/262|[from] Stealth Rock","|turn|23","|","|move|p2a: Brawloom|Mach Punch|p1a: Abomasnow","|-supereffective|p1a: Abomasnow","|-damage|p1a: Abomasnow|0 fnt","|faint|p1a: Abomasnow","|","|-weather|Hail|[upkeep]","|-damage|p2a: Brawloom|124/262|[from] hail","|","|switch|p1a: Bellossom|Bellossom, M|310/354","|-damage|p1a: Bellossom|266/354|[from] Stealth Rock","|turn|24","|","|move|p2a: Brawloom|Rock Tomb|p1a: Bellossom","|-damage|p1a: Bellossom|180/354","|-unboost|p1a: Bellossom|spe|1","|move|p1a: Bellossom|Moonblast|p2a: Brawloom","|-supereffective|p2a: Brawloom","|-damage|p2a: Brawloom|0 fnt","|faint|p2a: Brawloom","|","|win|Gym Ldr Mitsuka∆"],"p1rating":{"entryid":"379503","serverid":"eos","formatid":"monotype","userid":"gymldrmitsuka","username":"Gym Ldr Mitsuka∆","w":8,"l":"11","t":"0","gxe":44.5,"r":"1441.313944946","rd":"103.46670437715","sigma":"0","rptime":"1440406800","rpr":1457.4094861216,"rprd":72.054131953717,"rpsigma":"0","acre":1165.9387940801,"lacre":1165.9387940801,"oldacre":"1146.8640586779"},"p2rating":{"entryid":"1463","serverid":"eos","formatid":"monotype","userid":"gtxbzumzum","username":"GTX♅Bzumzum","w":"18","l":41,"t":"0","gxe":31.8,"r":"1371.7255151614","rd":"50.612050208139","sigma":"0","rptime":"1440406800","rpr":1355.4260720597,"rprd":47.889477272369,"rpsigma":"0","acre":1048.090869557,"lacre":1048.090869557,"oldacre":"1062.9220979319"},"endType":"normal"}