{"seed":[5248,31472,10919,40078],"turns":27,"p1":"LightOfAKnowing","p2":"Inferno DPX","p1team":[{"name":"DJ","species":"exploud","item":"wiseglasses","ability":"Scrappy","moves":["boomburst","icebeam","flamethrower","shadowball"],"nature":"Modest","evs":{"hp":248,"atk":0,"def":0,"spa":252,"spd":8,"spe":0},"gender":"M","ivs":{"hp":31,"atk":31,"def":31,"spa":31,"spd":31,"spe":31}},{"name":"Egg","species":"chansey","item":"eviolite","ability":"Natural Cure","moves":["healbell","wish","toxic","seismictoss"],"nature":"Bold","evs":{"hp":248,"atk":0,"def":252,"spa":0,"spd":8,"spe":0},"ivs":{"hp":31,"atk":31,"def":31,"spa":31,"spd":31,"spe":31}},{"name":"Merica","species":"braviary","item":"choicescarf","ability":"Sheer Force","moves":["bravebird","rockslide","thrash","steelwing"],"nature":"Jolly","evs":{"hp":0,"atk":252,"def":0,"spa":0,"spd":4,"spe":252},"shiny":true,"ivs":{"hp":31,"atk":31,"def":31,"spa":31,"spd":31,"spe":31}},{"name":"Melo","species":"meloetta","item":"assaultvest","ability":"Serene Grace","moves":["shadowball","psychic","energyball","hypervoice"],"nature":"Modest","evs":{"hp":248,"atk":0,"def":0,"spa":252,"spd":8,"spe":0},"ivs":{"hp":31,"atk":31,"def":31,"spa":31,"spd":31,"spe":31}},{"name":"FanService","species":"lopunny","item":"lopunnite","ability":"Cute Charm","moves":["fakeout","drainpunch","frustration","icepunch"],"nature":"Jolly","evs":{"hp":0,"atk":252,"def":0,"spa":0,"spd":4,"spe":252},"gender":"F","happiness":0,"ivs":{"hp":31,"atk":31,"def":31,"spa":31,"spd":31,"spe":31}},{"name":"Dough","species":"snorlax","item":"weaknesspolicy","ability":"Thick Fat","moves":["curse","rest","frustration","crunch"],"nature":"Adamant","evs":{"hp":248,"atk":252,"def":0,"spa":0,"spd":8,"spe":0},"gender":"M","happiness":0,"ivs":{"hp":31,"atk":31,"def":31,"spa":31,"spd":31,"spe":31}}],"p2team":[{"name":"Rotom-Heat","species":"Rotom-Heat","item":"leftovers","ability":"Levitate","moves":["willowisp","confuseray","voltswitch","overheat"],"nature":"Calm","evs":{"hp":252,"atk":0,"def":0,"spa":4,"spd":252,"spe":0},"ivs":{"hp":31,"atk":31,"def":31,"spa":31,"spd":31,"spe":31}},{"name":"Camerupt","species":"Camerupt","item":"cameruptite","ability":"Solid Rock","moves":["earthpower","lavaplume","willowisp","hiddenpowergrass"],"nature":"Modest","evs":{"hp":248,"atk":0,"def":0,"spa":252,"spd":8,"spe":0},"ivs":{"hp":31,"atk":30,"def":31,"spa":30,"spd":31,"spe":31}},{"name":"Ninetales","species":"Ninetales","item":"lifeorb","ability":"Drought","moves":["calmmind","darkpulse","extrasensory","flamethrower"],"nature":"Timid","evs":{"hp":0,"atk":0,"def":0,"spa":252,"spd":4,"spe":252},"ivs":{"hp":31,"atk":31,"def":31,"spa":31,"spd":31,"spe":31}},{"name":"Arcanine","species":"Arcanine","item":"lifeorb","ability":"Intimidate","moves":["extremespeed","flareblitz","closecombat","crunch"],"nature":"","evs":{"hp":0,"atk":0,"def":0,"spa":0,"spd":0,"spe":0},"ivs":{"hp":31,"atk":31,"def":31,"spa":31,"spd":31,"spe":31}},{"name":"Entei","species":"Entei","item":"choiceband","ability":"Pressure","moves":["flareblitz","extremespeed","stoneedge","sacredfire"],"nature":"Adamant","evs":{"hp":0,"atk":252,"def":0,"spa":0,"spd":4,"spe":252},"shiny":true,"ivs":{"hp":31,"atk":31,"def":31,"spa":31,"spd":31,"spe":31}},{"name":"Darmanitan","species":"Darmanitan","item":"choicescarf","ability":"Sheer Force","moves":["earthquake","firepunch","stoneedge","zenheadbutt"],"nature":"Jolly","evs":{"hp":0,"atk":252,"def":0,"spa":0,"spd":4,"spe":252},"ivs":{"hp":31,"atk":31,"def":31,"spa":31,"spd":31,"spe":31}}],"log":["|player|p1|LightOfAKnowing|lightofaknowing.gif","|player|p2|Inferno DPX|52","|gametype|singles","|gen|6","|tier|Monotype","|rated","|rule|Baton Pass Clause: Limit one Baton Passer, can't pass Spe and other stats simultaneously","|rule|Swagger Clause: Swagger is banned","|rule|Same Type Clause: Pokémon in a team must share a type","|clearpoke","|poke|p1|Exploud, M","|poke|p1|Chansey, F","|poke|p1|Braviary, M, shiny","|poke|p1|Meloetta","|poke|p1|Lopunny, F","|poke|p1|Snorlax, M","|poke|p2|Rotom-Heat","|poke|p2|Camerupt, F","|poke|p2|Ninetales, M","|poke|p2|Arcanine, F","|poke|p2|Entei, shiny","|poke|p2|Darmanitan, M","|rule|Sleep Clause Mod: Limit one foe put to sleep","|rule|Species Clause: Limit one of each Pokémon","|rule|OHKO Clause: OHKO moves are banned","|rule|Moody Clause: Moody is banned","|rule|Evasion Moves Clause: Evasion moves are banned","|rule|Endless Battle Clause: Forcing endless battles is banned","|rule|HP Percentage Mod: HP is shown in percentages","|teampreview","|","|start","|switch|p1a: Merica|Braviary, M, shiny|341/341","|switch|p2a: Arcanine|Arcanine, F|321/321","|-ability|p2a: Arcanine|Intimidate","|-unboost|p1a: Merica|atk|1","|turn|1","|","|switch|p1a: Egg|Chansey, F|703/703","|move|p2a: Arcanine|Flare Blitz|p1a: Egg","|-damage|p1a: Egg|452/703","|-status|p1a: Egg|brn","|-damage|p2a: Arcanine|238/321|[from] recoil|[of] p1a: Egg","|-damage|p2a: Arcanine|206/321|[from] item: Life Orb","|","|-damage|p1a: Egg|365/703 brn|[from] brn","|turn|2","|","|switch|p2a: Rotom-Heat|Rotom-Heat|304/304","|move|p1a: Egg|Toxic|p2a: Rotom-Heat","|-status|p2a: Rotom-Heat|tox","|","|-damage|p2a: Rotom-Heat|285/304 tox|[from] psn","|-damage|p1a: Egg|278/703 brn|[from] brn","|turn|3","|","|move|p2a: Rotom-Heat|Confuse Ray|p1a: Egg","|-start|p1a: Egg|confusion","|-activate|p1a: Egg|confusion","|move|p1a: Egg|Wish|p1a: Egg","|","|-heal|p2a: Rotom-Heat|304/304 tox|[from] item: Leftovers","|-damage|p2a: Rotom-Heat|266/304 tox|[from] psn","|-damage|p1a: Egg|191/703 brn|[from] brn","|turn|4","|","|move|p2a: Rotom-Heat|Volt Switch|p1a: Egg","|-damage|p1a: Egg|136/703 brn","|","|switch|p2a: Ninetales|Ninetales, M|287/287","|-weather|SunnyDay","|-activate|p1a: Egg|confusion","|move|p1a: Egg|Heal Bell|p1a: Egg","|-cureteam|p1a: Egg|[from] move: HealBell","|","|-weather|SunnyDay|[upkeep]","|-heal|p1a: Egg|487/703|[from] move: Wish|[wisher] Egg","|turn|5","|","|move|p2a: Ninetales|Calm Mind|p2a: Ninetales","|-boost|p2a: Ninetales|spa|1","|-boost|p2a: Ninetales|spd|1","|-activate|p1a: Egg|confusion","|move|p1a: Egg|Wish|p1a: Egg","|","|-weather|SunnyDay|[upkeep]","|turn|6","|","|move|p2a: Ninetales|Calm Mind|p2a: Ninetales","|-boost|p2a: Ninetales|spa|1","|-boost|p2a: Ninetales|spd|1","|-end|p1a: Egg|confusion","|move|p1a: Egg|Toxic|p2a: Ninetales","|-status|p2a: Ninetales|tox","|","|-weather|SunnyDay|[upkeep]","|-heal|p1a: Egg|703/703|[from] move: Wish|[wisher] Egg","|-damage|p2a: Ninetales|270/287 tox|[from] psn","|turn|7","|","|move|p2a: Ninetales|Flamethrower|p1a: Egg","|-damage|p1a: Egg|430/703","|-damage|p2a: Ninetales|242/287 tox|[from] item: Life Orb","|move|p1a: Egg|Seismic Toss|p2a: Ninetales","|-damage|p2a: Ninetales|142/287 tox","|","|-weather|SunnyDay|[upkeep]","|-damage|p2a: Ninetales|108/287 tox|[from] psn","|turn|8","|","|move|p2a: Ninetales|Dark Pulse|p1a: Egg","|-damage|p1a: Egg|323/703","|-damage|p2a: Ninetales|80/287 tox|[from] item: Life Orb","|move|p1a: Egg|Seismic Toss|p2a: Ninetales","|-damage|p2a: Ninetales|0 fnt","|faint|p2a: Ninetales","|","|-weather|none","|","|switch|p2a: Entei|Entei, shiny|371/371","|-ability|p2a: Entei|Pressure","|turn|9","|","|move|p2a: Entei|Sacred Fire|p1a: Egg","|-damage|p1a: Egg|0 fnt","|faint|p1a: Egg","|","|","|switch|p1a: FanService|Lopunny, F|271/271","|turn|10","|","|switch|p2a: Rotom-Heat|Rotom-Heat|266/304 tox","|detailschange|p1a: FanService|Lopunny-Mega, F","|-mega|p1a: FanService|Lopunny|Lopunnite","|move|p1a: FanService|Fake Out|p2a: Rotom-Heat","|-damage|p2a: Rotom-Heat|202/304 tox","|","|-heal|p2a: Rotom-Heat|221/304 tox|[from] item: Leftovers","|-damage|p2a: Rotom-Heat|202/304 tox|[from] psn","|turn|11","|","|switch|p1a: Melo|Meloetta|403/403","|move|p2a: Rotom-Heat|Will-O-Wisp|p1a: Melo","|-status|p1a: Melo|brn","|","|-heal|p2a: Rotom-Heat|221/304 tox|[from] item: Leftovers","|-damage|p1a: Melo|353/403 brn|[from] brn","|-damage|p2a: Rotom-Heat|183/304 tox|[from] psn","|turn|12","|","|move|p1a: Melo|Psychic|p2a: Rotom-Heat","|-damage|p2a: Rotom-Heat|68/304 tox","|move|p2a: Rotom-Heat|Overheat|p1a: Melo","|-damage|p1a: Melo|259/403 brn","|-unboost|p2a: Rotom-Heat|spa|2","|","|-heal|p2a: Rotom-Heat|87/304 tox|[from] item: Leftovers","|-damage|p1a: Melo|209/403 brn|[from] brn","|-damage|p2a: Rotom-Heat|30/304 tox|[from] psn","|turn|13","|","|move|p1a: Melo|Psychic|p2a: Rotom-Heat","|-damage|p2a: Rotom-Heat|0 fnt","|faint|p2a: Rotom-Heat","|","|-damage|p1a: Melo|159/403 brn|[from] brn","|","|switch|p2a: Arcanine|Arcanine, F|206/321","|-ability|p2a: Arcanine|Intimidate","|-unboost|p1a: Melo|atk|1","|turn|14","|","|move|p2a: Arcanine|Extreme Speed|p1a: Melo","|-damage|p1a: Melo|55/403 brn","|-damage|p2a: Arcanine|174/321|[from] item: Life Orb","|move|p1a: Melo|Psychic|p2a: Arcanine","|-damage|p2a: Arcanine|0 fnt","|faint|p2a: Arcanine","|","|-damage|p1a: Melo|5/403 brn|[from] brn","|","|switch|p2a: Entei|Entei, shiny|371/371","|-ability|p2a: Entei|Pressure","|turn|15","|","|move|p2a: Entei|Sacred Fire|p1a: Melo","|-damage|p1a: Melo|0 fnt","|faint|p1a: Melo","|","|","|switch|p1a: Dough|Snorlax, M|523/523","|turn|16","|","|move|p2a: Entei|Sacred Fire|p1a: Dough","|-damage|p1a: Dough|330/523","|move|p1a: Dough|Curse|p1a: Dough","|-unboost|p1a: Dough|spe|1","|-boost|p1a: Dough|atk|1","|-boost|p1a: Dough|def|1","|","|turn|17","|","|move|p2a: Entei|Sacred Fire|p1a: Dough","|-damage|p1a: Dough|209/523","|-status|p1a: Dough|brn","|move|p1a: Dough|Frustration|p2a: Entei","|-damage|p2a: Entei|231/371","|","|-damage|p1a: Dough|144/523 brn|[from] brn","|turn|18","|","|move|p2a: Entei|Sacred Fire|p1a: Dough","|-damage|p1a: Dough|18/523 brn","|move|p1a: Dough|Curse|p1a: Dough","|-unboost|p1a: Dough|spe|1","|-boost|p1a: Dough|atk|1","|-boost|p1a: Dough|def|1","|","|-damage|p1a: Dough|0 fnt|[from] brn","|faint|p1a: Dough","|","|switch|p1a: FanService|Lopunny-Mega, F|271/271","|turn|19","|","|switch|p2a: Camerupt|Camerupt, F|343/343","|move|p1a: FanService|Fake Out|p2a: Camerupt","|-damage|p2a: Camerupt|247/343","|","|turn|20","|","|detailschange|p2a: Camerupt|Camerupt-Mega, F","|-mega|p2a: Camerupt|Camerupt|Cameruptite","|move|p1a: FanService|Frustration|p2a: Camerupt","|-crit|p2a: Camerupt","|-damage|p2a: Camerupt|0 fnt","|faint|p2a: Camerupt","|","|","|switch|p2a: Darmanitan|Darmanitan, M|351/351","|turn|21","|","|switch|p1a: Merica|Braviary, M, shiny|341/341","|move|p2a: Darmanitan|Zen Headbutt|p1a: Merica","|-damage|p1a: Merica|170/341","|","|turn|22","|","|move|p2a: Darmanitan|Zen Headbutt|p1a: Merica","|-damage|p1a: Merica|3/341","|move|p1a: Merica|Rock Slide|p2a: Darmanitan","|-supereffective|p2a: Darmanitan","|-damage|p2a: Darmanitan|11/351","|","|turn|23","|","|move|p2a: Darmanitan|Zen Headbutt|p1a: Merica","|-damage|p1a: Merica|0 fnt","|faint|p1a: Merica","|","|","|switch|p1a: FanService|Lopunny-Mega, F|271/271","|turn|24","|","|switch|p2a: Entei|Entei, shiny|231/371","|-ability|p2a: Entei|Pressure","|move|p1a: FanService|Fake Out|p2a: Entei","|-damage|p2a: Entei|144/371","|","|turn|25","|","|move|p2a: Entei|Extreme Speed|p1a: FanService","|-damage|p1a: FanService|130/271","|move|p1a: FanService|Frustration|p2a: Entei","|-damage|p2a: Entei|0 fnt","|faint|p2a: Entei","|","|","|switch|p2a: Darmanitan|Darmanitan, M|11/351","|turn|26","|","|switch|p1a: DJ|Exploud, M|411/411","|move|p2a: Darmanitan|Zen Headbutt|p1a: DJ","|-damage|p1a: DJ|230/411","|","|turn|27","|","|move|p2a: Darmanitan|Zen Headbutt|p1a: DJ","|-damage|p1a: DJ|27/411","|move|p1a: DJ|Boomburst|p2a: Darmanitan","|-damage|p2a: Darmanitan|0 fnt","|faint|p2a: Darmanitan","|","|win|LightOfAKnowing"],"p1rating":{"entryid":"386","serverid":"eos","formatid":"monotype","userid":"lightofaknowing","username":"LightOfAKnowing","w":18,"l":"31","t":"0","gxe":40.3,"r":"1416.9477002435","rd":"51.599175927199","sigma":"0","rptime":"1440406800","rpr":1425.510161631,"rprd":51.100056120301,"rpsigma":"0","acre":1112.0894833916,"lacre":1112.0894833916,"oldacre":"1080.7066086633"},"p2rating":{"entryid":"190539","serverid":"eos","formatid":"monotype","userid":"infernodpx","username":"Inferno DPX","w":"4","l":6,"t":"0","gxe":44.7,"r":"1485.2090143947","rd":"91.608201791207","sigma":"0","rptime":"1440406800","rpr":1458.5465899525,"rprd":88.759339711321,"rpsigma":"0","acre":1096.2642620876,"lacre":1096.2642620876,"oldacre":"1124.3911576024"},"endType":"normal"}