{"seed":[30694,27397,4435,45898],"turns":22,"p1":"Professor ♅ ☯ Nyx","p2":"InfernalxCrown","p1team":[{"name":"In Da Zone","species":"magnezone","item":"choicespecs","ability":"Sturdy","moves":["thunderbolt","flashcannon","hiddenpowerwater","signalbeam"],"nature":"Modest","evs":{"hp":248,"atk":0,"def":0,"spa":252,"spd":8,"spe":0},"ivs":{"hp":31,"atk":30,"def":30,"spa":30,"spd":31,"spe":31}},{"name":"ZapUno","species":"zapdos","item":"leftovers","ability":"Pressure","moves":["roost","discharge","heatwave","defog"],"nature":"Modest","evs":{"hp":252,"atk":0,"def":60,"spa":132,"spd":64,"spe":0},"ivs":{"hp":31,"atk":31,"def":31,"spa":31,"spd":31,"spe":31}},{"name":"Bring in the CAT!","species":"raikou","item":"lifeorb","ability":"Pressure","moves":["aurasphere","discharge","extrasensory","hiddenpowerice"],"nature":"Rash","evs":{"hp":0,"atk":0,"def":0,"spa":252,"spd":4,"spe":252},"ivs":{"hp":31,"atk":30,"def":30,"spa":31,"spd":31,"spe":31},"shiny":true},{"name":"Damn Nature","species":"galvantula","item":"focussash","ability":"Compound Eyes","moves":["thunder","energyball","stickyweb","bugbuzz"],"nature":"Timid","evs":{"hp":0,"atk":0,"def":0,"spa":252,"spd":4,"spe":252},"shiny":true,"ivs":{"hp":31,"atk":31,"def":31,"spa":31,"spd":31,"spe":31}},{"name":"Washy Washy","species":"rotomwash","item":"leftovers","ability":"Levitate","moves":["hydropump","voltswitch","painsplit","willowisp"],"nature":"Bold","evs":{"hp":252,"atk":0,"def":252,"spa":4,"spd":0,"spe":0},"ivs":{"hp":31,"atk":31,"def":31,"spa":31,"spd":31,"spe":31}},{"name":"Cloudlord","species":"thundurus","item":"leftovers","ability":"Prankster","moves":["taunt","thunderwave","discharge","psychic"],"nature":"Timid","evs":{"hp":0,"atk":0,"def":0,"spa":252,"spd":4,"spe":252},"ivs":{"hp":31,"atk":31,"def":31,"spa":31,"spd":31,"spe":31}}],"p2team":[{"name":"Aegislash","species":"Aegislash","item":"weaknesspolicy","ability":"Stance Change","moves":["shadowball","shadowsneak","kingsshield","sacredsword"],"nature":"Brave","evs":{"hp":252,"atk":76,"def":0,"spa":176,"spd":4,"spe":0},"ivs":{"hp":31,"atk":31,"def":31,"spa":31,"spd":31,"spe":0},"shiny":true},{"name":"Sableye","species":"Sableye","item":"leftovers","ability":"Prankster","moves":["willowisp","recover","taunt","knockoff"],"nature":"Careful","evs":{"hp":252,"atk":0,"def":84,"spa":0,"spd":168,"spe":4},"ivs":{"hp":31,"atk":0,"def":31,"spa":31,"spd":31,"spe":31}},{"name":"Golurk","species":"Golurk","item":"focussash","ability":"No Guard","moves":["stealthrock","curse","dynamicpunch","stoneedge"],"nature":"Adamant","evs":{"hp":4,"atk":252,"def":0,"spa":0,"spd":0,"spe":252},"shiny":true,"ivs":{"hp":31,"atk":31,"def":31,"spa":31,"spd":31,"spe":31}},{"name":"Jellicent","species":"Jellicent","item":"leftovers","ability":"Cursed Body","moves":["acidarmor","toxic","recover","scald"],"nature":"Calm","evs":{"hp":252,"atk":0,"def":4,"spa":0,"spd":252,"spe":0},"gender":"M","ivs":{"hp":31,"atk":0,"def":31,"spa":31,"spd":31,"spe":31}},{"name":"Chandelure","species":"Chandelure","item":"choicescarf","ability":"Infiltrator","moves":["flamethrower","shadowball","energyball","trick"],"nature":"Timid","evs":{"hp":0,"atk":0,"def":4,"spa":252,"spd":0,"spe":252},"ivs":{"hp":31,"atk":0,"def":31,"spa":31,"spd":31,"spe":31},"shiny":true},{"name":"Gengar","species":"Gengar","item":"choicespecs","ability":"Levitate","moves":["dazzlinggleam","shadowball","thunderbolt","sludgewave"],"nature":"Timid","evs":{"hp":4,"atk":0,"def":0,"spa":252,"spd":0,"spe":252},"ivs":{"hp":31,"atk":0,"def":31,"spa":31,"spd":31,"spe":31}}],"log":["|player|p1|Professor ♅ ☯ Nyx|132","|player|p2|InfernalxCrown|infernalxcrown.png","|gametype|singles","|gen|6","|tier|Monotype","|rated","|rule|Baton Pass Clause: Limit one Baton Passer, can't pass Spe and other stats simultaneously","|rule|Swagger Clause: Swagger is banned","|rule|Same Type Clause: Pokémon in a team must share a type","|clearpoke","|poke|p1|Magnezone","|poke|p1|Zapdos","|poke|p1|Raikou, shiny","|poke|p1|Galvantula, M, shiny","|poke|p1|Rotom-Wash","|poke|p1|Thundurus, M","|poke|p2|Aegislash, F, shiny","|poke|p2|Sableye, F","|poke|p2|Golurk, shiny","|poke|p2|Jellicent, M","|poke|p2|Chandelure, F, shiny","|poke|p2|Gengar, M","|rule|Sleep Clause Mod: Limit one foe put to sleep","|rule|Species Clause: Limit one of each Pokémon","|rule|OHKO Clause: OHKO moves are banned","|rule|Moody Clause: Moody is banned","|rule|Evasion Moves Clause: Evasion moves are banned","|rule|Endless Battle Clause: Forcing endless battles is banned","|rule|HP Percentage Mod: HP is shown in percentages","|teampreview","|","|start","|switch|p1a: Damn Nature|Galvantula, M, shiny|281/281","|switch|p2a: Sableye|Sableye, F|304/304","|turn|1","|","|move|p1a: Damn Nature|Bug Buzz|p2a: Sableye","|-damage|p2a: Sableye|157/304","|move|p2a: Sableye|Knock Off|p1a: Damn Nature","|-damage|p1a: Damn Nature|173/281","|-enditem|p1a: Damn Nature|Focus Sash|[from] move: Knock Off|[of] p2a: Sableye","|","|-heal|p2a: Sableye|176/304|[from] item: Leftovers","|turn|2","|","|move|p2a: Sableye|Taunt|p1a: Damn Nature","|-start|p1a: Damn Nature|move: Taunt","|cant|p1a: Damn Nature|move: Taunt|Sticky Web","|","|-heal|p2a: Sableye|195/304|[from] item: Leftovers","|turn|3","|","|move|p1a: Damn Nature|Thunder|p2a: Sableye","|-damage|p2a: Sableye|39/304","|-status|p2a: Sableye|par","|move|p2a: Sableye|Knock Off|p1a: Damn Nature","|-damage|p1a: Damn Nature|98/281","|","|-heal|p2a: Sableye|58/304 par|[from] item: Leftovers","|turn|4","|","|move|p2a: Sableye|Recover|p2a: Sableye","|-heal|p2a: Sableye|210/304 par","|move|p1a: Damn Nature|Bug Buzz|p2a: Sableye","|-damage|p2a: Sableye|69/304 par","|","|-heal|p2a: Sableye|88/304 par|[from] item: Leftovers","|-end|p1a: Damn Nature|move: Taunt","|turn|5","|","|move|p2a: Sableye|Taunt|p1a: Damn Nature","|-start|p1a: Damn Nature|move: Taunt","|move|p1a: Damn Nature|Bug Buzz|p2a: Sableye","|-damage|p2a: Sableye|0 fnt","|faint|p2a: Sableye","|","|","|switch|p2a: Chandelure|Chandelure, F, shiny|261/261","|turn|6","|","|switch|p1a: Washy Washy|Rotom-Wash|304/304","|move|p2a: Chandelure|Shadow Ball|p1a: Washy Washy","|-damage|p1a: Washy Washy|150/304","|","|-heal|p1a: Washy Washy|169/304|[from] item: Leftovers","|turn|7","|","|switch|p2a: Golurk|Golurk, shiny|320/320","|move|p1a: Washy Washy|Pain Split|p2a: Golurk","|-sethp|p2a: Golurk|244/320|p1a: Washy Washy|244/304|[from] move: Pain Split","|","|-heal|p1a: Washy Washy|263/304|[from] item: Leftovers","|turn|8","|","|switch|p2a: Aegislash|Aegislash, F, shiny|324/324","|move|p1a: Washy Washy|Will-O-Wisp|p2a: Aegislash","|-status|p2a: Aegislash|brn","|","|-heal|p1a: Washy Washy|282/304|[from] item: Leftovers","|-damage|p2a: Aegislash|284/324 brn|[from] brn","|turn|9","|","|move|p1a: Washy Washy|Hydro Pump|p2a: Aegislash|[miss]","|-miss|p1a: Washy Washy|p2a: Aegislash","|-formechange|p2a: Aegislash|Aegislash-Blade","|move|p2a: Aegislash|Shadow Ball|p1a: Washy Washy","|-damage|p1a: Washy Washy|134/304","|","|-heal|p1a: Washy Washy|153/304|[from] item: Leftovers","|-damage|p2a: Aegislash|244/324 brn|[from] brn","|turn|10","|","|move|p1a: Washy Washy|Pain Split|p2a: Aegislash","|-sethp|p2a: Aegislash|198/324 brn|p1a: Washy Washy|198/304|[from] move: Pain Split","|move|p2a: Aegislash|Shadow Ball|p1a: Washy Washy","|-damage|p1a: Washy Washy|56/304","|","|-heal|p1a: Washy Washy|75/304|[from] item: Leftovers","|-damage|p2a: Aegislash|158/324 brn|[from] brn","|turn|11","|","|-formechange|p2a: Aegislash|Aegislash","|move|p2a: Aegislash|King's Shield|p2a: Aegislash","|-singleturn|p2a: Aegislash|Protect","|move|p1a: Washy Washy|Hydro Pump|p2a: Aegislash","|-activate|p2a: Aegislash|Protect","|","|-heal|p1a: Washy Washy|94/304|[from] item: Leftovers","|-damage|p2a: Aegislash|118/324 brn|[from] brn","|turn|12","|","|move|p1a: Washy Washy|Hydro Pump|p2a: Aegislash","|-damage|p2a: Aegislash|18/324 brn","|-formechange|p2a: Aegislash|Aegislash-Blade","|move|p2a: Aegislash|Shadow Ball|p1a: Washy Washy","|-damage|p1a: Washy Washy|0 fnt","|faint|p1a: Washy Washy","|","|-damage|p2a: Aegislash|0 fnt|[from] brn","|faint|p2a: Aegislash","|","|switch|p1a: Cloudlord|Thundurus, M|299/299","|switch|p2a: Chandelure|Chandelure, F, shiny|261/261","|turn|13","|","|move|p1a: Cloudlord|Thunder Wave|p2a: Chandelure","|-status|p2a: Chandelure|par","|move|p2a: Chandelure|Flamethrower|p1a: Cloudlord","|-damage|p1a: Cloudlord|98/299","|","|-heal|p1a: Cloudlord|116/299|[from] item: Leftovers","|turn|14","|","|move|p1a: Cloudlord|Discharge|p2a: Chandelure","|-crit|p2a: Chandelure","|-damage|p2a: Chandelure|36/261 par","|move|p2a: Chandelure|Flamethrower|p1a: Cloudlord","|-damage|p1a: Cloudlord|0 fnt","|faint|p1a: Cloudlord","|","|","|switch|p1a: Damn Nature|Galvantula, M, shiny|98/281","|turn|15","|","|move|p1a: Damn Nature|Sticky Web|p2a: Chandelure","|-sidestart|p2: InfernalxCrown|move: Sticky Web","|move|p2a: Chandelure|Flamethrower|p1a: Damn Nature","|-supereffective|p1a: Damn Nature","|-damage|p1a: Damn Nature|0 fnt","|faint|p1a: Damn Nature","|","|","|switch|p1a: ZapUno|Zapdos|384/384","|-ability|p1a: ZapUno|Pressure","|turn|16","|","|move|p1a: ZapUno|Discharge|p2a: Chandelure","|-crit|p2a: Chandelure","|-damage|p2a: Chandelure|0 fnt","|faint|p2a: Chandelure","|","|","|switch|p2a: Gengar|Gengar, M|262/262","|turn|17","|","|move|p2a: Gengar|Sludge Wave|p1a: ZapUno","|-damage|p1a: ZapUno|122/384","|move|p1a: ZapUno|Discharge|p2a: Gengar","|-damage|p2a: Gengar|73/262","|","|-heal|p1a: ZapUno|146/384|[from] item: Leftovers","|turn|18","|","|move|p2a: Gengar|Sludge Wave|p1a: ZapUno","|-damage|p1a: ZapUno|0 fnt","|faint|p1a: ZapUno","|","|","|switch|p1a: In Da Zone|Magnezone|343/343","|turn|19","|","|switch|p2a: Jellicent|Jellicent, M|404/404","|-activate|p2a: Jellicent|move: Sticky Web","|-unboost|p2a: Jellicent|spe|1","|move|p1a: In Da Zone|Flash Cannon|p2a: Jellicent","|-resisted|p2a: Jellicent","|-damage|p2a: Jellicent|323/404","|","|-heal|p2a: Jellicent|348/404|[from] item: Leftovers","|turn|20","|","|switch|p1a: Bring in the CAT!|Raikou, shiny|321/321","|-ability|p1a: Bring in the CAT!|Pressure","|move|p2a: Jellicent|Scald|p1a: Bring in the CAT!","|-crit|p1a: Bring in the CAT!","|-damage|p1a: Bring in the CAT!|174/321","|","|-heal|p2a: Jellicent|373/404|[from] item: Leftovers","|turn|21","|","|move|p1a: Bring in the CAT!|Discharge|p2a: Jellicent","|-supereffective|p2a: Jellicent","|-damage|p2a: Jellicent|129/404","|-start|p1a: Bring in the CAT!|Disable|Discharge","|-damage|p1a: Bring in the CAT!|142/321|[from] item: Life Orb","|move|p2a: Jellicent|Scald|p1a: Bring in the CAT!","|-damage|p1a: Bring in the CAT!|52/321","|","|-heal|p2a: Jellicent|154/404|[from] item: Leftovers","|turn|22","|","|win|Professor ♅ ☯ Nyx"],"p1rating":{"entryid":"386288","serverid":"eos","formatid":"monotype","userid":"professornyx","username":"Professor ♅ ☯ Nyx","w":7,"l":"7","t":"0","gxe":51.1,"r":"1500","rd":"130","sigma":"0","rptime":"1440406800","rpr":1508.7574945852,"rprd":78.201685545034,"rpsigma":"0","acre":1110.0713123871,"lacre":1110.0713123871,"oldacre":"1090.3505947756"},"p2rating":{"entryid":412860,"formatid":"monotype","userid":"infernalxcrown","username":"InfernalxCrown","r":1500,"rd":130,"sigma":0,"rpr":1459.8393856612,"rprd":122.8583080769,"rpsigma":0,"rptime":1440406800,"w":0,"l":1,"t":0,"gxe":45,"acre":1000,"lacre":1000,"oldacre":1000},"endType":"forfeit"}