{"seed":[38072,26443,6626,39279],"turns":21,"p1":"sovereign♕zoroark","p2":"inferno sasuke","p1team":[{"name":"obamasnow","species":"abomasnow","item":"abomasite","ability":"Snow Warning","moves":["blizzard","gigadrain","hiddenpowerfire","iceshard"],"nature":"Brave","evs":{"hp":0,"atk":0,"def":4,"spa":252,"spd":252,"spe":0},"ivs":{"hp":31,"atk":30,"def":31,"spa":30,"spd":31,"spe":30},"shiny":true},{"name":"elsa","species":"froslass","item":"leftovers","ability":"Snow Cloak","moves":["substitute","thunderbolt","icebeam","destinybond"],"nature":"Timid","evs":{"hp":4,"atk":0,"def":0,"spa":252,"spd":0,"spe":252},"ivs":{"hp":31,"atk":31,"def":31,"spa":31,"spd":31,"spe":31}},{"name":"kraid","species":"kyuremblack","item":"choicescarf","ability":"Teravolt","moves":["outrage","fusionbolt","stoneedge","facade"],"nature":"Jolly","evs":{"hp":4,"atk":252,"def":0,"spa":0,"spd":0,"spe":252},"shiny":true,"ivs":{"hp":31,"atk":31,"def":31,"spa":31,"spd":31,"spe":31}},{"name":"man bear pig","species":"mamoswine","item":"lifeorb","ability":"Snow Cloak","moves":["stealthrock","earthquake","iceshard","stoneedge"],"nature":"Adamant","evs":{"hp":4,"atk":252,"def":0,"spa":0,"spd":0,"spe":252},"ivs":{"hp":31,"atk":31,"def":31,"spa":31,"spd":31,"spe":31}},{"name":"john lennon","species":"walrein","item":"choicespecs","ability":"Thick Fat","moves":["surf","icebeam","signalbeam","hiddenpowerfire"],"nature":"Modest","evs":{"hp":252,"atk":0,"def":0,"spa":252,"spd":0,"spe":4},"ivs":{"hp":31,"atk":30,"def":31,"spa":30,"spd":31,"spe":30}},{"name":"shell fish","species":"cloyster","item":"focussash","ability":"Skill Link","moves":["shellsmash","iciclespear","rockblast","razorshell"],"nature":"Adamant","evs":{"hp":24,"atk":252,"def":0,"spa":0,"spd":0,"spe":232},"ivs":{"hp":31,"atk":31,"def":31,"spa":31,"spd":31,"spe":31}}],"p2team":[{"name":"Articuno","species":"Articuno","item":"leftovers","ability":"Pressure","moves":["hurricane","blizzard","roost","icebeam"],"nature":"Modest","evs":{"hp":252,"atk":0,"def":0,"spa":252,"spd":4,"spe":0},"shiny":true,"ivs":{"hp":31,"atk":31,"def":31,"spa":31,"spd":31,"spe":31}},{"name":"Moltres","species":"Moltres","item":"leftovers","ability":"Pressure","moves":["airslash","flamethrower","heatwave","hurricane"],"nature":"Modest","evs":{"hp":252,"atk":0,"def":0,"spa":252,"spd":4,"spe":0},"shiny":true,"ivs":{"hp":31,"atk":31,"def":31,"spa":31,"spd":31,"spe":31}},{"name":"Zapdos","species":"Zapdos","item":"leftovers","ability":"Pressure","moves":["roost","heatwave","discharge","thunderbolt"],"nature":"Modest","evs":{"hp":252,"atk":0,"def":0,"spa":252,"spd":4,"spe":0},"shiny":true,"ivs":{"hp":31,"atk":31,"def":31,"spa":31,"spd":31,"spe":31}},{"name":"Thundurus-Therian","species":"Thundurus-Therian","item":"choicescarf","ability":"Volt Absorb","moves":["voltswitch","thunderbolt","foulplay","grassknot"],"nature":"Timid","evs":{"hp":0,"atk":0,"def":0,"spa":252,"spd":4,"spe":252},"shiny":true,"ivs":{"hp":31,"atk":31,"def":31,"spa":31,"spd":31,"spe":31}},{"name":"Tornadus-Therian","species":"Tornadus-Therian","item":"assaultvest","ability":"Regenerator","moves":["hurricane","heatwave","airslash","irontail"],"nature":"Mild","evs":{"hp":248,"atk":8,"def":0,"spa":252,"spd":0,"spe":0},"shiny":true,"ivs":{"hp":31,"atk":31,"def":31,"spa":31,"spd":31,"spe":31}},{"name":"Landorus-Therian","species":"Landorus-Therian","item":"leftovers","ability":"Intimidate","moves":["calmmind","earthquake","extrasensory","grassknot"],"nature":"Rash","evs":{"hp":252,"atk":4,"def":0,"spa":252,"spd":0,"spe":0},"shiny":true,"ivs":{"hp":31,"atk":31,"def":31,"spa":31,"spd":31,"spe":31}}],"log":["|player|p1|sovereign♕zoroark|218","|player|p2|inferno sasuke|infernosasuke.png","|gametype|singles","|gen|6","|tier|Monotype","|rated","|rule|Baton Pass Clause: Limit one Baton Passer, can't pass Spe and other stats simultaneously","|rule|Swagger Clause: Swagger is banned","|rule|Same Type Clause: Pokémon in a team must share a type","|clearpoke","|poke|p1|Abomasnow, F, shiny","|poke|p1|Froslass, F","|poke|p1|Kyurem-Black, shiny","|poke|p1|Mamoswine, F","|poke|p1|Walrein, M","|poke|p1|Cloyster, F","|poke|p2|Articuno, shiny","|poke|p2|Moltres, shiny","|poke|p2|Zapdos, shiny","|poke|p2|Thundurus-Therian, M, shiny","|poke|p2|Tornadus-Therian, M, shiny","|poke|p2|Landorus-Therian, M, shiny","|rule|Sleep Clause Mod: Limit one foe put to sleep","|rule|Species Clause: Limit one of each Pokémon","|rule|OHKO Clause: OHKO moves are banned","|rule|Moody Clause: Moody is banned","|rule|Evasion Moves Clause: Evasion moves are banned","|rule|Endless Battle Clause: Forcing endless battles is banned","|rule|HP Percentage Mod: HP is shown in percentages","|teampreview","|","|start","|switch|p1a: obamasnow|Abomasnow, F, shiny|321/321","|switch|p2a: Moltres|Moltres, shiny|384/384","|-ability|p2a: Moltres|Pressure","|-weather|Hail","|turn|1","|","|detailschange|p1a: obamasnow|Abomasnow-Mega, F, shiny","|-mega|p1a: obamasnow|Abomasnow|Abomasite","|move|p1a: obamasnow|Ice Shard|p2a: Moltres","|-damage|p2a: Moltres|315/384","|move|p2a: Moltres|Flamethrower|p1a: obamasnow","|-supereffective|p1a: obamasnow","|-damage|p1a: obamasnow|0 fnt","|faint|p1a: obamasnow","|","|-weather|Hail|[upkeep]","|-damage|p2a: Moltres|291/384|[from] hail","|-heal|p2a: Moltres|315/384|[from] item: Leftovers","|","|switch|p1a: john lennon|Walrein, M|424/424","|turn|2","|","|switch|p2a: Zapdos|Zapdos, shiny|384/384","|-ability|p2a: Zapdos|Pressure","|move|p1a: john lennon|Surf|p2a: Zapdos","|-damage|p2a: Zapdos|162/384","|","|-weather|Hail|[upkeep]","|-damage|p2a: Zapdos|138/384|[from] hail","|-heal|p2a: Zapdos|162/384|[from] item: Leftovers","|turn|3","|","|move|p2a: Zapdos|Roost|p2a: Zapdos","|-heal|p2a: Zapdos|354/384","|move|p1a: john lennon|Surf|p2a: Zapdos","|-damage|p2a: Zapdos|107/384","|","|-weather|Hail|[upkeep]","|-damage|p2a: Zapdos|83/384|[from] hail","|-heal|p2a: Zapdos|107/384|[from] item: Leftovers","|turn|4","|","|move|p2a: Zapdos|Roost|p2a: Zapdos","|-heal|p2a: Zapdos|299/384","|move|p1a: john lennon|Surf|p2a: Zapdos","|-damage|p2a: Zapdos|77/384","|","|-weather|Hail|[upkeep]","|-damage|p2a: Zapdos|53/384|[from] hail","|-heal|p2a: Zapdos|77/384|[from] item: Leftovers","|turn|5","|","|move|p2a: Zapdos|Thunderbolt|p1a: john lennon","|-supereffective|p1a: john lennon","|-damage|p1a: john lennon|32/424","|move|p1a: john lennon|Surf|p2a: Zapdos","|-damage|p2a: Zapdos|0 fnt","|faint|p2a: Zapdos","|","|-weather|none","|","|switch|p2a: Thundurus-Therian|Thundurus-Therian, M, shiny|299/299","|turn|6","|","|move|p2a: Thundurus-Therian|Volt Switch|p1a: john lennon","|-supereffective|p1a: john lennon","|-damage|p1a: john lennon|0 fnt","|faint|p1a: john lennon","|","|switch|p2a: Moltres|Moltres, shiny|315/384","|-ability|p2a: Moltres|Pressure","|","|-heal|p2a: Moltres|339/384|[from] item: Leftovers","|","|switch|p1a: shell fish|Cloyster, F|247/247","|turn|7","|","|switch|p2a: Thundurus-Therian|Thundurus-Therian, M, shiny|299/299","|move|p1a: shell fish|Razor Shell|p2a: Thundurus-Therian","|-damage|p2a: Thundurus-Therian|149/299","|","|turn|8","|","|move|p2a: Thundurus-Therian|Thunderbolt|p1a: shell fish","|-supereffective|p1a: shell fish","|-enditem|p1a: shell fish|Focus Sash","|-damage|p1a: shell fish|1/247","|move|p1a: shell fish|Icicle Spear|p2a: Thundurus-Therian","|-supereffective|p2a: Thundurus-Therian","|-damage|p2a: Thundurus-Therian|35/299","|-crit|p2a: Thundurus-Therian","|-supereffective|p2a: Thundurus-Therian","|-damage|p2a: Thundurus-Therian|0 fnt","|-hitcount|p2a: Thundurus-Therian|2","|faint|p2a: Thundurus-Therian","|","|","|switch|p2a: Articuno|Articuno, shiny|384/384","|-ability|p2a: Articuno|Pressure","|turn|9","|","|move|p1a: shell fish|Rock Blast|p2a: Articuno","|-crit|p2a: Articuno","|-supereffective|p2a: Articuno","|-damage|p2a: Articuno|212/384","|-supereffective|p2a: Articuno","|-damage|p2a: Articuno|104/384","|-supereffective|p2a: Articuno","|-damage|p2a: Articuno|0 fnt","|-hitcount|p2a: Articuno|3","|faint|p2a: Articuno","|","|","|switch|p2a: Tornadus-Therian|Tornadus-Therian, M, shiny|361/361","|turn|10","|","|move|p2a: Tornadus-Therian|Iron Tail|p1a: shell fish","|-damage|p1a: shell fish|0 fnt","|faint|p1a: shell fish","|","|","|switch|p1a: elsa|Froslass, F|282/282","|turn|11","|","|move|p1a: elsa|Destiny Bond|p1a: elsa","|-singlemove|p1a: elsa|Destiny Bond","|move|p2a: Tornadus-Therian|Iron Tail|p1a: elsa|[miss]","|-miss|p2a: Tornadus-Therian|p1a: elsa","|","|turn|12","|","|move|p1a: elsa|Substitute|p1a: elsa","|-start|p1a: elsa|Substitute","|-damage|p1a: elsa|212/282","|move|p2a: Tornadus-Therian|Iron Tail|p1a: elsa","|-supereffective|p1a: elsa","|-end|p1a: elsa|Substitute","|","|-heal|p1a: elsa|229/282|[from] item: Leftovers","|turn|13","|","|move|p1a: elsa|Substitute|p1a: elsa","|-start|p1a: elsa|Substitute","|-damage|p1a: elsa|159/282","|move|p2a: Tornadus-Therian|Iron Tail|p1a: elsa","|-supereffective|p1a: elsa","|-end|p1a: elsa|Substitute","|","|-heal|p1a: elsa|176/282|[from] item: Leftovers","|turn|14","|","|move|p1a: elsa|Destiny Bond|p1a: elsa","|-singlemove|p1a: elsa|Destiny Bond","|move|p2a: Tornadus-Therian|Iron Tail|p1a: elsa|[miss]","|-miss|p2a: Tornadus-Therian|p1a: elsa","|","|-heal|p1a: elsa|193/282|[from] item: Leftovers","|turn|15","|","|move|p1a: elsa|Destiny Bond|p1a: elsa","|-singlemove|p1a: elsa|Destiny Bond","|move|p2a: Tornadus-Therian|Heat Wave|p1a: elsa","|-supereffective|p1a: elsa","|-damage|p1a: elsa|0 fnt","|faint|p1a: elsa","|-activate|p1a: elsa|Destiny Bond","|faint|p2a: Tornadus-Therian","|","|","|switch|p1a: kraid|Kyurem-Black, shiny|392/392","|switch|p2a: Moltres|Moltres, shiny|339/384","|-ability|p1a: kraid|Teravolt","|-ability|p2a: Moltres|Pressure","|turn|16","|","|move|p1a: kraid|Outrage|p2a: Moltres","|-damage|p2a: Moltres|44/384","|move|p2a: Moltres|Flamethrower|p1a: kraid","|-damage|p1a: kraid|193/392","|","|-heal|p2a: Moltres|68/384|[from] item: Leftovers","|turn|17","|","|switch|p2a: Landorus-Therian|Landorus-Therian, M, shiny|382/382","|-ability|p2a: Landorus-Therian|Intimidate","|-unboost|p1a: kraid|atk|1","|move|p1a: kraid|Outrage|p2a: Landorus-Therian|[from]lockedmove","|-damage|p2a: Landorus-Therian|190/382","|","|-heal|p2a: Landorus-Therian|213/382|[from] item: Leftovers","|turn|18","|","|move|p1a: kraid|Outrage|p2a: Landorus-Therian|[from]lockedmove","|-damage|p2a: Landorus-Therian|24/382","|-start|p1a: kraid|confusion|[fatigue]","|move|p2a: Landorus-Therian|Earthquake|p1a: kraid","|-damage|p1a: kraid|24/392","|","|-heal|p2a: Landorus-Therian|47/382|[from] item: Leftovers","|turn|19","|","|-activate|p1a: kraid|confusion","|-damage|p1a: kraid|0 fnt|[from] confusion","|faint|p1a: kraid","|move|p2a: Landorus-Therian|Earthquake|p1: kraid|[notarget]","|-notarget","|","|-heal|p2a: Landorus-Therian|70/382|[from] item: Leftovers","|","|switch|p1a: man bear pig|Mamoswine, F|362/362","|turn|20","|","|move|p1a: man bear pig|Ice Shard|p2a: Landorus-Therian","|-supereffective|p2a: Landorus-Therian","|-damage|p2a: Landorus-Therian|0 fnt","|-damage|p1a: man bear pig|326/362|[from] item: Life Orb","|faint|p2a: Landorus-Therian","|","|","|switch|p2a: Moltres|Moltres, shiny|68/384","|-ability|p2a: Moltres|Pressure","|turn|21","|","|move|p1a: man bear pig|Ice Shard|p2a: Moltres","|-damage|p2a: Moltres|0 fnt","|-damage|p1a: man bear pig|290/362|[from] item: Life Orb","|faint|p2a: Moltres","|","|win|sovereign♕zoroark"],"p1rating":{"entryid":"313593","serverid":"eos","formatid":"monotype","userid":"sovereignzoroark","username":"sovereign♕zoroark","w":14,"l":"45","t":"0","gxe":26.8,"r":"1322.0725980657","rd":"55.316099561562","sigma":"0","rptime":"1440406800","rpr":1309.1157051299,"rprd":47.764992538408,"rpsigma":"0","acre":1040,"lacre":1040,"oldacre":"1000"},"p2rating":{"entryid":"45674","serverid":"eos","formatid":"monotype","userid":"infernosasuke","username":"Inferno Sasuke","w":"18","l":40,"t":"0","gxe":34,"r":"1386.0823869338","rd":"48.002750918871","sigma":"0","rptime":"1440406800","rpr":1374.4324307786,"rprd":47.23384090932,"rpsigma":"0","acre":1000,"lacre":1000,"oldacre":"1000"},"endType":"normal"}