{"seed":[29925,64944,4167,8867],"turns":40,"p1":"Alliance - Mxy","p2":"Guard Wulf","p1team":[{"name":"Steelix","species":"Steelix","item":"steelixite","ability":"Rock Head","moves":["heavyslam","earthquake","firefang","sandstorm"],"nature":"Adamant","evs":{"hp":248,"atk":252,"def":0,"spa":0,"spd":8,"spe":0},"ivs":{"hp":31,"atk":31,"def":31,"spa":31,"spd":31,"spe":31}},{"name":"Excadrill","species":"Excadrill","item":"airballoon","ability":"Sand Rush","moves":["earthquake","rockslide","swordsdance","rapidspin"],"nature":"Jolly","evs":{"hp":0,"atk":252,"def":0,"spa":0,"spd":4,"spe":252},"ivs":{"hp":31,"atk":31,"def":31,"spa":31,"spd":31,"spe":31}},{"name":"Aggron","species":"Aggron","item":"custapberry","ability":"Sturdy","moves":["endeavor","sandstorm","stealthrock","thunderwave"],"nature":"Jolly","evs":{"hp":4,"atk":252,"def":0,"spa":0,"spd":0,"spe":252},"ivs":{"hp":31,"atk":31,"def":31,"spa":31,"spd":31,"spe":31}},{"name":"Magnezone","species":"Magnezone","item":"choicescarf","ability":"Sturdy","moves":["voltswitch","thunderbolt","flashcannon","hiddenpowerice"],"nature":"Timid","evs":{"hp":0,"atk":0,"def":0,"spa":252,"spd":4,"spe":252},"ivs":{"hp":31,"atk":0,"def":30,"spa":31,"spd":31,"spe":31}},{"name":"Heatran","species":"Heatran","item":"leftovers","ability":"Flash Fire","moves":["lavaplume","earthpower","toxic","roar"],"nature":"Calm","evs":{"hp":252,"atk":0,"def":0,"spa":0,"spd":172,"spe":84},"ivs":{"hp":31,"atk":31,"def":31,"spa":31,"spd":31,"spe":31}},{"name":"Skarmory","species":"Skarmory","item":"rockyhelmet","ability":"Sturdy","moves":["bravebird","roost","spikes","sandstorm"],"nature":"Impish","evs":{"hp":248,"atk":0,"def":236,"spa":0,"spd":0,"spe":24},"ivs":{"hp":31,"atk":31,"def":31,"spa":31,"spd":31,"spe":31}}],"p2team":[{"name":"Charizard","species":"Charizard","item":"charizarditey","ability":"Blaze","moves":["roost","overheat","solarbeam","airslash"],"nature":"Timid","evs":{"hp":0,"atk":0,"def":0,"spa":252,"spd":4,"spe":252},"ivs":{"hp":31,"atk":31,"def":31,"spa":31,"spd":31,"spe":31}},{"name":"Skarmory","species":"Skarmory","item":"leftovers","ability":"Sturdy","moves":["roost","stealthrock","whirlwind","ironhead"],"nature":"Impish","evs":{"hp":240,"atk":8,"def":236,"spa":0,"spd":0,"spe":24},"ivs":{"hp":31,"atk":31,"def":31,"spa":31,"spd":31,"spe":31}},{"name":"Zapdos","species":"Zapdos","item":"leftovers","ability":"Pressure","moves":["defog","roost","thunderbolt","voltswitch"],"nature":"Calm","evs":{"hp":248,"atk":0,"def":0,"spa":8,"spd":252,"spe":0},"ivs":{"hp":31,"atk":31,"def":31,"spa":31,"spd":31,"spe":31}},{"name":"Mandibuzz","species":"Mandibuzz","item":"leftovers","ability":"Overcoat","moves":["roost","toxic","foulplay","defog"],"nature":"Careful","evs":{"hp":240,"atk":0,"def":16,"spa":0,"spd":252,"spe":0},"ivs":{"hp":31,"atk":31,"def":31,"spa":31,"spd":31,"spe":31}},{"name":"Landorus","species":"Landorus","item":"lifeorb","ability":"Sheer Force","moves":["grassknot","earthpower","calmmind","psychic"],"nature":"Timid","evs":{"hp":0,"atk":0,"def":0,"spa":252,"spd":4,"spe":252},"ivs":{"hp":31,"atk":31,"def":31,"spa":31,"spd":31,"spe":31}},{"name":"Staraptor","species":"Staraptor","item":"choicescarf","ability":"Reckless","moves":["bravebird","closecombat","doubleedge","uturn"],"nature":"Jolly","evs":{"hp":0,"atk":252,"def":0,"spa":0,"spd":4,"spe":252},"ivs":{"hp":31,"atk":31,"def":31,"spa":31,"spd":31,"spe":31}}],"log":["|player|p1|Alliance - Mxy|270","|player|p2|Guard Wulf|143","|gametype|singles","|gen|6","|tier|Monotype","|rated","|rule|Baton Pass Clause: Limit one Baton Passer, can't pass Spe and other stats simultaneously","|rule|Swagger Clause: Swagger is banned","|rule|Same Type Clause: Pokémon in a team must share a type","|clearpoke","|poke|p1|Steelix, M","|poke|p1|Excadrill, M","|poke|p1|Aggron, M","|poke|p1|Magnezone","|poke|p1|Heatran, F","|poke|p1|Skarmory, F","|poke|p2|Charizard, M","|poke|p2|Skarmory, F","|poke|p2|Zapdos","|poke|p2|Mandibuzz, F","|poke|p2|Landorus, M","|poke|p2|Staraptor, F","|rule|Sleep Clause Mod: Limit one foe put to sleep","|rule|Species Clause: Limit one of each Pokémon","|rule|OHKO Clause: OHKO moves are banned","|rule|Moody Clause: Moody is banned","|rule|Evasion Moves Clause: Evasion moves are banned","|rule|Endless Battle Clause: Forcing endless battles is banned","|rule|HP Percentage Mod: HP is shown in percentages","|teampreview","|","|start","|switch|p1a: Magnezone|Magnezone|281/281","|switch|p2a: Landorus|Landorus, M|319/319","|turn|1","|","|switch|p2a: Mandibuzz|Mandibuzz, F|421/421","|move|p1a: Magnezone|Hidden Power|p2a: Mandibuzz","|-supereffective|p2a: Mandibuzz","|-damage|p2a: Mandibuzz|321/421","|","|-heal|p2a: Mandibuzz|347/421|[from] item: Leftovers","|turn|2","|","|switch|p1a: Aggron|Aggron, M|282/282","|move|p2a: Mandibuzz|Foul Play|p1a: Aggron","|-damage|p1a: Aggron|197/282","|","|-heal|p2a: Mandibuzz|373/421|[from] item: Leftovers","|turn|3","|","|move|p1a: Aggron|Stealth Rock|p2a: Mandibuzz","|-sidestart|p2: Guard Wulf|move: Stealth Rock","|move|p2a: Mandibuzz|Foul Play|p1a: Aggron","|-damage|p1a: Aggron|109/282","|","|-heal|p2a: Mandibuzz|399/421|[from] item: Leftovers","|turn|4","|","|move|p1a: Aggron|Sandstorm|p1a: Aggron","|-weather|Sandstorm","|move|p2a: Mandibuzz|Defog|p1a: Aggron","|-unboost|p1a: Aggron|evasion|1","|-sideend|p2: Guard Wulf|Stealth Rock|[from] move: Defog|[of] p2a: Mandibuzz","|","|-weather|Sandstorm|[upkeep]","|-heal|p2a: Mandibuzz|421/421|[from] item: Leftovers","|turn|5","|","|move|p1a: Aggron|Stealth Rock|p2a: Mandibuzz","|-sidestart|p2: Guard Wulf|move: Stealth Rock","|move|p2a: Mandibuzz|Foul Play|p1a: Aggron","|-damage|p1a: Aggron|22/282","|","|-weather|Sandstorm|[upkeep]","|turn|6","|-enditem|p1a: Aggron|Custap Berry|[eat]","|-activate|p1a: Aggron|Custap Berry","|","|move|p1a: Aggron|Endeavor|p2a: Mandibuzz","|-damage|p2a: Mandibuzz|22/421","|move|p2a: Mandibuzz|Defog|p1a: Aggron","|-unboost|p1a: Aggron|evasion|1","|-sideend|p2: Guard Wulf|Stealth Rock|[from] move: Defog|[of] p2a: Mandibuzz","|","|-weather|Sandstorm|[upkeep]","|-heal|p2a: Mandibuzz|48/421|[from] item: Leftovers","|turn|7","|","|switch|p1a: Magnezone|Magnezone|281/281","|move|p2a: Mandibuzz|Defog|p1a: Magnezone","|-unboost|p1a: Magnezone|evasion|1","|","|-weather|Sandstorm|[upkeep]","|-heal|p2a: Mandibuzz|74/421|[from] item: Leftovers","|turn|8","|","|move|p1a: Magnezone|Flash Cannon|p2a: Mandibuzz","|-damage|p2a: Mandibuzz|0 fnt","|faint|p2a: Mandibuzz","|","|-weather|none","|","|switch|p2a: Charizard|Charizard, M|297/297","|turn|9","|","|switch|p1a: Heatran|Heatran, F|386/386","|detailschange|p2a: Charizard|Charizard-Mega-Y, M","|-mega|p2a: Charizard|Charizard|Charizardite Y","|-weather|SunnyDay","|move|p2a: Charizard|Air Slash|p1a: Heatran|[miss]","|-miss|p2a: Charizard|p1a: Heatran","|","|-weather|SunnyDay|[upkeep]","|turn|10","|","|switch|p2a: Landorus|Landorus, M|319/319","|move|p1a: Heatran|Toxic|p2a: Landorus","|-status|p2a: Landorus|tox","|","|-weather|SunnyDay|[upkeep]","|-damage|p2a: Landorus|300/319 tox|[from] psn","|turn|11","|","|switch|p2a: Zapdos|Zapdos|383/383","|-ability|p2a: Zapdos|Pressure","|switch|p1a: Aggron|Aggron, M|22/282","|","|-weather|SunnyDay|[upkeep]","|turn|12","|","|move|p2a: Zapdos|Thunderbolt|p1a: Aggron","|-damage|p1a: Aggron|0 fnt","|faint|p1a: Aggron","|","|-weather|SunnyDay|[upkeep]","|","|switch|p1a: Steelix|Steelix, M|353/353","|turn|13","|","|switch|p2a: Skarmory|Skarmory, F|331/331","|detailschange|p1a: Steelix|Steelix-Mega, M","|-mega|p1a: Steelix|Steelix|Steelixite","|move|p1a: Steelix|Sandstorm|p1a: Steelix","|-weather|Sandstorm","|","|-weather|Sandstorm|[upkeep]","|turn|14","|","|move|p2a: Skarmory|Stealth Rock|p1a: Steelix","|-sidestart|p1: Alliance - Mxy|move: Stealth Rock","|move|p1a: Steelix|Fire Fang|p2a: Skarmory","|-supereffective|p2a: Skarmory","|-damage|p2a: Skarmory|239/331","|","|-weather|Sandstorm|[upkeep]","|-heal|p2a: Skarmory|259/331|[from] item: Leftovers","|turn|15","|","|switch|p2a: Charizard|Charizard-Mega-Y, M|297/297","|-weather|SunnyDay","|move|p1a: Steelix|Fire Fang|p2a: Charizard","|-resisted|p2a: Charizard","|-damage|p2a: Charizard|226/297","|","|-weather|SunnyDay|[upkeep]","|turn|16","|","|switch|p2a: Landorus|Landorus, M|300/319 tox","|move|p1a: Steelix|Heavy Slam|p2a: Landorus","|-damage|p2a: Landorus|44/319 tox","|","|-weather|SunnyDay|[upkeep]","|-damage|p2a: Landorus|25/319 tox|[from] psn","|turn|17","|","|switch|p1a: Excadrill|Excadrill, M|361/361","|-damage|p1a: Excadrill|350/361|[from] Stealth Rock","|-item|p1a: Excadrill|Air Balloon","|move|p2a: Landorus|Earth Power|p1a: Excadrill","|-immune|p1a: Excadrill|[msg]","|","|-weather|SunnyDay|[upkeep]","|-damage|p2a: Landorus|0 fnt|[from] psn","|faint|p2a: Landorus","|","|switch|p2a: Staraptor|Staraptor, F|311/311","|turn|18","|","|switch|p1a: Skarmory|Skarmory, F|333/333","|-damage|p1a: Skarmory|292/333|[from] Stealth Rock","|move|p2a: Staraptor|U-turn|p1a: Skarmory","|-resisted|p1a: Skarmory","|-damage|p1a: Skarmory|281/333","|-damage|p2a: Staraptor|260/311|[from] item: Rocky Helmet|[of] p1a: Skarmory","|","|switch|p2a: Zapdos|Zapdos|383/383","|-ability|p2a: Zapdos|Pressure","|","|-weather|SunnyDay|[upkeep]","|turn|19","|","|switch|p1a: Heatran|Heatran, F|386/386","|-damage|p1a: Heatran|338/386|[from] Stealth Rock","|move|p2a: Zapdos|Volt Switch|p1a: Heatran","|-damage|p1a: Heatran|268/386","|","|switch|p2a: Staraptor|Staraptor, F|260/311","|","|-weather|none","|-heal|p1a: Heatran|292/386|[from] item: Leftovers","|turn|20","|","|switch|p1a: Skarmory|Skarmory, F|281/333","|-damage|p1a: Skarmory|240/333|[from] Stealth Rock","|move|p2a: Staraptor|U-turn|p1a: Skarmory","|-resisted|p1a: Skarmory","|-damage|p1a: Skarmory|229/333","|-damage|p2a: Staraptor|209/311|[from] item: Rocky Helmet|[of] p1a: Skarmory","|","|switch|p2a: Zapdos|Zapdos|383/383","|-ability|p2a: Zapdos|Pressure","|","|turn|21","|","|switch|p1a: Heatran|Heatran, F|292/386","|-damage|p1a: Heatran|244/386|[from] Stealth Rock","|move|p2a: Zapdos|Thunderbolt|p1a: Heatran","|-damage|p1a: Heatran|156/386","|","|-heal|p1a: Heatran|180/386|[from] item: Leftovers","|turn|22","|","|move|p2a: Zapdos|Volt Switch|p1a: Heatran","|-crit|p1a: Heatran","|-damage|p1a: Heatran|63/386","|","|switch|p2a: Skarmory|Skarmory, F|259/331","|move|p1a: Heatran|Toxic|p2a: Skarmory","|-immune|p2a: Skarmory|[msg]","|","|-heal|p1a: Heatran|87/386|[from] item: Leftovers","|-heal|p2a: Skarmory|279/331|[from] item: Leftovers","|turn|23","|","|switch|p2a: Zapdos|Zapdos|383/383","|-ability|p2a: Zapdos|Pressure","|move|p1a: Heatran|Lava Plume|p2a: Zapdos","|-damage|p2a: Zapdos|283/383","|","|-heal|p2a: Zapdos|306/383|[from] item: Leftovers","|-heal|p1a: Heatran|111/386|[from] item: Leftovers","|turn|24","|","|switch|p1a: Steelix|Steelix-Mega, M|353/353","|-damage|p1a: Steelix|342/353|[from] Stealth Rock","|move|p2a: Zapdos|Thunderbolt|p1a: Steelix","|-immune|p1a: Steelix|[msg]","|","|-heal|p2a: Zapdos|329/383|[from] item: Leftovers","|turn|25","|","|switch|p2a: Charizard|Charizard-Mega-Y, M|226/297","|-weather|SunnyDay","|move|p1a: Steelix|Sandstorm|p1a: Steelix","|-weather|Sandstorm","|","|-weather|Sandstorm|[upkeep]","|-damage|p2a: Charizard|208/297|[from] sandstorm","|turn|26","|","|move|p2a: Charizard|Overheat|p1a: Steelix","|-supereffective|p1a: Steelix","|-damage|p1a: Steelix|0 fnt","|-unboost|p2a: Charizard|spa|2","|faint|p1a: Steelix","|","|-weather|Sandstorm|[upkeep]","|-damage|p2a: Charizard|190/297|[from] sandstorm","|","|switch|p1a: Excadrill|Excadrill, M|350/361","|-damage|p1a: Excadrill|339/361|[from] Stealth Rock","|-item|p1a: Excadrill|Air Balloon","|turn|27","|","|switch|p2a: Skarmory|Skarmory, F|279/331","|move|p1a: Excadrill|Rapid Spin|p2a: Skarmory","|-resisted|p2a: Skarmory","|-damage|p2a: Skarmory|272/331","|-sideend|p1: Alliance - Mxy|Stealth Rock|[from] move: Rapid Spin|[of] p1a: Excadrill","|","|-weather|Sandstorm|[upkeep]","|-heal|p2a: Skarmory|292/331|[from] item: Leftovers","|turn|28","|","|move|p1a: Excadrill|Swords Dance|p1a: Excadrill","|-boost|p1a: Excadrill|atk|2","|move|p2a: Skarmory|Stealth Rock|p1a: Excadrill","|-sidestart|p1: Alliance - Mxy|move: Stealth Rock","|","|-weather|Sandstorm|[upkeep]","|-heal|p2a: Skarmory|312/331|[from] item: Leftovers","|turn|29","|","|move|p1a: Excadrill|Rock Slide|p2a: Skarmory","|-damage|p2a: Skarmory|209/331","|cant|p2a: Skarmory|flinch","|","|-weather|none","|-heal|p2a: Skarmory|229/331|[from] item: Leftovers","|turn|30","|","|move|p1a: Excadrill|Swords Dance|p1a: Excadrill","|-boost|p1a: Excadrill|atk|2","|move|p2a: Skarmory|Roost|p2a: Skarmory","|-heal|p2a: Skarmory|331/331","|","|turn|31","|","|move|p1a: Excadrill|Rock Slide|p2a: Skarmory","|-miss|p1a: Excadrill|p2a: Skarmory","|move|p2a: Skarmory|Whirlwind|p1a: Excadrill","|drag|p1a: Skarmory|Skarmory, F|229/333","|-damage|p1a: Skarmory|188/333|[from] Stealth Rock","|","|turn|32","|","|switch|p2a: Zapdos|Zapdos|329/383","|-ability|p2a: Zapdos|Pressure","|move|p1a: Skarmory|Roost|p1a: Skarmory","|-heal|p1a: Skarmory|333/333","|","|-heal|p2a: Zapdos|352/383|[from] item: Leftovers","|turn|33","|","|move|p2a: Zapdos|Thunderbolt|p1a: Skarmory","|-crit|p1a: Skarmory","|-supereffective|p1a: Skarmory","|-ability|p1a: Skarmory|Sturdy","|-damage|p1a: Skarmory|1/333","|move|p1a: Skarmory|Sandstorm|p1a: Skarmory","|-weather|Sandstorm","|","|-weather|Sandstorm|[upkeep]","|-damage|p2a: Zapdos|329/383|[from] sandstorm","|-heal|p2a: Zapdos|352/383|[from] item: Leftovers","|turn|34","|","|move|p2a: Zapdos|Volt Switch|p1a: Skarmory","|-supereffective|p1a: Skarmory","|-damage|p1a: Skarmory|0 fnt","|faint|p1a: Skarmory","|","|switch|p2a: Charizard|Charizard-Mega-Y, M|190/297","|-weather|SunnyDay","|","|-weather|SunnyDay|[upkeep]","|","|switch|p1a: Magnezone|Magnezone|281/281","|-damage|p1a: Magnezone|264/281|[from] Stealth Rock","|turn|35","|","|switch|p2a: Zapdos|Zapdos|352/383","|-ability|p2a: Zapdos|Pressure","|move|p1a: Magnezone|Thunderbolt|p2a: Zapdos","|-damage|p2a: Zapdos|222/383","|","|-weather|SunnyDay|[upkeep]","|-heal|p2a: Zapdos|245/383|[from] item: Leftovers","|turn|36","|","|move|p1a: Magnezone|Thunderbolt|p2a: Zapdos","|-damage|p2a: Zapdos|112/383","|move|p2a: Zapdos|Roost|p2a: Zapdos","|-heal|p2a: Zapdos|304/383","|","|-weather|SunnyDay|[upkeep]","|-heal|p2a: Zapdos|327/383|[from] item: Leftovers","|turn|37","|","|move|p1a: Magnezone|Thunderbolt|p2a: Zapdos","|-damage|p2a: Zapdos|194/383","|move|p2a: Zapdos|Volt Switch|p1a: Magnezone","|-resisted|p1a: Magnezone","|-damage|p1a: Magnezone|207/281","|","|switch|p2a: Staraptor|Staraptor, F|209/311","|","|-weather|SunnyDay|[upkeep]","|turn|38","|","|move|p2a: Staraptor|Close Combat|p1a: Magnezone","|-supereffective|p1a: Magnezone","|-damage|p1a: Magnezone|0 fnt","|-unboost|p2a: Staraptor|def|1","|-unboost|p2a: Staraptor|spd|1","|faint|p1a: Magnezone","|","|-weather|none","|","|switch|p1a: Excadrill|Excadrill, M|339/361","|-damage|p1a: Excadrill|328/361|[from] Stealth Rock","|-item|p1a: Excadrill|Air Balloon","|turn|39","|","|move|p2a: Staraptor|Close Combat|p1a: Excadrill","|-supereffective|p1a: Excadrill","|-damage|p1a: Excadrill|0 fnt","|-enditem|p1a: Excadrill|Air Balloon","|-unboost|p2a: Staraptor|def|1","|-unboost|p2a: Staraptor|spd|1","|faint|p1a: Excadrill","|","|","|switch|p1a: Heatran|Heatran, F|111/386","|-damage|p1a: Heatran|63/386|[from] Stealth Rock","|turn|40","|","|move|p2a: Staraptor|Close Combat|p1a: Heatran","|-supereffective|p1a: Heatran","|-damage|p1a: Heatran|0 fnt","|-unboost|p2a: Staraptor|def|1","|-unboost|p2a: Staraptor|spd|1","|faint|p1a: Heatran","|","|win|Guard Wulf"],"p1rating":{"entryid":"127788","serverid":"eos","formatid":"monotype","userid":"alliancemxy","username":"Alliance - Mxy","w":"16","l":10,"t":"0","gxe":58.5,"r":"1604.4900838263","rd":"67.887001260084","sigma":"0","rptime":"1440406800","rpr":1565.9632108831,"rprd":64.829430031843,"rpsigma":"0","acre":1108.5304823343,"lacre":1108.5304823343,"oldacre":"1121.9633475023"},"p2rating":{"entryid":"152473","serverid":"eos","formatid":"monotype","userid":"guardwulf","username":"Guard Wulf","w":28,"l":"8","t":"0","gxe":70.5,"r":"1658.3078612289","rd":"57.728600244012","sigma":"0","rptime":"1440406800","rpr":1666.0752315526,"rprd":56.998359227282,"rpsigma":"0","acre":1309.3651236974,"lacre":1309.3651236974,"oldacre":"1295.9322585294"},"endType":"normal"}