{"seed":[35834,37741,15956,4847],"turns":36,"p1":"Neowulfy","p2":"Crystal Mafetan","p1team":[{"name":"Lopunny","species":"Lopunny","item":"lopunnite","ability":"Limber","moves":["fakeout","return","icepunch","highjumpkick"],"nature":"Jolly","evs":{"hp":0,"atk":252,"def":0,"spa":0,"spd":4,"spe":252},"ivs":{"hp":31,"atk":31,"def":31,"spa":31,"spd":31,"spe":31}},{"name":"Chansey","species":"Chansey","item":"eviolite","ability":"Natural Cure","moves":["aromatherapy","thunderwave","seismictoss","softboiled"],"nature":"Bold","evs":{"hp":224,"atk":0,"def":252,"spa":0,"spd":32,"spe":0},"ivs":{"hp":31,"atk":31,"def":31,"spa":31,"spd":31,"spe":31}},{"name":"Porygon2","species":"Porygon2","item":"eviolite","ability":"Download","moves":["thunderwave","icebeam","recover","triattack"],"nature":"Bold","evs":{"hp":236,"atk":0,"def":252,"spa":0,"spd":20,"spe":0},"ivs":{"hp":31,"atk":31,"def":31,"spa":31,"spd":31,"spe":31}},{"name":"Swellow","species":"Swellow","item":"flameorb","ability":"Guts","moves":["bravebird","uturn","roost","return"],"nature":"Jolly","evs":{"hp":0,"atk":252,"def":0,"spa":0,"spd":4,"spe":252},"ivs":{"hp":31,"atk":31,"def":31,"spa":31,"spd":31,"spe":31}},{"name":"Ditto","species":"Ditto","item":"choicescarf","ability":"Imposter","moves":["transform"],"nature":"Serious","evs":{"hp":252,"atk":0,"def":0,"spa":0,"spd":4,"spe":252},"ivs":{"hp":31,"atk":31,"def":31,"spa":31,"spd":31,"spe":31}},{"name":"Heliolisk","species":"Heliolisk","item":"choicespecs","ability":"Dry Skin","moves":["thunderbolt","voltswitch","surf","hypervoice"],"nature":"Timid","evs":{"hp":0,"atk":0,"def":0,"spa":252,"spd":4,"spe":252},"ivs":{"hp":31,"atk":31,"def":31,"spa":31,"spd":31,"spe":31}}],"p2team":[{"name":"Spanish","species":"articuno","item":"widelens","ability":"Pressure","moves":["roost","healbell","hurricane","extrasensory"],"nature":"Modest","evs":{"hp":248,"atk":0,"def":0,"spa":60,"spd":200,"spe":0},"shiny":true,"ivs":{"hp":31,"atk":31,"def":31,"spa":31,"spd":31,"spe":31}},{"name":"Snow Peas","species":"abomasnow","item":"abomasite","ability":"Snow Warning","moves":["gigadrain","toxic","leechseed","icebeam"],"nature":"Modest","evs":{"hp":248,"atk":0,"def":0,"spa":8,"spd":252,"spe":0},"gender":"F","shiny":true,"ivs":{"hp":31,"atk":31,"def":31,"spa":31,"spd":31,"spe":31}},{"name":"Clitoris","species":"cloyster","item":"lifeorb","ability":"Skill Link","moves":["shellsmash","rockblast","iciclespear","razorshell"],"nature":"Adamant","evs":{"hp":0,"atk":252,"def":0,"spa":0,"spd":4,"spe":252},"gender":"F","ivs":{"hp":31,"atk":31,"def":31,"spa":31,"spd":31,"spe":31}},{"name":"Snuffaluffagus","species":"mamoswine","item":"leftovers","ability":"Snow Cloak","moves":["stealthrock","ironhead","earthquake","knockoff"],"nature":"Adamant","evs":{"hp":168,"atk":168,"def":0,"spa":0,"spd":0,"spe":172},"gender":"M","ivs":{"hp":31,"atk":31,"def":31,"spa":31,"spd":31,"spe":31}},{"name":"Titanic","species":"avalugg","item":"leftovers","ability":"Ice Body","moves":["curse","recover","superpower","toxic"],"nature":"Careful","evs":{"hp":248,"atk":8,"def":0,"spa":0,"spd":252,"spe":0},"gender":"M","ivs":{"hp":31,"atk":31,"def":31,"spa":31,"spd":31,"spe":31}},{"name":"Watermelon","species":"rotomfrost","item":"leftovers","ability":"Levitate","moves":["painsplit","willowisp","voltswitch","blizzard"],"nature":"Modest","evs":{"hp":248,"atk":0,"def":0,"spa":8,"spd":252,"spe":0},"shiny":true,"ivs":{"hp":31,"atk":31,"def":31,"spa":31,"spd":31,"spe":31}}],"log":["|player|p1|Neowulfy|143","|player|p2|Crystal Mafetan|92","|gametype|singles","|gen|6","|tier|Monotype","|rated","|rule|Baton Pass Clause: Limit one Baton Passer, can't pass Spe and other stats simultaneously","|rule|Swagger Clause: Swagger is banned","|rule|Same Type Clause: Pokémon in a team must share a type","|clearpoke","|poke|p1|Lopunny, F","|poke|p1|Chansey, F","|poke|p1|Porygon2","|poke|p1|Swellow, F","|poke|p1|Ditto","|poke|p1|Heliolisk, M","|poke|p2|Articuno, shiny","|poke|p2|Abomasnow, F, shiny","|poke|p2|Cloyster, F","|poke|p2|Mamoswine, M","|poke|p2|Avalugg, M","|poke|p2|Rotom-Frost, shiny","|rule|Sleep Clause Mod: Limit one foe put to sleep","|rule|Species Clause: Limit one of each Pokémon","|rule|OHKO Clause: OHKO moves are banned","|rule|Moody Clause: Moody is banned","|rule|Evasion Moves Clause: Evasion moves are banned","|rule|Endless Battle Clause: Forcing endless battles is banned","|rule|HP Percentage Mod: HP is shown in percentages","|teampreview","|","|start","|switch|p1a: Heliolisk|Heliolisk, M|265/265","|switch|p2a: Snuffaluffagus|Mamoswine, M|403/403","|turn|1","|","|move|p1a: Heliolisk|Surf|p2a: Snuffaluffagus","|-supereffective|p2a: Snuffaluffagus","|-damage|p2a: Snuffaluffagus|0 fnt","|faint|p2a: Snuffaluffagus","|","|","|switch|p2a: Watermelon|Rotom-Frost, shiny|303/303","|turn|2","|","|switch|p1a: Ditto|Ditto|300/300","|-transform|p1a: Ditto|p2a: Watermelon","|move|p2a: Watermelon|Blizzard|p1a: Ditto","|-resisted|p1a: Ditto","|-damage|p1a: Ditto|243/300","|","|turn|3","|","|move|p1a: Ditto|Will-O-Wisp|p2a: Watermelon","|-status|p2a: Watermelon|brn","|move|p2a: Watermelon|Will-O-Wisp|p1a: Ditto","|-status|p1a: Ditto|brn","|","|-damage|p1a: Ditto|206/300 brn|[from] brn","|-damage|p2a: Watermelon|266/303 brn|[from] brn","|turn|4","|","|switch|p1a: Chansey|Chansey, F|697/697","|switch|p2a: Snow Peas|Abomasnow, F, shiny|383/383","|-weather|Hail","|","|-weather|Hail|[upkeep]","|-damage|p1a: Chansey|654/697|[from] hail","|turn|5","|","|detailschange|p2a: Snow Peas|Abomasnow-Mega, F, shiny","|-mega|p2a: Snow Peas|Abomasnow|Abomasite","|move|p2a: Snow Peas|Leech Seed|p1a: Chansey","|-start|p1a: Chansey|move: Leech Seed","|move|p1a: Chansey|Thunder Wave|p2a: Snow Peas","|-status|p2a: Snow Peas|par","|","|-weather|Hail|[upkeep]","|-damage|p1a: Chansey|611/697|[from] hail","|-damage|p1a: Chansey|524/697|[from] Leech Seed|[of] p2a: Snow Peas","|turn|6","|","|move|p1a: Chansey|Aromatherapy|p1a: Chansey","|-cureteam|p1a: Chansey|[from] move: Aromatherapy","|move|p2a: Snow Peas|Toxic|p1a: Chansey","|-status|p1a: Chansey|tox","|","|-weather|Hail|[upkeep]","|-damage|p1a: Chansey|481/697 tox|[from] hail","|-damage|p1a: Chansey|394/697 tox|[from] Leech Seed|[of] p2a: Snow Peas","|-damage|p1a: Chansey|351/697 tox|[from] psn","|turn|7","|","|switch|p1a: Heliolisk|Heliolisk, M|265/265","|move|p2a: Snow Peas|Giga Drain|p1a: Heliolisk","|-damage|p1a: Heliolisk|126/265","|","|-weather|Hail|[upkeep]","|-damage|p1a: Heliolisk|110/265|[from] hail","|turn|8","|","|move|p1a: Heliolisk|Hyper Voice|p2a: Snow Peas","|-crit|p2a: Snow Peas","|-damage|p2a: Snow Peas|118/383 par","|move|p2a: Snow Peas|Giga Drain|p1a: Heliolisk","|-damage|p1a: Heliolisk|0 fnt","|-heal|p2a: Snow Peas|173/383 par|[from] drain|[of] p1a: Heliolisk","|faint|p1a: Heliolisk","|","|-weather|none","|","|switch|p1a: Porygon2|Porygon2|370/370","|-boost|p1a: Porygon2|atk|1|[from] ability: Download","|turn|9","|","|move|p1a: Porygon2|Tri Attack|p2a: Snow Peas","|-damage|p2a: Snow Peas|97/383 par","|move|p2a: Snow Peas|Leech Seed|p1a: Porygon2","|-start|p1a: Porygon2|move: Leech Seed","|","|-damage|p1a: Porygon2|324/370|[from] Leech Seed|[of] p2a: Snow Peas","|-heal|p2a: Snow Peas|143/383 par|[silent]","|turn|10","|","|switch|p1a: Chansey|Chansey, F|351/697","|cant|p2a: Snow Peas|par","|","|turn|11","|","|move|p1a: Chansey|Seismic Toss|p2a: Snow Peas","|-damage|p2a: Snow Peas|43/383 par","|move|p2a: Snow Peas|Leech Seed|p1a: Chansey","|-start|p1a: Chansey|move: Leech Seed","|","|-damage|p1a: Chansey|264/697|[from] Leech Seed|[of] p2a: Snow Peas","|-heal|p2a: Snow Peas|130/383 par|[silent]","|turn|12","|","|move|p1a: Chansey|Soft-Boiled|p1a: Chansey","|-heal|p1a: Chansey|613/697","|move|p2a: Snow Peas|Giga Drain|p1a: Chansey","|-damage|p1a: Chansey|535/697","|-heal|p2a: Snow Peas|169/383 par|[from] drain|[of] p1a: Chansey","|","|-damage|p1a: Chansey|448/697|[from] Leech Seed|[of] p2a: Snow Peas","|-heal|p2a: Snow Peas|256/383 par|[silent]","|turn|13","|","|switch|p1a: Lopunny|Lopunny, F|271/271","|move|p2a: Snow Peas|Toxic|p1a: Lopunny","|-status|p1a: Lopunny|tox","|","|-damage|p1a: Lopunny|255/271 tox|[from] psn","|turn|14","|","|detailschange|p1a: Lopunny|Lopunny-Mega, F","|-mega|p1a: Lopunny|Lopunny|Lopunnite","|move|p1a: Lopunny|High Jump Kick|p2a: Snow Peas","|-supereffective|p2a: Snow Peas","|-damage|p2a: Snow Peas|0 fnt","|faint|p2a: Snow Peas","|","|-damage|p1a: Lopunny|223/271 tox|[from] psn","|","|switch|p2a: Spanish|Articuno, shiny|383/383","|-ability|p2a: Spanish|Pressure","|turn|15","|","|switch|p1a: Chansey|Chansey, F|448/697","|move|p2a: Spanish|Hurricane|p1a: Chansey","|-damage|p1a: Chansey|352/697","|","|turn|16","|","|move|p2a: Spanish|Hurricane|p1a: Chansey","|-damage|p1a: Chansey|256/697","|move|p1a: Chansey|Thunder Wave|p2a: Spanish","|-status|p2a: Spanish|par","|","|turn|17","|","|move|p1a: Chansey|Aromatherapy|p1a: Chansey","|-cureteam|p1a: Chansey|[from] move: Aromatherapy","|move|p2a: Spanish|Hurricane|p1a: Chansey","|-damage|p1a: Chansey|168/697","|","|turn|18","|","|move|p1a: Chansey|Soft-Boiled|p1a: Chansey","|-heal|p1a: Chansey|517/697","|move|p2a: Spanish|Hurricane|p1a: Chansey","|-damage|p1a: Chansey|426/697","|-start|p1a: Chansey|confusion","|","|turn|19","|","|switch|p1a: Ditto|Ditto|206/300","|-transform|p1a: Ditto|p2a: Spanish","|-ability|p1a: Ditto|Pressure","|switch|p2a: Titanic|Avalugg, M|393/393","|","|turn|20","|","|move|p1a: Ditto|Hurricane|p2a: Titanic","|-damage|p2a: Titanic|243/393","|move|p2a: Titanic|Curse|p2a: Titanic","|-unboost|p2a: Titanic|spe|1","|-boost|p2a: Titanic|atk|1","|-boost|p2a: Titanic|def|1","|","|-heal|p2a: Titanic|267/393|[from] item: Leftovers","|turn|21","|","|move|p1a: Ditto|Hurricane|p2a: Titanic","|-damage|p2a: Titanic|117/393","|move|p2a: Titanic|Recover|p2a: Titanic","|-heal|p2a: Titanic|314/393","|","|-heal|p2a: Titanic|338/393|[from] item: Leftovers","|turn|22","|","|switch|p1a: Lopunny|Lopunny-Mega, F|223/271","|move|p2a: Titanic|Curse|p2a: Titanic","|-unboost|p2a: Titanic|spe|1","|-boost|p2a: Titanic|atk|1","|-boost|p2a: Titanic|def|1","|","|-heal|p2a: Titanic|362/393|[from] item: Leftovers","|turn|23","|","|move|p1a: Lopunny|High Jump Kick|p2a: Titanic","|-supereffective|p2a: Titanic","|-damage|p2a: Titanic|230/393","|move|p2a: Titanic|Curse|p2a: Titanic","|-unboost|p2a: Titanic|spe|1","|-boost|p2a: Titanic|atk|1","|-boost|p2a: Titanic|def|1","|","|-heal|p2a: Titanic|254/393|[from] item: Leftovers","|turn|24","|","|switch|p1a: Porygon2|Porygon2|324/370","|-boost|p1a: Porygon2|spa|1|[from] ability: Download","|move|p2a: Titanic|Curse|p2a: Titanic","|-unboost|p2a: Titanic|spe|1","|-boost|p2a: Titanic|atk|1","|-boost|p2a: Titanic|def|1","|","|-heal|p2a: Titanic|278/393|[from] item: Leftovers","|turn|25","|","|move|p1a: Porygon2|Thunder Wave|p2a: Titanic","|-status|p2a: Titanic|par","|move|p2a: Titanic|Superpower|p1a: Porygon2","|-crit|p1a: Porygon2","|-supereffective|p1a: Porygon2","|-damage|p1a: Porygon2|0 fnt","|-unboost|p2a: Titanic|atk|1","|-unboost|p2a: Titanic|def|1","|faint|p1a: Porygon2","|","|-heal|p2a: Titanic|302/393 par|[from] item: Leftovers","|","|switch|p1a: Ditto|Ditto|206/300","|-transform|p1a: Ditto|p2a: Titanic","|turn|26","|","|move|p1a: Ditto|Superpower|p2a: Titanic","|-supereffective|p2a: Titanic","|-damage|p2a: Titanic|170/393 par","|-unboost|p1a: Ditto|atk|1","|-unboost|p1a: Ditto|def|1","|move|p2a: Titanic|Superpower|p1a: Ditto","|-supereffective|p1a: Ditto","|-damage|p1a: Ditto|42/300","|-unboost|p2a: Titanic|atk|1","|-unboost|p2a: Titanic|def|1","|","|-heal|p2a: Titanic|194/393 par|[from] item: Leftovers","|turn|27","|","|move|p1a: Ditto|Superpower|p2a: Titanic","|-supereffective|p2a: Titanic","|-damage|p2a: Titanic|74/393 par","|-unboost|p1a: Ditto|atk|1","|-unboost|p1a: Ditto|def|1","|move|p2a: Titanic|Recover|p2a: Titanic","|-heal|p2a: Titanic|271/393 par","|","|-heal|p2a: Titanic|295/393 par|[from] item: Leftovers","|turn|28","|","|move|p1a: Ditto|Superpower|p2a: Titanic","|-crit|p2a: Titanic","|-supereffective|p2a: Titanic","|-damage|p2a: Titanic|1/393 par","|-unboost|p1a: Ditto|atk|1","|-unboost|p1a: Ditto|def|1","|move|p2a: Titanic|Superpower|p1a: Ditto","|-supereffective|p1a: Ditto","|-damage|p1a: Ditto|0 fnt","|-unboost|p2a: Titanic|atk|1","|-unboost|p2a: Titanic|def|1","|faint|p1a: Ditto","|","|-heal|p2a: Titanic|25/393 par|[from] item: Leftovers","|","|switch|p1a: Lopunny|Lopunny-Mega, F|223/271","|turn|29","|","|move|p1a: Lopunny|Fake Out|p2a: Titanic","|-damage|p2a: Titanic|0 fnt","|faint|p2a: Titanic","|","|","|switch|p2a: Watermelon|Rotom-Frost, shiny|266/303 brn","|turn|30","|","|move|p1a: Lopunny|High Jump Kick|p2a: Watermelon","|-supereffective|p2a: Watermelon","|-damage|p2a: Watermelon|0 fnt","|faint|p2a: Watermelon","|","|","|switch|p2a: Spanish|Articuno, shiny|383/383 par","|-ability|p2a: Spanish|Pressure","|turn|31","|","|switch|p1a: Chansey|Chansey, F|426/697","|move|p2a: Spanish|Heal Bell|p2a: Spanish","|-cureteam|p2a: Spanish|[from] move: HealBell","|","|turn|32","|","|switch|p2a: Clitoris|Cloyster, F|241/241","|move|p1a: Chansey|Thunder Wave|p2a: Clitoris","|-status|p2a: Clitoris|par","|","|turn|33","|","|switch|p1a: Swellow|Swellow, F|261/261","|move|p2a: Clitoris|Shell Smash|p2a: Clitoris","|-unboost|p2a: Clitoris|def|1","|-unboost|p2a: Clitoris|spd|1","|-boost|p2a: Clitoris|atk|2","|-boost|p2a: Clitoris|spa|2","|-boost|p2a: Clitoris|spe|2","|","|-status|p1a: Swellow|brn|[from] item: Flame Orb","|turn|34","|","|move|p1a: Swellow|Return|p2a: Clitoris","|-crit|p2a: Clitoris","|-damage|p2a: Clitoris|0 fnt","|faint|p2a: Clitoris","|","|-damage|p1a: Swellow|229/261 brn|[from] brn","|","|switch|p2a: Spanish|Articuno, shiny|383/383","|-ability|p2a: Spanish|Pressure","|turn|35","|","|move|p1a: Swellow|Return|p2a: Spanish","|-damage|p2a: Spanish|193/383","|move|p2a: Spanish|Hurricane|p1a: Swellow|[miss]","|-miss|p2a: Spanish|p1a: Swellow","|","|-damage|p1a: Swellow|197/261 brn|[from] brn","|turn|36","|","|move|p1a: Swellow|Brave Bird|p2a: Spanish","|-damage|p2a: Spanish|0 fnt","|-damage|p1a: Swellow|133/261 brn|[from] recoil|[of] p2a: Spanish","|faint|p2a: Spanish","|","|win|Neowulfy"],"p1rating":{"entryid":"313690","serverid":"eos","formatid":"monotype","userid":"neowulfy","username":"Neowulfy","w":6,"l":"2","t":"0","gxe":58.9,"r":"1587.115371181","rd":"111.72306162267","sigma":"0","rptime":"1440406800","rpr":1569.9306875802,"rprd":93.649953203847,"rpsigma":"0","acre":1137.6877249618,"lacre":1137.6877249618,"oldacre":"1114.9057787865"},"p2rating":{"entryid":"171443","serverid":"eos","formatid":"monotype","userid":"crystalmafetan","username":"Crystal Mafetan","w":"5","l":9,"t":"0","gxe":41.1,"r":"1429.5336371852","rd":"85.987057761471","sigma":"0","rptime":"1440406800","rpr":1430.6703954958,"rprd":80.385999280734,"rpsigma":"0","acre":1063.4044990241,"lacre":1063.4044990241,"oldacre":"1083.9992799404"},"endType":"normal"}