{"seed":[17317,29624,62356,30551],"turns":22,"p1":"LightOfAKnowing","p2":"goast$ - ⓒⓞⓓ","p1team":[{"name":"Vespiquen","species":"Vespiquen","item":"laxincense","ability":"Pressure","moves":["defendorder","infestation","mudslap","roost"],"nature":"Gentle","evs":{"hp":248,"atk":8,"def":0,"spa":0,"spd":252,"spe":0},"ivs":{"hp":31,"atk":31,"def":31,"spa":31,"spd":31,"spe":31}},{"name":"Forretress","species":"Forretress","item":"custapberry","ability":"Sturdy","moves":["stealthrock","rapidspin","explosion","spikes"],"nature":"Impish","evs":{"hp":248,"atk":8,"def":252,"spa":0,"spd":0,"spe":0},"ivs":{"hp":31,"atk":31,"def":31,"spa":31,"spd":31,"spe":31}},{"name":"Galvantula","species":"Galvantula","item":"focussash","ability":"Swarm","moves":["stickyweb","bugbuzz","voltswitch","suckerpunch"],"nature":"Hasty","evs":{"hp":0,"atk":4,"def":0,"spa":252,"spd":0,"spe":252},"ivs":{"hp":31,"atk":31,"def":31,"spa":31,"spd":31,"spe":31}},{"name":"Pinsir","species":"Pinsir","item":"pinsirite","ability":"Moxie","moves":["quickattack","xscissor","frustration","closecombat"],"nature":"Adamant","evs":{"hp":248,"atk":252,"def":0,"spa":0,"spd":8,"spe":0},"happiness":0,"ivs":{"hp":31,"atk":31,"def":31,"spa":31,"spd":31,"spe":31}},{"name":"Durant","species":"Durant","item":"leftovers","ability":"Truant","moves":["entrainment","honeclaws","ironhead","xscissor"],"nature":"Jolly","evs":{"hp":0,"atk":252,"def":0,"spa":0,"spd":4,"spe":252},"happiness":0,"ivs":{"hp":31,"atk":31,"def":31,"spa":31,"spd":31,"spe":31}},{"name":"Volcarona","species":"Volcarona","item":"choicescarf","ability":"Flame Body","moves":["bugbuzz","fierydance","gigadrain","hurricane"],"nature":"Timid","evs":{"hp":0,"atk":0,"def":0,"spa":252,"spd":4,"spe":252},"ivs":{"hp":31,"atk":31,"def":31,"spa":31,"spd":31,"spe":31}}],"p2team":[{"name":"Landorus","species":"Landorus","item":"lifeorb","ability":"Sheer Force","moves":["gravity","psychic","earthpower","focusblast"],"nature":"Timid","evs":{"hp":0,"atk":0,"def":0,"spa":252,"spd":4,"spe":252},"ivs":{"hp":31,"atk":31,"def":31,"spa":31,"spd":31,"spe":31}},{"name":"Skarmory","species":"Skarmory","item":"leftovers","ability":"Sturdy","moves":["roost","defog","stealthrock","bravebird"],"nature":"Impish","evs":{"hp":252,"atk":4,"def":252,"spa":0,"spd":0,"spe":0},"ivs":{"hp":31,"atk":31,"def":31,"spa":31,"spd":31,"spe":31}},{"name":"Zapdos","species":"Zapdos","item":"leftovers","ability":"Pressure","moves":["heatwave","roost","defog","thunderbolt"],"nature":"Calm","evs":{"hp":252,"atk":0,"def":0,"spa":4,"spd":252,"spe":0},"ivs":{"hp":31,"atk":31,"def":31,"spa":31,"spd":31,"spe":31}},{"name":"Mandibuzz","species":"Mandibuzz","item":"leftovers","ability":"Overcoat","moves":["roost","foulplay","bravebird","taunt"],"nature":"Impish","evs":{"hp":252,"atk":4,"def":252,"spa":0,"spd":0,"spe":0},"ivs":{"hp":31,"atk":31,"def":31,"spa":31,"spd":31,"spe":31}},{"name":"Dragonite","species":"Dragonite","item":"leftovers","ability":"Multiscale","moves":["roost","earthquake","dragondance","outrage"],"nature":"Jolly","evs":{"hp":252,"atk":36,"def":0,"spa":0,"spd":0,"spe":220},"ivs":{"hp":31,"atk":31,"def":31,"spa":31,"spd":31,"spe":31}},{"name":"Thundurus-Therian","species":"Thundurus-Therian","item":"lifeorb","ability":"Volt Absorb","moves":["nastyplot","voltswitch","hiddenpowerice","focusblast"],"nature":"Timid","evs":{"hp":4,"atk":0,"def":0,"spa":252,"spd":0,"spe":252},"ivs":{"hp":31,"atk":30,"def":30,"spa":31,"spd":31,"spe":31}}],"log":["|player|p1|LightOfAKnowing|lightofaknowing.gif","|player|p2|goast$ - ⓒⓞⓓ|goast.png","|gametype|singles","|gen|6","|tier|Monotype","|rated","|rule|Baton Pass Clause: Limit one Baton Passer, can't pass Spe and other stats simultaneously","|rule|Swagger Clause: Swagger is banned","|rule|Same Type Clause: Pokémon in a team must share a type","|clearpoke","|poke|p1|Vespiquen, F","|poke|p1|Forretress, F","|poke|p1|Galvantula, F","|poke|p1|Pinsir, M","|poke|p1|Durant, F","|poke|p1|Volcarona, F","|poke|p2|Landorus, M","|poke|p2|Skarmory, M","|poke|p2|Zapdos","|poke|p2|Mandibuzz, F","|poke|p2|Dragonite, F","|poke|p2|Thundurus-Therian, M","|rule|Sleep Clause Mod: Limit one foe put to sleep","|rule|Species Clause: Limit one of each Pokémon","|rule|OHKO Clause: OHKO moves are banned","|rule|Moody Clause: Moody is banned","|rule|Evasion Moves Clause: Evasion moves are banned","|rule|Endless Battle Clause: Forcing endless battles is banned","|rule|HP Percentage Mod: HP is shown in percentages","|teampreview","|","|start","|switch|p1a: Forretress|Forretress, F|353/353","|switch|p2a: Zapdos|Zapdos|384/384","|-ability|p2a: Zapdos|Pressure","|turn|1","|","|move|p2a: Zapdos|Heat Wave|p1a: Forretress","|-supereffective|p1a: Forretress","|-ability|p1a: Forretress|Sturdy","|-damage|p1a: Forretress|1/353","|move|p1a: Forretress|Stealth Rock|p2a: Zapdos","|-sidestart|p2: goast$ - ⓒⓞⓓ|move: Stealth Rock","|","|turn|2","|-enditem|p1a: Forretress|Custap Berry|[eat]","|-activate|p1a: Forretress|Custap Berry","|","|move|p1a: Forretress|Explosion|p2a: Zapdos","|-damage|p2a: Zapdos|187/384","|faint|p1a: Forretress","|move|p2a: Zapdos|Defog|p1: Forretress|[notarget]","|-notarget","|","|-heal|p2a: Zapdos|211/384|[from] item: Leftovers","|","|switch|p1a: Volcarona|Volcarona, F|311/311","|turn|3","|","|move|p1a: Volcarona|Fiery Dance|p2a: Zapdos","|-damage|p2a: Zapdos|90/384","|move|p2a: Zapdos|Defog|p1a: Volcarona","|-unboost|p1a: Volcarona|evasion|1","|-sideend|p2: goast$ - ⓒⓞⓓ|Stealth Rock|[from] move: Defog|[of] p2a: Zapdos","|","|-heal|p2a: Zapdos|114/384|[from] item: Leftovers","|turn|4","|","|switch|p2a: Landorus|Landorus, M|319/319","|move|p1a: Volcarona|Fiery Dance|p2a: Landorus","|-damage|p2a: Landorus|135/319","|","|turn|5","|","|move|p1a: Volcarona|Fiery Dance|p2a: Landorus","|-damage|p2a: Landorus|0 fnt","|-boost|p1a: Volcarona|spa|1","|faint|p2a: Landorus","|","|","|switch|p2a: Dragonite|Dragonite, F|386/386","|turn|6","|","|switch|p1a: Galvantula|Galvantula, F|281/281","|move|p2a: Dragonite|Earthquake|p1a: Galvantula","|-damage|p1a: Galvantula|117/281","|","|turn|7","|","|switch|p2a: Thundurus-Therian|Thundurus-Therian, M|300/300","|move|p1a: Galvantula|Volt Switch|p2a: Thundurus-Therian","|-immune|p2a: Thundurus-Therian|[msg]","|","|turn|8","|","|move|p1a: Galvantula|Bug Buzz|p2a: Thundurus-Therian","|-resisted|p2a: Thundurus-Therian","|-damage|p2a: Thundurus-Therian|224/300","|move|p2a: Thundurus-Therian|Hidden Power|p1a: Galvantula","|-damage|p1a: Galvantula|0 fnt","|-damage|p2a: Thundurus-Therian|194/300|[from] item: Life Orb","|faint|p1a: Galvantula","|","|","|switch|p1a: Pinsir|Pinsir, M|333/333","|turn|9","|","|move|p2a: Thundurus-Therian|Volt Switch|p1a: Pinsir","|-damage|p1a: Pinsir|80/333","|-damage|p2a: Thundurus-Therian|164/300|[from] item: Life Orb","|","|switch|p2a: Skarmory|Skarmory, M|334/334","|move|p1a: Pinsir|Frustration|p2a: Skarmory","|-resisted|p2a: Skarmory","|-damage|p2a: Skarmory|298/334","|","|-heal|p2a: Skarmory|318/334|[from] item: Leftovers","|turn|10","|","|detailschange|p1a: Pinsir|Pinsir-Mega, M","|-mega|p1a: Pinsir|Pinsir|Pinsirite","|move|p1a: Pinsir|Close Combat|p2a: Skarmory","|-damage|p2a: Skarmory|222/334","|-unboost|p1a: Pinsir|def|1","|-unboost|p1a: Pinsir|spd|1","|move|p2a: Skarmory|Stealth Rock|p1a: Pinsir","|-sidestart|p1: LightOfAKnowing|move: Stealth Rock","|","|-heal|p2a: Skarmory|242/334|[from] item: Leftovers","|turn|11","|","|move|p1a: Pinsir|Close Combat|p2a: Skarmory","|-damage|p2a: Skarmory|147/334","|-unboost|p1a: Pinsir|def|1","|-unboost|p1a: Pinsir|spd|1","|move|p2a: Skarmory|Roost|p2a: Skarmory","|-heal|p2a: Skarmory|314/334","|","|-heal|p2a: Skarmory|334/334|[from] item: Leftovers","|turn|12","|","|move|p1a: Pinsir|Close Combat|p2a: Skarmory","|-damage|p2a: Skarmory|237/334","|-unboost|p1a: Pinsir|def|1","|-unboost|p1a: Pinsir|spd|1","|move|p2a: Skarmory|Brave Bird|p1a: Pinsir","|-supereffective|p1a: Pinsir","|-damage|p1a: Pinsir|0 fnt","|-damage|p2a: Skarmory|211/334|[from] recoil|[of] p1a: Pinsir","|faint|p1a: Pinsir","|","|-heal|p2a: Skarmory|231/334|[from] item: Leftovers","|","|switch|p1a: Volcarona|Volcarona, F|311/311","|-damage|p1a: Volcarona|156/311|[from] Stealth Rock","|turn|13","|","|move|p1a: Volcarona|Fiery Dance|p2a: Skarmory","|-supereffective|p2a: Skarmory","|-damage|p2a: Skarmory|0 fnt","|-boost|p1a: Volcarona|spa|1","|faint|p2a: Skarmory","|","|","|switch|p2a: Mandibuzz|Mandibuzz, F|424/424","|turn|14","|","|move|p1a: Volcarona|Fiery Dance|p2a: Mandibuzz","|-damage|p2a: Mandibuzz|190/424","|-boost|p1a: Volcarona|spa|1","|move|p2a: Mandibuzz|Brave Bird|p1a: Volcarona","|-crit|p1a: Volcarona","|-supereffective|p1a: Volcarona","|-damage|p1a: Volcarona|0 fnt","|-status|p2a: Mandibuzz|brn","|-damage|p2a: Mandibuzz|139/424 brn|[from] recoil|[of] p1a: Volcarona","|faint|p1a: Volcarona","|","|-heal|p2a: Mandibuzz|165/424 brn|[from] item: Leftovers","|-damage|p2a: Mandibuzz|112/424 brn|[from] brn","|","|switch|p1a: Vespiquen|Vespiquen, F|343/343","|-damage|p1a: Vespiquen|172/343|[from] Stealth Rock","|-ability|p1a: Vespiquen|Pressure","|turn|15","|","|move|p2a: Mandibuzz|Taunt|p1a: Vespiquen|[miss]","|-miss|p2a: Mandibuzz|p1a: Vespiquen","|move|p1a: Vespiquen|Roost|p1a: Vespiquen","|-heal|p1a: Vespiquen|343/343","|","|-heal|p2a: Mandibuzz|138/424 brn|[from] item: Leftovers","|-damage|p2a: Mandibuzz|85/424 brn|[from] brn","|turn|16","|","|move|p2a: Mandibuzz|Taunt|p1a: Vespiquen","|-start|p1a: Vespiquen|move: Taunt","|move|p1a: Vespiquen|Infestation|p2a: Mandibuzz","|-damage|p2a: Mandibuzz|63/424 brn","|-activate|p2a: Mandibuzz|move: Infestation|[of] p1a: Vespiquen","|","|-heal|p2a: Mandibuzz|89/424 brn|[from] item: Leftovers","|-damage|p2a: Mandibuzz|36/424 brn|[from] brn","|-damage|p2a: Mandibuzz|0 fnt|[from] move: Infestation|[partiallytrapped]","|faint|p2a: Mandibuzz","|","|switch|p2a: Thundurus-Therian|Thundurus-Therian, M|164/300","|turn|17","|","|move|p2a: Thundurus-Therian|Volt Switch|p1a: Vespiquen","|-supereffective|p1a: Vespiquen","|-damage|p1a: Vespiquen|114/343","|-damage|p2a: Thundurus-Therian|134/300|[from] item: Life Orb","|","|switch|p2a: Zapdos|Zapdos|114/384","|-ability|p2a: Zapdos|Pressure","|move|p1a: Vespiquen|Infestation|p2a: Zapdos","|-resisted|p2a: Zapdos","|-damage|p2a: Zapdos|106/384","|-activate|p2a: Zapdos|move: Infestation|[of] p1a: Vespiquen","|","|-heal|p2a: Zapdos|130/384|[from] item: Leftovers","|-damage|p2a: Zapdos|82/384|[from] move: Infestation|[partiallytrapped]","|turn|18","|","|move|p2a: Zapdos|Roost|p2a: Zapdos","|-heal|p2a: Zapdos|274/384","|move|p1a: Vespiquen|Infestation|p2a: Zapdos","|-damage|p2a: Zapdos|258/384","|","|-heal|p2a: Zapdos|282/384|[from] item: Leftovers","|-damage|p2a: Zapdos|234/384|[from] move: Infestation|[partiallytrapped]","|-end|p1a: Vespiquen|move: Taunt","|turn|19","|","|move|p2a: Zapdos|Roost|p2a: Zapdos","|-heal|p2a: Zapdos|384/384","|move|p1a: Vespiquen|Roost|p1a: Vespiquen","|-heal|p1a: Vespiquen|286/343","|","|-damage|p2a: Zapdos|336/384|[from] move: Infestation|[partiallytrapped]","|turn|20","|","|move|p2a: Zapdos|Thunderbolt|p1a: Vespiquen","|-supereffective|p1a: Vespiquen","|-damage|p1a: Vespiquen|100/343","|move|p1a: Vespiquen|Defend Order|p1a: Vespiquen","|-boost|p1a: Vespiquen|def|1","|-boost|p1a: Vespiquen|spd|1","|","|-heal|p2a: Zapdos|360/384|[from] item: Leftovers","|-damage|p2a: Zapdos|312/384|[from] move: Infestation|[partiallytrapped]","|turn|21","|","|move|p2a: Zapdos|Thunderbolt|p1a: Vespiquen","|-supereffective|p1a: Vespiquen","|-damage|p1a: Vespiquen|0 fnt","|faint|p1a: Vespiquen","|","|-heal|p2a: Zapdos|336/384|[from] item: Leftovers","|-end|p2a: Zapdos|Infestation|[partiallytrapped]","|","|switch|p1a: Durant|Durant, F|257/257","|-damage|p1a: Durant|225/257|[from] Stealth Rock","|turn|22","|","|move|p1a: Durant|Iron Head|p2a: Zapdos","|-resisted|p2a: Zapdos","|-damage|p2a: Zapdos|266/384","|move|p2a: Zapdos|Heat Wave|p1a: Durant","|-supereffective|p1a: Durant","|-damage|p1a: Durant|0 fnt","|faint|p1a: Durant","|","|win|goast$ - ⓒⓞⓓ"],"p1rating":{"entryid":"386","serverid":"eos","formatid":"monotype","userid":"lightofaknowing","username":"LightOfAKnowing","w":"24","l":36,"t":"0","gxe":42.5,"r":"1416.9477002435","rd":"51.599175927199","sigma":"0","rptime":"1440406800","rpr":1442.5598181198,"rprd":46.591571183096,"rpsigma":"0","acre":1109.7016549757,"lacre":1109.7016549757,"oldacre":"1144.5410124965"},"p2rating":{"entryid":413081,"formatid":"monotype","userid":"goast","username":"goast$ - ⓒⓞⓓ","r":1500,"rd":130,"sigma":0,"rpr":1532.6689439846,"rprd":122.34612692967,"rpsigma":0,"rptime":1440406800,"w":1,"l":0,"t":0,"gxe":54.1,"acre":1055.7429720332,"lacre":1055.7429720332,"oldacre":1000},"endType":"normal"}