{"seed":[52094,14837,8594,18043],"turns":21,"p1":"Guard Wanderer","p2":"Cryѕtаl Rain","p1team":[{"name":"Kecleon","species":"Kecleon","item":"custapberry","ability":"Protean","moves":["ancientpower","flamethrower","shadowball","nastyplot"],"nature":"Modest","evs":{"hp":248,"atk":0,"def":0,"spa":252,"spd":8,"spe":0},"ivs":{"hp":31,"atk":31,"def":31,"spa":31,"spd":31,"spe":31}},{"name":"Stoutland","species":"Stoutland","item":"choiceband","ability":"Sand Rush","moves":["playrough","crunch","return","icefang"],"nature":"Adamant","evs":{"hp":0,"atk":252,"def":0,"spa":0,"spd":4,"spe":252},"shiny":true,"ivs":{"hp":31,"atk":31,"def":31,"spa":31,"spd":31,"spe":31}},{"name":"Diggersby","species":"Diggersby","item":"assaultvest","ability":"Huge Power","moves":["earthquake","return","quickattack","smackdown"],"nature":"Adamant","evs":{"hp":248,"atk":252,"def":0,"spa":0,"spd":0,"spe":8},"ivs":{"hp":31,"atk":31,"def":31,"spa":31,"spd":31,"spe":31}},{"name":"Heliolisk","species":"Heliolisk","item":"brightpowder","ability":"Sand Veil","moves":["sandstorm","voltswitch","glare","surf"],"nature":"Timid","evs":{"hp":0,"atk":0,"def":0,"spa":252,"spd":4,"spe":252},"ivs":{"hp":31,"atk":31,"def":31,"spa":31,"spd":31,"spe":31}},{"name":"Chansey","species":"Chansey","item":"eviolite","ability":"Natural Cure","moves":["sandstorm","healbell","seismictoss","wish"],"nature":"Bold","evs":{"hp":248,"atk":0,"def":252,"spa":0,"spd":8,"spe":0},"ivs":{"hp":31,"atk":31,"def":31,"spa":31,"spd":31,"spe":31}},{"name":"Lickilicky","species":"Lickilicky","item":"lumberry","ability":"Oblivious","moves":["sandstorm","wish","bodyslam","knockoff"],"nature":"Careful","evs":{"hp":248,"atk":8,"def":0,"spa":0,"spd":252,"spe":0},"ivs":{"hp":31,"atk":31,"def":31,"spa":31,"spd":31,"spe":31}}],"p2team":[{"name":"Torkoal","species":"Torkoal","item":"leftovers","ability":"Shell Armor","moves":["stealthrock","rapidspin","yawn","lavaplume"],"nature":"Bold","evs":{"hp":252,"atk":0,"def":252,"spa":0,"spd":4,"spe":0},"ivs":{"hp":31,"atk":0,"def":31,"spa":31,"spd":31,"spe":31}},{"name":"Entei","species":"Entei","item":"choiceband","ability":"Pressure","moves":["sacredfire","extremespeed","stoneedge","bulldoze"],"nature":"Adamant","evs":{"hp":0,"atk":252,"def":0,"spa":0,"spd":4,"spe":252},"shiny":true,"ivs":{"hp":31,"atk":31,"def":31,"spa":31,"spd":31,"spe":31}},{"name":"Charizard","species":"Charizard","item":"charizarditey","ability":"Blaze","moves":["flamethrower","airslash","solarbeam","focusblast"],"nature":"Timid","evs":{"hp":0,"atk":0,"def":0,"spa":252,"spd":4,"spe":252},"ivs":{"hp":31,"atk":0,"def":31,"spa":31,"spd":31,"spe":31},"shiny":true},{"name":"Victini","species":"Victini","item":"choicescarf","ability":"Victory Star","moves":["boltstrike","vcreate","uturn","zenheadbutt"],"nature":"Jolly","evs":{"hp":0,"atk":252,"def":0,"spa":0,"spd":4,"spe":252},"ivs":{"hp":31,"atk":31,"def":31,"spa":31,"spd":31,"spe":31}},{"name":"Heatran","species":"Heatran","item":"airballoon","ability":"Flash Fire","moves":["lavaplume","earthpower","willowisp","flashcannon"],"nature":"Calm","evs":{"hp":248,"atk":0,"def":0,"spa":8,"spd":252,"spe":0},"ivs":{"hp":31,"atk":0,"def":31,"spa":31,"spd":31,"spe":31}},{"name":"Infernape","species":"Infernape","item":"focussash","ability":"Iron Fist","moves":["closecombat","stealthrock","fakeout","firepunch"],"nature":"Jolly","evs":{"hp":0,"atk":252,"def":0,"spa":0,"spd":4,"spe":252},"ivs":{"hp":31,"atk":31,"def":31,"spa":31,"spd":31,"spe":31}}],"log":["|player|p1|Guard Wanderer|235","|player|p2|Cryѕtаl Rain|crystalraichu.png","|gametype|singles","|gen|6","|tier|Monotype","|rated","|rule|Baton Pass Clause: Limit one Baton Passer, can't pass Spe and other stats simultaneously","|rule|Swagger Clause: Swagger is banned","|rule|Same Type Clause: Pokémon in a team must share a type","|clearpoke","|poke|p1|Kecleon, F","|poke|p1|Stoutland, F, shiny","|poke|p1|Diggersby, M","|poke|p1|Heliolisk, M","|poke|p1|Chansey, F","|poke|p1|Lickilicky, M","|poke|p2|Torkoal, M","|poke|p2|Entei, shiny","|poke|p2|Charizard, M, shiny","|poke|p2|Victini","|poke|p2|Heatran, F","|poke|p2|Infernape, F","|rule|Sleep Clause Mod: Limit one foe put to sleep","|rule|Species Clause: Limit one of each Pokémon","|rule|OHKO Clause: OHKO moves are banned","|rule|Moody Clause: Moody is banned","|rule|Evasion Moves Clause: Evasion moves are banned","|rule|Endless Battle Clause: Forcing endless battles is banned","|rule|HP Percentage Mod: HP is shown in percentages","|teampreview","|","|start","|switch|p1a: Lickilicky|Lickilicky, M|423/423","|switch|p2a: Infernape|Infernape, F|293/293","|turn|1","|","|move|p2a: Infernape|Fake Out|p1a: Lickilicky","|-damage|p1a: Lickilicky|383/423","|cant|p1a: Lickilicky|flinch","|","|turn|2","|","|move|p2a: Infernape|Close Combat|p1a: Lickilicky","|-supereffective|p1a: Lickilicky","|-damage|p1a: Lickilicky|21/423","|-unboost|p2a: Infernape|def|1","|-unboost|p2a: Infernape|spd|1","|move|p1a: Lickilicky|Sandstorm|p1a: Lickilicky","|-weather|Sandstorm","|","|-weather|Sandstorm|[upkeep]","|-damage|p2a: Infernape|275/293|[from] sandstorm","|-damage|p1a: Lickilicky|0 fnt|[from] sandstorm","|faint|p1a: Lickilicky","|","|switch|p1a: Stoutland|Stoutland, F, shiny|311/311","|turn|3","|","|move|p1a: Stoutland|Return|p2a: Infernape","|-damage|p2a: Infernape|0 fnt","|faint|p2a: Infernape","|","|-weather|Sandstorm|[upkeep]","|","|switch|p2a: Torkoal|Torkoal, M|344/344","|turn|4","|","|move|p1a: Stoutland|Return|p2a: Torkoal","|-damage|p2a: Torkoal|188/344","|move|p2a: Torkoal|Yawn|p1a: Stoutland","|-start|p1a: Stoutland|move: Yawn|[of] p2a: Torkoal","|","|-weather|Sandstorm|[upkeep]","|-damage|p2a: Torkoal|167/344|[from] sandstorm","|-heal|p2a: Torkoal|188/344|[from] item: Leftovers","|turn|5","|","|switch|p1a: Heliolisk|Heliolisk, M|265/265","|move|p2a: Torkoal|Stealth Rock|p1a: Heliolisk","|-sidestart|p1: Guard Wanderer|move: Stealth Rock","|","|-weather|Sandstorm|[upkeep]","|-damage|p2a: Torkoal|167/344|[from] sandstorm","|-heal|p2a: Torkoal|188/344|[from] item: Leftovers","|turn|6","|","|move|p1a: Heliolisk|Surf|p2a: Torkoal","|-supereffective|p2a: Torkoal","|-damage|p2a: Torkoal|0 fnt","|faint|p2a: Torkoal","|","|-weather|none","|","|switch|p2a: Charizard|Charizard, M, shiny|297/297","|turn|7","|","|switch|p2a: Heatran|Heatran, F|385/385","|-item|p2a: Heatran|Air Balloon","|move|p1a: Heliolisk|Sandstorm|p1a: Heliolisk","|-weather|Sandstorm","|","|-weather|Sandstorm|[upkeep]","|turn|8","|","|move|p1a: Heliolisk|Volt Switch|p2a: Heatran","|-damage|p2a: Heatran|310/385","|-enditem|p2a: Heatran|Air Balloon","|","|switch|p1a: Chansey|Chansey, F|703/703","|-damage|p1a: Chansey|616/703|[from] Stealth Rock","|move|p2a: Heatran|Earth Power|p1a: Chansey","|-damage|p1a: Chansey|559/703","|","|-weather|Sandstorm|[upkeep]","|-damage|p1a: Chansey|516/703|[from] sandstorm","|turn|9","|","|move|p2a: Heatran|Lava Plume|p1a: Chansey","|-damage|p1a: Chansey|440/703","|-status|p1a: Chansey|brn","|move|p1a: Chansey|Wish|p1a: Chansey","|","|-weather|Sandstorm|[upkeep]","|-damage|p1a: Chansey|397/703 brn|[from] sandstorm","|-damage|p1a: Chansey|310/703 brn|[from] brn","|turn|10","|","|switch|p2a: Charizard|Charizard, M, shiny|297/297","|move|p1a: Chansey|Heal Bell|p1a: Chansey","|-cureteam|p1a: Chansey|[from] move: HealBell","|","|-weather|Sandstorm|[upkeep]","|-damage|p2a: Charizard|279/297|[from] sandstorm","|-damage|p1a: Chansey|267/703|[from] sandstorm","|-heal|p1a: Chansey|618/703|[from] move: Wish|[wisher] Chansey","|turn|11","|","|detailschange|p2a: Charizard|Charizard-Mega-Y, M, shiny","|-mega|p2a: Charizard|Charizard|Charizardite Y","|-weather|SunnyDay","|move|p2a: Charizard|Focus Blast|p1a: Chansey","|-supereffective|p1a: Chansey","|-damage|p1a: Chansey|404/703","|move|p1a: Chansey|Sandstorm|p1a: Chansey","|-weather|Sandstorm","|","|-weather|Sandstorm|[upkeep]","|-damage|p2a: Charizard|261/297|[from] sandstorm","|-damage|p1a: Chansey|361/703|[from] sandstorm","|turn|12","|","|switch|p2a: Entei|Entei, shiny|371/371","|-ability|p2a: Entei|Pressure","|switch|p1a: Kecleon|Kecleon, F|323/323","|-damage|p1a: Kecleon|283/323|[from] Stealth Rock","|","|-weather|Sandstorm|[upkeep]","|-damage|p2a: Entei|348/371|[from] sandstorm","|-damage|p1a: Kecleon|263/323|[from] sandstorm","|turn|13","|","|move|p2a: Entei|Sacred Fire|p1a: Kecleon","|-damage|p1a: Kecleon|0 fnt","|faint|p1a: Kecleon","|","|-weather|Sandstorm|[upkeep]","|-damage|p2a: Entei|325/371|[from] sandstorm","|","|switch|p1a: Stoutland|Stoutland, F, shiny|311/311","|-damage|p1a: Stoutland|273/311|[from] Stealth Rock","|turn|14","|","|switch|p2a: Heatran|Heatran, F|310/385","|move|p1a: Stoutland|Return|p2a: Heatran","|-resisted|p2a: Heatran","|-damage|p2a: Heatran|184/385","|","|-weather|Sandstorm|[upkeep]","|turn|15","|","|move|p1a: Stoutland|Return|p2a: Heatran","|-resisted|p2a: Heatran","|-damage|p2a: Heatran|57/385","|move|p2a: Heatran|Will-O-Wisp|p1a: Stoutland","|-status|p1a: Stoutland|brn","|","|-weather|none","|-damage|p1a: Stoutland|235/311 brn|[from] brn","|turn|16","|","|move|p1a: Stoutland|Return|p2a: Heatran","|-resisted|p2a: Heatran","|-damage|p2a: Heatran|0 fnt","|faint|p2a: Heatran","|","|-damage|p1a: Stoutland|197/311 brn|[from] brn","|","|switch|p2a: Charizard|Charizard-Mega-Y, M, shiny|261/297","|-weather|SunnyDay","|turn|17","|","|move|p2a: Charizard|Flamethrower|p1a: Stoutland","|-damage|p1a: Stoutland|0 fnt","|faint|p1a: Stoutland","|","|-weather|SunnyDay|[upkeep]","|","|switch|p1a: Chansey|Chansey, F|361/703","|-damage|p1a: Chansey|274/703|[from] Stealth Rock","|turn|18","|","|move|p2a: Charizard|Flamethrower|p1a: Chansey","|-damage|p1a: Chansey|111/703","|move|p1a: Chansey|Sandstorm|p1a: Chansey","|-weather|Sandstorm","|","|-weather|Sandstorm|[upkeep]","|-damage|p2a: Charizard|243/297|[from] sandstorm","|-damage|p1a: Chansey|68/703|[from] sandstorm","|turn|19","|","|switch|p1a: Heliolisk|Heliolisk, M|265/265","|-damage|p1a: Heliolisk|232/265|[from] Stealth Rock","|move|p2a: Charizard|Flamethrower|p1a: Heliolisk","|-crit|p1a: Heliolisk","|-damage|p1a: Heliolisk|0 fnt","|faint|p1a: Heliolisk","|","|-weather|Sandstorm|[upkeep]","|-damage|p2a: Charizard|225/297|[from] sandstorm","|","|switch|p1a: Diggersby|Diggersby, M|373/373","|-damage|p1a: Diggersby|350/373|[from] Stealth Rock","|turn|20","|","|move|p2a: Charizard|Flamethrower|p1a: Diggersby","|-damage|p1a: Diggersby|185/373","|move|p1a: Diggersby|Smack Down|p2a: Charizard","|-supereffective|p2a: Charizard","|-damage|p2a: Charizard|0 fnt","|faint|p2a: Charizard","|","|-weather|Sandstorm|[upkeep]","|","|switch|p2a: Entei|Entei, shiny|325/371","|-ability|p2a: Entei|Pressure","|turn|21","|","|move|p2a: Entei|Sacred Fire|p1a: Diggersby","|-damage|p1a: Diggersby|0 fnt","|faint|p1a: Diggersby","|","|-weather|Sandstorm|[upkeep]","|-damage|p2a: Entei|302/371|[from] sandstorm","|","|switch|p1a: Chansey|Chansey, F|68/703","|-damage|p1a: Chansey|0 fnt|[from] Stealth Rock","|faint|p1a: Chansey","|","|win|Cryѕtаl Rain"],"p1rating":{"entryid":"9966","serverid":"eos","formatid":"monotype","userid":"guardwanderer","username":"Guard Wanderer","w":"20","l":34,"t":"0","gxe":38.9,"r":"1460.2300294704","rd":"51.851987647183","sigma":"0","rptime":"1440406800","rpr":1414.4504729385,"rprd":47.466451841347,"rpsigma":"0","acre":1000,"lacre":1000,"oldacre":"1000.5760928829"},"p2rating":{"entryid":"372740","serverid":"eos","formatid":"monotype","userid":"crytlrain","username":"Cryѕtаl Rain","w":9,"l":"2","t":"0","gxe":64.7,"r":"1528.1162292296","rd":"98.62203470296","sigma":"0","rptime":"1440406800","rpr":1617.3976168004,"rprd":84.885738582238,"rpsigma":"0","acre":1217.8548070043,"lacre":1217.8548070043,"oldacre":"1206.1315925479"},"endType":"normal"}