{"seed":[63637,48002,24465,41273],"turns":26,"p1":"alliance - ed wins","p2":"SWL Jyph","p1team":[{"name":"Diancie","species":"Diancie","item":"leftovers","ability":"Clear Body","moves":["stealthrock","trickroom","diamondstorm","explosion"],"nature":"Brave","evs":{"hp":248,"atk":252,"def":8,"spa":0,"spd":0,"spe":0},"ivs":{"hp":31,"atk":31,"def":31,"spa":31,"spd":31,"spe":0}},{"name":"Sylveon","species":"Sylveon","item":"choicespecs","ability":"Pixilate","moves":["hypervoice","hiddenpowerfire","psyshock","shadowball"],"nature":"Quiet","evs":{"hp":248,"atk":0,"def":8,"spa":252,"spd":0,"spe":0},"gender":"M","ivs":{"hp":31,"atk":0,"def":31,"spa":30,"spd":31,"spe":0}},{"name":"Azumarill","species":"Azumarill","item":"lifeorb","ability":"Huge Power","moves":["playrough","waterfall","superpower","aquajet"],"nature":"Brave","evs":{"hp":248,"atk":252,"def":0,"spa":0,"spd":8,"spe":0},"gender":"M","ivs":{"hp":31,"atk":31,"def":31,"spa":31,"spd":31,"spe":0}},{"name":"Gardevoir","species":"Gardevoir","item":"gardevoirite","ability":"Trace","moves":["hypervoice","focusblast","trickroom","healingwish"],"nature":"Quiet","evs":{"hp":248,"atk":0,"def":8,"spa":252,"spd":0,"spe":0},"gender":"M","ivs":{"hp":31,"atk":0,"def":31,"spa":31,"spd":31,"spe":0},"shiny":true},{"name":"Klefki","species":"Klefki","item":"lightclay","ability":"Prankster","moves":["reflect","lightscreen","foulplay","spikes"],"nature":"Bold","evs":{"hp":248,"atk":0,"def":252,"spa":0,"spd":8,"spe":0},"ivs":{"hp":31,"atk":0,"def":31,"spa":31,"spd":31,"spe":31}},{"name":"Togekiss","species":"Togekiss","item":"choicescarf","ability":"Serene Grace","moves":["airslash","fireblast","dazzlinggleam","trick"],"nature":"Timid","evs":{"hp":0,"atk":0,"def":0,"spa":252,"spd":4,"spe":252},"ivs":{"hp":31,"atk":0,"def":31,"spa":31,"spd":31,"spe":31}}],"p2team":[{"name":"Sharpedo","species":"Sharpedo","item":"sharpedonite","ability":"Speed Boost","moves":["protect","waterfall","icefang","crunch"],"nature":"Adamant","evs":{"hp":0,"atk":252,"def":0,"spa":0,"spd":4,"spe":252},"ivs":{"hp":31,"atk":31,"def":31,"spa":31,"spd":31,"spe":31}},{"name":"Gyarados","species":"Gyarados","item":"leftovers","ability":"Intimidate","moves":["substitute","dragondance","waterfall","bounce"],"nature":"Jolly","evs":{"hp":80,"atk":252,"def":0,"spa":0,"spd":0,"spe":176},"ivs":{"hp":31,"atk":31,"def":31,"spa":31,"spd":31,"spe":31}},{"name":"Swampert","species":"Swampert","item":"leftovers","ability":"Torrent","moves":["stealthrock","toxic","roar","earthquake"],"nature":"Impish","evs":{"hp":252,"atk":4,"def":252,"spa":0,"spd":0,"spe":0},"ivs":{"hp":31,"atk":31,"def":31,"spa":31,"spd":31,"spe":31}},{"name":"Lanturn","species":"Lanturn","item":"leftovers","ability":"Volt Absorb","moves":["healbell","voltswitch","scald","toxic"],"nature":"Calm","evs":{"hp":252,"atk":0,"def":0,"spa":4,"spd":252,"spe":0},"ivs":{"hp":31,"atk":31,"def":31,"spa":31,"spd":31,"spe":31}},{"name":"Keldeo","species":"Keldeo","item":"leftovers","ability":"Justified","moves":["substitute","calmmind","scald","secretsword"],"nature":"Timid","evs":{"hp":0,"atk":0,"def":4,"spa":252,"spd":0,"spe":252},"ivs":{"hp":31,"atk":31,"def":31,"spa":31,"spd":31,"spe":31}},{"name":"Empoleon","species":"Empoleon","item":"choicespecs","ability":"Torrent","moves":["hydropump","grassknot","flashcannon","icebeam"],"nature":"Modest","evs":{"hp":248,"atk":0,"def":0,"spa":252,"spd":8,"spe":0},"ivs":{"hp":31,"atk":31,"def":31,"spa":31,"spd":31,"spe":31}}],"log":["|player|p1|alliance - ed wins|allianceedwins.png","|player|p2|SWL Jyph|swljyph.png","|gametype|singles","|gen|6","|tier|Monotype","|rated","|rule|Baton Pass Clause: Limit one Baton Passer, can't pass Spe and other stats simultaneously","|rule|Swagger Clause: Swagger is banned","|rule|Same Type Clause: Pokémon in a team must share a type","|clearpoke","|poke|p1|Diancie","|poke|p1|Sylveon, M","|poke|p1|Azumarill, M","|poke|p1|Gardevoir, M, shiny","|poke|p1|Klefki, M","|poke|p1|Togekiss, M","|poke|p2|Sharpedo, M","|poke|p2|Gyarados, F","|poke|p2|Swampert, F","|poke|p2|Lanturn, F","|poke|p2|Keldeo","|poke|p2|Empoleon, F","|rule|Sleep Clause Mod: Limit one foe put to sleep","|rule|Species Clause: Limit one of each Pokémon","|rule|OHKO Clause: OHKO moves are banned","|rule|Moody Clause: Moody is banned","|rule|Evasion Moves Clause: Evasion moves are banned","|rule|Endless Battle Clause: Forcing endless battles is banned","|rule|HP Percentage Mod: HP is shown in percentages","|teampreview","|","|start","|switch|p1a: Togekiss|Togekiss, M|311/311","|switch|p2a: Empoleon|Empoleon, F|371/371","|turn|1","|","|move|p1a: Togekiss|Trick|p2a: Empoleon","|-activate|p1a: Togekiss|move: Trick|[of] p2a: Empoleon","|-item|p2a: Empoleon|Choice Scarf|[from] move: Trick","|-item|p1a: Togekiss|Choice Specs|[from] move: Trick","|move|p2a: Empoleon|Flash Cannon|p1a: Togekiss","|-supereffective|p1a: Togekiss","|-damage|p1a: Togekiss|69/311","|","|turn|2","|","|switch|p1a: Klefki|Klefki, M|317/317","|move|p2a: Empoleon|Flash Cannon|p1a: Klefki","|-damage|p1a: Klefki|157/317","|-unboost|p1a: Klefki|spd|1","|","|turn|3","|","|switch|p2a: Lanturn|Lanturn, F|454/454","|move|p1a: Klefki|Light Screen|p1a: Klefki","|-sidestart|p1: alliance - ed wins|move: Light Screen","|","|turn|4","|","|switch|p1a: Gardevoir|Gardevoir, M, shiny|339/339","|-ability|p1a: Gardevoir|Volt Absorb|[from] ability: Trace|[of] p2a: Lanturn","|move|p2a: Lanturn|Scald|p1a: Gardevoir","|-damage|p1a: Gardevoir|306/339","|","|turn|5","|","|move|p2a: Lanturn|Toxic|p1a: Gardevoir","|-status|p1a: Gardevoir|tox","|move|p1a: Gardevoir|Trick Room|p1a: Gardevoir","|-fieldstart|move: Trick Room|[of] p1a: Gardevoir","|","|-damage|p1a: Gardevoir|285/339 tox|[from] psn","|turn|6","|","|detailschange|p1a: Gardevoir|Gardevoir-Mega, M, shiny","|-mega|p1a: Gardevoir|Gardevoir|Gardevoirite","|move|p1a: Gardevoir|Hyper Voice|p2a: Lanturn","|-damage|p2a: Lanturn|232/454","|move|p2a: Lanturn|Scald|p1a: Gardevoir","|-damage|p1a: Gardevoir|255/339 tox","|","|-heal|p2a: Lanturn|260/454|[from] item: Leftovers","|-damage|p1a: Gardevoir|213/339 tox|[from] psn","|turn|7","|","|move|p2a: Lanturn|Scald|p1a: Gardevoir","|-damage|p1a: Gardevoir|182/339 tox","|move|p1a: Gardevoir|Focus Blast|p2a: Lanturn","|-damage|p2a: Lanturn|104/454","|","|-heal|p2a: Lanturn|132/454|[from] item: Leftovers","|-damage|p1a: Gardevoir|119/339 tox|[from] psn","|turn|8","|","|switch|p1a: Sylveon|Sylveon, M|393/393","|move|p2a: Lanturn|Scald|p1a: Sylveon","|-damage|p1a: Sylveon|363/393","|","|-heal|p2a: Lanturn|160/454|[from] item: Leftovers","|turn|9","|","|move|p1a: Sylveon|Hyper Voice|p2a: Lanturn","|-damage|p2a: Lanturn|0 fnt","|faint|p2a: Lanturn","|","|-fieldend|move: Trick Room","|","|switch|p2a: Empoleon|Empoleon, F|371/371","|turn|10","|","|switch|p1a: Azumarill|Azumarill, M|403/403","|move|p2a: Empoleon|Flash Cannon|p1a: Azumarill","|-damage|p1a: Azumarill|327/403","|","|-sideend|p1: alliance - ed wins|move: Light Screen","|turn|11","|","|switch|p2a: Gyarados|Gyarados, F|351/351","|-ability|p2a: Gyarados|Intimidate","|-unboost|p1a: Azumarill|atk|1","|move|p1a: Azumarill|Superpower|p2a: Gyarados","|-resisted|p2a: Gyarados","|-damage|p2a: Gyarados|265/351","|-unboost|p1a: Azumarill|atk|1","|-unboost|p1a: Azumarill|def|1","|-damage|p1a: Azumarill|287/403|[from] item: Life Orb","|","|-heal|p2a: Gyarados|286/351|[from] item: Leftovers","|turn|12","|","|switch|p1a: Sylveon|Sylveon, M|363/393","|move|p2a: Gyarados|Substitute|p2a: Gyarados","|-start|p2a: Gyarados|Substitute","|-damage|p2a: Gyarados|199/351","|","|-heal|p2a: Gyarados|220/351|[from] item: Leftovers","|turn|13","|","|move|p2a: Gyarados|Waterfall|p1a: Sylveon","|-damage|p1a: Sylveon|167/393","|cant|p1a: Sylveon|flinch","|","|-heal|p2a: Gyarados|241/351|[from] item: Leftovers","|turn|14","|","|switch|p1a: Klefki|Klefki, M|157/317","|move|p2a: Gyarados|Waterfall|p1a: Klefki","|-damage|p1a: Klefki|52/317","|","|-heal|p2a: Gyarados|262/351|[from] item: Leftovers","|turn|15","|","|move|p1a: Klefki|Reflect|p1a: Klefki","|-sidestart|p1: alliance - ed wins|Reflect","|move|p2a: Gyarados|Dragon Dance|p2a: Gyarados","|-boost|p2a: Gyarados|atk|1","|-boost|p2a: Gyarados|spe|1","|","|-heal|p2a: Gyarados|283/351|[from] item: Leftovers","|turn|16","|","|switch|p1a: Diancie|Diancie|303/303","|move|p2a: Gyarados|Waterfall|p1a: Diancie","|-supereffective|p1a: Diancie","|-damage|p1a: Diancie|158/303","|","|-heal|p2a: Gyarados|304/351|[from] item: Leftovers","|-heal|p1a: Diancie|176/303|[from] item: Leftovers","|turn|17","|","|move|p2a: Gyarados|Dragon Dance|p2a: Gyarados","|-boost|p2a: Gyarados|atk|1","|-boost|p2a: Gyarados|spe|1","|move|p1a: Diancie|Trick Room|p1a: Diancie","|-fieldstart|move: Trick Room|[of] p1a: Diancie","|","|-heal|p1a: Diancie|194/303|[from] item: Leftovers","|-heal|p2a: Gyarados|325/351|[from] item: Leftovers","|turn|18","|","|move|p1a: Diancie|Diamond Storm|p2a: Gyarados","|-miss|p1a: Diancie|p2a: Gyarados","|move|p2a: Gyarados|Waterfall|p1a: Diancie","|-supereffective|p1a: Diancie","|-damage|p1a: Diancie|14/303","|","|-heal|p1a: Diancie|32/303|[from] item: Leftovers","|-heal|p2a: Gyarados|346/351|[from] item: Leftovers","|turn|19","|","|move|p1a: Diancie|Diamond Storm|p2a: Gyarados","|-supereffective|p2a: Gyarados","|-end|p2a: Gyarados|Substitute","|move|p2a: Gyarados|Waterfall|p1a: Diancie","|-supereffective|p1a: Diancie","|-damage|p1a: Diancie|0 fnt","|faint|p1a: Diancie","|","|-heal|p2a: Gyarados|351/351|[from] item: Leftovers","|","|switch|p1a: Azumarill|Azumarill, M|287/403","|turn|20","|","|move|p1a: Azumarill|Play Rough|p2a: Gyarados","|-damage|p2a: Gyarados|39/351","|-damage|p1a: Azumarill|247/403|[from] item: Life Orb","|move|p2a: Gyarados|Bounce|p1a: Azumarill|[still]","|-prepare|p2a: Gyarados|Bounce|p1a: Azumarill","|","|-heal|p2a: Gyarados|60/351|[from] item: Leftovers","|turn|21","|","|switch|p1a: Togekiss|Togekiss, M|69/311","|move|p2a: Gyarados|Bounce|p1a: Togekiss|[from]lockedmove","|-damage|p1a: Togekiss|0 fnt","|faint|p1a: Togekiss","|","|-heal|p2a: Gyarados|81/351|[from] item: Leftovers","|-fieldend|move: Trick Room","|","|switch|p1a: Azumarill|Azumarill, M|247/403","|turn|22","|","|switch|p1a: Klefki|Klefki, M|52/317","|move|p2a: Gyarados|Bounce|p1a: Klefki|[still]","|-prepare|p2a: Gyarados|Bounce|p1a: Klefki","|","|-heal|p2a: Gyarados|102/351|[from] item: Leftovers","|-sideend|p1: alliance - ed wins|Reflect","|turn|23","|","|move|p1a: Klefki|Reflect|p1a: Klefki","|-sidestart|p1: alliance - ed wins|Reflect","|move|p2a: Gyarados|Bounce|p1a: Klefki|[from]lockedmove","|-resisted|p1a: Klefki","|-damage|p1a: Klefki|0 fnt","|faint|p1a: Klefki","|","|-heal|p2a: Gyarados|123/351|[from] item: Leftovers","|","|switch|p1a: Azumarill|Azumarill, M|247/403","|turn|24","|","|move|p2a: Gyarados|Bounce|p1a: Azumarill|[still]","|-prepare|p2a: Gyarados|Bounce|p1a: Azumarill","|move|p1a: Azumarill|Play Rough|p2a: Gyarados|[miss]","|-miss|p1a: Azumarill|p2a: Gyarados","|","|-heal|p2a: Gyarados|144/351|[from] item: Leftovers","|turn|25","|","|move|p2a: Gyarados|Bounce|p1a: Azumarill|[from]lockedmove","|-damage|p1a: Azumarill|55/403","|move|p1a: Azumarill|Play Rough|p2a: Gyarados","|-damage|p2a: Gyarados|0 fnt","|-damage|p1a: Azumarill|15/403|[from] item: Life Orb","|faint|p2a: Gyarados","|","|","|switch|p2a: Empoleon|Empoleon, F|371/371","|turn|26","|","|win|SWL Jyph"],"p1rating":{"entryid":"173044","serverid":"eos","formatid":"monotype","userid":"allianceedwins","username":"alliance - ed wins","w":"8","l":2,"t":"0","gxe":66.3,"r":"1557.0610615","rd":"123.89526123233","sigma":"0","rptime":"1440406800","rpr":1631.6193641918,"rprd":88.031145786178,"rpsigma":"0","acre":1188.7735032976,"lacre":1188.7735032976,"oldacre":"1217.8012507528"},"p2rating":{"entryid":"10848","serverid":"eos","formatid":"monotype","userid":"swljyph","username":"SWL Jyph","w":11,"l":"6","t":"0","gxe":61.9,"r":"1562.4638760459","rd":"85.873762312218","sigma":"0","rptime":"1440406800","rpr":1592.9877604431,"rprd":74.695046052267,"rpsigma":"0","acre":1190.3616953168,"lacre":1190.3616953168,"oldacre":"1161.3339478616"},"endType":"forfeit"}