{"seed":[6677,59239,17996,63313],"turns":26,"p1":"Union Wevrm","p2":"OleBoyRoy","p1team":[{"name":"Flygon","species":"Flygon","item":"choiceband","ability":"Levitate","moves":["earthquake","stoneedge","outrage","superpower"],"nature":"Jolly","evs":{"hp":0,"atk":252,"def":0,"spa":0,"spd":4,"spe":252},"ivs":{"hp":31,"atk":31,"def":31,"spa":31,"spd":31,"spe":31}},{"name":"Zygarde","species":"Zygarde","item":"leftovers","ability":"Aura Break","moves":["dragondance","extremespeed","rockslide","substitute"],"nature":"Adamant","evs":{"hp":0,"atk":252,"def":0,"spa":0,"spd":4,"spe":252},"ivs":{"hp":31,"atk":31,"def":31,"spa":31,"spd":31,"spe":31}},{"name":"Latios","species":"Latios","item":"latiosite","ability":"Levitate","moves":["dracometeor","psychic","thunderbolt","dragonpulse"],"nature":"Timid","evs":{"hp":0,"atk":0,"def":0,"spa":252,"spd":4,"spe":252},"ivs":{"hp":31,"atk":31,"def":31,"spa":31,"spd":31,"spe":31}},{"name":"Noivern","species":"Noivern","item":"choicespecs","ability":"Frisk","moves":["airslash","boomburst","dracometeor","flamethrower"],"nature":"Timid","evs":{"hp":0,"atk":0,"def":0,"spa":252,"spd":4,"spe":252},"ivs":{"hp":31,"atk":31,"def":31,"spa":31,"spd":31,"spe":31}},{"name":"Kingdra","species":"Kingdra","item":"leftovers","ability":"Sniper","moves":["dragondance","outrage","bounce","waterfall"],"nature":"Adamant","evs":{"hp":0,"atk":0,"def":0,"spa":0,"spd":4,"spe":252},"ivs":{"hp":31,"atk":31,"def":31,"spa":31,"spd":31,"spe":31}},{"name":"Hydreigon","species":"Hydreigon","item":"lifeorb","ability":"Levitate","moves":["crunch","dragonrush","flamethrower","steelwing"],"nature":"Hasty","evs":{"hp":0,"atk":252,"def":0,"spa":4,"spd":0,"spe":252},"ivs":{"hp":31,"atk":31,"def":31,"spa":31,"spd":31,"spe":31}}],"p2team":[{"name":"Cradily","species":"Cradily","item":"leftovers","ability":"Storm Drain","moves":["toxic","recover","stealthrock","gigadrain"],"nature":"Modest","evs":{"hp":252,"atk":0,"def":0,"spa":4,"spd":252,"spe":0},"ivs":{"hp":31,"atk":31,"def":31,"spa":31,"spd":31,"spe":31}},{"name":"Aggron","species":"Aggron","item":"aggronite","ability":"Rock Head","moves":["stealthrock","roar","heavyslam","earthquake"],"nature":"Adamant","evs":{"hp":240,"atk":252,"def":0,"spa":0,"spd":16,"spe":0},"ivs":{"hp":31,"atk":31,"def":31,"spa":31,"spd":31,"spe":31}},{"name":"Omastar","species":"Omastar","item":"focussash","ability":"Shell Armor","moves":["blizzard","scald","shellsmash","earthpower"],"nature":"Modest","evs":{"hp":4,"atk":0,"def":0,"spa":252,"spd":0,"spe":252},"ivs":{"hp":31,"atk":31,"def":31,"spa":31,"spd":31,"spe":31}},{"name":"Shuckle","species":"Shuckle","item":"leftovers","ability":"Contrary","moves":["shellsmash","substitute","protect","infestation"],"nature":"Bold","evs":{"hp":0,"atk":0,"def":252,"spa":4,"spd":252,"spe":0},"ivs":{"hp":31,"atk":31,"def":31,"spa":31,"spd":31,"spe":31}},{"name":"Tyrantrum","species":"Tyrantrum","item":"choicescarf","ability":"Rock Head","moves":["headsmash","outrage","ironhead","superpower"],"nature":"Impish","evs":{"hp":0,"atk":252,"def":4,"spa":0,"spd":0,"spe":252},"ivs":{"hp":31,"atk":31,"def":31,"spa":31,"spd":31,"spe":31}},{"name":"Tyranitar","species":"Tyranitar","item":"choicescarf","ability":"Sand Stream","moves":["stoneedge","pursuit","superpower","crunch"],"nature":"Jolly","evs":{"hp":4,"atk":252,"def":0,"spa":0,"spd":0,"spe":252},"ivs":{"hp":31,"atk":31,"def":31,"spa":31,"spd":31,"spe":31}}],"log":["|player|p1|Union Wevrm|unionwevrm.png","|player|p2|OleBoyRoy|10","|gametype|singles","|gen|6","|tier|Monotype","|rated","|rule|Baton Pass Clause: Limit one Baton Passer, can't pass Spe and other stats simultaneously","|rule|Swagger Clause: Swagger is banned","|rule|Same Type Clause: Pokémon in a team must share a type","|clearpoke","|poke|p1|Flygon, M","|poke|p1|Zygarde","|poke|p1|Latios, M","|poke|p1|Noivern, M","|poke|p1|Kingdra, F","|poke|p1|Hydreigon, M","|poke|p2|Cradily, M","|poke|p2|Aggron, F","|poke|p2|Omastar, M","|poke|p2|Shuckle, M","|poke|p2|Tyrantrum, F","|poke|p2|Tyranitar, M","|rule|Sleep Clause Mod: Limit one foe put to sleep","|rule|Species Clause: Limit one of each Pokémon","|rule|OHKO Clause: OHKO moves are banned","|rule|Moody Clause: Moody is banned","|rule|Evasion Moves Clause: Evasion moves are banned","|rule|Endless Battle Clause: Forcing endless battles is banned","|rule|HP Percentage Mod: HP is shown in percentages","|teampreview","|","|start","|switch|p1a: Flygon|Flygon, M|301/301","|switch|p2a: Omastar|Omastar, M|282/282","|turn|1","|","|move|p1a: Flygon|Earthquake|p2a: Omastar","|-supereffective|p2a: Omastar","|-enditem|p2a: Omastar|Focus Sash","|-damage|p2a: Omastar|1/282","|move|p2a: Omastar|Shell Smash|p2a: Omastar","|-unboost|p2a: Omastar|def|1","|-unboost|p2a: Omastar|spd|1","|-boost|p2a: Omastar|atk|2","|-boost|p2a: Omastar|spa|2","|-boost|p2a: Omastar|spe|2","|","|turn|2","|","|move|p2a: Omastar|Blizzard|p1a: Flygon","|-miss|p2a: Omastar|p1a: Flygon","|move|p1a: Flygon|Earthquake|p2a: Omastar","|-supereffective|p2a: Omastar","|-damage|p2a: Omastar|0 fnt","|faint|p2a: Omastar","|","|","|switch|p2a: Tyrantrum|Tyrantrum, F|305/305","|turn|3","|","|move|p2a: Tyrantrum|Outrage|p1a: Flygon","|-supereffective|p1a: Flygon","|-damage|p1a: Flygon|0 fnt","|faint|p1a: Flygon","|","|","|switch|p1a: Zygarde|Zygarde|357/357","|-ability|p1a: Zygarde|Aura Break","|turn|4","|","|move|p2a: Tyrantrum|Outrage|p1a: Zygarde|[from]lockedmove","|-supereffective|p1a: Zygarde","|-damage|p1a: Zygarde|0 fnt","|faint|p1a: Zygarde","|","|","|switch|p1a: Kingdra|Kingdra, F|291/291","|turn|5","|","|move|p2a: Tyrantrum|Outrage|p1a: Kingdra|[from]lockedmove","|-supereffective|p1a: Kingdra","|-damage|p1a: Kingdra|0 fnt","|-start|p2a: Tyrantrum|confusion|[fatigue]","|faint|p1a: Kingdra","|","|","|switch|p1a: Hydreigon|Hydreigon, M|325/325","|turn|6","|","|-activate|p2a: Tyrantrum|confusion","|-damage|p2a: Tyrantrum|270/305|[from] confusion","|move|p1a: Hydreigon|Dragon Rush|p2a: Tyrantrum","|-supereffective|p2a: Tyrantrum","|-damage|p2a: Tyrantrum|0 fnt","|-damage|p1a: Hydreigon|293/325|[from] item: Life Orb","|faint|p2a: Tyrantrum","|","|","|switch|p2a: Shuckle|Shuckle, M|181/181","|turn|7","|","|move|p1a: Hydreigon|Steel Wing|p2a: Shuckle","|-supereffective|p2a: Shuckle","|-damage|p2a: Shuckle|111/181","|-damage|p1a: Hydreigon|261/325|[from] item: Life Orb","|move|p2a: Shuckle|Shell Smash|p2a: Shuckle","|-boost|p2a: Shuckle|def|1","|-boost|p2a: Shuckle|spd|1","|-unboost|p2a: Shuckle|atk|2","|-unboost|p2a: Shuckle|spa|2","|-unboost|p2a: Shuckle|spe|2","|","|-heal|p2a: Shuckle|122/181|[from] item: Leftovers","|turn|8","|","|move|p2a: Shuckle|Protect|p2a: Shuckle","|-singleturn|p2a: Shuckle|Protect","|move|p1a: Hydreigon|Steel Wing|p2a: Shuckle","|-activate|p2a: Shuckle|Protect","|","|-heal|p2a: Shuckle|133/181|[from] item: Leftovers","|turn|9","|","|move|p1a: Hydreigon|Steel Wing|p2a: Shuckle","|-supereffective|p2a: Shuckle","|-damage|p2a: Shuckle|86/181","|-damage|p1a: Hydreigon|229/325|[from] item: Life Orb","|move|p2a: Shuckle|Shell Smash|p2a: Shuckle","|-boost|p2a: Shuckle|def|1","|-boost|p2a: Shuckle|spd|1","|-unboost|p2a: Shuckle|atk|2","|-unboost|p2a: Shuckle|spa|2","|-unboost|p2a: Shuckle|spe|2","|","|-heal|p2a: Shuckle|97/181|[from] item: Leftovers","|turn|10","|","|switch|p1a: Noivern|Noivern, M|311/311","|-item|p2a: Shuckle|Leftovers|[from] ability: Frisk|[of] p1a: Noivern|[identify]","|move|p2a: Shuckle|Protect|p2a: Shuckle","|-fail|p2a: Shuckle","|","|-heal|p2a: Shuckle|108/181|[from] item: Leftovers","|turn|11","|","|move|p1a: Noivern|Air Slash|p2a: Shuckle","|-damage|p2a: Shuckle|75/181","|move|p2a: Shuckle|Infestation|p1a: Noivern","|-resisted|p1a: Noivern","|-damage|p1a: Noivern|310/311","|-activate|p1a: Noivern|move: Infestation|[of] p2a: Shuckle","|","|-heal|p2a: Shuckle|86/181|[from] item: Leftovers","|-damage|p1a: Noivern|272/311|[from] move: Infestation|[partiallytrapped]","|turn|12","|","|move|p2a: Shuckle|Protect|p2a: Shuckle","|-singleturn|p2a: Shuckle|Protect","|move|p1a: Noivern|Air Slash|p2a: Shuckle","|-activate|p2a: Shuckle|Protect","|","|-heal|p2a: Shuckle|97/181|[from] item: Leftovers","|-damage|p1a: Noivern|234/311|[from] move: Infestation|[partiallytrapped]","|turn|13","|","|move|p1a: Noivern|Air Slash|p2a: Shuckle","|-damage|p2a: Shuckle|61/181","|cant|p2a: Shuckle|flinch","|","|-heal|p2a: Shuckle|72/181|[from] item: Leftovers","|-damage|p1a: Noivern|196/311|[from] move: Infestation|[partiallytrapped]","|turn|14","|","|move|p2a: Shuckle|Protect|p2a: Shuckle","|-singleturn|p2a: Shuckle|Protect","|move|p1a: Noivern|Air Slash|p2a: Shuckle","|-activate|p2a: Shuckle|Protect","|","|-heal|p2a: Shuckle|83/181|[from] item: Leftovers","|-damage|p1a: Noivern|158/311|[from] move: Infestation|[partiallytrapped]","|turn|15","|","|move|p1a: Noivern|Air Slash|p2a: Shuckle","|-damage|p2a: Shuckle|47/181","|cant|p2a: Shuckle|flinch","|","|-heal|p2a: Shuckle|58/181|[from] item: Leftovers","|-damage|p1a: Noivern|120/311|[from] move: Infestation|[partiallytrapped]","|turn|16","|","|move|p2a: Shuckle|Protect|p2a: Shuckle","|-singleturn|p2a: Shuckle|Protect","|move|p1a: Noivern|Air Slash|p2a: Shuckle","|-activate|p2a: Shuckle|Protect","|","|-heal|p2a: Shuckle|69/181|[from] item: Leftovers","|-end|p1a: Noivern|Infestation|[partiallytrapped]","|turn|17","|","|move|p1a: Noivern|Air Slash|p2a: Shuckle","|-damage|p2a: Shuckle|36/181","|move|p2a: Shuckle|Infestation|p1a: Noivern","|-resisted|p1a: Noivern","|-damage|p1a: Noivern|119/311","|-activate|p1a: Noivern|move: Infestation|[of] p2a: Shuckle","|","|-heal|p2a: Shuckle|47/181|[from] item: Leftovers","|-damage|p1a: Noivern|81/311|[from] move: Infestation|[partiallytrapped]","|turn|18","|","|move|p2a: Shuckle|Protect|p2a: Shuckle","|-singleturn|p2a: Shuckle|Protect","|move|p1a: Noivern|Air Slash|p2a: Shuckle","|-activate|p2a: Shuckle|Protect","|","|-heal|p2a: Shuckle|58/181|[from] item: Leftovers","|-damage|p1a: Noivern|43/311|[from] move: Infestation|[partiallytrapped]","|turn|19","|","|move|p1a: Noivern|Air Slash|p2a: Shuckle","|-damage|p2a: Shuckle|24/181","|cant|p2a: Shuckle|flinch","|","|-heal|p2a: Shuckle|35/181|[from] item: Leftovers","|-damage|p1a: Noivern|5/311|[from] move: Infestation|[partiallytrapped]","|turn|20","|","|move|p2a: Shuckle|Protect|p2a: Shuckle","|-singleturn|p2a: Shuckle|Protect","|move|p1a: Noivern|Air Slash|p2a: Shuckle","|-activate|p2a: Shuckle|Protect","|","|-heal|p2a: Shuckle|46/181|[from] item: Leftovers","|-damage|p1a: Noivern|0 fnt|[from] move: Infestation|[partiallytrapped]","|faint|p1a: Noivern","|","|switch|p1a: Hydreigon|Hydreigon, M|229/325","|turn|21","|","|move|p1a: Hydreigon|Crunch|p2a: Shuckle","|-damage|p2a: Shuckle|15/181","|-damage|p1a: Hydreigon|197/325|[from] item: Life Orb","|move|p2a: Shuckle|Infestation|p1a: Hydreigon","|-crit|p1a: Hydreigon","|-supereffective|p1a: Hydreigon","|-damage|p1a: Hydreigon|173/325","|-activate|p1a: Hydreigon|move: Infestation|[of] p2a: Shuckle","|","|-heal|p2a: Shuckle|26/181|[from] item: Leftovers","|-damage|p1a: Hydreigon|133/325|[from] move: Infestation|[partiallytrapped]","|turn|22","|","|move|p2a: Shuckle|Protect|p2a: Shuckle","|-singleturn|p2a: Shuckle|Protect","|move|p1a: Hydreigon|Steel Wing|p2a: Shuckle","|-activate|p2a: Shuckle|Protect","|","|-heal|p2a: Shuckle|37/181|[from] item: Leftovers","|-damage|p1a: Hydreigon|93/325|[from] move: Infestation|[partiallytrapped]","|turn|23","|","|move|p1a: Hydreigon|Steel Wing|p2a: Shuckle","|-supereffective|p2a: Shuckle","|-damage|p2a: Shuckle|0 fnt","|-damage|p1a: Hydreigon|61/325|[from] item: Life Orb","|faint|p2a: Shuckle","|","|","|switch|p2a: Cradily|Cradily, M|376/376","|turn|24","|","|move|p1a: Hydreigon|Crunch|p2a: Cradily","|-damage|p2a: Cradily|215/376","|-unboost|p2a: Cradily|def|1","|-damage|p1a: Hydreigon|29/325|[from] item: Life Orb","|move|p2a: Cradily|Toxic|p1a: Hydreigon","|-status|p1a: Hydreigon|tox","|","|-heal|p2a: Cradily|238/376|[from] item: Leftovers","|-damage|p1a: Hydreigon|9/325 tox|[from] psn","|turn|25","|","|move|p1a: Hydreigon|Steel Wing|p2a: Cradily","|-supereffective|p2a: Cradily","|-damage|p2a: Cradily|0 fnt","|-damage|p1a: Hydreigon|0 fnt|[from] item: Life Orb","|faint|p2a: Cradily","|faint|p1a: Hydreigon","|","|","|switch|p1a: Latios|Latios, M|301/301","|switch|p2a: Tyranitar|Tyranitar, M|342/342","|-weather|Sandstorm","|turn|26","|","|move|p2a: Tyranitar|Crunch|p1a: Latios","|-crit|p1a: Latios","|-supereffective|p1a: Latios","|-damage|p1a: Latios|0 fnt","|faint|p1a: Latios","|","|win|OleBoyRoy"],"p1rating":{"entryid":"373318","serverid":"eos","formatid":"monotype","userid":"unionwevrm","username":"Union Wevrm","w":"9","l":10,"t":"0","gxe":48.4,"r":"1498.8010721827","rd":"98.297024950931","sigma":"0","rptime":"1440406800","rpr":1488.0778352497,"rprd":71.20939199906,"rpsigma":"0","acre":1061.2019209111,"lacre":1061.2019209111,"oldacre":"1090.8775978338"},"p2rating":{"entryid":"404141","serverid":"eos","formatid":"monotype","userid":"oleboyroy","username":"OleBoyRoy","w":1,"l":"1","t":"0","gxe":50.1,"r":"1500","rd":"130","sigma":"0","rptime":"1440406800","rpr":1501.0556739688,"rprd":116.40491500255,"rpsigma":"0","acre":1050.2304153766,"lacre":1050.2304153766,"oldacre":"1000"},"endType":"normal"}