{"seed":[39728,8519,30764,50675],"turns":23,"p1":"jackker","p2":"Reborn Power","p1team":[{"name":"toges.copy","species":"cobalion","item":"leftovers","ability":"Justified","moves":["stealthrock","taunt","ironhead","thunderwave"],"nature":"Impish","evs":{"hp":252,"atk":0,"def":212,"spa":0,"spd":0,"spe":44},"ivs":{"hp":31,"atk":31,"def":31,"spa":31,"spd":31,"spe":31}},{"name":"beyblade","species":"hitmontop","item":"assaultvest","ability":"Intimidate","moves":["endeavor","seismictoss","suckerpunch","rapidspin"],"nature":"Careful","evs":{"hp":252,"atk":0,"def":16,"spa":0,"spd":240,"spe":0},"ivs":{"hp":31,"atk":31,"def":31,"spa":31,"spd":31,"spe":31}},{"name":"the.punk","species":"scrafty","item":"leftovers","ability":"Shed Skin","moves":["crunch","drainpunch","bulkup","icepunch"],"nature":"Careful","evs":{"hp":252,"atk":4,"def":0,"spa":0,"spd":252,"spe":0},"ivs":{"hp":31,"atk":31,"def":31,"spa":31,"spd":31,"spe":31}},{"name":"diddy.kong","species":"infernape","item":"focussash","ability":"Blaze","moves":["flamethrower","vacuumwave","encore","nastyplot"],"nature":"Timid","evs":{"hp":0,"atk":0,"def":0,"spa":252,"spd":0,"spe":252},"ivs":{"hp":31,"atk":31,"def":31,"spa":31,"spd":31,"spe":31}},{"name":"beetle.juice","species":"heracross","item":"heracronite","ability":"Moxie","moves":["bulletseed","rockblast","closecombat","pinmissile"],"nature":"Adamant","evs":{"hp":252,"atk":232,"def":24,"spa":0,"spd":0,"spe":0},"ivs":{"hp":31,"atk":31,"def":31,"spa":31,"spd":31,"spe":31}},{"name":"doggy","species":"terrakion","item":"choicescarf","ability":"Justified","moves":["earthquake","ironhead","stoneedge","closecombat"],"nature":"Adamant","evs":{"hp":0,"atk":252,"def":0,"spa":0,"spd":0,"spe":252},"ivs":{"hp":31,"atk":31,"def":31,"spa":31,"spd":31,"spe":31}}],"p2team":[{"name":"Smoke Weed","species":"conkeldurr","item":"assaultvest","ability":"Guts","moves":["knockoff","machpunch","poisonjab","drainpunch"],"nature":"Adamant","evs":{"hp":248,"atk":252,"def":0,"spa":0,"spd":8,"spe":0},"gender":"M","ivs":{"hp":31,"atk":31,"def":31,"spa":31,"spd":31,"spe":31}},{"name":"Snoop Doggy","species":"medicham","item":"medichamite","ability":"Pure Power","moves":["highjumpkick","fakeout","bulletpunch","firepunch"],"nature":"Jolly","evs":{"hp":0,"atk":252,"def":0,"spa":0,"spd":4,"spe":252},"gender":"M","ivs":{"hp":31,"atk":31,"def":31,"spa":31,"spd":31,"spe":31}},{"name":"Blaze it","species":"infernape","item":"lifeorb","ability":"Iron Fist","moves":["machpunch","swordsdance","closecombat","earthquake"],"nature":"Jolly","evs":{"hp":0,"atk":252,"def":0,"spa":0,"spd":4,"spe":252},"ivs":{"hp":31,"atk":31,"def":31,"spa":31,"spd":31,"spe":31}},{"name":"Rambo","species":"hawlucha","item":"sitrusberry","ability":"Unburden","moves":["acrobatics","swordsdance","highjumpkick","stoneedge"],"nature":"Adamant","evs":{"hp":4,"atk":252,"def":0,"spa":0,"spd":0,"spe":252},"gender":"M","ivs":{"hp":31,"atk":31,"def":31,"spa":31,"spd":31,"spe":31}},{"name":"WEEEEED","species":"chesnaught","item":"rockyhelmet","ability":"Bulletproof","moves":["spikyshield","toxic","leechseed","superfang"],"nature":"Bold","evs":{"hp":248,"atk":0,"def":252,"spa":0,"spd":8,"spe":0},"gender":"M","shiny":true,"ivs":{"hp":31,"atk":31,"def":31,"spa":31,"spd":31,"spe":31}},{"name":"Special One","species":"scrafty","item":"assaultvest","ability":"Moxie","moves":["knockoff","icepunch","highjumpkick","fakeout"],"nature":"Adamant","evs":{"hp":240,"atk":252,"def":8,"spa":0,"spd":8,"spe":0},"gender":"M","ivs":{"hp":31,"atk":31,"def":31,"spa":31,"spd":31,"spe":31}}],"log":["|player|p1|jackker|196","|player|p2|Reborn Power|200","|gametype|singles","|gen|6","|tier|Monotype","|rated","|rule|Baton Pass Clause: Limit one Baton Passer, can't pass Spe and other stats simultaneously","|rule|Swagger Clause: Swagger is banned","|rule|Same Type Clause: Pokémon in a team must share a type","|clearpoke","|poke|p1|Cobalion","|poke|p1|Hitmontop, M","|poke|p1|Scrafty, F","|poke|p1|Infernape, F","|poke|p1|Heracross, F","|poke|p1|Terrakion","|poke|p2|Conkeldurr, M","|poke|p2|Medicham, M","|poke|p2|Infernape, F","|poke|p2|Hawlucha, M","|poke|p2|Chesnaught, M, shiny","|poke|p2|Scrafty, M","|rule|Sleep Clause Mod: Limit one foe put to sleep","|rule|Species Clause: Limit one of each Pokémon","|rule|OHKO Clause: OHKO moves are banned","|rule|Moody Clause: Moody is banned","|rule|Evasion Moves Clause: Evasion moves are banned","|rule|Endless Battle Clause: Forcing endless battles is banned","|rule|HP Percentage Mod: HP is shown in percentages","|teampreview","|","|start","|switch|p1a: toges.copy|Cobalion|386/386","|switch|p2a: WEEEEED|Chesnaught, M, shiny|379/379","|turn|1","|","|move|p1a: toges.copy|Taunt|p2a: WEEEEED","|-start|p2a: WEEEEED|move: Taunt","|cant|p2a: WEEEEED|move: Taunt|Leech Seed","|","|turn|2","|","|move|p1a: toges.copy|Stealth Rock|p2a: WEEEEED","|-sidestart|p2: Reborn Power|move: Stealth Rock","|move|p2a: WEEEEED|Super Fang|p1a: toges.copy","|-damage|p1a: toges.copy|193/386","|","|-heal|p1a: toges.copy|217/386|[from] item: Leftovers","|turn|3","|","|switch|p2a: Blaze it|Infernape, F|293/293","|-damage|p2a: Blaze it|257/293|[from] Stealth Rock","|move|p1a: toges.copy|Thunder Wave|p2a: Blaze it","|-status|p2a: Blaze it|par","|","|-heal|p1a: toges.copy|241/386|[from] item: Leftovers","|turn|4","|","|switch|p1a: the.punk|Scrafty, F|334/334","|move|p2a: Blaze it|Close Combat|p1a: the.punk","|-supereffective|p1a: the.punk","|-damage|p1a: the.punk|0 fnt","|-unboost|p2a: Blaze it|def|1","|-unboost|p2a: Blaze it|spd|1","|-damage|p2a: Blaze it|228/293 par|[from] item: Life Orb","|faint|p1a: the.punk","|","|","|switch|p1a: doggy|Terrakion|323/323","|turn|5","|","|move|p1a: doggy|Close Combat|p2a: Blaze it","|-damage|p2a: Blaze it|0 fnt","|-unboost|p1a: doggy|def|1","|-unboost|p1a: doggy|spd|1","|faint|p2a: Blaze it","|","|","|switch|p2a: Smoke Weed|Conkeldurr, M|413/413","|-damage|p2a: Smoke Weed|388/413|[from] Stealth Rock","|turn|6","|","|switch|p1a: beyblade|Hitmontop, M|304/304","|-ability|p1a: beyblade|Intimidate","|-unboost|p2a: Smoke Weed|atk|1","|move|p2a: Smoke Weed|Drain Punch|p1a: beyblade","|-damage|p1a: beyblade|202/304","|-heal|p2a: Smoke Weed|413/413|[from] drain|[of] p1a: beyblade","|","|turn|7","|","|move|p1a: beyblade|Seismic Toss|p2a: Smoke Weed","|-damage|p2a: Smoke Weed|313/413","|move|p2a: Smoke Weed|Knock Off|p1a: beyblade","|-resisted|p1a: beyblade","|-damage|p1a: beyblade|153/304","|-enditem|p1a: beyblade|Assault Vest|[from] move: Knock Off|[of] p2a: Smoke Weed","|","|turn|8","|","|move|p1a: beyblade|Seismic Toss|p2a: Smoke Weed","|-damage|p2a: Smoke Weed|213/413","|move|p2a: Smoke Weed|Drain Punch|p1a: beyblade","|-damage|p1a: beyblade|54/304","|-heal|p2a: Smoke Weed|263/413|[from] drain|[of] p1a: beyblade","|","|turn|9","|","|move|p1a: beyblade|Endeavor|p2a: Smoke Weed","|-damage|p2a: Smoke Weed|54/413","|move|p2a: Smoke Weed|Drain Punch|p1a: beyblade","|-damage|p1a: beyblade|0 fnt","|-heal|p2a: Smoke Weed|81/413|[from] drain|[of] p1a: beyblade","|faint|p1a: beyblade","|","|","|switch|p1a: beetle.juice|Heracross, F|364/364","|turn|10","|","|detailschange|p1a: beetle.juice|Heracross-Mega, F","|-mega|p1a: beetle.juice|Heracross|Heracronite","|move|p2a: Smoke Weed|Mach Punch|p1a: beetle.juice","|-resisted|p1a: beetle.juice","|-damage|p1a: beetle.juice|339/364","|move|p1a: beetle.juice|Bullet Seed|p2a: Smoke Weed","|-damage|p2a: Smoke Weed|36/413","|-damage|p2a: Smoke Weed|0 fnt","|-hitcount|p2a: Smoke Weed|2","|faint|p2a: Smoke Weed","|","|","|switch|p2a: Rambo|Hawlucha, M|298/298","|-damage|p2a: Rambo|261/298|[from] Stealth Rock","|turn|11","|","|switch|p1a: toges.copy|Cobalion|241/386","|move|p2a: Rambo|Acrobatics|p1a: toges.copy","|-damage|p1a: toges.copy|186/386","|","|-heal|p1a: toges.copy|210/386|[from] item: Leftovers","|turn|12","|","|move|p2a: Rambo|High Jump Kick|p1a: toges.copy","|-supereffective|p1a: toges.copy","|-damage|p1a: toges.copy|0 fnt","|faint|p1a: toges.copy","|","|","|switch|p1a: diddy.kong|Infernape, F|293/293","|turn|13","|","|move|p1a: diddy.kong|Flamethrower|p2a: Rambo","|-damage|p2a: Rambo|56/298","|-enditem|p2a: Rambo|Sitrus Berry|[eat]","|-heal|p2a: Rambo|130/298|[from] item: Sitrus Berry","|move|p2a: Rambo|Stone Edge|p1a: diddy.kong","|-damage|p1a: diddy.kong|156/293","|","|turn|14","|","|move|p1a: diddy.kong|Vacuum Wave|p2a: Rambo","|-resisted|p2a: Rambo","|-damage|p2a: Rambo|88/298","|move|p2a: Rambo|High Jump Kick|p1a: diddy.kong","|-damage|p1a: diddy.kong|0 fnt","|faint|p1a: diddy.kong","|","|","|switch|p1a: doggy|Terrakion|323/323","|turn|15","|","|move|p2a: Rambo|High Jump Kick|p1a: doggy","|-crit|p1a: doggy","|-supereffective|p1a: doggy","|-damage|p1a: doggy|0 fnt","|faint|p1a: doggy","|","|","|switch|p1a: beetle.juice|Heracross-Mega, F|339/364","|turn|16","|","|move|p2a: Rambo|High Jump Kick|p1a: beetle.juice","|-resisted|p1a: beetle.juice","|-damage|p1a: beetle.juice|258/364","|move|p1a: beetle.juice|Rock Blast|p2a: Rambo","|-damage|p2a: Rambo|32/298","|-damage|p2a: Rambo|0 fnt","|-hitcount|p2a: Rambo|2","|faint|p2a: Rambo","|","|","|switch|p2a: Special One|Scrafty, M|331/331","|-damage|p2a: Special One|311/331|[from] Stealth Rock","|turn|17","|","|move|p2a: Special One|Fake Out|p1a: beetle.juice","|-damage|p1a: beetle.juice|225/364","|cant|p1a: beetle.juice|flinch","|","|turn|18","|","|move|p1a: beetle.juice|Pin Missile|p2a: Special One","|-damage|p2a: Special One|259/331","|-damage|p2a: Special One|207/331","|-damage|p2a: Special One|152/331","|-damage|p2a: Special One|94/331","|-damage|p2a: Special One|33/331","|-hitcount|p2a: Special One|5","|move|p2a: Special One|Ice Punch|p1a: beetle.juice","|-damage|p1a: beetle.juice|164/364","|","|turn|19","|","|move|p1a: beetle.juice|Pin Missile|p2a: Special One","|-damage|p2a: Special One|0 fnt","|-hitcount|p2a: Special One|1","|faint|p2a: Special One","|","|","|switch|p2a: WEEEEED|Chesnaught, M, shiny|379/379","|-damage|p2a: WEEEEED|356/379|[from] Stealth Rock","|turn|20","|","|move|p1a: beetle.juice|Pin Missile|p2a: WEEEEED","|-damage|p2a: WEEEEED|317/379","|-damage|p2a: WEEEEED|280/379","|-damage|p2a: WEEEEED|243/379","|-crit|p2a: WEEEEED","|-damage|p2a: WEEEEED|186/379","|-damage|p2a: WEEEEED|144/379","|-hitcount|p2a: WEEEEED|5","|move|p2a: WEEEEED|Toxic|p1a: beetle.juice","|-status|p1a: beetle.juice|tox","|","|-damage|p1a: beetle.juice|142/364 tox|[from] psn","|turn|21","|","|move|p2a: WEEEEED|Spiky Shield|p2a: WEEEEED","|-singleturn|p2a: WEEEEED|move: Protect","|move|p1a: beetle.juice|Pin Missile|p2a: WEEEEED","|-activate|p2a: WEEEEED|Protect","|","|-damage|p1a: beetle.juice|98/364 tox|[from] psn","|turn|22","|","|move|p1a: beetle.juice|Pin Missile|p2a: WEEEEED","|-damage|p2a: WEEEEED|101/379","|-damage|p2a: WEEEEED|61/379","|-damage|p2a: WEEEEED|21/379","|-damage|p2a: WEEEEED|0 fnt","|-hitcount|p2a: WEEEEED|4","|faint|p2a: WEEEEED","|","|-damage|p1a: beetle.juice|32/364 tox|[from] psn","|","|switch|p2a: Snoop Doggy|Medicham, M|261/261","|-damage|p2a: Snoop Doggy|245/261|[from] Stealth Rock","|turn|23","|","|detailschange|p2a: Snoop Doggy|Medicham-Mega, M","|-mega|p2a: Snoop Doggy|Medicham|Medichamite","|move|p2a: Snoop Doggy|Fake Out|p1a: beetle.juice","|-damage|p1a: beetle.juice|0 fnt","|faint|p1a: beetle.juice","|","|win|Reborn Power"],"p1rating":{"entryid":"395291","serverid":"eos","formatid":"monotype","userid":"jackker","username":"jackker","w":"5","l":2,"t":"0","gxe":60.4,"r":"1500","rd":"130","sigma":"0","rptime":"1440406800","rpr":1582.2758019863,"rprd":95.126237975746,"rpsigma":"0","acre":1112.5699512256,"lacre":1112.5699512256,"oldacre":"1143.9490623968"},"p2rating":{"entryid":"353956","serverid":"eos","formatid":"monotype","userid":"rebornpower","username":"Reborn Power","w":10,"l":"11","t":"0","gxe":50,"r":"1541.9971974002","rd":"92.120837608352","sigma":"0","rptime":"1440406800","rpr":1500.250473947,"rprd":68.811800738252,"rpsigma":"0","acre":1093.4658318361,"lacre":1093.4658318361,"oldacre":"1053.2929701772"},"endType":"normal"}