{"seed":[55876,39780,55743,42418],"turns":41,"p1":"Fluffy Coconuts","p2":"DJ Gible","p1team":[{"name":"Kaiju","species":"nidoking","item":"lifeorb","ability":"Sheer Force","moves":["flamethrower","sludgewave","earthpower","icebeam"],"nature":"Timid","evs":{"hp":6,"atk":0,"def":0,"spa":252,"spd":0,"spe":252},"shiny":true,"ivs":{"hp":31,"atk":31,"def":31,"spa":31,"spd":31,"spe":31}},{"name":"SafteyShark","species":"garchomp","item":"choicescarf","ability":"Sand Veil","moves":["earthquake","fireblast","stoneedge","outrage"],"nature":"Naive","evs":{"hp":0,"atk":252,"def":0,"spa":6,"spd":0,"spe":252},"gender":"M","shiny":true,"ivs":{"hp":31,"atk":31,"def":31,"spa":31,"spd":31,"spe":31}},{"name":"Gloria","species":"hippowdon","item":"redcard","ability":"Sand Stream","moves":["earthquake","stealthrock","slackoff","whirlwind"],"nature":"Impish","evs":{"hp":252,"atk":0,"def":144,"spa":0,"spd":114,"spe":0},"gender":"F","shiny":true,"ivs":{"hp":31,"atk":31,"def":31,"spa":31,"spd":31,"spe":31}},{"name":"Iris","species":"excadrill","item":"lifeorb","ability":"Sand Rush","moves":["swordsdance","earthquake","ironhead","rockslide"],"nature":"Jolly","evs":{"hp":0,"atk":252,"def":0,"spa":0,"spd":6,"spe":252},"gender":"F","ivs":{"hp":31,"atk":31,"def":31,"spa":31,"spd":31,"spe":31}},{"name":"Synergy","species":"gliscor","item":"toxicorb","ability":"Poison Heal","moves":["knockoff","toxic","earthquake","roost"],"nature":"Impish","evs":{"hp":248,"atk":0,"def":188,"spa":0,"spd":0,"spe":74},"gender":"M","ivs":{"hp":31,"atk":31,"def":31,"spa":31,"spd":31,"spe":31}},{"name":"Cindy","species":"gastrodon","item":"rindoberry","ability":"Storm Drain","moves":["scald","toxic","mirrorcoat","recover"],"nature":"Bold","evs":{"hp":250,"atk":0,"def":252,"spa":0,"spd":8,"spe":0},"ivs":{"hp":31,"atk":31,"def":31,"spa":31,"spd":31,"spe":31}}],"p2team":[{"name":"Calamari","species":"malamar","item":"choicescarf","ability":"Contrary","moves":["rockslide","psychocut","superpower","nightslash"],"nature":"Jolly","evs":{"hp":4,"atk":252,"def":0,"spa":0,"spd":0,"spe":252},"ivs":{"hp":31,"atk":31,"def":31,"spa":31,"spd":31,"spe":31}},{"name":"Hoodlum","species":"scrafty","item":"focussash","ability":"Moxie","moves":["dragondance","crunch","drainpunch","icepunch"],"nature":"Adamant","evs":{"hp":4,"atk":252,"def":0,"spa":0,"spd":0,"spe":252},"ivs":{"hp":31,"atk":31,"def":31,"spa":31,"spd":31,"spe":31}},{"name":"Tyrant","species":"tyranitar","item":"tyranitarite","ability":"Sand Stream","moves":["dragondance","stoneedge","earthquake","crunch"],"nature":"Adamant","evs":{"hp":0,"atk":252,"def":0,"spa":0,"spd":4,"spe":252},"ivs":{"hp":31,"atk":31,"def":31,"spa":31,"spd":31,"spe":31}},{"name":"Cpt. Buzz","species":"mandibuzz","item":"leftovers","ability":"Big Pecks","moves":["foulplay","roost","defog","whirlwind"],"nature":"Bold","evs":{"hp":252,"atk":0,"def":252,"spa":0,"spd":4,"spe":0},"ivs":{"hp":31,"atk":31,"def":31,"spa":31,"spd":31,"spe":31}},{"name":"Hoopa-Unbound","species":"Hoopa-Unbound","item":"lifeorb","ability":"Magician","moves":["zenheadbutt","hyperspacefury","gunkshot","substitute"],"nature":"Jolly","evs":{"hp":0,"atk":252,"def":0,"spa":0,"spd":4,"spe":252},"ivs":{"hp":31,"atk":31,"def":31,"spa":31,"spd":31,"spe":31}},{"name":"Hydreigon","species":"Hydreigon","item":"choicescarf","ability":"Levitate","moves":["dracometeor","hiddenpowergrass","darkpulse","flashcannon"],"nature":"Timid","evs":{"hp":0,"atk":0,"def":0,"spa":252,"spd":4,"spe":252},"ivs":{"hp":31,"atk":30,"def":31,"spa":30,"spd":31,"spe":31}}],"log":["|player|p1|Fluffy Coconuts|169","|player|p2|DJ Gible|198","|gametype|singles","|gen|6","|tier|Monotype","|rated","|rule|Baton Pass Clause: Limit one Baton Passer, can't pass Spe and other stats simultaneously","|rule|Swagger Clause: Swagger is banned","|rule|Same Type Clause: Pokémon in a team must share a type","|clearpoke","|poke|p1|Nidoking, M, shiny","|poke|p1|Garchomp, M, shiny","|poke|p1|Hippowdon, F, shiny","|poke|p1|Excadrill, F","|poke|p1|Gliscor, M","|poke|p1|Gastrodon, M","|poke|p2|Malamar, F","|poke|p2|Scrafty, M","|poke|p2|Tyranitar, F","|poke|p2|Mandibuzz, F","|poke|p2|Hoopa-Unbound","|poke|p2|Hydreigon, F","|rule|Sleep Clause Mod: Limit one foe put to sleep","|rule|Species Clause: Limit one of each Pokémon","|rule|OHKO Clause: OHKO moves are banned","|rule|Moody Clause: Moody is banned","|rule|Evasion Moves Clause: Evasion moves are banned","|rule|Endless Battle Clause: Forcing endless battles is banned","|rule|HP Percentage Mod: HP is shown in percentages","|teampreview","|","|start","|switch|p1a: SafteyShark|Garchomp, M, shiny|357/357","|switch|p2a: Calamari|Malamar, F|314/314","|turn|1","|","|move|p1a: SafteyShark|Earthquake|p2a: Calamari","|-damage|p2a: Calamari|130/314","|move|p2a: Calamari|Superpower|p1a: SafteyShark","|-crit|p1a: SafteyShark","|-damage|p1a: SafteyShark|192/357","|-boost|p2a: Calamari|atk|1","|-boost|p2a: Calamari|def|1","|","|turn|2","|","|switch|p1a: Synergy|Gliscor, M|353/353","|move|p2a: Calamari|Superpower|p1a: Synergy","|-resisted|p1a: Synergy","|-damage|p1a: Synergy|298/353","|-boost|p2a: Calamari|atk|1","|-boost|p2a: Calamari|def|1","|","|-status|p1a: Synergy|tox|[from] item: Toxic Orb","|turn|3","|","|move|p2a: Calamari|Superpower|p1a: Synergy","|-resisted|p1a: Synergy","|-damage|p1a: Synergy|222/353 tox","|-boost|p2a: Calamari|atk|1","|-boost|p2a: Calamari|def|1","|move|p1a: Synergy|Toxic|p2a: Calamari","|-status|p2a: Calamari|tox","|","|-damage|p2a: Calamari|111/314 tox|[from] psn","|-heal|p1a: Synergy|266/353 tox|[from] ability: Poison Heal","|turn|4","|","|move|p2a: Calamari|Superpower|p1a: Synergy","|-resisted|p1a: Synergy","|-damage|p1a: Synergy|173/353 tox","|-boost|p2a: Calamari|atk|1","|-boost|p2a: Calamari|def|1","|move|p1a: Synergy|Roost|p1a: Synergy","|-heal|p1a: Synergy|350/353 tox","|","|-damage|p2a: Calamari|73/314 tox|[from] psn","|-heal|p1a: Synergy|353/353 tox|[from] ability: Poison Heal","|turn|5","|","|move|p2a: Calamari|Superpower|p1a: Synergy","|-resisted|p1a: Synergy","|-damage|p1a: Synergy|254/353 tox","|-boost|p2a: Calamari|atk|1","|-boost|p2a: Calamari|def|1","|move|p1a: Synergy|Roost|p1a: Synergy","|-heal|p1a: Synergy|353/353 tox","|","|-damage|p2a: Calamari|16/314 tox|[from] psn","|turn|6","|","|move|p2a: Calamari|Superpower|p1a: Synergy","|-crit|p1a: Synergy","|-resisted|p1a: Synergy","|-damage|p1a: Synergy|156/353 tox","|-boost|p2a: Calamari|atk|1","|-boost|p2a: Calamari|def|1","|move|p1a: Synergy|Roost|p1a: Synergy","|-heal|p1a: Synergy|333/353 tox","|","|-damage|p2a: Calamari|0 fnt|[from] psn","|-heal|p1a: Synergy|353/353 tox|[from] ability: Poison Heal","|faint|p2a: Calamari","|","|switch|p2a: Hoodlum|Scrafty, M|272/272","|turn|7","|","|switch|p1a: Cindy|Gastrodon, M|425/425","|move|p2a: Hoodlum|Dragon Dance|p2a: Hoodlum","|-boost|p2a: Hoodlum|atk|1","|-boost|p2a: Hoodlum|spe|1","|","|turn|8","|","|switch|p2a: Hydreigon|Hydreigon, F|325/325","|switch|p1a: Gloria|Hippowdon, F, shiny|420/420","|-weather|Sandstorm","|","|-weather|Sandstorm|[upkeep]","|-damage|p2a: Hydreigon|305/325|[from] sandstorm","|turn|9","|","|switch|p2a: Cpt. Buzz|Mandibuzz, F|424/424","|move|p1a: Gloria|Stealth Rock|p2a: Cpt. Buzz","|-sidestart|p2: DJ Gible|move: Stealth Rock","|","|-weather|Sandstorm|[upkeep]","|-damage|p2a: Cpt. Buzz|398/424|[from] sandstorm","|-heal|p2a: Cpt. Buzz|424/424|[from] item: Leftovers","|turn|10","|","|switch|p1a: Kaiju|Nidoking, M, shiny|304/304","|move|p2a: Cpt. Buzz|Whirlwind|p1a: Kaiju","|drag|p1a: Synergy|Gliscor, M|353/353 tox","|","|-weather|Sandstorm|[upkeep]","|-damage|p2a: Cpt. Buzz|398/424|[from] sandstorm","|-heal|p2a: Cpt. Buzz|424/424|[from] item: Leftovers","|turn|11","|","|move|p1a: Synergy|Toxic|p2a: Cpt. Buzz","|-status|p2a: Cpt. Buzz|tox","|move|p2a: Cpt. Buzz|Defog|p1a: Synergy","|-unboost|p1a: Synergy|evasion|1","|-sideend|p2: DJ Gible|Stealth Rock|[from] move: Defog|[of] p2a: Cpt. Buzz","|","|-weather|Sandstorm|[upkeep]","|-damage|p2a: Cpt. Buzz|398/424 tox|[from] sandstorm","|-heal|p2a: Cpt. Buzz|424/424 tox|[from] item: Leftovers","|-damage|p2a: Cpt. Buzz|398/424 tox|[from] psn","|turn|12","|","|move|p1a: Synergy|Knock Off|p2a: Cpt. Buzz","|-crit|p2a: Cpt. Buzz","|-resisted|p2a: Cpt. Buzz","|-damage|p2a: Cpt. Buzz|359/424 tox","|-enditem|p2a: Cpt. Buzz|Leftovers|[from] move: Knock Off|[of] p1a: Synergy","|move|p2a: Cpt. Buzz|Foul Play|p1a: Synergy","|-damage|p1a: Synergy|286/353 tox","|","|-weather|none","|-heal|p1a: Synergy|330/353 tox|[from] ability: Poison Heal","|-damage|p2a: Cpt. Buzz|307/424 tox|[from] psn","|turn|13","|","|move|p1a: Synergy|Knock Off|p2a: Cpt. Buzz","|-resisted|p2a: Cpt. Buzz","|-damage|p2a: Cpt. Buzz|288/424 tox","|move|p2a: Cpt. Buzz|Whirlwind|p1a: Synergy","|drag|p1a: SafteyShark|Garchomp, M, shiny|192/357","|","|-damage|p2a: Cpt. Buzz|210/424 tox|[from] psn","|turn|14","|","|switch|p1a: Cindy|Gastrodon, M|425/425","|move|p2a: Cpt. Buzz|Foul Play|p1a: Cindy","|-crit|p1a: Cindy","|-damage|p1a: Cindy|308/425","|","|-damage|p2a: Cpt. Buzz|106/424 tox|[from] psn","|turn|15","|","|switch|p2a: Hydreigon|Hydreigon, F|305/325","|move|p1a: Cindy|Recover|p1a: Cindy","|-heal|p1a: Cindy|425/425","|","|turn|16","|","|move|p2a: Hydreigon|Hidden Power|p1a: Cindy","|-supereffective|p1a: Cindy","|-enditem|p1a: Cindy|Rindo Berry|[eat]","|-damage|p1a: Cindy|273/425","|move|p1a: Cindy|Toxic|p2a: Hydreigon","|-status|p2a: Hydreigon|tox","|","|-damage|p2a: Hydreigon|285/325 tox|[from] psn","|turn|17","|","|switch|p1a: Kaiju|Nidoking, M, shiny|304/304","|move|p2a: Hydreigon|Hidden Power|p1a: Kaiju","|-damage|p1a: Kaiju|217/304","|","|-damage|p2a: Hydreigon|245/325 tox|[from] psn","|turn|18","|","|switch|p2a: Cpt. Buzz|Mandibuzz, F|106/424 tox","|move|p1a: Kaiju|Ice Beam|p2a: Cpt. Buzz","|-supereffective|p2a: Cpt. Buzz","|-damage|p2a: Cpt. Buzz|0 fnt","|faint|p2a: Cpt. Buzz","|","|","|switch|p2a: Hoopa-Unbound|Hoopa-Unbound|301/301","|turn|19","|","|switch|p1a: Gloria|Hippowdon, F, shiny|420/420","|-weather|Sandstorm","|move|p2a: Hoopa-Unbound|Substitute|p2a: Hoopa-Unbound","|-start|p2a: Hoopa-Unbound|Substitute","|-damage|p2a: Hoopa-Unbound|226/301","|","|-weather|Sandstorm|[upkeep]","|-damage|p2a: Hoopa-Unbound|208/301|[from] sandstorm","|turn|20","|","|move|p2a: Hoopa-Unbound|Hyperspace Fury|p1a: Gloria","|-damage|p1a: Gloria|243/420","|-unboost|p2a: Hoopa-Unbound|def|1","|-enditem|p1a: Gloria|Red Card|[of] p2a: Hoopa-Unbound","|drag|p2a: Hoodlum|Scrafty, M|272/272","|move|p1a: Gloria|Whirlwind|p2a: Hoodlum","|drag|p2a: Tyrant|Tyranitar, F|341/341","|","|-weather|Sandstorm|[upkeep]","|turn|21","|","|detailschange|p2a: Tyrant|Tyranitar-Mega, F","|-mega|p2a: Tyrant|Tyranitar|Tyranitarite","|move|p2a: Tyrant|Dragon Dance|p2a: Tyrant","|-boost|p2a: Tyrant|atk|1","|-boost|p2a: Tyrant|spe|1","|move|p1a: Gloria|Slack Off|p1a: Gloria","|-heal|p1a: Gloria|420/420","|","|-weather|Sandstorm|[upkeep]","|turn|22","|","|move|p2a: Tyrant|Earthquake|p1a: Gloria","|-damage|p1a: Gloria|266/420","|move|p1a: Gloria|Earthquake|p2a: Tyrant","|-supereffective|p2a: Tyrant","|-damage|p2a: Tyrant|141/341","|","|-weather|Sandstorm|[upkeep]","|turn|23","|","|move|p2a: Tyrant|Stone Edge|p1a: Gloria","|-resisted|p1a: Gloria","|-damage|p1a: Gloria|146/420","|move|p1a: Gloria|Slack Off|p1a: Gloria","|-heal|p1a: Gloria|356/420","|","|-weather|none","|turn|24","|","|move|p2a: Tyrant|Earthquake|p1a: Gloria","|-damage|p1a: Gloria|200/420","|move|p1a: Gloria|Earthquake|p2a: Tyrant","|-supereffective|p2a: Tyrant","|-damage|p2a: Tyrant|0 fnt","|faint|p2a: Tyrant","|","|","|switch|p2a: Hoodlum|Scrafty, M|272/272","|turn|25","|","|move|p2a: Hoodlum|Dragon Dance|p2a: Hoodlum","|-boost|p2a: Hoodlum|atk|1","|-boost|p2a: Hoodlum|spe|1","|move|p1a: Gloria|Whirlwind|p2a: Hoodlum","|drag|p2a: Hoopa-Unbound|Hoopa-Unbound|208/301","|","|turn|26","|","|move|p2a: Hoopa-Unbound|Hyperspace Fury|p1a: Gloria","|-damage|p1a: Gloria|21/420","|-unboost|p2a: Hoopa-Unbound|def|1","|-damage|p2a: Hoopa-Unbound|178/301|[from] item: Life Orb","|move|p1a: Gloria|Slack Off|p1a: Gloria","|-heal|p1a: Gloria|231/420","|","|turn|27","|","|move|p2a: Hoopa-Unbound|Zen Headbutt|p1a: Gloria|[miss]","|-miss|p2a: Hoopa-Unbound|p1a: Gloria","|move|p1a: Gloria|Earthquake|p2a: Hoopa-Unbound","|-damage|p2a: Hoopa-Unbound|0 fnt","|faint|p2a: Hoopa-Unbound","|","|","|switch|p2a: Hydreigon|Hydreigon, F|245/325 tox","|turn|28","|","|move|p2a: Hydreigon|Hidden Power|p1a: Gloria","|-supereffective|p1a: Gloria","|-damage|p1a: Gloria|69/420","|move|p1a: Gloria|Slack Off|p1a: Gloria","|-heal|p1a: Gloria|279/420","|","|-damage|p2a: Hydreigon|225/325 tox|[from] psn","|turn|29","|","|move|p2a: Hydreigon|Hidden Power|p1a: Gloria","|-supereffective|p1a: Gloria","|-damage|p1a: Gloria|119/420","|move|p1a: Gloria|Slack Off|p1a: Gloria","|-heal|p1a: Gloria|329/420","|","|-damage|p2a: Hydreigon|185/325 tox|[from] psn","|turn|30","|","|move|p2a: Hydreigon|Hidden Power|p1a: Gloria","|-supereffective|p1a: Gloria","|-damage|p1a: Gloria|183/420","|move|p1a: Gloria|Slack Off|p1a: Gloria","|-heal|p1a: Gloria|393/420","|","|-damage|p2a: Hydreigon|125/325 tox|[from] psn","|turn|31","|","|move|p2a: Hydreigon|Hidden Power|p1a: Gloria","|-supereffective|p1a: Gloria","|-damage|p1a: Gloria|243/420","|move|p1a: Gloria|Slack Off|p1a: Gloria","|-heal|p1a: Gloria|420/420","|","|-damage|p2a: Hydreigon|45/325 tox|[from] psn","|turn|32","|","|move|p2a: Hydreigon|Hidden Power|p1a: Gloria","|-supereffective|p1a: Gloria","|-damage|p1a: Gloria|258/420","|move|p1a: Gloria|Slack Off|p1a: Gloria","|-heal|p1a: Gloria|420/420","|","|-damage|p2a: Hydreigon|0 fnt|[from] psn","|faint|p2a: Hydreigon","|","|switch|p2a: Hoodlum|Scrafty, M|272/272","|turn|33","|","|switch|p1a: Cindy|Gastrodon, M|273/425","|move|p2a: Hoodlum|Dragon Dance|p2a: Hoodlum","|-boost|p2a: Hoodlum|atk|1","|-boost|p2a: Hoodlum|spe|1","|","|turn|34","|","|move|p2a: Hoodlum|Dragon Dance|p2a: Hoodlum","|-boost|p2a: Hoodlum|atk|1","|-boost|p2a: Hoodlum|spe|1","|move|p1a: Cindy|Scald|p2a: Hoodlum","|-damage|p2a: Hoodlum|190/272","|","|turn|35","|","|move|p2a: Hoodlum|Drain Punch|p1a: Cindy","|-damage|p1a: Cindy|66/425","|-heal|p2a: Hoodlum|272/272|[from] drain|[of] p1a: Cindy","|move|p1a: Cindy|Recover|p1a: Cindy","|-heal|p1a: Cindy|279/425","|","|turn|36","|","|move|p2a: Hoodlum|Drain Punch|p1a: Cindy","|-damage|p1a: Cindy|68/425","|move|p1a: Cindy|Scald|p2a: Hoodlum","|-damage|p2a: Hoodlum|194/272","|","|turn|37","|","|move|p2a: Hoodlum|Drain Punch|p1a: Cindy","|-damage|p1a: Cindy|0 fnt","|-heal|p2a: Hoodlum|228/272|[from] drain|[of] p1a: Cindy","|faint|p1a: Cindy","|-boost|p2a: Hoodlum|atk|1|[from] ability: Moxie","|","|","|switch|p1a: SafteyShark|Garchomp, M, shiny|192/357","|turn|38","|","|move|p1a: SafteyShark|Outrage|p2a: Hoodlum","|-damage|p2a: Hoodlum|24/272","|move|p2a: Hoodlum|Ice Punch|p1a: SafteyShark","|-supereffective|p1a: SafteyShark","|-damage|p1a: SafteyShark|0 fnt","|faint|p1a: SafteyShark","|-boost|p2a: Hoodlum|atk|1|[from] ability: Moxie","|","|","|switch|p1a: Gloria|Hippowdon, F, shiny|420/420","|-weather|Sandstorm","|turn|39","|","|move|p2a: Hoodlum|Drain Punch|p1a: Gloria","|-damage|p1a: Gloria|161/420","|-heal|p2a: Hoodlum|154/272|[from] drain|[of] p1a: Gloria","|move|p1a: Gloria|Earthquake|p2a: Hoodlum","|-damage|p2a: Hoodlum|30/272","|","|-weather|Sandstorm|[upkeep]","|-damage|p2a: Hoodlum|13/272|[from] sandstorm","|turn|40","|","|move|p2a: Hoodlum|Drain Punch|p1a: Gloria","|-damage|p1a: Gloria|0 fnt","|-heal|p2a: Hoodlum|94/272|[from] drain|[of] p1a: Gloria","|faint|p1a: Gloria","|-boost|p2a: Hoodlum|atk|1|[from] ability: Moxie","|","|-weather|Sandstorm|[upkeep]","|-damage|p2a: Hoodlum|77/272|[from] sandstorm","|","|switch|p1a: Iris|Excadrill, F|361/361","|turn|41","|","|move|p1a: Iris|Iron Head|p2a: Hoodlum","|-damage|p2a: Hoodlum|0 fnt","|-damage|p1a: Iris|325/361|[from] item: Life Orb","|faint|p2a: Hoodlum","|","|win|Fluffy Coconuts"],"p1rating":{"entryid":"421976","serverid":"eos","formatid":"monotype","userid":"fluffycoconuts","username":"Fluffy Coconuts","w":2,"l":"0","t":"0","gxe":59.3,"r":"1500","rd":"130","sigma":"0","rptime":"1440406800","rpr":1574.3117894776,"rprd":116.07195506991,"rpsigma":"0","acre":1071.7363621832,"lacre":1071.7363621832,"oldacre":"1040"},"p2rating":{"entryid":"166635","serverid":"eos","formatid":"monotype","userid":"djgible","username":"DJ Gible","w":"3","l":8,"t":"0","gxe":36.7,"r":"1543.9111610629","rd":"123.07983607339","sigma":"0","rptime":"1440406800","rpr":1394.4313410147,"rprd":85.716070274198,"rpsigma":"0","acre":1005.1430575526,"lacre":1005.1430575526,"oldacre":"1016.8343100858"},"endType":"normal"}