{"seed":[11507,44161,12393,42722],"turns":22,"p1":"Carnie Red","p2":"BlizzardBuffalo123","p1team":[{"name":"Diancie","species":"Diancie","item":"diancite","ability":"Clear Body","moves":["moonblast","calmmind","protect","ancientpower"],"nature":"Timid","evs":{"hp":0,"atk":0,"def":0,"spa":252,"spd":4,"spe":252},"ivs":{"hp":31,"atk":31,"def":31,"spa":31,"spd":31,"spe":31}},{"name":"Klefki","species":"Klefki","item":"lightclay","ability":"Prankster","moves":["foulplay","lightscreen","reflect","thunderwave"],"nature":"Bold","evs":{"hp":248,"atk":0,"def":252,"spa":0,"spd":8,"spe":0},"ivs":{"hp":31,"atk":31,"def":31,"spa":31,"spd":31,"spe":31}},{"name":"Togetic","species":"Togetic","item":"eviolite","ability":"Serene Grace","moves":["dazzlinggleam","healbell","roost","toxic"],"nature":"Calm","evs":{"hp":248,"atk":0,"def":0,"spa":8,"spd":252,"spe":0},"ivs":{"hp":31,"atk":31,"def":31,"spa":31,"spd":31,"spe":31}},{"name":"Mawile","species":"Mawile","item":"choiceband","ability":"Intimidate","moves":["ironhead","knockoff","suckerpunch","playrough"],"nature":"Adamant","evs":{"hp":248,"atk":252,"def":0,"spa":0,"spd":8,"spe":0},"ivs":{"hp":31,"atk":31,"def":31,"spa":31,"spd":31,"spe":31}},{"name":"Slurpuff","species":"Slurpuff","item":"sitrusberry","ability":"Unburden","moves":["playrough","bellydrum","drainpunch","return"],"nature":"Adamant","evs":{"hp":4,"atk":252,"def":0,"spa":0,"spd":0,"spe":252},"ivs":{"hp":31,"atk":31,"def":31,"spa":31,"spd":31,"spe":31}},{"name":"Whimsicott","species":"Whimsicott","item":"leftovers","ability":"Prankster","moves":["moonblast","tailwind","encore","leechseed"],"nature":"Bold","evs":{"hp":252,"atk":0,"def":252,"spa":4,"spd":0,"spe":0},"ivs":{"hp":31,"atk":31,"def":31,"spa":31,"spd":31,"spe":31}}],"p2team":[{"name":"Weavile","species":"Weavile","item":"lifeorb","ability":"Pressure","moves":["fakeout","knockoff","lowkick","iciclecrash"],"nature":"Jolly","evs":{"hp":0,"atk":252,"def":0,"spa":0,"spd":4,"spe":252},"ivs":{"hp":31,"atk":31,"def":31,"spa":31,"spd":31,"spe":31}},{"name":"Kyurem-Black","species":"Kyurem-Black","item":"choiceband","ability":"Teravolt","moves":["outrage","fusionbolt","freezeshock","ironhead"],"nature":"Adamant","evs":{"hp":248,"atk":252,"def":0,"spa":0,"spd":8,"spe":0},"ivs":{"hp":31,"atk":31,"def":31,"spa":31,"spd":31,"spe":31}},{"name":"Cloyster","species":"Cloyster","item":"focussash","ability":"Skill Link","moves":["razorshell","shellsmash","iciclespear","rockblast"],"nature":"Adamant","evs":{"hp":0,"atk":252,"def":0,"spa":0,"spd":4,"spe":252},"ivs":{"hp":31,"atk":31,"def":31,"spa":31,"spd":31,"spe":31}},{"name":"Froslass","species":"Froslass","item":"focussash","ability":"Cursed Body","moves":["thunderwave","destinybond","crunch","avalanche"],"nature":"Jolly","evs":{"hp":0,"atk":252,"def":0,"spa":0,"spd":4,"spe":252},"ivs":{"hp":31,"atk":31,"def":31,"spa":31,"spd":31,"spe":31}},{"name":"Mamoswine","species":"Mamoswine","item":"choicescarf","ability":"Oblivious","moves":["earthquake","iceshard","ironhead","rockslide"],"nature":"Jolly","evs":{"hp":0,"atk":252,"def":0,"spa":0,"spd":4,"spe":252},"ivs":{"hp":31,"atk":31,"def":31,"spa":31,"spd":31,"spe":31}},{"name":"Avalugg","species":"Avalugg","item":"leftovers","ability":"Own Tempo","moves":["recover","toxic","avalanche","rapidspin"],"nature":"Impish","evs":{"hp":252,"atk":4,"def":252,"spa":0,"spd":0,"spe":0},"ivs":{"hp":31,"atk":31,"def":31,"spa":31,"spd":31,"spe":31}}],"log":["|player|p1|Carnie Red|162","|player|p2|BlizzardBuffalo123|92","|gametype|singles","|gen|6","|tier|Monotype","|rated","|rule|Baton Pass Clause: Limit one Baton Passer, can't pass Spe and other stats simultaneously","|rule|Swagger Clause: Swagger is banned","|rule|Same Type Clause: Pokémon in a team must share a type","|clearpoke","|poke|p1|Diancie","|poke|p1|Klefki, F","|poke|p1|Togetic, F","|poke|p1|Mawile, F","|poke|p1|Slurpuff, F","|poke|p1|Whimsicott, F","|poke|p2|Weavile, M","|poke|p2|Kyurem-Black","|poke|p2|Cloyster, F","|poke|p2|Froslass, F","|poke|p2|Mamoswine, F","|poke|p2|Avalugg, M","|rule|Sleep Clause Mod: Limit one foe put to sleep","|rule|Species Clause: Limit one of each Pokémon","|rule|OHKO Clause: OHKO moves are banned","|rule|Moody Clause: Moody is banned","|rule|Evasion Moves Clause: Evasion moves are banned","|rule|Endless Battle Clause: Forcing endless battles is banned","|rule|HP Percentage Mod: HP is shown in percentages","|teampreview","|","|start","|switch|p1a: Klefki|Klefki, F|317/317","|switch|p2a: Mamoswine|Mamoswine, F|361/361","|turn|1","|","|switch|p1a: Togetic|Togetic, F|313/313","|move|p2a: Mamoswine|Earthquake|p1a: Togetic","|-immune|p1a: Togetic|[msg]","|","|turn|2","|","|switch|p2a: Cloyster|Cloyster, F|241/241","|move|p1a: Togetic|Toxic|p2a: Cloyster","|-status|p2a: Cloyster|tox","|","|-damage|p2a: Cloyster|226/241 tox|[from] psn","|turn|3","|","|switch|p1a: Klefki|Klefki, F|317/317","|move|p2a: Cloyster|Icicle Spear|p1a: Klefki","|-resisted|p1a: Klefki","|-damage|p1a: Klefki|302/317","|-resisted|p1a: Klefki","|-damage|p1a: Klefki|287/317","|-resisted|p1a: Klefki","|-damage|p1a: Klefki|272/317","|-resisted|p1a: Klefki","|-damage|p1a: Klefki|255/317","|-resisted|p1a: Klefki","|-damage|p1a: Klefki|240/317","|-hitcount|p1a: Klefki|5","|","|-damage|p2a: Cloyster|196/241 tox|[from] psn","|turn|4","|","|move|p1a: Klefki|Reflect|p1a: Klefki","|-sidestart|p1: Carnie Red|Reflect","|move|p2a: Cloyster|Shell Smash|p2a: Cloyster","|-unboost|p2a: Cloyster|def|1","|-unboost|p2a: Cloyster|spd|1","|-boost|p2a: Cloyster|atk|2","|-boost|p2a: Cloyster|spa|2","|-boost|p2a: Cloyster|spe|2","|","|-damage|p2a: Cloyster|151/241 tox|[from] psn","|turn|5","|","|move|p1a: Klefki|Light Screen|p1a: Klefki","|-sidestart|p1: Carnie Red|move: Light Screen","|move|p2a: Cloyster|Razor Shell|p1a: Klefki","|-damage|p1a: Klefki|150/317","|-unboost|p1a: Klefki|def|1","|","|-damage|p2a: Cloyster|91/241 tox|[from] psn","|turn|6","|","|move|p2a: Cloyster|Razor Shell|p1a: Klefki","|-damage|p1a: Klefki|25/317","|move|p1a: Klefki|Foul Play|p2a: Cloyster","|-damage|p2a: Cloyster|0 fnt","|faint|p2a: Cloyster","|","|","|switch|p2a: Kyurem-Black|Kyurem-Black|453/453","|-ability|p2a: Kyurem-Black|Teravolt","|turn|7","|","|move|p1a: Klefki|Thunder Wave|p2a: Kyurem-Black","|-status|p2a: Kyurem-Black|par","|move|p2a: Kyurem-Black|Iron Head|p1a: Klefki","|-damage|p1a: Klefki|0 fnt","|faint|p1a: Klefki","|","|","|switch|p1a: Mawile|Mawile, F|303/303","|-ability|p1a: Mawile|Intimidate","|-unboost|p2a: Kyurem-Black|atk|1","|turn|8","|","|switch|p2a: Froslass|Froslass, F|281/281","|move|p1a: Mawile|Iron Head|p2a: Froslass","|-supereffective|p2a: Froslass","|-enditem|p2a: Froslass|Focus Sash","|-damage|p2a: Froslass|1/281","|","|turn|9","|","|switch|p1a: Whimsicott|Whimsicott, F|324/324","|move|p2a: Froslass|Thunder Wave|p1a: Whimsicott","|-status|p1a: Whimsicott|par","|","|turn|10","|","|move|p1a: Whimsicott|Encore|p2a: Froslass","|-start|p2a: Froslass|Encore","|move|p2a: Froslass|Thunder Wave|p1a: Whimsicott","|-fail|p1a: Whimsicott|par","|","|turn|11","|","|move|p1a: Whimsicott|Leech Seed|p2a: Froslass","|-start|p2a: Froslass|move: Leech Seed","|move|p2a: Froslass|Thunder Wave|p1a: Whimsicott","|-fail|p1a: Whimsicott|par","|","|-damage|p2a: Froslass|0 fnt|[from] Leech Seed|[of] p1a: Whimsicott","|-sideend|p1: Carnie Red|Reflect","|faint|p2a: Froslass","|","|switch|p2a: Weavile|Weavile, M|281/281","|-ability|p2a: Weavile|Pressure","|turn|12","|","|move|p1a: Whimsicott|Leech Seed|p2a: Weavile","|-start|p2a: Weavile|move: Leech Seed","|move|p2a: Weavile|Icicle Crash|p1a: Whimsicott","|-supereffective|p1a: Whimsicott","|-damage|p1a: Whimsicott|20/324 par","|-damage|p2a: Weavile|253/281|[from] item: Life Orb","|","|-heal|p1a: Whimsicott|40/324 par|[from] item: Leftovers","|-damage|p2a: Weavile|218/281|[from] Leech Seed|[of] p1a: Whimsicott","|-heal|p1a: Whimsicott|75/324 par|[silent]","|-sideend|p1: Carnie Red|move: Light Screen","|turn|13","|","|move|p1a: Whimsicott|Tailwind|p1a: Whimsicott","|-sidestart|p1: Carnie Red|move: Tailwind","|move|p2a: Weavile|Icicle Crash|p1a: Whimsicott","|-supereffective|p1a: Whimsicott","|-damage|p1a: Whimsicott|0 fnt","|-damage|p2a: Weavile|190/281|[from] item: Life Orb","|faint|p1a: Whimsicott","|","|","|switch|p1a: Diancie|Diancie|241/241","|turn|14","|","|detailschange|p1a: Diancie|Diancie-Mega","|-mega|p1a: Diancie|Diancie|Diancite","|move|p1a: Diancie|Ancient Power|p2a: Weavile","|-supereffective|p2a: Weavile","|-damage|p2a: Weavile|0 fnt","|faint|p2a: Weavile","|","|","|switch|p2a: Mamoswine|Mamoswine, F|361/361","|turn|15","|","|move|p1a: Diancie|Moonblast|p2a: Mamoswine","|-damage|p2a: Mamoswine|73/361","|-unboost|p2a: Mamoswine|spa|1","|move|p2a: Mamoswine|Earthquake|p1a: Diancie","|-supereffective|p1a: Diancie","|-damage|p1a: Diancie|0 fnt","|faint|p1a: Diancie","|","|","|switch|p1a: Mawile|Mawile, F|303/303","|-ability|p1a: Mawile|Intimidate","|-unboost|p2a: Mamoswine|atk|1","|turn|16","|","|switch|p2a: Avalugg|Avalugg, M|394/394","|move|p1a: Mawile|Iron Head|p2a: Avalugg","|-crit|p2a: Avalugg","|-supereffective|p2a: Avalugg","|-damage|p2a: Avalugg|166/394","|","|-heal|p2a: Avalugg|190/394|[from] item: Leftovers","|-sideend|p1: Carnie Red|move: Tailwind","|turn|17","|","|move|p1a: Mawile|Iron Head|p2a: Avalugg","|-crit|p2a: Avalugg","|-supereffective|p2a: Avalugg","|-damage|p2a: Avalugg|0 fnt","|faint|p2a: Avalugg","|","|","|switch|p2a: Mamoswine|Mamoswine, F|73/361","|turn|18","|","|switch|p1a: Togetic|Togetic, F|313/313","|move|p2a: Mamoswine|Earthquake|p1a: Togetic","|-immune|p1a: Togetic|[msg]","|","|turn|19","|","|switch|p2a: Kyurem-Black|Kyurem-Black|453/453 par","|-ability|p2a: Kyurem-Black|Teravolt","|move|p1a: Togetic|Dazzling Gleam|p2a: Kyurem-Black","|-supereffective|p2a: Kyurem-Black","|-damage|p2a: Kyurem-Black|283/453 par","|","|turn|20","|","|switch|p1a: Mawile|Mawile, F|303/303","|-ability|p1a: Mawile|Intimidate","|-unboost|p2a: Kyurem-Black|atk|1","|cant|p2a: Kyurem-Black|par","|","|turn|21","|","|move|p1a: Mawile|Iron Head|p2a: Kyurem-Black","|-supereffective|p2a: Kyurem-Black","|-damage|p2a: Kyurem-Black|0 fnt","|faint|p2a: Kyurem-Black","|","|","|switch|p2a: Mamoswine|Mamoswine, F|73/361","|turn|22","|","|move|p2a: Mamoswine|Iron Head|p1a: Mawile","|-damage|p1a: Mawile|189/303","|move|p1a: Mawile|Iron Head|p2a: Mamoswine","|-supereffective|p2a: Mamoswine","|-damage|p2a: Mamoswine|0 fnt","|faint|p2a: Mamoswine","|","|win|Carnie Red"],"p1rating":{"entryid":"272068","serverid":"eos","formatid":"monotype","userid":"carniered","username":"Carnie Red","w":11,"l":"3","t":"0","gxe":65.9,"r":"1606.4584837125","rd":"87.917289443417","sigma":"0","rptime":"1440406800","rpr":1627.4407867244,"rprd":79.853037347609,"rpsigma":"0","acre":1193.0784994346,"lacre":1193.0784994346,"oldacre":"1177.4699325143"},"p2rating":{"entryid":"123638","serverid":"eos","formatid":"monotype","userid":"blizzardbuffalo123","username":"Blizzardbuffalo123","w":"1","l":9,"t":"0","gxe":30.7,"r":"1371.8534088372","rd":"107.74947055683","sigma":"0","rptime":"1440406800","rpr":1341.9381200675,"rprd":91.12628751861,"rpsigma":"0","acre":1030.2235413229,"lacre":1030.2235413229,"oldacre":"1040.2350355616"},"endType":"normal"}