{"seed":[46128,46715,29656,65465],"turns":31,"p1":"SolarStar12","p2":"Bugy","p1team":[{"name":"Klefki","species":"Klefki","item":"choicescarf","ability":"Prankster","moves":["thunderwave","calmmind","switcheroo","drainingkiss"],"nature":"Bold","evs":{"hp":252,"atk":0,"def":252,"spa":0,"spd":0,"spe":0},"ivs":{"hp":31,"atk":31,"def":31,"spa":31,"spd":31,"spe":31}},{"name":"Togekiss","species":"Togekiss","item":"babiriberry","ability":"Serene Grace","moves":["flamethrower","airslash","roost","nastyplot"],"nature":"Calm","evs":{"hp":248,"atk":0,"def":0,"spa":8,"spd":252,"spe":0},"ivs":{"hp":31,"atk":31,"def":31,"spa":31,"spd":31,"spe":31}},{"name":"Gardevoir","species":"Gardevoir","item":"assaultvest","ability":"Trace","moves":["psychic","moonblast","focusblast","energyball"],"nature":"Modest","evs":{"hp":248,"atk":0,"def":0,"spa":252,"spd":8,"spe":0},"ivs":{"hp":31,"atk":31,"def":31,"spa":31,"spd":31,"spe":31}},{"name":"Azumarill","species":"Azumarill","item":"sitrusberry","ability":"Huge Power","moves":["playrough","aquatail","superpower","icepunch"],"nature":"Adamant","evs":{"hp":248,"atk":252,"def":0,"spa":0,"spd":8,"spe":0},"ivs":{"hp":31,"atk":31,"def":31,"spa":31,"spd":31,"spe":31}},{"name":"Whimsicott","species":"Whimsicott","item":"leftovers","ability":"Prankster","moves":["stunspore","encore","leechseed","uturn"],"nature":"Bold","evs":{"hp":252,"atk":0,"def":128,"spa":0,"spd":128,"spe":0},"ivs":{"hp":31,"atk":31,"def":31,"spa":31,"spd":31,"spe":31}},{"name":"Diancie","species":"Diancie","item":"diancite","ability":"Clear Body","moves":["moonblast","diamondstorm","earthpower","protect"],"nature":"","evs":{"hp":252,"atk":0,"def":0,"spa":252,"spd":4,"spe":0},"ivs":{"hp":31,"atk":31,"def":31,"spa":31,"spd":31,"spe":31}}],"p2team":[{"name":"Volcin","species":"volcarona","item":"leftovers","ability":"Flame Body","moves":["bugbuzz","fierydance","quiverdance","hiddenpowerground"],"nature":"Modest","evs":{"hp":0,"atk":0,"def":0,"spa":252,"spd":4,"spe":252},"ivs":{"hp":31,"atk":31,"def":31,"spa":30,"spd":30,"spe":31},"shiny":true},{"name":"Snap SNip","species":"scizor","item":"scizorite","ability":"Technician","moves":["swordsdance","bulletpunch","roost","uturn"],"nature":"Impish","evs":{"hp":248,"atk":8,"def":252,"spa":0,"spd":0,"spe":0},"shiny":true,"ivs":{"hp":31,"atk":31,"def":31,"spa":31,"spd":31,"spe":31}},{"name":"Rocky","species":"heracross","item":"choicescarf","ability":"Moxie","moves":["closecombat","megahorn","stoneedge","earthquake"],"nature":"Jolly","evs":{"hp":0,"atk":252,"def":0,"spa":0,"spd":4,"spe":252},"shiny":true,"ivs":{"hp":31,"atk":31,"def":31,"spa":31,"spd":31,"spe":31}},{"name":"Billy","species":"armaldo","item":"leftovers","ability":"Battle Armor","moves":["stealthrock","rockblast","rapidspin","knockoff"],"nature":"Adamant","evs":{"hp":252,"atk":252,"def":0,"spa":0,"spd":4,"spe":0},"shiny":true,"ivs":{"hp":31,"atk":31,"def":31,"spa":31,"spd":31,"spe":31}},{"name":"Durant","species":"Durant","item":"widelens","ability":"Hustle","moves":["ironhead","honeclaws","xscissor","superpower"],"nature":"Jolly","evs":{"hp":0,"atk":252,"def":0,"spa":0,"spd":4,"spe":252},"shiny":true,"ivs":{"hp":31,"atk":31,"def":31,"spa":31,"spd":31,"spe":31}},{"name":"Galvantula","species":"Galvantula","item":"focussash","ability":"Compound Eyes","moves":["thunder","stickyweb","thunderwave","protect"],"nature":"Timid","evs":{"hp":248,"atk":0,"def":0,"spa":8,"spd":0,"spe":252},"shiny":true,"ivs":{"hp":31,"atk":31,"def":31,"spa":31,"spd":31,"spe":31}}],"log":["|player|p1|SolarStar12|101","|player|p2|Bugy|66","|gametype|singles","|gen|6","|tier|Monotype","|rated","|rule|Baton Pass Clause: Limit one Baton Passer, can't pass Spe and other stats simultaneously","|rule|Swagger Clause: Swagger is banned","|rule|Same Type Clause: Pokémon in a team must share a type","|clearpoke","|poke|p1|Klefki, M","|poke|p1|Togekiss, M","|poke|p1|Gardevoir, F","|poke|p1|Azumarill, M","|poke|p1|Whimsicott, M","|poke|p1|Diancie","|poke|p2|Volcarona, M, shiny","|poke|p2|Scizor, M, shiny","|poke|p2|Heracross, M, shiny","|poke|p2|Armaldo, F, shiny","|poke|p2|Durant, F, shiny","|poke|p2|Galvantula, M, shiny","|rule|Sleep Clause Mod: Limit one foe put to sleep","|rule|Species Clause: Limit one of each Pokémon","|rule|OHKO Clause: OHKO moves are banned","|rule|Moody Clause: Moody is banned","|rule|Evasion Moves Clause: Evasion moves are banned","|rule|Endless Battle Clause: Forcing endless battles is banned","|rule|HP Percentage Mod: HP is shown in percentages","|teampreview","|","|start","|switch|p1a: Klefki|Klefki, M|318/318","|switch|p2a: Galvantula|Galvantula, M, shiny|343/343","|turn|1","|","|move|p1a: Klefki|Switcheroo|p2a: Galvantula","|-activate|p1a: Klefki|move: Trick|[of] p2a: Galvantula","|-item|p2a: Galvantula|Choice Scarf|[from] Trick","|-item|p1a: Klefki|Focus Sash|[from] Trick","|move|p2a: Galvantula|Thunder Wave|p1a: Klefki","|-status|p1a: Klefki|par","|","|turn|2","|","|switch|p2a: Volcin|Volcarona, M, shiny|311/311","|move|p1a: Klefki|Calm Mind|p1a: Klefki","|-boost|p1a: Klefki|spa|1","|-boost|p1a: Klefki|spd|1","|","|turn|3","|","|switch|p2a: Galvantula|Galvantula, M, shiny|343/343","|move|p1a: Klefki|Thunder Wave|p2a: Galvantula","|-immune|p2a: Galvantula|[msg]","|","|turn|4","|","|move|p1a: Klefki|Calm Mind|p1a: Klefki","|-boost|p1a: Klefki|spa|1","|-boost|p1a: Klefki|spd|1","|move|p2a: Galvantula|Sticky Web|p1a: Klefki","|-sidestart|p1: SolarStar12|move: Sticky Web","|","|turn|5","|","|switch|p2a: Billy|Armaldo, F, shiny|354/354","|move|p1a: Klefki|Calm Mind|p1a: Klefki","|-boost|p1a: Klefki|spa|1","|-boost|p1a: Klefki|spd|1","|","|turn|6","|","|move|p1a: Klefki|Thunder Wave|p2a: Billy","|-status|p2a: Billy|par","|cant|p2a: Billy|par","|","|turn|7","|","|move|p1a: Klefki|Draining Kiss|p2a: Billy","|-damage|p2a: Billy|206/354 par","|move|p2a: Billy|Knock Off|p1a: Klefki","|-crit|p1a: Klefki","|-resisted|p1a: Klefki","|-damage|p1a: Klefki|245/318 par","|-enditem|p1a: Klefki|Focus Sash|[from] move: Knock Off|[of] p2a: Billy","|","|-heal|p2a: Billy|228/354 par|[from] item: Leftovers","|turn|8","|","|move|p1a: Klefki|Calm Mind|p1a: Klefki","|-boost|p1a: Klefki|spa|1","|-boost|p1a: Klefki|spd|1","|move|p2a: Billy|Stealth Rock|p1a: Klefki","|-sidestart|p1: SolarStar12|move: Stealth Rock","|","|-heal|p2a: Billy|250/354 par|[from] item: Leftovers","|turn|9","|","|move|p1a: Klefki|Draining Kiss|p2a: Billy","|-damage|p2a: Billy|66/354 par","|-heal|p1a: Klefki|318/318 par|[from] drain|[of] p2a: Billy","|move|p2a: Billy|Rock Blast|p1a: Klefki","|-resisted|p1a: Klefki","|-damage|p1a: Klefki|297/318 par","|-resisted|p1a: Klefki","|-damage|p1a: Klefki|279/318 par","|-hitcount|p1a: Klefki|2","|","|-heal|p2a: Billy|88/354 par|[from] item: Leftovers","|turn|10","|","|move|p1a: Klefki|Draining Kiss|p2a: Billy","|-damage|p2a: Billy|0 fnt","|-heal|p1a: Klefki|318/318 par|[from] drain|[of] p2a: Billy","|faint|p2a: Billy","|","|","|switch|p2a: Volcin|Volcarona, M, shiny|311/311","|turn|11","|","|move|p1a: Klefki|Thunder Wave|p2a: Volcin","|-status|p2a: Volcin|par","|move|p2a: Volcin|Quiver Dance|p2a: Volcin","|-boost|p2a: Volcin|spa|1","|-boost|p2a: Volcin|spd|1","|-boost|p2a: Volcin|spe|1","|","|turn|12","|","|cant|p2a: Volcin|par","|move|p1a: Klefki|Draining Kiss|p2a: Volcin","|-resisted|p2a: Volcin","|-damage|p2a: Volcin|263/311 par","|","|-heal|p2a: Volcin|282/311 par|[from] item: Leftovers","|turn|13","|","|switch|p1a: Togekiss|Togekiss, M|373/373","|-damage|p1a: Togekiss|280/373|[from] Stealth Rock","|cant|p2a: Volcin|par","|","|-heal|p2a: Volcin|301/311 par|[from] item: Leftovers","|turn|14","|","|move|p1a: Togekiss|Air Slash|p2a: Volcin","|-supereffective|p2a: Volcin","|-damage|p2a: Volcin|163/311 par","|move|p2a: Volcin|Fiery Dance|p1a: Togekiss","|-damage|p1a: Togekiss|126/373","|-boost|p2a: Volcin|spa|1","|","|-heal|p2a: Volcin|182/311 par|[from] item: Leftovers","|turn|15","|","|move|p1a: Togekiss|Air Slash|p2a: Volcin","|-supereffective|p2a: Volcin","|-damage|p2a: Volcin|44/311 par","|cant|p2a: Volcin|flinch","|","|-heal|p2a: Volcin|63/311 par|[from] item: Leftovers","|turn|16","|","|move|p1a: Togekiss|Air Slash|p2a: Volcin","|-supereffective|p2a: Volcin","|-damage|p2a: Volcin|0 fnt","|faint|p2a: Volcin","|","|","|switch|p2a: Snap SNip|Scizor, M, shiny|343/343","|turn|17","|","|detailschange|p2a: Snap SNip|Scizor-Mega, M, shiny","|-mega|p2a: Snap SNip|Scizor|Scizorite","|move|p2a: Snap SNip|Bullet Punch|p1a: Togekiss","|-supereffective|p1a: Togekiss","|-enditem|p1a: Togekiss|Babiri Berry|[eat]","|-damage|p1a: Togekiss|24/373","|move|p1a: Togekiss|Flamethrower|p2a: Snap SNip","|-supereffective|p2a: Snap SNip","|-damage|p2a: Snap SNip|0 fnt","|faint|p2a: Snap SNip","|","|","|switch|p2a: Galvantula|Galvantula, M, shiny|343/343","|turn|18","|","|move|p2a: Galvantula|Thunder|p1a: Togekiss|[miss]","|-miss|p2a: Galvantula|p1a: Togekiss","|move|p1a: Togekiss|Roost|p1a: Togekiss","|-heal|p1a: Togekiss|211/373","|","|turn|19","|","|move|p2a: Galvantula|Thunder|p1a: Togekiss|[miss]","|-miss|p2a: Galvantula|p1a: Togekiss","|move|p1a: Togekiss|Air Slash|p2a: Galvantula","|-damage|p2a: Galvantula|181/343","|","|turn|20","|","|move|p2a: Galvantula|Thunder|p1a: Togekiss","|-supereffective|p1a: Togekiss","|-damage|p1a: Togekiss|43/373","|move|p1a: Togekiss|Air Slash|p2a: Galvantula","|-damage|p2a: Galvantula|33/343","|","|turn|21","|","|move|p2a: Galvantula|Thunder|p1a: Togekiss","|-supereffective|p1a: Togekiss","|-damage|p1a: Togekiss|0 fnt","|faint|p1a: Togekiss","|","|","|switch|p1a: Klefki|Klefki, M|318/318 par","|-damage|p1a: Klefki|299/318 par|[from] Stealth Rock","|-activate|p1a: Klefki|move: Sticky Web","|-unboost|p1a: Klefki|spe|1","|turn|22","|","|switch|p2a: Rocky|Heracross, M, shiny|301/301","|move|p1a: Klefki|Calm Mind|p1a: Klefki","|-boost|p1a: Klefki|spa|1","|-boost|p1a: Klefki|spd|1","|","|turn|23","|","|move|p1a: Klefki|Thunder Wave|p2a: Rocky","|-status|p2a: Rocky|par","|move|p2a: Rocky|Earthquake|p1a: Klefki","|-supereffective|p1a: Klefki","|-damage|p1a: Klefki|135/318 par","|","|turn|24","|","|move|p2a: Rocky|Earthquake|p1a: Klefki","|-supereffective|p1a: Klefki","|-damage|p1a: Klefki|0 fnt","|faint|p1a: Klefki","|-boost|p2a: Rocky|atk|1|[from] ability: Moxie","|","|","|switch|p1a: Diancie|Diancie|304/304","|-activate|p1a: Diancie|move: Sticky Web","|-fail|p1a: Diancie|unboost|[from] ability: Clear Body|[of] p1a: Diancie","|-damage|p1a: Diancie|266/304|[from] Stealth Rock","|turn|25","|","|detailschange|p1a: Diancie|Diancie-Mega","|-mega|p1a: Diancie|Diancie|Diancite","|move|p1a: Diancie|Moonblast|p2a: Rocky","|-supereffective|p2a: Rocky","|-damage|p2a: Rocky|0 fnt","|faint|p2a: Rocky","|","|","|switch|p2a: Galvantula|Galvantula, M, shiny|33/343","|turn|26","|","|move|p1a: Diancie|Protect|p1a: Diancie","|-singleturn|p1a: Diancie|Protect","|move|p2a: Galvantula|Thunder|p1a: Diancie","|-activate|p1a: Diancie|Protect","|","|turn|27","|","|move|p2a: Galvantula|Thunder|p1a: Diancie","|-damage|p1a: Diancie|140/304","|move|p1a: Diancie|Diamond Storm|p2a: Galvantula","|-supereffective|p2a: Galvantula","|-damage|p2a: Galvantula|0 fnt","|-boost|p1a: Diancie|def|1","|faint|p2a: Galvantula","|","|","|switch|p2a: Durant|Durant, F, shiny|257/257","|turn|28","|","|move|p2a: Durant|Iron Head|p1a: Diancie","|-supereffective|p1a: Diancie","|-damage|p1a: Diancie|0 fnt","|faint|p1a: Diancie","|","|","|switch|p1a: Whimsicott|Whimsicott, M|324/324","|-activate|p1a: Whimsicott|move: Sticky Web","|-unboost|p1a: Whimsicott|spe|1","|-damage|p1a: Whimsicott|284/324|[from] Stealth Rock","|turn|29","|","|move|p1a: Whimsicott|Stun Spore|p2a: Durant","|-status|p2a: Durant|par","|move|p2a: Durant|Iron Head|p1a: Whimsicott","|-supereffective|p1a: Whimsicott","|-damage|p1a: Whimsicott|0 fnt","|faint|p1a: Whimsicott","|","|","|switch|p1a: Azumarill|Azumarill, M|403/403","|-activate|p1a: Azumarill|move: Sticky Web","|-unboost|p1a: Azumarill|spe|1","|-damage|p1a: Azumarill|353/403|[from] Stealth Rock","|turn|30","|","|move|p1a: Azumarill|Superpower|p2a: Durant","|-damage|p2a: Durant|105/257 par","|-unboost|p1a: Azumarill|atk|1","|-unboost|p1a: Azumarill|def|1","|move|p2a: Durant|Iron Head|p1a: Azumarill","|-damage|p1a: Azumarill|0 fnt","|faint|p1a: Azumarill","|","|","|switch|p1a: Gardevoir|Gardevoir, F|339/339","|-activate|p1a: Gardevoir|move: Sticky Web","|-unboost|p1a: Gardevoir|spe|1","|-damage|p1a: Gardevoir|297/339|[from] Stealth Rock","|-ability|p1a: Gardevoir|Hustle|[from] ability: Trace|[of] p2a: Durant","|turn|31","|","|move|p1a: Gardevoir|Focus Blast|p2a: Durant","|-damage|p2a: Durant|0 fnt","|faint|p2a: Durant","|","|win|SolarStar12"],"p1rating":{"entryid":408804,"formatid":"monotype","userid":"solarstar12","username":"SolarStar12","r":1500,"rd":130,"sigma":0,"rpr":1543.7028437618,"rprd":122.57017733624,"rpsigma":0,"rptime":1440406800,"w":1,"l":0,"t":0,"gxe":55.4,"acre":1046.2201093202,"lacre":1046.2201093202,"oldacre":1000},"p2rating":{"entryid":"380487","serverid":"eos","formatid":"monotype","userid":"bugy","username":"Bugy","w":"2","l":4,"t":"0","gxe":45.8,"r":"1524.8336025515","rd":"107.19173353321","sigma":"0","rptime":"1440406800","rpr":1466.7640137855,"rprd":99.1959496756,"rpsigma":"0","acre":1033.473186503,"lacre":1033.473186503,"oldacre":"1054.4690914358"},"endType":"normal"}