{"seed":[17464,28095,41316,381],"turns":32,"p1":"Arcade Twizzler","p2":"Inferno Sableye","p1team":[{"name":"0.F.U","species":"magnezone","item":"leftovers","ability":"Sturdy","moves":["flashcannon","thunderbolt","protect","hiddenpowerice"],"nature":"Modest","evs":{"hp":76,"atk":0,"def":180,"spa":252,"spd":0,"spe":0},"ivs":{"hp":31,"atk":30,"def":30,"spa":31,"spd":31,"spe":31}},{"name":"Nope","species":"zapdos","item":"leftovers","ability":"Pressure","moves":["discharge","heatwave","toxic","roost"],"nature":"Bold","evs":{"hp":4,"atk":0,"def":252,"spa":56,"spd":196,"spe":0},"ivs":{"hp":31,"atk":31,"def":31,"spa":31,"spd":31,"spe":31}},{"name":"Amphabulous","species":"ampharos","item":"ampharosite","ability":"Static","moves":["cottonguard","rest","sleeptalk","dragonpulse"],"nature":"Bold","evs":{"hp":0,"atk":0,"def":252,"spa":136,"spd":120,"spe":0},"ivs":{"hp":31,"atk":31,"def":31,"spa":31,"spd":31,"spe":31}},{"name":"Raikou","species":"Raikou","item":"leftovers","ability":"Pressure","moves":["calmmind","substitute","thunderbolt","extrasensory"],"nature":"Timid","evs":{"hp":0,"atk":0,"def":0,"spa":252,"spd":4,"spe":252},"ivs":{"hp":31,"atk":30,"def":30,"spa":31,"spd":31,"spe":31}},{"name":"Fuck you","species":"rotomwash","item":"choicescarf","ability":"Levitate","moves":["voltswitch","hydropump","willowisp","trick"],"nature":"Timid","evs":{"hp":0,"atk":0,"def":0,"spa":252,"spd":4,"spe":252},"ivs":{"hp":31,"atk":31,"def":31,"spa":31,"spd":31,"spe":31}},{"name":"Thundurus","species":"Thundurus","item":"lifeorb","ability":"Prankster","moves":["thunderwave","thunderbolt","uturn","psychic"],"nature":"Serious","evs":{"hp":4,"atk":96,"def":0,"spa":156,"spd":0,"spe":252},"ivs":{"hp":31,"atk":31,"def":31,"spa":31,"spd":31,"spe":31}}],"p2team":[{"name":"Sableye","species":"Sableye","item":"sablenite","ability":"Prankster","moves":["recover","willowisp","calmmind","shadowball"],"nature":"Careful","evs":{"hp":248,"atk":0,"def":8,"spa":0,"spd":252,"spe":0},"ivs":{"hp":31,"atk":31,"def":31,"spa":31,"spd":31,"spe":31}},{"name":"Umbreon","species":"Umbreon","item":"leftovers","ability":"Synchronize","moves":["wish","protect","toxic","healbell"],"nature":"Calm","evs":{"hp":252,"atk":0,"def":4,"spa":0,"spd":252,"spe":0},"ivs":{"hp":31,"atk":31,"def":31,"spa":31,"spd":31,"spe":31}},{"name":"Tyranitar","species":"Tyranitar","item":"leftovers","ability":"Sand Stream","moves":["stealthrock","rockslide","earthquake","thunderwave"],"nature":"Careful","evs":{"hp":252,"atk":4,"def":0,"spa":0,"spd":252,"spe":0},"ivs":{"hp":31,"atk":31,"def":31,"spa":31,"spd":31,"spe":31}},{"name":"Mandibuzz","species":"Mandibuzz","item":"rockyhelmet","ability":"Overcoat","moves":["roost","defog","bravebird","foulplay"],"nature":"Impish","evs":{"hp":248,"atk":8,"def":252,"spa":0,"spd":0,"spe":0},"ivs":{"hp":31,"atk":31,"def":31,"spa":31,"spd":31,"spe":31}},{"name":"Bisharp","species":"Bisharp","item":"choicescarf","ability":"Defiant","moves":["ironhead","knockoff","psychocut","stoneedge"],"nature":"Jolly","evs":{"hp":0,"atk":252,"def":0,"spa":0,"spd":4,"spe":252},"ivs":{"hp":31,"atk":31,"def":31,"spa":31,"spd":31,"spe":31}},{"name":"Hydreigon","species":"Hydreigon","item":"leftovers","ability":"Levitate","moves":["taunt","roost","darkpulse","flamethrower"],"nature":"Calm","evs":{"hp":252,"atk":0,"def":0,"spa":0,"spd":208,"spe":48},"ivs":{"hp":31,"atk":31,"def":31,"spa":31,"spd":31,"spe":31}}],"log":["|player|p1|Arcade Twizzler|264","|player|p2|Inferno Sableye|infernosableye.gif","|gametype|singles","|gen|6","|tier|Monotype","|rated","|rule|Baton Pass Clause: Limit one Baton Passer, can't pass Spe and other stats simultaneously","|rule|Swagger Clause: Swagger is banned","|rule|Same Type Clause: Pokémon in a team must share a type","|clearpoke","|poke|p1|Magnezone","|poke|p1|Zapdos","|poke|p1|Ampharos, M","|poke|p1|Raikou","|poke|p1|Rotom-Wash","|poke|p1|Thundurus, M","|poke|p2|Sableye, M","|poke|p2|Umbreon, M","|poke|p2|Tyranitar, M","|poke|p2|Mandibuzz, F","|poke|p2|Bisharp, M","|poke|p2|Hydreigon, M","|rule|Sleep Clause Mod: Limit one foe put to sleep","|rule|Species Clause: Limit one of each Pokémon","|rule|OHKO Clause: OHKO moves are banned","|rule|Moody Clause: Moody is banned","|rule|Evasion Moves Clause: Evasion moves are banned","|rule|Endless Battle Clause: Forcing endless battles is banned","|rule|HP Percentage Mod: HP is shown in percentages","|teampreview","|","|start","|switch|p1a: Fuck you|Rotom-Wash|241/241","|switch|p2a: Umbreon|Umbreon, M|394/394","|turn|1","|","|move|p1a: Fuck you|Trick|p2a: Umbreon","|-activate|p1a: Fuck you|move: Trick|[of] p2a: Umbreon","|-item|p2a: Umbreon|Choice Scarf|[from] move: Trick","|-item|p1a: Fuck you|Leftovers|[from] move: Trick","|move|p2a: Umbreon|Toxic|p1a: Fuck you","|-status|p1a: Fuck you|tox","|","|-damage|p1a: Fuck you|226/241 tox|[from] psn","|turn|2","|","|move|p1a: Fuck you|Will-O-Wisp|p2a: Umbreon","|-status|p2a: Umbreon|brn","|move|p2a: Umbreon|Toxic|p1a: Fuck you","|-fail|p1a: Fuck you|tox","|","|-heal|p1a: Fuck you|241/241 tox|[from] item: Leftovers","|-damage|p1a: Fuck you|211/241 tox|[from] psn","|-damage|p2a: Umbreon|345/394 brn|[from] brn","|turn|3","|","|switch|p2a: Hydreigon|Hydreigon, M|388/388","|move|p1a: Fuck you|Volt Switch|p2a: Hydreigon","|-resisted|p2a: Hydreigon","|-damage|p2a: Hydreigon|346/388","|","|switch|p1a: Thundurus|Thundurus, M|300/300","|","|-heal|p2a: Hydreigon|370/388|[from] item: Leftovers","|turn|4","|","|move|p1a: Thundurus|Thunder Wave|p2a: Hydreigon","|-status|p2a: Hydreigon|par","|cant|p2a: Hydreigon|par","|","|-heal|p2a: Hydreigon|388/388 par|[from] item: Leftovers","|turn|5","|","|switch|p2a: Umbreon|Umbreon, M|345/394 brn","|move|p1a: Thundurus|U-turn|p2a: Umbreon","|-supereffective|p2a: Umbreon","|-damage|p2a: Umbreon|192/394 brn","|-damage|p1a: Thundurus|270/300|[from] item: Life Orb","|","|switch|p1a: 0.F.U|Magnezone|300/300","|","|-damage|p2a: Umbreon|143/394 brn|[from] brn","|turn|6","|","|move|p1a: 0.F.U|Protect|p1a: 0.F.U","|-singleturn|p1a: 0.F.U|Protect","|move|p2a: Umbreon|Heal Bell|p2a: Umbreon","|-cureteam|p2a: Umbreon|[from] move: HealBell","|","|turn|7","|","|switch|p2a: Hydreigon|Hydreigon, M|388/388","|move|p1a: 0.F.U|Thunderbolt|p2a: Hydreigon","|-resisted|p2a: Hydreigon","|-damage|p2a: Hydreigon|313/388","|","|-heal|p2a: Hydreigon|337/388|[from] item: Leftovers","|turn|8","|","|move|p1a: 0.F.U|Protect|p1a: 0.F.U","|-singleturn|p1a: 0.F.U|Protect","|move|p2a: Hydreigon|Flamethrower|p1a: 0.F.U","|-activate|p1a: 0.F.U|Protect","|","|-heal|p2a: Hydreigon|361/388|[from] item: Leftovers","|turn|9","|","|switch|p1a: Fuck you|Rotom-Wash|211/241 tox","|move|p2a: Hydreigon|Flamethrower|p1a: Fuck you","|-resisted|p1a: Fuck you","|-damage|p1a: Fuck you|168/241 tox","|","|-heal|p1a: Fuck you|183/241 tox|[from] item: Leftovers","|-heal|p2a: Hydreigon|385/388|[from] item: Leftovers","|-damage|p1a: Fuck you|168/241 tox|[from] psn","|turn|10","|","|switch|p2a: Tyranitar|Tyranitar, M|404/404","|-weather|Sandstorm","|move|p1a: Fuck you|Volt Switch|p2a: Tyranitar","|-damage|p2a: Tyranitar|347/404","|","|switch|p1a: Thundurus|Thundurus, M|270/300","|","|-weather|Sandstorm|[upkeep]","|-damage|p1a: Thundurus|252/300|[from] sandstorm","|-heal|p2a: Tyranitar|372/404|[from] item: Leftovers","|turn|11","|","|move|p1a: Thundurus|Thunder Wave|p2a: Tyranitar","|-status|p2a: Tyranitar|par","|move|p2a: Tyranitar|Stealth Rock|p1a: Thundurus","|-sidestart|p1: Arcade Twizzler|move: Stealth Rock","|","|-weather|Sandstorm|[upkeep]","|-damage|p1a: Thundurus|234/300|[from] sandstorm","|-heal|p2a: Tyranitar|397/404 par|[from] item: Leftovers","|turn|12","|","|move|p1a: Thundurus|U-turn|p2a: Tyranitar","|-supereffective|p2a: Tyranitar","|-damage|p2a: Tyranitar|246/404 par","|-damage|p1a: Thundurus|204/300|[from] item: Life Orb","|","|switch|p1a: Fuck you|Rotom-Wash|168/241 tox","|-damage|p1a: Fuck you|138/241 tox|[from] Stealth Rock","|move|p2a: Tyranitar|Rock Slide|p1a: Fuck you","|-crit|p1a: Fuck you","|-damage|p1a: Fuck you|0 fnt","|faint|p1a: Fuck you","|","|-weather|Sandstorm|[upkeep]","|-heal|p2a: Tyranitar|271/404 par|[from] item: Leftovers","|","|switch|p1a: 0.F.U|Magnezone|300/300","|-damage|p1a: 0.F.U|282/300|[from] Stealth Rock","|turn|13","|","|move|p1a: 0.F.U|Protect|p1a: 0.F.U","|-singleturn|p1a: 0.F.U|Protect","|move|p2a: Tyranitar|Earthquake|p1a: 0.F.U","|-activate|p1a: 0.F.U|Protect","|","|-weather|Sandstorm|[upkeep]","|-heal|p1a: 0.F.U|300/300|[from] item: Leftovers","|-heal|p2a: Tyranitar|296/404 par|[from] item: Leftovers","|turn|14","|","|move|p1a: 0.F.U|Flash Cannon|p2a: Tyranitar","|-supereffective|p2a: Tyranitar","|-damage|p2a: Tyranitar|138/404 par","|move|p2a: Tyranitar|Earthquake|p1a: 0.F.U","|-crit|p1a: 0.F.U","|-supereffective|p1a: 0.F.U","|-ability|p1a: 0.F.U|Sturdy","|-damage|p1a: 0.F.U|1/300","|","|-weather|none","|-heal|p1a: 0.F.U|19/300|[from] item: Leftovers","|-heal|p2a: Tyranitar|163/404 par|[from] item: Leftovers","|turn|15","|","|switch|p2a: Bisharp|Bisharp, M|271/271","|move|p1a: 0.F.U|Flash Cannon|p2a: Bisharp","|-resisted|p2a: Bisharp","|-damage|p2a: Bisharp|160/271","|","|-heal|p1a: 0.F.U|37/300|[from] item: Leftovers","|turn|16","|","|move|p2a: Bisharp|Knock Off|p1a: 0.F.U","|-damage|p1a: 0.F.U|0 fnt","|-enditem|p1a: 0.F.U|Leftovers|[from] move: Knock Off|[of] p2a: Bisharp","|faint|p1a: 0.F.U","|","|","|switch|p1a: Thundurus|Thundurus, M|204/300","|-damage|p1a: Thundurus|129/300|[from] Stealth Rock","|turn|17","|","|move|p1a: Thundurus|Thunder Wave|p2a: Bisharp","|-status|p2a: Bisharp|par","|move|p2a: Bisharp|Knock Off|p1a: Thundurus","|-damage|p1a: Thundurus|0 fnt","|-enditem|p1a: Thundurus|Life Orb|[from] move: Knock Off|[of] p2a: Bisharp","|faint|p1a: Thundurus","|","|","|switch|p1a: Raikou|Raikou|321/321","|-damage|p1a: Raikou|281/321|[from] Stealth Rock","|-ability|p1a: Raikou|Pressure","|turn|18","|","|switch|p2a: Tyranitar|Tyranitar, M|163/404 par","|-weather|Sandstorm","|move|p1a: Raikou|Substitute|p1a: Raikou","|-start|p1a: Raikou|Substitute","|-damage|p1a: Raikou|201/321","|","|-weather|Sandstorm|[upkeep]","|-damage|p1a: Raikou|181/321|[from] sandstorm","|-heal|p1a: Raikou|201/321|[from] item: Leftovers","|-heal|p2a: Tyranitar|188/404 par|[from] item: Leftovers","|turn|19","|","|move|p1a: Raikou|Calm Mind|p1a: Raikou","|-boost|p1a: Raikou|spa|1","|-boost|p1a: Raikou|spd|1","|cant|p2a: Tyranitar|par","|","|-weather|Sandstorm|[upkeep]","|-damage|p1a: Raikou|181/321|[from] sandstorm","|-heal|p1a: Raikou|201/321|[from] item: Leftovers","|-heal|p2a: Tyranitar|213/404 par|[from] item: Leftovers","|turn|20","|","|move|p1a: Raikou|Thunderbolt|p2a: Tyranitar","|-damage|p2a: Tyranitar|116/404 par","|cant|p2a: Tyranitar|par","|","|-weather|Sandstorm|[upkeep]","|-damage|p1a: Raikou|181/321|[from] sandstorm","|-heal|p1a: Raikou|201/321|[from] item: Leftovers","|-heal|p2a: Tyranitar|141/404 par|[from] item: Leftovers","|turn|21","|","|move|p1a: Raikou|Thunderbolt|p2a: Tyranitar","|-damage|p2a: Tyranitar|32/404 par","|move|p2a: Tyranitar|Earthquake|p1a: Raikou","|-supereffective|p1a: Raikou","|-end|p1a: Raikou|Substitute","|","|-weather|Sandstorm|[upkeep]","|-damage|p1a: Raikou|181/321|[from] sandstorm","|-heal|p1a: Raikou|201/321|[from] item: Leftovers","|-heal|p2a: Tyranitar|57/404 par|[from] item: Leftovers","|turn|22","|","|move|p1a: Raikou|Substitute|p1a: Raikou","|-start|p1a: Raikou|Substitute","|-damage|p1a: Raikou|121/321","|move|p2a: Tyranitar|Earthquake|p1a: Raikou","|-supereffective|p1a: Raikou","|-end|p1a: Raikou|Substitute","|","|-weather|none","|-heal|p1a: Raikou|141/321|[from] item: Leftovers","|-heal|p2a: Tyranitar|82/404 par|[from] item: Leftovers","|turn|23","|","|move|p1a: Raikou|Substitute|p1a: Raikou","|-start|p1a: Raikou|Substitute","|-damage|p1a: Raikou|61/321","|move|p2a: Tyranitar|Earthquake|p1a: Raikou","|-crit|p1a: Raikou","|-supereffective|p1a: Raikou","|-end|p1a: Raikou|Substitute","|","|-heal|p1a: Raikou|81/321|[from] item: Leftovers","|-heal|p2a: Tyranitar|107/404 par|[from] item: Leftovers","|turn|24","|","|move|p1a: Raikou|Thunderbolt|p2a: Tyranitar","|-damage|p2a: Tyranitar|0 fnt","|faint|p2a: Tyranitar","|","|-heal|p1a: Raikou|101/321|[from] item: Leftovers","|","|switch|p2a: Hydreigon|Hydreigon, M|385/388","|turn|25","|","|move|p1a: Raikou|Thunderbolt|p2a: Hydreigon","|-crit|p2a: Hydreigon","|-resisted|p2a: Hydreigon","|-damage|p2a: Hydreigon|253/388","|move|p2a: Hydreigon|Dark Pulse|p1a: Raikou","|-damage|p1a: Raikou|26/321","|","|-heal|p1a: Raikou|46/321|[from] item: Leftovers","|-heal|p2a: Hydreigon|277/388|[from] item: Leftovers","|turn|26","|","|move|p1a: Raikou|Thunderbolt|p2a: Hydreigon","|-resisted|p2a: Hydreigon","|-damage|p2a: Hydreigon|191/388","|move|p2a: Hydreigon|Dark Pulse|p1a: Raikou","|-damage|p1a: Raikou|0 fnt","|faint|p1a: Raikou","|","|-heal|p2a: Hydreigon|215/388|[from] item: Leftovers","|","|switch|p1a: Amphabulous|Ampharos, M|321/321","|-damage|p1a: Amphabulous|281/321|[from] Stealth Rock","|turn|27","|","|detailschange|p1a: Amphabulous|Ampharos-Mega, M","|-mega|p1a: Amphabulous|Ampharos|Ampharosite","|-ability|p1a: Amphabulous|Mold Breaker","|move|p2a: Hydreigon|Dark Pulse|p1a: Amphabulous","|-damage|p1a: Amphabulous|188/321","|cant|p1a: Amphabulous|flinch","|","|-heal|p2a: Hydreigon|239/388|[from] item: Leftovers","|turn|28","|","|switch|p2a: Mandibuzz|Mandibuzz, F|423/423","|move|p1a: Amphabulous|Dragon Pulse|p2a: Mandibuzz","|-damage|p2a: Mandibuzz|234/423","|","|turn|29","|","|move|p2a: Mandibuzz|Foul Play|p1a: Amphabulous","|-crit|p1a: Amphabulous","|-damage|p1a: Amphabulous|83/321","|move|p1a: Amphabulous|Cotton Guard|p1a: Amphabulous","|-boost|p1a: Amphabulous|def|3","|","|turn|30","|","|move|p2a: Mandibuzz|Foul Play|p1a: Amphabulous","|-damage|p1a: Amphabulous|55/321","|move|p1a: Amphabulous|Rest|p1a: Amphabulous","|-status|p1a: Amphabulous|slp","|-heal|p1a: Amphabulous|321/321 slp|[silent]","|-status|p1a: Amphabulous|slp|[from] move: Rest","|","|turn|31","|","|switch|p2a: Sableye|Sableye, M|303/303","|cant|p1a: Amphabulous|slp","|move|p1a: Amphabulous|Sleep Talk|p1a: Amphabulous","|move|p1a: Amphabulous|Rest|p1a: Amphabulous|[from]Sleep Talk","|-fail|p1a: Amphabulous","|","|turn|32","|","|win|Inferno Sableye"],"p1rating":{"entryid":"396552","serverid":"eos","formatid":"monotype","userid":"arcadetwizzler","username":"Arcade Twizzler","w":"7","l":1,"t":"0","gxe":66.8,"r":"1500","rd":"130","sigma":"0","rptime":"1440406800","rpr":1636.3510396145,"rprd":92.435612358433,"rpsigma":"0","acre":1167.2578228925,"lacre":1167.2578228925,"oldacre":"1188.132328735"},"p2rating":{"entryid":"83803","serverid":"eos","formatid":"monotype","userid":"infernosableye","username":"Inferno Sableye","w":40,"l":"14","t":"0","gxe":71.8,"r":"1684.0737894333","rd":"50.231927762125","sigma":"0","rptime":"1440406800","rpr":1677.5122939215,"rprd":49.558147399165,"rpsigma":"0","acre":1266.8696742697,"lacre":1266.8696742697,"oldacre":"1245.9951684272"},"endType":"forfeit"}