{"seed":[39565,48570,42129,50903],"turns":26,"p1":"SWL Jyph","p2":"Primal E4 Soroush","p1team":[{"name":"Sharpedo","species":"Sharpedo","item":"sharpedonite","ability":"Speed Boost","moves":["protect","waterfall","icefang","crunch"],"nature":"Adamant","evs":{"hp":0,"atk":252,"def":0,"spa":0,"spd":4,"spe":252},"ivs":{"hp":31,"atk":31,"def":31,"spa":31,"spd":31,"spe":31}},{"name":"Gyarados","species":"Gyarados","item":"leftovers","ability":"Intimidate","moves":["substitute","dragondance","waterfall","bounce"],"nature":"Jolly","evs":{"hp":80,"atk":252,"def":0,"spa":0,"spd":0,"spe":176},"ivs":{"hp":31,"atk":31,"def":31,"spa":31,"spd":31,"spe":31}},{"name":"Swampert","species":"Swampert","item":"leftovers","ability":"Torrent","moves":["stealthrock","toxic","roar","earthquake"],"nature":"Impish","evs":{"hp":252,"atk":4,"def":252,"spa":0,"spd":0,"spe":0},"ivs":{"hp":31,"atk":31,"def":31,"spa":31,"spd":31,"spe":31}},{"name":"Lanturn","species":"Lanturn","item":"leftovers","ability":"Volt Absorb","moves":["healbell","voltswitch","scald","toxic"],"nature":"Calm","evs":{"hp":252,"atk":0,"def":0,"spa":4,"spd":252,"spe":0},"ivs":{"hp":31,"atk":31,"def":31,"spa":31,"spd":31,"spe":31}},{"name":"Keldeo","species":"Keldeo","item":"leftovers","ability":"Justified","moves":["substitute","calmmind","scald","secretsword"],"nature":"Timid","evs":{"hp":0,"atk":0,"def":4,"spa":252,"spd":0,"spe":252},"ivs":{"hp":31,"atk":31,"def":31,"spa":31,"spd":31,"spe":31}},{"name":"Empoleon","species":"Empoleon","item":"choicespecs","ability":"Torrent","moves":["hydropump","grassknot","flashcannon","icebeam"],"nature":"Modest","evs":{"hp":248,"atk":0,"def":0,"spa":252,"spd":8,"spe":0},"ivs":{"hp":31,"atk":31,"def":31,"spa":31,"spd":31,"spe":31}}],"p2team":[{"name":"Skarmory","species":"Skarmory","item":"leftovers","ability":"Sturdy","moves":["roost","stealthrock","whirlwind","bravebird"],"nature":"Impish","evs":{"hp":252,"atk":0,"def":232,"spa":0,"spd":0,"spe":24},"ivs":{"hp":31,"atk":31,"def":31,"spa":31,"spd":31,"spe":31}},{"name":"Heatran","species":"Heatran","item":"airballoon","ability":"Flash Fire","moves":["substitute","lavaplume","earthpower","flashcannon"],"nature":"Modest","evs":{"hp":248,"atk":0,"def":0,"spa":252,"spd":8,"spe":0},"ivs":{"hp":31,"atk":31,"def":31,"spa":31,"spd":31,"spe":31}},{"name":"Magnezone","species":"Magnezone","item":"choicescarf","ability":"Sturdy","moves":["thunderbolt","flashcannon","hiddenpowerice","voltswitch"],"nature":"Timid","evs":{"hp":0,"atk":0,"def":0,"spa":252,"spd":4,"spe":252},"ivs":{"hp":31,"atk":30,"def":30,"spa":31,"spd":31,"spe":31}},{"name":"Doublade","species":"Doublade","item":"eviolite","ability":"No Guard","moves":["swordsdance","ironhead","shadowsneak","sacredsword"],"nature":"Adamant","evs":{"hp":248,"atk":252,"def":0,"spa":0,"spd":8,"spe":0},"ivs":{"hp":31,"atk":31,"def":31,"spa":31,"spd":31,"spe":31}},{"name":"Bisharp","species":"Bisharp","item":"lumberry","ability":"Defiant","moves":["swordsdance","suckerpunch","knockoff","ironhead"],"nature":"Jolly","evs":{"hp":4,"atk":252,"def":0,"spa":0,"spd":0,"spe":252},"ivs":{"hp":31,"atk":31,"def":31,"spa":31,"spd":31,"spe":31}},{"name":"Scizor","species":"Scizor","item":"scizorite","ability":"Technician","moves":["swordsdance","roost","bulletpunch","bugbite"],"nature":"Adamant","evs":{"hp":248,"atk":252,"def":0,"spa":0,"spd":8,"spe":0},"ivs":{"hp":31,"atk":31,"def":31,"spa":31,"spd":31,"spe":31}}],"log":["|player|p1|SWL Jyph|swljyph.png","|player|p2|Primal E4 Soroush|fraternitysoroush.png","|gametype|singles","|gen|6","|tier|Monotype","|rated","|rule|Baton Pass Clause: Limit one Baton Passer, can't pass Spe and other stats simultaneously","|rule|Swagger Clause: Swagger is banned","|rule|Same Type Clause: Pokémon in a team must share a type","|clearpoke","|poke|p1|Sharpedo, M","|poke|p1|Gyarados, M","|poke|p1|Swampert, M","|poke|p1|Lanturn, M","|poke|p1|Keldeo","|poke|p1|Empoleon, M","|poke|p2|Skarmory, M","|poke|p2|Heatran, M","|poke|p2|Magnezone","|poke|p2|Doublade, M","|poke|p2|Bisharp, F","|poke|p2|Scizor, M","|rule|Sleep Clause Mod: Limit one foe put to sleep","|rule|Species Clause: Limit one of each Pokémon","|rule|OHKO Clause: OHKO moves are banned","|rule|Moody Clause: Moody is banned","|rule|Evasion Moves Clause: Evasion moves are banned","|rule|Endless Battle Clause: Forcing endless battles is banned","|rule|HP Percentage Mod: HP is shown in percentages","|teampreview","|","|start","|switch|p1a: Empoleon|Empoleon, M|371/371","|switch|p2a: Skarmory|Skarmory, M|334/334","|turn|1","|","|move|p1a: Empoleon|Hydro Pump|p2a: Skarmory","|-crit|p2a: Skarmory","|-ability|p2a: Skarmory|Sturdy","|-damage|p2a: Skarmory|1/334","|move|p2a: Skarmory|Whirlwind|p1a: Empoleon","|drag|p1a: Swampert|Swampert, M|404/404","|","|-heal|p2a: Skarmory|21/334|[from] item: Leftovers","|turn|2","|","|move|p2a: Skarmory|Stealth Rock|p1a: Swampert","|-sidestart|p1: SWL Jyph|move: Stealth Rock","|move|p1a: Swampert|Stealth Rock|p2a: Skarmory","|-sidestart|p2: Primal E4 Soroush|move: Stealth Rock","|","|-heal|p2a: Skarmory|41/334|[from] item: Leftovers","|turn|3","|","|move|p2a: Skarmory|Roost|p2a: Skarmory","|-heal|p2a: Skarmory|208/334","|move|p1a: Swampert|Roar|p2a: Skarmory","|drag|p2a: Doublade|Doublade, M|321/321","|-damage|p2a: Doublade|301/321|[from] Stealth Rock","|","|turn|4","|","|switch|p2a: Skarmory|Skarmory, M|208/334","|-damage|p2a: Skarmory|167/334|[from] Stealth Rock","|move|p1a: Swampert|Roar|p2a: Skarmory","|drag|p2a: Bisharp|Bisharp, F|272/272","|-damage|p2a: Bisharp|255/272|[from] Stealth Rock","|","|turn|5","|","|move|p2a: Bisharp|Knock Off|p1a: Swampert","|-damage|p1a: Swampert|283/404","|-enditem|p1a: Swampert|Leftovers|[from] move: Knock Off|[of] p2a: Bisharp","|move|p1a: Swampert|Roar|p2a: Bisharp","|drag|p2a: Doublade|Doublade, M|301/321","|-damage|p2a: Doublade|281/321|[from] Stealth Rock","|","|turn|6","|","|move|p2a: Doublade|Shadow Sneak|p1a: Swampert","|-damage|p1a: Swampert|229/404","|move|p1a: Swampert|Earthquake|p2a: Doublade","|-supereffective|p2a: Doublade","|-damage|p2a: Doublade|149/321","|","|turn|7","|","|move|p2a: Doublade|Swords Dance|p2a: Doublade","|-boost|p2a: Doublade|atk|2","|move|p1a: Swampert|Roar|p2a: Doublade","|drag|p2a: Bisharp|Bisharp, F|255/272","|-damage|p2a: Bisharp|238/272|[from] Stealth Rock","|","|turn|8","|","|switch|p2a: Skarmory|Skarmory, M|167/334","|-damage|p2a: Skarmory|126/334|[from] Stealth Rock","|move|p1a: Swampert|Earthquake|p2a: Skarmory","|-immune|p2a: Skarmory|[msg]","|","|-heal|p2a: Skarmory|146/334|[from] item: Leftovers","|turn|9","|","|move|p2a: Skarmory|Roost|p2a: Skarmory","|-heal|p2a: Skarmory|313/334","|move|p1a: Swampert|Earthquake|p2a: Skarmory","|-supereffective|p2a: Skarmory","|-damage|p2a: Skarmory|155/334","|","|-heal|p2a: Skarmory|175/334|[from] item: Leftovers","|turn|10","|","|move|p2a: Skarmory|Brave Bird|p1a: Swampert","|-damage|p1a: Swampert|132/404","|-damage|p2a: Skarmory|143/334|[from] recoil|[of] p1a: Swampert","|move|p1a: Swampert|Roar|p2a: Skarmory","|drag|p2a: Bisharp|Bisharp, F|238/272","|-damage|p2a: Bisharp|221/272|[from] Stealth Rock","|","|turn|11","|","|move|p2a: Bisharp|Sucker Punch|p1a: Swampert","|-damage|p1a: Swampert|32/404","|move|p1a: Swampert|Earthquake|p2a: Bisharp","|-supereffective|p2a: Bisharp","|-damage|p2a: Bisharp|0 fnt","|faint|p2a: Bisharp","|","|","|switch|p2a: Scizor|Scizor, M|343/343","|-damage|p2a: Scizor|301/343|[from] Stealth Rock","|turn|12","|","|detailschange|p2a: Scizor|Scizor-Mega, M","|-mega|p2a: Scizor|Scizor|Scizorite","|move|p2a: Scizor|Swords Dance|p2a: Scizor","|-boost|p2a: Scizor|atk|2","|move|p1a: Swampert|Earthquake|p2a: Scizor","|-damage|p2a: Scizor|202/343","|","|turn|13","|","|move|p2a: Scizor|Bullet Punch|p1a: Swampert","|-resisted|p1a: Swampert","|-damage|p1a: Swampert|0 fnt","|faint|p1a: Swampert","|","|","|switch|p1a: Empoleon|Empoleon, M|371/371","|-damage|p1a: Empoleon|348/371|[from] Stealth Rock","|turn|14","|","|move|p2a: Scizor|Bug Bite|p1a: Empoleon","|-resisted|p1a: Empoleon","|-damage|p1a: Empoleon|113/371","|move|p1a: Empoleon|Hydro Pump|p2a: Scizor","|-damage|p2a: Scizor|0 fnt","|faint|p2a: Scizor","|","|","|switch|p2a: Magnezone|Magnezone|281/281","|-damage|p2a: Magnezone|264/281|[from] Stealth Rock","|turn|15","|","|switch|p1a: Lanturn|Lanturn, M|454/454","|-damage|p1a: Lanturn|398/454|[from] Stealth Rock","|move|p2a: Magnezone|Flash Cannon|p1a: Lanturn","|-resisted|p1a: Lanturn","|-damage|p1a: Lanturn|369/454","|","|-heal|p1a: Lanturn|397/454|[from] item: Leftovers","|turn|16","|","|switch|p2a: Doublade|Doublade, M|149/321","|-damage|p2a: Doublade|129/321|[from] Stealth Rock","|move|p1a: Lanturn|Scald|p2a: Doublade","|-damage|p2a: Doublade|42/321","|","|-heal|p1a: Lanturn|425/454|[from] item: Leftovers","|turn|17","|","|switch|p1a: Gyarados|Gyarados, M|351/351","|-damage|p1a: Gyarados|264/351|[from] Stealth Rock","|-ability|p1a: Gyarados|Intimidate","|-unboost|p2a: Doublade|atk|1","|move|p2a: Doublade|Shadow Sneak|p1a: Gyarados","|-damage|p1a: Gyarados|210/351","|","|-heal|p1a: Gyarados|231/351|[from] item: Leftovers","|turn|18","|","|move|p1a: Gyarados|Dragon Dance|p1a: Gyarados","|-boost|p1a: Gyarados|atk|1","|-boost|p1a: Gyarados|spe|1","|move|p2a: Doublade|Swords Dance|p2a: Doublade","|-boost|p2a: Doublade|atk|2","|","|-heal|p1a: Gyarados|252/351|[from] item: Leftovers","|turn|19","|","|move|p1a: Gyarados|Waterfall|p2a: Doublade","|-damage|p2a: Doublade|0 fnt","|faint|p2a: Doublade","|","|-heal|p1a: Gyarados|273/351|[from] item: Leftovers","|","|switch|p2a: Magnezone|Magnezone|264/281","|-damage|p2a: Magnezone|247/281|[from] Stealth Rock","|turn|20","|","|move|p1a: Gyarados|Waterfall|p2a: Magnezone","|-damage|p2a: Magnezone|78/281","|move|p2a: Magnezone|Volt Switch|p1a: Gyarados","|-supereffective|p1a: Gyarados","|-damage|p1a: Gyarados|0 fnt","|faint|p1a: Gyarados","|","|switch|p2a: Heatran|Heatran, M|385/385","|-damage|p2a: Heatran|337/385|[from] Stealth Rock","|-item|p2a: Heatran|Air Balloon","|","|","|switch|p1a: Keldeo|Keldeo|323/323","|-damage|p1a: Keldeo|303/323|[from] Stealth Rock","|turn|21","|","|switch|p2a: Skarmory|Skarmory, M|143/334","|-damage|p2a: Skarmory|102/334|[from] Stealth Rock","|move|p1a: Keldeo|Substitute|p1a: Keldeo","|-start|p1a: Keldeo|Substitute","|-damage|p1a: Keldeo|223/323","|","|-heal|p1a: Keldeo|243/323|[from] item: Leftovers","|-heal|p2a: Skarmory|122/334|[from] item: Leftovers","|turn|22","|","|move|p1a: Keldeo|Scald|p2a: Skarmory","|-damage|p2a: Skarmory|0 fnt","|faint|p2a: Skarmory","|","|-heal|p1a: Keldeo|263/323|[from] item: Leftovers","|","|switch|p2a: Magnezone|Magnezone|78/281","|-damage|p2a: Magnezone|61/281|[from] Stealth Rock","|turn|23","|","|move|p2a: Magnezone|Volt Switch|p1a: Keldeo","|-supereffective|p1a: Keldeo","|-end|p1a: Keldeo|Substitute","|","|switch|p2a: Heatran|Heatran, M|337/385","|-damage|p2a: Heatran|289/385|[from] Stealth Rock","|-item|p2a: Heatran|Air Balloon","|move|p1a: Keldeo|Secret Sword|p2a: Heatran","|-supereffective|p2a: Heatran","|-damage|p2a: Heatran|25/385","|-enditem|p2a: Heatran|Air Balloon","|","|-heal|p1a: Keldeo|283/323|[from] item: Leftovers","|turn|24","|","|move|p1a: Keldeo|Secret Sword|p2a: Heatran","|-supereffective|p2a: Heatran","|-damage|p2a: Heatran|0 fnt","|faint|p2a: Heatran","|","|-heal|p1a: Keldeo|303/323|[from] item: Leftovers","|","|switch|p2a: Magnezone|Magnezone|61/281","|-damage|p2a: Magnezone|44/281|[from] Stealth Rock","|turn|25","|","|switch|p1a: Lanturn|Lanturn, M|425/454","|-damage|p1a: Lanturn|369/454|[from] Stealth Rock","|move|p2a: Magnezone|Thunderbolt|p1a: Lanturn","|-heal|p1a: Lanturn|454/454|[from] ability: Volt Absorb|[of] p2a: Magnezone","|","|turn|26","|","|win|SWL Jyph"],"p1rating":{"entryid":"10848","serverid":"eos","formatid":"monotype","userid":"swljyph","username":"SWL Jyph","w":10,"l":"6","t":"0","gxe":60.1,"r":"1562.4638760459","rd":"85.873762312218","sigma":"0","rptime":"1440406800","rpr":1578.9177143811,"rprd":76.236219767467,"rpsigma":"0","acre":1161.3339478616,"lacre":1161.3339478616,"oldacre":"1146.2787695171"},"p2rating":{"entryid":418743,"formatid":"monotype","userid":"primale4soroush","username":"Primal E4 Soroush","r":1500,"rd":130,"sigma":0,"rpr":1465.4937489214,"rprd":122.48466638757,"rpsigma":0,"rptime":1440406800,"w":0,"l":1,"t":0,"gxe":45.7,"acre":1000,"lacre":1000,"oldacre":1000},"endType":"forfeit"}