{"seed":[21961,25118,38729,44292],"turns":21,"p1":"TTIL-amb64","p2":"Arcade Twizzler","p1team":[{"name":"Gliscor","species":"Gliscor","item":"toxicorb","ability":"Poison Heal","moves":["knockoff","toxic","stealthrock","protect"],"nature":"Impish","evs":{"hp":248,"atk":0,"def":132,"spa":0,"spd":56,"spe":72},"ivs":{"hp":31,"atk":31,"def":31,"spa":31,"spd":31,"spe":31}},{"name":"Krookodile","species":"Krookodile","item":"choicescarf","ability":"Moxie","moves":["dragonclaw","earthquake","crunch","brickbreak"],"nature":"Adamant","evs":{"hp":0,"atk":252,"def":0,"spa":0,"spd":4,"spe":252},"ivs":{"hp":31,"atk":31,"def":31,"spa":31,"spd":31,"spe":31}},{"name":"Mamoswine","species":"Mamoswine","item":"leftovers","ability":"Thick Fat","moves":["iceshard","iciclecrash","superpower","knockoff"],"nature":"Impish","evs":{"hp":252,"atk":252,"def":0,"spa":0,"spd":4,"spe":0},"ivs":{"hp":31,"atk":31,"def":31,"spa":31,"spd":31,"spe":31}},{"name":"Hippowdon","species":"Hippowdon","item":"leftovers","ability":"Sand Stream","moves":["earthquake","bodyslam","slackoff","whirlwind"],"nature":"Impish","evs":{"hp":248,"atk":8,"def":4,"spa":0,"spd":248,"spe":0},"ivs":{"hp":31,"atk":31,"def":31,"spa":31,"spd":31,"spe":31}},{"name":"Excadrill","species":"Excadrill","item":"lifeorb","ability":"Sand Rush","moves":["ironhead","earthquake","xscissor","aerialace"],"nature":"Adamant","evs":{"hp":0,"atk":252,"def":0,"spa":0,"spd":4,"spe":252},"ivs":{"hp":31,"atk":31,"def":31,"spa":31,"spd":31,"spe":31}},{"name":"Nidoking","species":"Nidoking","item":"choicescarf","ability":"Sheer Force","moves":["fireblast","sludgewave","toxicspikes","shadowball"],"nature":"Modest","evs":{"hp":0,"atk":0,"def":0,"spa":252,"spd":4,"spe":252},"ivs":{"hp":31,"atk":31,"def":31,"spa":31,"spd":31,"spe":31}}],"p2team":[{"name":"0.F.U","species":"magnezone","item":"leftovers","ability":"Sturdy","moves":["flashcannon","thunderbolt","protect","hiddenpowerice"],"nature":"Modest","evs":{"hp":76,"atk":0,"def":180,"spa":252,"spd":0,"spe":0},"ivs":{"hp":31,"atk":30,"def":30,"spa":31,"spd":31,"spe":31}},{"name":"Nope","species":"zapdos","item":"leftovers","ability":"Pressure","moves":["discharge","heatwave","toxic","roost"],"nature":"Bold","evs":{"hp":4,"atk":0,"def":252,"spa":56,"spd":196,"spe":0},"ivs":{"hp":31,"atk":31,"def":31,"spa":31,"spd":31,"spe":31}},{"name":"Amphabulous","species":"ampharos","item":"ampharosite","ability":"Static","moves":["cottonguard","rest","sleeptalk","dragonpulse"],"nature":"Bold","evs":{"hp":0,"atk":0,"def":252,"spa":136,"spd":120,"spe":0},"ivs":{"hp":31,"atk":31,"def":31,"spa":31,"spd":31,"spe":31}},{"name":"Raikou","species":"Raikou","item":"leftovers","ability":"Pressure","moves":["calmmind","substitute","thunderbolt","extrasensory"],"nature":"Timid","evs":{"hp":0,"atk":0,"def":0,"spa":252,"spd":4,"spe":252},"ivs":{"hp":31,"atk":30,"def":30,"spa":31,"spd":31,"spe":31}},{"name":"Fuck you","species":"rotomwash","item":"choicescarf","ability":"Levitate","moves":["voltswitch","hydropump","willowisp","trick"],"nature":"Timid","evs":{"hp":0,"atk":0,"def":0,"spa":252,"spd":4,"spe":252},"ivs":{"hp":31,"atk":31,"def":31,"spa":31,"spd":31,"spe":31}},{"name":"Thundurus","species":"Thundurus","item":"lifeorb","ability":"Prankster","moves":["thunderwave","thunderbolt","uturn","psychic"],"nature":"Serious","evs":{"hp":4,"atk":96,"def":0,"spa":156,"spd":0,"spe":252},"ivs":{"hp":31,"atk":31,"def":31,"spa":31,"spd":31,"spe":31}}],"log":["|player|p1|TTIL-amb64|153","|player|p2|Arcade Twizzler|264","|gametype|singles","|gen|6","|tier|Monotype","|rated","|rule|Baton Pass Clause: Limit one Baton Passer, can't pass Spe and other stats simultaneously","|rule|Swagger Clause: Swagger is banned","|rule|Same Type Clause: Pokémon in a team must share a type","|clearpoke","|poke|p1|Gliscor, F","|poke|p1|Krookodile, M","|poke|p1|Mamoswine, M","|poke|p1|Hippowdon, F","|poke|p1|Excadrill, M","|poke|p1|Nidoking, M","|poke|p2|Magnezone","|poke|p2|Zapdos","|poke|p2|Ampharos, M","|poke|p2|Raikou","|poke|p2|Rotom-Wash","|poke|p2|Thundurus, M","|rule|Sleep Clause Mod: Limit one foe put to sleep","|rule|Species Clause: Limit one of each Pokémon","|rule|OHKO Clause: OHKO moves are banned","|rule|Moody Clause: Moody is banned","|rule|Evasion Moves Clause: Evasion moves are banned","|rule|Endless Battle Clause: Forcing endless battles is banned","|rule|HP Percentage Mod: HP is shown in percentages","|teampreview","|","|start","|switch|p1a: Excadrill|Excadrill, M|361/361","|switch|p2a: Fuck you|Rotom-Wash|241/241","|turn|1","|","|switch|p1a: Nidoking|Nidoking, M|303/303","|move|p2a: Fuck you|Will-O-Wisp|p1a: Nidoking","|-status|p1a: Nidoking|brn","|","|-damage|p1a: Nidoking|266/303 brn|[from] brn","|turn|2","|","|switch|p2a: 0.F.U|Magnezone|300/300","|move|p1a: Nidoking|Toxic Spikes|p2a: 0.F.U","|-sidestart|p2: Arcade Twizzler|move: Toxic Spikes","|","|-damage|p1a: Nidoking|229/303 brn|[from] brn","|turn|3","|","|move|p1a: Nidoking|Toxic Spikes|p2a: 0.F.U","|-sidestart|p2: Arcade Twizzler|move: Toxic Spikes","|move|p2a: 0.F.U|Hidden Power|p1a: Nidoking","|-supereffective|p1a: Nidoking","|-damage|p1a: Nidoking|35/303 brn","|","|-damage|p1a: Nidoking|0 fnt|[from] brn","|faint|p1a: Nidoking","|","|switch|p1a: Hippowdon|Hippowdon, F|419/419","|-weather|Sandstorm","|turn|4","|","|move|p2a: 0.F.U|Hidden Power|p1a: Hippowdon","|-supereffective|p1a: Hippowdon","|-damage|p1a: Hippowdon|253/419","|move|p1a: Hippowdon|Body Slam|p2a: 0.F.U","|-resisted|p2a: 0.F.U","|-damage|p2a: 0.F.U|274/300","|","|-weather|Sandstorm|[upkeep]","|-heal|p2a: 0.F.U|292/300|[from] item: Leftovers","|-heal|p1a: Hippowdon|279/419|[from] item: Leftovers","|turn|5","|","|move|p2a: 0.F.U|Protect|p2a: 0.F.U","|-singleturn|p2a: 0.F.U|Protect","|move|p1a: Hippowdon|Earthquake|p2a: 0.F.U","|-activate|p2a: 0.F.U|Protect","|","|-weather|Sandstorm|[upkeep]","|-heal|p2a: 0.F.U|300/300|[from] item: Leftovers","|-heal|p1a: Hippowdon|305/419|[from] item: Leftovers","|turn|6","|","|switch|p2a: Fuck you|Rotom-Wash|241/241","|move|p1a: Hippowdon|Whirlwind|p2a: Fuck you","|drag|p2a: 0.F.U|Magnezone|300/300","|","|-weather|Sandstorm|[upkeep]","|-heal|p1a: Hippowdon|331/419|[from] item: Leftovers","|turn|7","|","|move|p2a: 0.F.U|Protect|p2a: 0.F.U","|-singleturn|p2a: 0.F.U|Protect","|move|p1a: Hippowdon|Whirlwind|p2a: 0.F.U","|drag|p2a: Amphabulous|Ampharos, M|321/321","|-status|p2a: Amphabulous|tox","|","|-weather|Sandstorm|[upkeep]","|-damage|p2a: Amphabulous|301/321 tox|[from] sandstorm","|-heal|p1a: Hippowdon|357/419|[from] item: Leftovers","|-damage|p2a: Amphabulous|281/321 tox|[from] psn","|turn|8","|","|detailschange|p2a: Amphabulous|Ampharos-Mega, M","|-mega|p2a: Amphabulous|Ampharos|Ampharosite","|-ability|p2a: Amphabulous|Mold Breaker","|move|p2a: Amphabulous|Cotton Guard|p2a: Amphabulous","|-boost|p2a: Amphabulous|def|3","|move|p1a: Hippowdon|Body Slam|p2a: Amphabulous","|-damage|p2a: Amphabulous|258/321 tox","|","|-weather|none","|-heal|p1a: Hippowdon|383/419|[from] item: Leftovers","|-damage|p2a: Amphabulous|218/321 tox|[from] psn","|turn|9","|","|move|p2a: Amphabulous|Rest|p2a: Amphabulous","|-status|p2a: Amphabulous|slp","|-heal|p2a: Amphabulous|321/321 slp|[silent]","|-status|p2a: Amphabulous|slp|[from] move: Rest","|move|p1a: Hippowdon|Whirlwind|p2a: Amphabulous","|drag|p2a: Nope|Zapdos|322/322","|-ability|p2a: Nope|Pressure","|","|-heal|p1a: Hippowdon|409/419|[from] item: Leftovers","|turn|10","|","|move|p2a: Nope|Toxic|p1a: Hippowdon","|-status|p1a: Hippowdon|tox","|move|p1a: Hippowdon|Body Slam|p2a: Nope","|-damage|p2a: Nope|261/322","|","|-heal|p2a: Nope|281/322|[from] item: Leftovers","|-heal|p1a: Hippowdon|419/419 tox|[from] item: Leftovers","|-damage|p1a: Hippowdon|393/419 tox|[from] psn","|turn|11","|","|switch|p2a: Thundurus|Thundurus, M|300/300","|move|p1a: Hippowdon|Whirlwind|p2a: Thundurus","|drag|p2a: Amphabulous|Ampharos-Mega, M|321/321 slp","|-ability|p2a: Amphabulous|Mold Breaker","|","|-heal|p1a: Hippowdon|419/419 tox|[from] item: Leftovers","|-damage|p1a: Hippowdon|367/419 tox|[from] psn","|turn|12","|","|switch|p2a: Nope|Zapdos|281/322","|-ability|p2a: Nope|Pressure","|move|p1a: Hippowdon|Earthquake|p2a: Nope","|-immune|p2a: Nope|[msg]","|","|-heal|p2a: Nope|301/322|[from] item: Leftovers","|-heal|p1a: Hippowdon|393/419 tox|[from] item: Leftovers","|-damage|p1a: Hippowdon|315/419 tox|[from] psn","|turn|13","|","|move|p2a: Nope|Heat Wave|p1a: Hippowdon","|-crit|p1a: Hippowdon","|-damage|p1a: Hippowdon|167/419 tox","|move|p1a: Hippowdon|Whirlwind|p2a: Nope","|drag|p2a: Fuck you|Rotom-Wash|241/241","|","|-heal|p1a: Hippowdon|193/419 tox|[from] item: Leftovers","|-damage|p1a: Hippowdon|89/419 tox|[from] psn","|turn|14","|","|move|p2a: Fuck you|Hydro Pump|p1a: Hippowdon|[miss]","|-miss|p2a: Fuck you|p1a: Hippowdon","|move|p1a: Hippowdon|Body Slam|p2a: Fuck you","|-damage|p2a: Fuck you|174/241","|","|-heal|p1a: Hippowdon|115/419 tox|[from] item: Leftovers","|-damage|p1a: Hippowdon|0 fnt|[from] psn","|faint|p1a: Hippowdon","|","|switch|p1a: Gliscor|Gliscor, F|353/353","|turn|15","|","|move|p1a: Gliscor|Protect|p1a: Gliscor","|-singleturn|p1a: Gliscor|Protect","|move|p2a: Fuck you|Hydro Pump|p1a: Gliscor","|-activate|p1a: Gliscor|Protect","|","|-status|p1a: Gliscor|tox|[from] item: Toxic Orb","|turn|16","|","|move|p2a: Fuck you|Hydro Pump|p1a: Gliscor","|-supereffective|p1a: Gliscor","|-damage|p1a: Gliscor|0 fnt","|faint|p1a: Gliscor","|","|","|switch|p1a: Mamoswine|Mamoswine, M|424/424","|turn|17","|","|move|p2a: Fuck you|Hydro Pump|p1a: Mamoswine","|-supereffective|p1a: Mamoswine","|-damage|p1a: Mamoswine|0 fnt","|faint|p1a: Mamoswine","|","|","|switch|p1a: Krookodile|Krookodile, M|331/331","|turn|18","|","|move|p2a: Fuck you|Hydro Pump|p1a: Krookodile","|-supereffective|p1a: Krookodile","|-damage|p1a: Krookodile|0 fnt","|faint|p1a: Krookodile","|","|","|switch|p1a: Excadrill|Excadrill, M|361/361","|turn|19","|","|move|p2a: Fuck you|Hydro Pump|p1a: Excadrill|[miss]","|-miss|p2a: Fuck you|p1a: Excadrill","|move|p1a: Excadrill|X-Scissor|p2a: Fuck you","|-crit|p2a: Fuck you","|-damage|p2a: Fuck you|0 fnt","|-damage|p1a: Excadrill|325/361|[from] item: Life Orb","|faint|p2a: Fuck you","|","|","|switch|p2a: Nope|Zapdos|301/322","|-ability|p2a: Nope|Pressure","|turn|20","|","|move|p1a: Excadrill|Iron Head|p2a: Nope","|-crit|p2a: Nope","|-resisted|p2a: Nope","|-damage|p2a: Nope|179/322","|-damage|p1a: Excadrill|289/361|[from] item: Life Orb","|move|p2a: Nope|Heat Wave|p1a: Excadrill","|-supereffective|p1a: Excadrill","|-damage|p1a: Excadrill|17/361","|","|-heal|p2a: Nope|199/322|[from] item: Leftovers","|turn|21","|","|move|p1a: Excadrill|Iron Head|p2a: Nope","|-resisted|p2a: Nope","|-damage|p2a: Nope|117/322","|-damage|p1a: Excadrill|0 fnt|[from] item: Life Orb","|faint|p1a: Excadrill","|","|win|Arcade Twizzler"],"p1rating":{"entryid":"274777","serverid":"eos","formatid":"monotype","userid":"ttilamb64","username":"TTIL-amb64","w":"6","l":8,"t":"0","gxe":45.1,"r":"1456.7204411967","rd":"95.568926460846","sigma":"0","rptime":"1440406800","rpr":1462.0646739258,"rprd":79.83539933631,"rpsigma":"0","acre":1077.8382908747,"lacre":1077.8382908747,"oldacre":"1100.0957516533"},"p2rating":{"entryid":"396552","serverid":"eos","formatid":"monotype","userid":"arcadetwizzler","username":"Arcade Twizzler","w":8,"l":"2","t":"0","gxe":65.2,"r":"1500","rd":"130","sigma":"0","rptime":"1440406800","rpr":1621.8602494902,"rprd":87.038822232196,"rpsigma":"0","acre":1160.621449212,"lacre":1160.621449212,"oldacre":"1138.3639884334"},"endType":"normal"}