{"seed":[37087,63090,10134,56973],"turns":23,"p1":"Gym Ldr Mitsuka∆","p2":"willwolf","p1team":[{"name":"Bellossom","species":"Bellossom","item":"rockyhelmet","ability":"Chlorophyll","moves":["sleeppowder","gigadrain","moonblast","teeterdance"],"nature":"Bold","evs":{"hp":252,"atk":0,"def":224,"spa":0,"spd":32,"spe":0},"ivs":{"hp":31,"atk":30,"def":31,"spa":30,"spd":31,"spe":30}},{"name":"Abomasnow","species":"Abomasnow","item":"abomasite","ability":"Soundproof","moves":["iceshard","blizzard","hiddenpowerfire","gigadrain"],"nature":"Timid","evs":{"hp":4,"atk":0,"def":0,"spa":252,"spd":0,"spe":252},"ivs":{"hp":31,"atk":30,"def":31,"spa":30,"spd":31,"spe":30}},{"name":"Roserade","species":"Roserade","item":"choicescarf","ability":"Technician","moves":["hiddenpowerrock","extrasensory","sludgebomb","gigadrain"],"nature":"Timid","evs":{"hp":0,"atk":0,"def":0,"spa":252,"spd":4,"spe":252},"ivs":{"hp":31,"atk":31,"def":30,"spa":31,"spd":30,"spe":30}},{"name":"Shiftry","species":"Shiftry","item":"lifeorb","ability":"Chlorophyll","moves":["defog","suckerpunch","knockoff","leafblade"],"nature":"Adamant","evs":{"hp":0,"atk":252,"def":0,"spa":0,"spd":4,"spe":252},"ivs":{"hp":31,"atk":31,"def":31,"spa":31,"spd":31,"spe":31}},{"name":"Ferrothorn","species":"Ferrothorn","item":"occaberry","ability":"Iron Barbs","moves":["stealthrock","thunderwave","knockoff","ironhead"],"nature":"Impish","evs":{"hp":252,"atk":0,"def":128,"spa":0,"spd":128,"spe":0},"ivs":{"hp":31,"atk":31,"def":31,"spa":31,"spd":31,"spe":31}},{"name":"Breloom","species":"Breloom","item":"focussash","ability":"Technician","moves":["spore","machpunch","bulletseed","rocktomb"],"nature":"Jolly","evs":{"hp":0,"atk":252,"def":0,"spa":0,"spd":4,"spe":252},"ivs":{"hp":31,"atk":31,"def":31,"spa":31,"spd":31,"spe":31}}],"p2team":[{"name":"Conkeldurr","species":"Conkeldurr","item":"leftovers","ability":"Guts","moves":["bulkup","drainpunch","knockoff","machpunch"],"nature":"Adamant","evs":{"hp":212,"atk":252,"def":40,"spa":0,"spd":4,"spe":0},"ivs":{"hp":31,"atk":31,"def":31,"spa":31,"spd":31,"spe":31}},{"name":"Lucario","species":"Lucario","item":"lifeorb","ability":"Steadfast","moves":["aurasphere","nastyplot","darkpulse","hiddenpowerice"],"nature":"Timid","evs":{"hp":0,"atk":0,"def":0,"spa":252,"spd":4,"spe":252},"ivs":{"hp":31,"atk":30,"def":30,"spa":31,"spd":31,"spe":31}},{"name":"Mienshao","species":"Mienshao","item":"lifeorb","ability":"Regenerator","moves":["hiddenpowerice","highjumpkick","fakeout","uturn"],"nature":"Hasty","evs":{"hp":0,"atk":252,"def":0,"spa":4,"spd":0,"spe":252},"ivs":{"hp":31,"atk":30,"def":30,"spa":31,"spd":31,"spe":31}},{"name":"Heracross","species":"Heracross","item":"salacberry","ability":"Guts","moves":["reversal","endure","stoneedge","megahorn"],"nature":"Adamant","evs":{"hp":0,"atk":252,"def":4,"spa":0,"spd":0,"spe":252},"ivs":{"hp":31,"atk":31,"def":31,"spa":31,"spd":31,"spe":31}},{"name":"Hitmonlee","species":"Hitmonlee","item":"liechiberry","ability":"Unburden","moves":["reversal","endure","stoneedge","knockoff"],"nature":"Adamant","evs":{"hp":0,"atk":252,"def":0,"spa":0,"spd":4,"spe":252},"ivs":{"hp":31,"atk":31,"def":31,"spa":31,"spd":31,"spe":31}},{"name":"Gallade","species":"Gallade","item":"galladite","ability":"Steadfast","moves":["knockoff","zenheadbutt","closecombat","shadowsneak"],"nature":"Jolly","evs":{"hp":0,"atk":252,"def":0,"spa":0,"spd":0,"spe":252},"ivs":{"hp":31,"atk":31,"def":31,"spa":31,"spd":31,"spe":31}}],"log":["|player|p1|Gym Ldr Mitsuka∆|265","|player|p2|willwolf|54","|gametype|singles","|gen|6","|tier|Monotype","|rated","|rule|Baton Pass Clause: Limit one Baton Passer, can't pass Spe and other stats simultaneously","|rule|Swagger Clause: Swagger is banned","|rule|Same Type Clause: Pokémon in a team must share a type","|clearpoke","|poke|p1|Bellossom, M","|poke|p1|Abomasnow, F","|poke|p1|Roserade, M","|poke|p1|Shiftry, M","|poke|p1|Ferrothorn, F","|poke|p1|Breloom, M","|poke|p2|Conkeldurr, F","|poke|p2|Lucario, F","|poke|p2|Mienshao, M","|poke|p2|Heracross, F","|poke|p2|Hitmonlee, M","|poke|p2|Gallade, M","|rule|Sleep Clause Mod: Limit one foe put to sleep","|rule|Species Clause: Limit one of each Pokémon","|rule|OHKO Clause: OHKO moves are banned","|rule|Moody Clause: Moody is banned","|rule|Evasion Moves Clause: Evasion moves are banned","|rule|Endless Battle Clause: Forcing endless battles is banned","|rule|HP Percentage Mod: HP is shown in percentages","|teampreview","|","|start","|switch|p1a: Bellossom|Bellossom, M|354/354","|switch|p2a: Mienshao|Mienshao, M|271/271","|turn|1","|","|move|p2a: Mienshao|Fake Out|p1a: Bellossom","|-crit|p1a: Bellossom","|-damage|p1a: Bellossom|281/354","|-damage|p2a: Mienshao|226/271|[from] item: Rocky Helmet|[of] p1a: Bellossom","|-damage|p2a: Mienshao|199/271|[from] item: Life Orb","|cant|p1a: Bellossom|flinch","|","|turn|2","|","|move|p2a: Mienshao|High Jump Kick|p1a: Bellossom","|-damage|p1a: Bellossom|63/354","|-damage|p2a: Mienshao|154/271|[from] item: Rocky Helmet|[of] p1a: Bellossom","|-damage|p2a: Mienshao|127/271|[from] item: Life Orb","|move|p1a: Bellossom|Teeter Dance|p2a: Mienshao","|-start|p2a: Mienshao|confusion","|","|turn|3","|","|switch|p2a: Lucario|Lucario, F|281/281","|move|p1a: Bellossom|Giga Drain|p2a: Lucario","|-resisted|p2a: Lucario","|-damage|p2a: Lucario|229/281","|-heal|p1a: Bellossom|89/354|[from] drain|[of] p2a: Lucario","|","|turn|4","|","|switch|p1a: Ferrothorn|Ferrothorn, F|352/352","|move|p2a: Lucario|Aura Sphere|p1a: Ferrothorn","|-supereffective|p1a: Ferrothorn","|-damage|p1a: Ferrothorn|102/352","|-damage|p2a: Lucario|201/281|[from] item: Life Orb","|","|turn|5","|","|move|p2a: Lucario|Aura Sphere|p1a: Ferrothorn","|-supereffective|p1a: Ferrothorn","|-damage|p1a: Ferrothorn|0 fnt","|-damage|p2a: Lucario|173/281|[from] item: Life Orb","|faint|p1a: Ferrothorn","|","|","|switch|p1a: Breloom|Breloom, M|261/261","|turn|6","|","|switch|p2a: Conkeldurr|Conkeldurr, F|404/404","|move|p1a: Breloom|Mach Punch|p2a: Conkeldurr","|-damage|p2a: Conkeldurr|299/404","|","|-heal|p2a: Conkeldurr|324/404|[from] item: Leftovers","|turn|7","|","|switch|p1a: Bellossom|Bellossom, M|89/354","|move|p2a: Conkeldurr|Mach Punch|p1a: Bellossom","|-damage|p1a: Bellossom|29/354","|-damage|p2a: Conkeldurr|257/404|[from] item: Rocky Helmet|[of] p1a: Bellossom","|","|-heal|p2a: Conkeldurr|282/404|[from] item: Leftovers","|turn|8","|","|move|p2a: Conkeldurr|Mach Punch|p1a: Bellossom","|-damage|p1a: Bellossom|0 fnt","|-damage|p2a: Conkeldurr|215/404|[from] item: Rocky Helmet|[of] p1a: Bellossom","|faint|p1a: Bellossom","|","|-heal|p2a: Conkeldurr|240/404|[from] item: Leftovers","|","|switch|p1a: Abomasnow|Abomasnow, F|322/322","|turn|9","|","|detailschange|p1a: Abomasnow|Abomasnow-Mega, F","|-mega|p1a: Abomasnow|Abomasnow|Abomasite","|-weather|Hail","|move|p1a: Abomasnow|Blizzard|p2a: Conkeldurr","|-damage|p2a: Conkeldurr|0 fnt","|faint|p2a: Conkeldurr","|","|-weather|Hail|[upkeep]","|","|switch|p2a: Lucario|Lucario, F|173/281","|turn|10","|","|move|p2a: Lucario|Aura Sphere|p1a: Abomasnow","|-supereffective|p1a: Abomasnow","|-damage|p1a: Abomasnow|2/322","|-damage|p2a: Lucario|145/281|[from] item: Life Orb","|move|p1a: Abomasnow|Hidden Power|p2a: Lucario","|-supereffective|p2a: Lucario","|-damage|p2a: Lucario|0 fnt","|faint|p2a: Lucario","|","|-weather|Hail|[upkeep]","|","|switch|p2a: Gallade|Gallade, M|277/277","|turn|11","|","|detailschange|p2a: Gallade|Gallade-Mega, M","|-mega|p2a: Gallade|Gallade|Galladite","|move|p2a: Gallade|Shadow Sneak|p1a: Abomasnow","|-damage|p1a: Abomasnow|0 fnt","|faint|p1a: Abomasnow","|","|-weather|Hail|[upkeep]","|-damage|p2a: Gallade|260/277|[from] hail","|","|switch|p1a: Shiftry|Shiftry, M|321/321","|turn|12","|","|move|p1a: Shiftry|Sucker Punch|p2a: Gallade","|-damage|p2a: Gallade|75/277","|-damage|p1a: Shiftry|289/321|[from] item: Life Orb","|move|p2a: Gallade|Close Combat|p1a: Shiftry","|-supereffective|p1a: Shiftry","|-damage|p1a: Shiftry|0 fnt","|-unboost|p2a: Gallade|def|1","|-unboost|p2a: Gallade|spd|1","|faint|p1a: Shiftry","|","|-weather|Hail|[upkeep]","|-damage|p2a: Gallade|58/277|[from] hail","|","|switch|p1a: Roserade|Roserade, M|261/261","|turn|13","|","|move|p1a: Roserade|Extrasensory|p2a: Gallade","|-damage|p2a: Gallade|0 fnt","|faint|p2a: Gallade","|","|-weather|none","|","|switch|p2a: Heracross|Heracross, F|301/301","|turn|14","|","|move|p2a: Heracross|Endure|p2a: Heracross","|-singleturn|p2a: Heracross|move: Endure","|move|p1a: Roserade|Extrasensory|p2a: Heracross","|-supereffective|p2a: Heracross","|-damage|p2a: Heracross|95/301","|","|turn|15","|","|move|p2a: Heracross|Endure|p2a: Heracross","|-singleturn|p2a: Heracross|move: Endure","|move|p1a: Roserade|Extrasensory|p2a: Heracross","|-supereffective|p2a: Heracross","|-activate|p2a: Heracross|move: Endure","|-damage|p2a: Heracross|1/301","|-enditem|p2a: Heracross|Salac Berry|[eat]","|-boost|p2a: Heracross|spe|1|[from] item: Salac Berry","|","|turn|16","|","|switch|p1a: Breloom|Breloom, M|261/261","|move|p2a: Heracross|Megahorn|p1a: Breloom","|-enditem|p1a: Breloom|Focus Sash","|-damage|p1a: Breloom|1/261","|","|turn|17","|","|move|p2a: Heracross|Endure|p2a: Heracross","|-singleturn|p2a: Heracross|move: Endure","|move|p1a: Breloom|Mach Punch|p2a: Heracross","|-crit|p2a: Heracross","|-resisted|p2a: Heracross","|-activate|p2a: Heracross|move: Endure","|-damage|p2a: Heracross|1/301","|","|turn|18","|","|move|p2a: Heracross|Endure|p2a: Heracross","|-fail|p2a: Heracross","|move|p1a: Breloom|Mach Punch|p2a: Heracross","|-resisted|p2a: Heracross","|-damage|p2a: Heracross|0 fnt","|faint|p2a: Heracross","|","|","|switch|p2a: Mienshao|Mienshao, M|217/271","|turn|19","|","|switch|p1a: Roserade|Roserade, M|261/261","|move|p2a: Mienshao|U-turn|p1a: Roserade","|-damage|p1a: Roserade|109/261","|-damage|p2a: Mienshao|190/271|[from] item: Life Orb","|","|switch|p2a: Hitmonlee|Hitmonlee, M|241/241","|","|turn|20","|","|move|p2a: Hitmonlee|Endure|p2a: Hitmonlee","|-singleturn|p2a: Hitmonlee|move: Endure","|move|p1a: Roserade|Extrasensory|p2a: Hitmonlee","|-supereffective|p2a: Hitmonlee","|-damage|p2a: Hitmonlee|81/241","|","|turn|21","|","|move|p2a: Hitmonlee|Endure|p2a: Hitmonlee","|-fail|p2a: Hitmonlee","|move|p1a: Roserade|Extrasensory|p2a: Hitmonlee","|-supereffective|p2a: Hitmonlee","|-damage|p2a: Hitmonlee|0 fnt","|faint|p2a: Hitmonlee","|","|","|switch|p2a: Mienshao|Mienshao, M|271/271","|turn|22","|","|move|p2a: Mienshao|Fake Out|p1a: Roserade","|-damage|p1a: Roserade|28/261","|-damage|p2a: Mienshao|244/271|[from] item: Life Orb","|cant|p1a: Roserade|flinch","|","|turn|23","|","|move|p1a: Roserade|Extrasensory|p2a: Mienshao","|-supereffective|p2a: Mienshao","|-damage|p2a: Mienshao|0 fnt","|faint|p2a: Mienshao","|","|win|Gym Ldr Mitsuka∆"],"p1rating":{"entryid":"379503","serverid":"eos","formatid":"monotype","userid":"gymldrmitsuka","username":"Gym Ldr Mitsuka∆","w":6,"l":"11","t":"0","gxe":40.8,"r":"1441.313944946","rd":"103.46670437715","sigma":"0","rptime":"1440406800","rpr":1428.6147384025,"rprd":74.967051112444,"rpsigma":"0","acre":1127.7869474674,"lacre":1127.7869474674,"oldacre":"1105.9343487317"},"p2rating":{"entryid":"414338","serverid":"eos","formatid":"monotype","userid":"willwolf","username":"willwolf","w":"5","l":7,"t":"0","gxe":43.5,"r":"1500","rd":"130","sigma":"0","rptime":"1440406800","rpr":1449.7871288726,"rprd":83.168921234947,"rpsigma":"0","acre":1045.0952673021,"lacre":1045.0952673021,"oldacre":"1061.960263444"},"endType":"normal"}