{"seed":[35975,55038,3948,2014],"turns":32,"p1":"DJ Gible","p2":"Alliance - Asurax","p1team":[{"name":"Calamari","species":"malamar","item":"choicescarf","ability":"Contrary","moves":["rockslide","psychocut","superpower","nightslash"],"nature":"Jolly","evs":{"hp":4,"atk":252,"def":0,"spa":0,"spd":0,"spe":252},"ivs":{"hp":31,"atk":31,"def":31,"spa":31,"spd":31,"spe":31}},{"name":"Hoodlum","species":"scrafty","item":"focussash","ability":"Moxie","moves":["dragondance","crunch","drainpunch","icepunch"],"nature":"Adamant","evs":{"hp":4,"atk":252,"def":0,"spa":0,"spd":0,"spe":252},"ivs":{"hp":31,"atk":31,"def":31,"spa":31,"spd":31,"spe":31}},{"name":"Tyrant","species":"tyranitar","item":"tyranitarite","ability":"Sand Stream","moves":["dragondance","stoneedge","earthquake","crunch"],"nature":"Adamant","evs":{"hp":0,"atk":252,"def":0,"spa":0,"spd":4,"spe":252},"ivs":{"hp":31,"atk":31,"def":31,"spa":31,"spd":31,"spe":31}},{"name":"Cpt. Buzz","species":"mandibuzz","item":"leftovers","ability":"Big Pecks","moves":["foulplay","roost","defog","whirlwind"],"nature":"Bold","evs":{"hp":252,"atk":0,"def":252,"spa":0,"spd":4,"spe":0},"ivs":{"hp":31,"atk":31,"def":31,"spa":31,"spd":31,"spe":31}},{"name":"Hoopa-Unbound","species":"Hoopa-Unbound","item":"lifeorb","ability":"Magician","moves":["zenheadbutt","hyperspacefury","gunkshot","substitute"],"nature":"Jolly","evs":{"hp":0,"atk":252,"def":0,"spa":0,"spd":4,"spe":252},"ivs":{"hp":31,"atk":31,"def":31,"spa":31,"spd":31,"spe":31}},{"name":"Hydreigon","species":"Hydreigon","item":"choicescarf","ability":"Levitate","moves":["dracometeor","dragonpulse","darkpulse","flashcannon"],"nature":"Timid","evs":{"hp":0,"atk":0,"def":0,"spa":252,"spd":4,"spe":252},"ivs":{"hp":31,"atk":31,"def":31,"spa":31,"spd":31,"spe":31}}],"p2team":[{"name":"Skarmory","species":"Skarmory","item":"custapberry","ability":"Sturdy","moves":["bravebird","stealthrock","spikes","tailwind"],"nature":"Adamant","evs":{"hp":0,"atk":252,"def":4,"spa":0,"spd":0,"spe":252},"ivs":{"hp":31,"atk":31,"def":31,"spa":31,"spd":31,"spe":31}},{"name":"Bisharp","species":"Bisharp","item":"focussash","ability":"Defiant","moves":["suckerpunch","knockoff","psychocut","swordsdance"],"nature":"Adamant","evs":{"hp":0,"atk":252,"def":4,"spa":0,"spd":0,"spe":252},"ivs":{"hp":31,"atk":31,"def":31,"spa":31,"spd":31,"spe":31}},{"name":"Doublade","species":"Doublade","item":"eviolite","ability":"No Guard","moves":["shadowsneak","swordsdance","gyroball","sacredsword"],"nature":"Brave","evs":{"hp":252,"atk":252,"def":4,"spa":0,"spd":0,"spe":0},"ivs":{"hp":31,"atk":31,"def":31,"spa":31,"spd":31,"spe":0}},{"name":"Scizor","species":"Scizor","item":"scizorite","ability":"Technician","moves":["swordsdance","bulletpunch","bugbite","roost"],"nature":"Adamant","evs":{"hp":248,"atk":252,"def":0,"spa":0,"spd":8,"spe":0},"ivs":{"hp":31,"atk":31,"def":31,"spa":31,"spd":31,"spe":31}},{"name":"Heatran","species":"Heatran","item":"airballoon","ability":"Flash Fire","moves":["stoneedge","hiddenpowerice","fireblast","earthpower"],"nature":"Modest","evs":{"hp":0,"atk":0,"def":0,"spa":252,"spd":52,"spe":204},"ivs":{"hp":31,"atk":30,"def":30,"spa":31,"spd":31,"spe":31}},{"name":"Lucario","species":"Lucario","item":"lifeorb","ability":"Inner Focus","moves":["icepunch","extremespeed","closecombat","swordsdance"],"nature":"Jolly","evs":{"hp":0,"atk":252,"def":4,"spa":0,"spd":0,"spe":252},"ivs":{"hp":31,"atk":31,"def":31,"spa":31,"spd":31,"spe":31}}],"log":["|player|p1|DJ Gible|198","|player|p2|Alliance - Asurax|allianceasurax.png","|gametype|singles","|gen|6","|tier|Monotype","|rated","|rule|Baton Pass Clause: Limit one Baton Passer, can't pass Spe and other stats simultaneously","|rule|Swagger Clause: Swagger is banned","|rule|Same Type Clause: Pokémon in a team must share a type","|clearpoke","|poke|p1|Malamar, F","|poke|p1|Scrafty, F","|poke|p1|Tyranitar, M","|poke|p1|Mandibuzz, F","|poke|p1|Hoopa-Unbound","|poke|p1|Hydreigon, M","|poke|p2|Skarmory, M","|poke|p2|Bisharp, M","|poke|p2|Doublade, M","|poke|p2|Scizor, M","|poke|p2|Heatran, M","|poke|p2|Lucario, F","|rule|Sleep Clause Mod: Limit one foe put to sleep","|rule|Species Clause: Limit one of each Pokémon","|rule|OHKO Clause: OHKO moves are banned","|rule|Moody Clause: Moody is banned","|rule|Evasion Moves Clause: Evasion moves are banned","|rule|Endless Battle Clause: Forcing endless battles is banned","|rule|HP Percentage Mod: HP is shown in percentages","|teampreview","|","|start","|switch|p1a: Calamari|Malamar, F|314/314","|switch|p2a: Skarmory|Skarmory, M|271/271","|turn|1","|","|move|p1a: Calamari|Superpower|p2a: Skarmory","|-crit|p2a: Skarmory","|-damage|p2a: Skarmory|146/271","|-boost|p1a: Calamari|atk|1","|-boost|p1a: Calamari|def|1","|move|p2a: Skarmory|Stealth Rock|p1a: Calamari","|-sidestart|p1: DJ Gible|move: Stealth Rock","|","|turn|2","|","|move|p1a: Calamari|Superpower|p2a: Skarmory","|-damage|p2a: Skarmory|27/271","|-boost|p1a: Calamari|atk|1","|-boost|p1a: Calamari|def|1","|move|p2a: Skarmory|Tailwind|p2a: Skarmory","|-sidestart|p2: Alliance - Asurax|move: Tailwind","|","|turn|3","|-enditem|p2a: Skarmory|Custap Berry|[eat]","|-activate|p2a: Skarmory|Custap Berry","|","|move|p2a: Skarmory|Brave Bird|p1a: Calamari","|-damage|p1a: Calamari|214/314","|-damage|p2a: Skarmory|0 fnt|[from] recoil|[of] p1a: Calamari","|faint|p2a: Skarmory","|move|p1a: Calamari|Superpower|p2: Skarmory|[notarget]","|-notarget","|","|","|switch|p2a: Scizor|Scizor, M|343/343","|turn|4","|","|detailschange|p2a: Scizor|Scizor-Mega, M","|-mega|p2a: Scizor|Scizor|Scizorite","|move|p1a: Calamari|Superpower|p2a: Scizor","|-damage|p2a: Scizor|182/343","|-boost|p1a: Calamari|atk|1","|-boost|p1a: Calamari|def|1","|move|p2a: Scizor|Bug Bite|p1a: Calamari","|-supereffective|p1a: Calamari","|-damage|p1a: Calamari|0 fnt","|faint|p1a: Calamari","|","|","|switch|p1a: Cpt. Buzz|Mandibuzz, F|424/424","|-damage|p1a: Cpt. Buzz|318/424|[from] Stealth Rock","|turn|5","|","|move|p2a: Scizor|Bug Bite|p1a: Cpt. Buzz","|-damage|p1a: Cpt. Buzz|191/424","|move|p1a: Cpt. Buzz|Roost|p1a: Cpt. Buzz","|-heal|p1a: Cpt. Buzz|403/424","|","|-heal|p1a: Cpt. Buzz|424/424|[from] item: Leftovers","|-sideend|p2: Alliance - Asurax|move: Tailwind","|turn|6","|","|move|p1a: Cpt. Buzz|Defog|p2a: Scizor","|-unboost|p2a: Scizor|evasion|1","|-sideend|p1: DJ Gible|Stealth Rock|[from] move: Defog|[of] p1a: Cpt. Buzz","|move|p2a: Scizor|Roost|p2a: Scizor","|-heal|p2a: Scizor|343/343","|","|turn|7","|","|move|p1a: Cpt. Buzz|Foul Play|p2a: Scizor","|-damage|p2a: Scizor|198/343","|move|p2a: Scizor|Bug Bite|p1a: Cpt. Buzz","|-damage|p1a: Cpt. Buzz|295/424","|","|-heal|p1a: Cpt. Buzz|321/424|[from] item: Leftovers","|turn|8","|","|move|p1a: Cpt. Buzz|Foul Play|p2a: Scizor","|-damage|p2a: Scizor|53/343","|move|p2a: Scizor|Roost|p2a: Scizor","|-heal|p2a: Scizor|225/343","|","|-heal|p1a: Cpt. Buzz|347/424|[from] item: Leftovers","|turn|9","|","|move|p1a: Cpt. Buzz|Foul Play|p2a: Scizor","|-damage|p2a: Scizor|75/343","|move|p2a: Scizor|Roost|p2a: Scizor","|-heal|p2a: Scizor|247/343","|","|-heal|p1a: Cpt. Buzz|373/424|[from] item: Leftovers","|turn|10","|","|move|p1a: Cpt. Buzz|Foul Play|p2a: Scizor","|-damage|p2a: Scizor|100/343","|move|p2a: Scizor|Roost|p2a: Scizor","|-heal|p2a: Scizor|272/343","|","|-heal|p1a: Cpt. Buzz|399/424|[from] item: Leftovers","|turn|11","|","|switch|p2a: Bisharp|Bisharp, M|271/271","|move|p1a: Cpt. Buzz|Whirlwind|p2a: Bisharp","|drag|p2a: Scizor|Scizor-Mega, M|272/343","|","|-heal|p1a: Cpt. Buzz|424/424|[from] item: Leftovers","|turn|12","|","|move|p1a: Cpt. Buzz|Foul Play|p2a: Scizor","|-damage|p2a: Scizor|110/343","|move|p2a: Scizor|Roost|p2a: Scizor","|-heal|p2a: Scizor|282/343","|","|turn|13","|","|switch|p2a: Bisharp|Bisharp, M|271/271","|move|p1a: Cpt. Buzz|Foul Play|p2a: Bisharp","|-resisted|p2a: Bisharp","|-damage|p2a: Bisharp|183/271","|","|turn|14","|","|move|p2a: Bisharp|Knock Off|p1a: Cpt. Buzz","|-resisted|p1a: Cpt. Buzz","|-damage|p1a: Cpt. Buzz|358/424","|-enditem|p1a: Cpt. Buzz|Leftovers|[from] move: Knock Off|[of] p2a: Bisharp","|move|p1a: Cpt. Buzz|Whirlwind|p2a: Bisharp","|drag|p2a: Doublade|Doublade, M|322/322","|","|turn|15","|","|switch|p2a: Bisharp|Bisharp, M|183/271","|move|p1a: Cpt. Buzz|Foul Play|p2a: Bisharp","|-resisted|p2a: Bisharp","|-damage|p2a: Bisharp|87/271","|","|turn|16","|","|move|p2a: Bisharp|Swords Dance|p2a: Bisharp","|-boost|p2a: Bisharp|atk|2","|move|p1a: Cpt. Buzz|Roost|p1a: Cpt. Buzz","|-heal|p1a: Cpt. Buzz|424/424","|","|turn|17","|","|move|p2a: Bisharp|Sucker Punch|p1a: Cpt. Buzz","|-resisted|p1a: Cpt. Buzz","|-damage|p1a: Cpt. Buzz|313/424","|move|p1a: Cpt. Buzz|Foul Play|p2a: Bisharp","|-resisted|p2a: Bisharp","|-damage|p2a: Bisharp|0 fnt","|faint|p2a: Bisharp","|","|","|switch|p2a: Heatran|Heatran, M|323/323","|-item|p2a: Heatran|Air Balloon","|turn|18","|","|move|p2a: Heatran|Fire Blast|p1a: Cpt. Buzz|[miss]","|-miss|p2a: Heatran|p1a: Cpt. Buzz","|move|p1a: Cpt. Buzz|Roost|p1a: Cpt. Buzz","|-heal|p1a: Cpt. Buzz|424/424","|","|turn|19","|","|move|p2a: Heatran|Fire Blast|p1a: Cpt. Buzz|[miss]","|-miss|p2a: Heatran|p1a: Cpt. Buzz","|move|p1a: Cpt. Buzz|Foul Play|p2a: Heatran","|-crit|p2a: Heatran","|-damage|p2a: Heatran|202/323","|-enditem|p2a: Heatran|Air Balloon","|","|turn|20","|","|move|p2a: Heatran|Fire Blast|p1a: Cpt. Buzz","|-damage|p1a: Cpt. Buzz|184/424","|move|p1a: Cpt. Buzz|Foul Play|p2a: Heatran","|-damage|p2a: Heatran|121/323","|","|turn|21","|","|move|p2a: Heatran|Fire Blast|p1a: Cpt. Buzz","|-damage|p1a: Cpt. Buzz|0 fnt","|faint|p1a: Cpt. Buzz","|","|","|switch|p1a: Tyrant|Tyranitar, M|341/341","|-weather|Sandstorm","|turn|22","|","|switch|p2a: Doublade|Doublade, M|322/322","|detailschange|p1a: Tyrant|Tyranitar-Mega, M","|-mega|p1a: Tyrant|Tyranitar|Tyranitarite","|move|p1a: Tyrant|Dragon Dance|p1a: Tyrant","|-boost|p1a: Tyrant|atk|1","|-boost|p1a: Tyrant|spe|1","|","|-weather|Sandstorm|[upkeep]","|turn|23","|","|move|p1a: Tyrant|Crunch|p2a: Doublade","|-supereffective|p2a: Doublade","|-damage|p2a: Doublade|38/322","|move|p2a: Doublade|Sacred Sword|p1a: Tyrant","|-supereffective|p1a: Tyrant","|-damage|p1a: Tyrant|53/341","|","|-weather|Sandstorm|[upkeep]","|turn|24","|","|move|p2a: Doublade|Shadow Sneak|p1a: Tyrant","|-resisted|p1a: Tyrant","|-damage|p1a: Tyrant|28/341","|move|p1a: Tyrant|Crunch|p2a: Doublade","|-supereffective|p2a: Doublade","|-damage|p2a: Doublade|0 fnt","|faint|p2a: Doublade","|","|-weather|Sandstorm|[upkeep]","|","|switch|p2a: Scizor|Scizor-Mega, M|282/343","|turn|25","|","|move|p2a: Scizor|Bullet Punch|p1a: Tyrant","|-supereffective|p1a: Tyrant","|-damage|p1a: Tyrant|0 fnt","|faint|p1a: Tyrant","|","|-weather|Sandstorm|[upkeep]","|","|switch|p1a: Hoodlum|Scrafty, F|272/272","|turn|26","|","|move|p1a: Hoodlum|Dragon Dance|p1a: Hoodlum","|-boost|p1a: Hoodlum|atk|1","|-boost|p1a: Hoodlum|spe|1","|move|p2a: Scizor|Swords Dance|p2a: Scizor","|-boost|p2a: Scizor|atk|2","|","|-weather|none","|turn|27","|","|move|p1a: Hoodlum|Drain Punch|p2a: Scizor","|-damage|p2a: Scizor|161/343","|move|p2a: Scizor|Bug Bite|p1a: Hoodlum","|-enditem|p1a: Hoodlum|Focus Sash","|-damage|p1a: Hoodlum|1/272","|","|turn|28","|","|move|p1a: Hoodlum|Drain Punch|p2a: Scizor","|-damage|p2a: Scizor|32/343","|-heal|p1a: Hoodlum|66/272|[from] drain|[of] p2a: Scizor","|move|p2a: Scizor|Roost|p2a: Scizor","|-heal|p2a: Scizor|204/343","|","|turn|29","|","|move|p1a: Hoodlum|Drain Punch|p2a: Scizor","|-damage|p2a: Scizor|75/343","|-heal|p1a: Hoodlum|131/272|[from] drain|[of] p2a: Scizor","|move|p2a: Scizor|Swords Dance|p2a: Scizor","|-boost|p2a: Scizor|atk|2","|","|turn|30","|","|move|p2a: Scizor|Bullet Punch|p1a: Hoodlum","|-damage|p1a: Hoodlum|0 fnt","|faint|p1a: Hoodlum","|","|","|switch|p1a: Hydreigon|Hydreigon, M|325/325","|turn|31","|","|move|p2a: Scizor|Bullet Punch|p1a: Hydreigon","|-damage|p1a: Hydreigon|0 fnt","|faint|p1a: Hydreigon","|","|","|switch|p1a: Hoopa-Unbound|Hoopa-Unbound|301/301","|turn|32","|","|move|p2a: Scizor|Bullet Punch|p1a: Hoopa-Unbound","|-damage|p1a: Hoopa-Unbound|0 fnt","|faint|p1a: Hoopa-Unbound","|","|win|Alliance - Asurax"],"p1rating":{"entryid":"166635","serverid":"eos","formatid":"monotype","userid":"djgible","username":"DJ Gible","w":"2","l":2,"t":"0","gxe":52.5,"r":"1543.9111610629","rd":"123.07983607339","sigma":"0","rptime":"1440406800","rpr":1519.3814534463,"rprd":106.97859098796,"rpsigma":"0","acre":1067.2092306814,"lacre":1067.2092306814,"oldacre":"1073.9576565473"},"p2rating":{"entryid":"36158","serverid":"eos","formatid":"monotype","userid":"allianceasurax","username":"Alliance - Asurax","w":30,"l":"8","t":"0","gxe":75.1,"r":"1682.8810448051","rd":"59.334771287313","sigma":"0","rptime":"1440406800","rpr":1710.4473196824,"rprd":56.22861885723,"rpsigma":"0","acre":1368.4671538993,"lacre":1368.4671538993,"oldacre":"1362.0686156174"},"endType":"normal"}