{"seed":[20707,43901,48106,18810],"turns":29,"p1":"Doctor Mental1st","p2":"TTIL-amb64","p1team":[{"name":"Jirachi","species":"Jirachi","item":"choicescarf","ability":"Serene Grace","moves":["ironhead","trick","healingwish","uturn"],"nature":"Jolly","evs":{"hp":0,"atk":252,"def":0,"spa":0,"spd":4,"spe":252},"ivs":{"hp":31,"atk":31,"def":31,"spa":31,"spd":31,"spe":31}},{"name":"Victini","species":"Victini","item":"choicescarf","ability":"Victory Star","moves":["vcreate","boltstrike","zenheadbutt","blueflare"],"nature":"Adamant","evs":{"hp":0,"atk":252,"def":0,"spa":0,"spd":4,"spe":252},"ivs":{"hp":31,"atk":31,"def":31,"spa":31,"spd":31,"spe":31}},{"name":"Mew","species":"Mew","item":"leftovers","ability":"Synchronize","moves":["roost","stealthrock","defog","willowisp"],"nature":"Calm","evs":{"hp":252,"atk":0,"def":4,"spa":0,"spd":144,"spe":108},"ivs":{"hp":31,"atk":31,"def":31,"spa":31,"spd":31,"spe":31}},{"name":"Gardevoir","species":"Gardevoir","item":"gardevoirite","ability":"Trace","moves":["hypervoice","psyshock","focusblast","substitute"],"nature":"Timid","evs":{"hp":0,"atk":0,"def":0,"spa":252,"spd":4,"spe":252},"shiny":true,"ivs":{"hp":31,"atk":31,"def":31,"spa":31,"spd":31,"spe":31}},{"name":"Meloetta","species":"Meloetta","item":"assaultvest","ability":"Serene Grace","moves":["focusblast","psyshock","energyball","shadowball"],"nature":"Modest","evs":{"hp":248,"atk":0,"def":0,"spa":252,"spd":8,"spe":0},"ivs":{"hp":31,"atk":31,"def":31,"spa":31,"spd":31,"spe":31}},{"name":"Slowbro","species":"Slowbro","item":"rockyhelmet","ability":"Regenerator","moves":["slackoff","scald","fireblast","thunderwave"],"nature":"Bold","evs":{"hp":248,"atk":0,"def":252,"spa":8,"spd":0,"spe":0},"ivs":{"hp":31,"atk":31,"def":31,"spa":31,"spd":31,"spe":31}}],"p2team":[{"name":"Empoleon","species":"Empoleon","item":"leftovers","ability":"Torrent","moves":["stealthrock","surf","icebeam","defog"],"nature":"Modest","evs":{"hp":248,"atk":0,"def":0,"spa":252,"spd":8,"spe":0},"ivs":{"hp":31,"atk":31,"def":31,"spa":31,"spd":31,"spe":31}},{"name":"Lucario","species":"Lucario","item":"choicescarf","ability":"Justified","moves":["highjumpkick","blazekick","earthquake","stoneedge"],"nature":"Adamant","evs":{"hp":0,"atk":252,"def":0,"spa":0,"spd":4,"spe":252},"ivs":{"hp":31,"atk":31,"def":31,"spa":31,"spd":31,"spe":31}},{"name":"Bisharp","species":"Bisharp","item":"focussash","ability":"Defiant","moves":["ironhead","swordsdance","suckerpunch","thunderwave"],"nature":"Jolly","evs":{"hp":0,"atk":252,"def":0,"spa":0,"spd":4,"spe":252},"ivs":{"hp":31,"atk":31,"def":31,"spa":31,"spd":31,"spe":31}},{"name":"Scizor","species":"Scizor","item":"scizorite","ability":"Technician","moves":["bulletpunch","bugbite","swordsdance","roost"],"nature":"Adamant","evs":{"hp":248,"atk":252,"def":0,"spa":0,"spd":8,"spe":0},"ivs":{"hp":31,"atk":31,"def":31,"spa":31,"spd":31,"spe":31}},{"name":"Metagross","species":"Metagross","item":"weaknesspolicy","ability":"Clear Body","moves":["earthquake","meteormash","bulletpunch","zenheadbutt"],"nature":"Adamant","evs":{"hp":248,"atk":252,"def":0,"spa":0,"spd":8,"spe":0},"ivs":{"hp":31,"atk":31,"def":31,"spa":31,"spd":31,"spe":31}},{"name":"Magnezone","species":"Magnezone","item":"lightclay","ability":"Analytic","moves":["flashcannon","triattack","thunderbolt","reflect"],"nature":"Modest","evs":{"hp":248,"atk":0,"def":0,"spa":252,"spd":8,"spe":0},"ivs":{"hp":31,"atk":31,"def":31,"spa":31,"spd":31,"spe":31}}],"log":["|player|p1|Doctor Mental1st|184","|player|p2|TTIL-amb64|153","|gametype|singles","|gen|6","|tier|Monotype","|rated","|rule|Baton Pass Clause: Limit one Baton Passer, can't pass Spe and other stats simultaneously","|rule|Swagger Clause: Swagger is banned","|rule|Same Type Clause: Pokémon in a team must share a type","|clearpoke","|poke|p1|Jirachi","|poke|p1|Victini","|poke|p1|Mew","|poke|p1|Gardevoir, F, shiny","|poke|p1|Meloetta","|poke|p1|Slowbro, F","|poke|p2|Empoleon, F","|poke|p2|Lucario, F","|poke|p2|Bisharp, F","|poke|p2|Scizor, M","|poke|p2|Metagross","|poke|p2|Magnezone","|rule|Sleep Clause Mod: Limit one foe put to sleep","|rule|Species Clause: Limit one of each Pokémon","|rule|OHKO Clause: OHKO moves are banned","|rule|Moody Clause: Moody is banned","|rule|Evasion Moves Clause: Evasion moves are banned","|rule|Endless Battle Clause: Forcing endless battles is banned","|rule|HP Percentage Mod: HP is shown in percentages","|teampreview","|","|start","|switch|p1a: Victini|Victini|341/341","|switch|p2a: Empoleon|Empoleon, F|371/371","|turn|1","|","|move|p1a: Victini|Bolt Strike|p2a: Empoleon","|-supereffective|p2a: Empoleon","|-damage|p2a: Empoleon|39/371","|move|p2a: Empoleon|Surf|p1a: Victini","|-supereffective|p1a: Victini","|-damage|p1a: Victini|0 fnt","|faint|p1a: Victini","|","|-heal|p2a: Empoleon|62/371|[from] item: Leftovers","|","|switch|p1a: Mew|Mew|404/404","|turn|2","|","|move|p1a: Mew|Will-O-Wisp|p2a: Empoleon","|-status|p2a: Empoleon|brn","|move|p2a: Empoleon|Surf|p1a: Mew","|-damage|p1a: Mew|205/404","|","|-heal|p1a: Mew|230/404|[from] item: Leftovers","|-heal|p2a: Empoleon|85/371 brn|[from] item: Leftovers","|-damage|p2a: Empoleon|39/371 brn|[from] brn","|turn|3","|","|move|p1a: Mew|Roost|p1a: Mew","|-heal|p1a: Mew|404/404","|move|p2a: Empoleon|Stealth Rock|p1a: Mew","|-sidestart|p1: Doctor Mental1st|move: Stealth Rock","|","|-heal|p2a: Empoleon|62/371 brn|[from] item: Leftovers","|-damage|p2a: Empoleon|16/371 brn|[from] brn","|turn|4","|","|move|p1a: Mew|Roost|p1a: Mew","|-fail|p1a: Mew","|move|p2a: Empoleon|Surf|p1a: Mew","|-damage|p1a: Mew|202/404","|","|-heal|p1a: Mew|227/404|[from] item: Leftovers","|-heal|p2a: Empoleon|39/371 brn|[from] item: Leftovers","|-damage|p2a: Empoleon|0 fnt|[from] brn","|faint|p2a: Empoleon","|","|switch|p2a: Scizor|Scizor, M|343/343","|turn|5","|","|switch|p2a: Magnezone|Magnezone|343/343","|move|p1a: Mew|Defog|p2a: Magnezone","|-unboost|p2a: Magnezone|evasion|1","|-sideend|p1: Doctor Mental1st|Stealth Rock|[from] move: Defog|[of] p1a: Mew","|","|-heal|p1a: Mew|252/404|[from] item: Leftovers","|turn|6","|","|move|p1a: Mew|Roost|p1a: Mew","|-heal|p1a: Mew|404/404","|move|p2a: Magnezone|Thunderbolt|p1a: Mew","|-damage|p1a: Mew|224/404","|","|-heal|p1a: Mew|249/404|[from] item: Leftovers","|turn|7","|","|move|p1a: Mew|Will-O-Wisp|p2a: Magnezone","|-status|p2a: Magnezone|brn","|move|p2a: Magnezone|Reflect|p2a: Magnezone","|-sidestart|p2: TTIL-amb64|Reflect","|","|-heal|p1a: Mew|274/404|[from] item: Leftovers","|-damage|p2a: Magnezone|301/343 brn|[from] brn","|turn|8","|","|move|p1a: Mew|Defog|p2a: Magnezone","|-unboost|p2a: Magnezone|evasion|1","|-sideend|p2: TTIL-amb64|Reflect","|move|p2a: Magnezone|Thunderbolt|p1a: Mew","|-damage|p1a: Mew|81/404","|","|-heal|p1a: Mew|106/404|[from] item: Leftovers","|-damage|p2a: Magnezone|259/343 brn|[from] brn","|turn|9","|","|move|p1a: Mew|Roost|p1a: Mew","|-heal|p1a: Mew|308/404","|move|p2a: Magnezone|Thunderbolt|p1a: Mew","|-damage|p1a: Mew|122/404","|","|-heal|p1a: Mew|147/404|[from] item: Leftovers","|-damage|p2a: Magnezone|217/343 brn|[from] brn","|turn|10","|","|move|p1a: Mew|Roost|p1a: Mew","|-heal|p1a: Mew|349/404","|move|p2a: Magnezone|Thunderbolt|p1a: Mew","|-crit|p1a: Mew","|-damage|p1a: Mew|79/404","|","|-heal|p1a: Mew|104/404|[from] item: Leftovers","|-damage|p2a: Magnezone|175/343 brn|[from] brn","|turn|11","|","|move|p1a: Mew|Roost|p1a: Mew","|-heal|p1a: Mew|306/404","|move|p2a: Magnezone|Tri Attack|p1a: Mew","|-damage|p1a: Mew|194/404","|","|-heal|p1a: Mew|219/404|[from] item: Leftovers","|-damage|p2a: Magnezone|133/343 brn|[from] brn","|turn|12","|","|move|p1a: Mew|Roost|p1a: Mew","|-heal|p1a: Mew|404/404","|move|p2a: Magnezone|Tri Attack|p1a: Mew","|-damage|p1a: Mew|287/404","|","|-heal|p1a: Mew|312/404|[from] item: Leftovers","|-damage|p2a: Magnezone|91/343 brn|[from] brn","|turn|13","|","|move|p1a: Mew|Stealth Rock|p2a: Magnezone","|-sidestart|p2: TTIL-amb64|move: Stealth Rock","|move|p2a: Magnezone|Tri Attack|p1a: Mew","|-crit|p1a: Mew","|-damage|p1a: Mew|162/404","|","|-heal|p1a: Mew|187/404|[from] item: Leftovers","|-damage|p2a: Magnezone|49/343 brn|[from] brn","|turn|14","|","|move|p1a: Mew|Roost|p1a: Mew","|-heal|p1a: Mew|389/404","|move|p2a: Magnezone|Tri Attack|p1a: Mew","|-damage|p1a: Mew|280/404","|-status|p1a: Mew|frz","|","|-heal|p1a: Mew|305/404 frz|[from] item: Leftovers","|-damage|p2a: Magnezone|7/343 brn|[from] brn","|turn|15","|","|cant|p1a: Mew|frz","|move|p2a: Magnezone|Thunderbolt|p1a: Mew","|-damage|p1a: Mew|109/404 frz","|","|-heal|p1a: Mew|134/404 frz|[from] item: Leftovers","|-damage|p2a: Magnezone|0 fnt|[from] brn","|faint|p2a: Magnezone","|","|switch|p2a: Lucario|Lucario, F|281/281","|-damage|p2a: Lucario|273/281|[from] Stealth Rock","|turn|16","|","|move|p2a: Lucario|Earthquake|p1a: Mew","|-damage|p1a: Mew|12/404 frz","|cant|p1a: Mew|frz","|","|-heal|p1a: Mew|37/404 frz|[from] item: Leftovers","|turn|17","|","|move|p2a: Lucario|Earthquake|p1a: Mew","|-damage|p1a: Mew|0 fnt","|faint|p1a: Mew","|","|","|switch|p1a: Slowbro|Slowbro, F|393/393","|turn|18","|","|move|p2a: Lucario|Earthquake|p1a: Slowbro","|-crit|p1a: Slowbro","|-damage|p1a: Slowbro|277/393","|move|p1a: Slowbro|Thunder Wave|p2a: Lucario","|-status|p2a: Lucario|par","|","|turn|19","|","|cant|p2a: Lucario|par","|move|p1a: Slowbro|Fire Blast|p2a: Lucario","|-supereffective|p2a: Lucario","|-damage|p2a: Lucario|29/281 par","|","|turn|20","|","|move|p2a: Lucario|Earthquake|p1a: Slowbro","|-damage|p1a: Slowbro|193/393","|move|p1a: Slowbro|Slack Off|p1a: Slowbro","|-heal|p1a: Slowbro|390/393","|","|turn|21","|","|move|p2a: Lucario|Earthquake|p1a: Slowbro","|-damage|p1a: Slowbro|310/393","|move|p1a: Slowbro|Scald|p2a: Lucario","|-damage|p2a: Lucario|0 fnt","|faint|p2a: Lucario","|","|","|switch|p2a: Bisharp|Bisharp, F|271/271","|-damage|p2a: Bisharp|255/271|[from] Stealth Rock","|turn|22","|","|move|p2a: Bisharp|Swords Dance|p2a: Bisharp","|-boost|p2a: Bisharp|atk|2","|move|p1a: Slowbro|Fire Blast|p2a: Bisharp","|-supereffective|p2a: Bisharp","|-damage|p2a: Bisharp|15/271","|-status|p2a: Bisharp|brn","|","|-damage|p2a: Bisharp|0 fnt|[from] brn","|faint|p2a: Bisharp","|","|switch|p2a: Scizor|Scizor, M|343/343","|-damage|p2a: Scizor|301/343|[from] Stealth Rock","|turn|23","|","|detailschange|p2a: Scizor|Scizor-Mega, M","|-mega|p2a: Scizor|Scizor|Scizorite","|move|p2a: Scizor|Bug Bite|p1a: Slowbro","|-supereffective|p1a: Slowbro","|-damage|p1a: Slowbro|50/393","|-damage|p2a: Scizor|244/343|[from] item: Rocky Helmet|[of] p1a: Slowbro","|move|p1a: Slowbro|Fire Blast|p2a: Scizor","|-supereffective|p2a: Scizor","|-damage|p2a: Scizor|0 fnt","|faint|p2a: Scizor","|","|","|switch|p2a: Metagross|Metagross|363/363","|-damage|p2a: Metagross|341/363|[from] Stealth Rock","|turn|24","|","|switch|p1a: Jirachi|Jirachi|341/341","|move|p2a: Metagross|Earthquake|p1a: Jirachi","|-supereffective|p1a: Jirachi","|-damage|p1a: Jirachi|71/341","|","|turn|25","|","|move|p1a: Jirachi|Healing Wish|p1a: Jirachi","|faint|p1a: Jirachi","|move|p2a: Metagross|Earthquake|p1: Jirachi|[notarget]","|-notarget","|","|","|switch|p1a: Slowbro|Slowbro, F|181/393","|-heal|p1a: Slowbro|393/393|[from] move: Healing Wish","|turn|26","|","|move|p2a: Metagross|Earthquake|p1a: Slowbro","|-damage|p1a: Slowbro|308/393","|move|p1a: Slowbro|Thunder Wave|p2a: Metagross","|-status|p2a: Metagross|par","|","|turn|27","|","|move|p1a: Slowbro|Fire Blast|p2a: Metagross","|-supereffective|p2a: Metagross","|-damage|p2a: Metagross|159/363 par","|-enditem|p2a: Metagross|Weakness Policy","|-boost|p2a: Metagross|atk|2|[from] item: Weakness Policy","|-boost|p2a: Metagross|spa|2|[from] item: Weakness Policy","|cant|p2a: Metagross|par","|","|turn|28","|","|move|p1a: Slowbro|Fire Blast|p2a: Metagross|[miss]","|-miss|p1a: Slowbro|p2a: Metagross","|move|p2a: Metagross|Earthquake|p1a: Slowbro","|-damage|p1a: Slowbro|118/393","|","|turn|29","|","|move|p1a: Slowbro|Fire Blast|p2a: Metagross","|-supereffective|p2a: Metagross","|-damage|p2a: Metagross|0 fnt","|faint|p2a: Metagross","|","|win|Doctor Mental1st"],"p1rating":{"entryid":"188280","serverid":"eos","formatid":"monotype","userid":"doctormental1st","username":"Doctor Mental1st","w":10,"l":"2","t":"0","gxe":69.1,"r":"1645.3521297861","rd":"85.482148198029","sigma":"0","rptime":"1440406800","rpr":1655.4393313888,"rprd":83.709416502202,"rpsigma":"0","acre":1229.77527765,"lacre":1229.77527765,"oldacre":"1212.7445183687"},"p2rating":{"entryid":"274777","serverid":"eos","formatid":"monotype","userid":"ttilamb64","username":"TTIL-amb64","w":"4","l":5,"t":"0","gxe":46,"r":"1456.7204411967","rd":"95.568926460846","sigma":"0","rptime":"1440406800","rpr":1469.1656528645,"rprd":90.385146418465,"rpsigma":"0","acre":1081.1687117011,"lacre":1081.1687117011,"oldacre":"1097.9945443922"},"endType":"normal"}