{"seed":[57882,9534,36233,43595],"turns":19,"p1":"xNailz","p2":"Alliance-Succubus","p1team":[{"name":"Charizard","species":"Charizard","item":"charizarditey","ability":"Blaze","moves":["solarbeam","flamethrower","dragonpulse","defog"],"nature":"Timid","evs":{"hp":0,"atk":0,"def":0,"spa":252,"spd":4,"spe":252},"ivs":{"hp":31,"atk":0,"def":31,"spa":31,"spd":31,"spe":31}},{"name":"Infernape","species":"Infernape","item":"focussash","ability":"Iron Fist","moves":["closecombat","overheat","machpunch","stealthrock"],"nature":"Naive","evs":{"hp":0,"atk":252,"def":4,"spa":0,"spd":0,"spe":252},"ivs":{"hp":31,"atk":30,"def":30,"spa":31,"spd":31,"spe":31}},{"name":"Victini","species":"Victini","item":"choicescarf","ability":"Victory Star","moves":["vcreate","boltstrike","uturn","zenheadbutt"],"nature":"Naive","evs":{"hp":0,"atk":252,"def":0,"spa":4,"spd":0,"spe":252},"ivs":{"hp":31,"atk":31,"def":31,"spa":31,"spd":31,"spe":31}},{"name":"Arcanine","species":"Arcanine","item":"leftovers","ability":"Intimidate","moves":["willowisp","extremespeed","morningsun","ironhead"],"nature":"Impish","evs":{"hp":240,"atk":0,"def":252,"spa":0,"spd":0,"spe":16},"ivs":{"hp":31,"atk":30,"def":30,"spa":31,"spd":31,"spe":31}},{"name":"Rotom-Heat","species":"Rotom-Heat","item":"leftovers","ability":"Levitate","moves":["thunderwave","overheat","hiddenpowerice","voltswitch"],"nature":"Modest","evs":{"hp":248,"atk":0,"def":0,"spa":8,"spd":252,"spe":0},"ivs":{"hp":31,"atk":30,"def":30,"spa":31,"spd":31,"spe":31}},{"name":"Chandelure","species":"Chandelure","item":"lifeorb","ability":"Infiltrator","moves":["flamethrower","energyball","trickroom","shadowball"],"nature":"Quiet","evs":{"hp":248,"atk":0,"def":8,"spa":252,"spd":0,"spe":0},"ivs":{"hp":31,"atk":30,"def":30,"spa":31,"spd":31,"spe":31}}],"p2team":[{"name":"BOINGGG!!!","species":"sableye","item":"sablenite","ability":"Prankster","moves":["willowisp","darkpulse","recover","calmmind"],"nature":"Calm","evs":{"hp":248,"atk":0,"def":0,"spa":8,"spd":252,"spe":0},"gender":"F","ivs":{"hp":31,"atk":31,"def":31,"spa":31,"spd":31,"spe":31}},{"name":"Buzzkill","species":"mandibuzz","item":"leftovers","ability":"Overcoat","moves":["defog","roost","foulplay","toxic"],"nature":"Bold","evs":{"hp":252,"atk":0,"def":252,"spa":0,"spd":4,"spe":0},"ivs":{"hp":31,"atk":31,"def":31,"spa":31,"spd":31,"spe":31}},{"name":"Wii-U","species":"hoopaunbound","item":"choicescarf","ability":"Magician","moves":["darkpulse","psychic","energyball","thunderbolt"],"nature":"Timid","evs":{"hp":0,"atk":0,"def":0,"spa":252,"spd":4,"spe":252},"ivs":{"hp":31,"atk":31,"def":31,"spa":31,"spd":31,"spe":31}},{"name":"Gray Fullbuster","species":"weavile","item":"focussash","ability":"Pressure","moves":["swordsdance","iceshard","iciclecrash","knockoff"],"nature":"Jolly","evs":{"hp":0,"atk":252,"def":0,"spa":0,"spd":4,"spe":252},"gender":"M","ivs":{"hp":31,"atk":31,"def":31,"spa":31,"spd":31,"spe":31}},{"name":"Gajeel","species":"bisharp","item":"lifeorb","ability":"Defiant","moves":["suckerpunch","ironhead","stealthrock","swordsdance"],"nature":"Adamant","evs":{"hp":252,"atk":252,"def":0,"spa":0,"spd":4,"spe":0},"gender":"M","ivs":{"hp":31,"atk":31,"def":31,"spa":31,"spd":31,"spe":31}},{"name":"Krooky Monster","species":"krookodile","item":"choicescarf","ability":"Moxie","moves":["earthquake","knockoff","stoneedge","pursuit"],"nature":"Jolly","evs":{"hp":0,"atk":252,"def":0,"spa":0,"spd":4,"spe":252},"gender":"M","ivs":{"hp":31,"atk":31,"def":31,"spa":31,"spd":31,"spe":31}}],"log":["|player|p1|xNailz|160","|player|p2|Alliance-Succubus|96","|gametype|singles","|gen|6","|tier|Monotype","|rated","|rule|Baton Pass Clause: Limit one Baton Passer, can't pass Spe and other stats simultaneously","|rule|Swagger Clause: Swagger is banned","|rule|Same Type Clause: Pokémon in a team must share a type","|clearpoke","|poke|p1|Charizard, M","|poke|p1|Infernape, M","|poke|p1|Victini","|poke|p1|Arcanine, F","|poke|p1|Rotom-Heat","|poke|p1|Chandelure, F","|poke|p2|Sableye, F","|poke|p2|Mandibuzz, F","|poke|p2|Hoopa-Unbound","|poke|p2|Weavile, M","|poke|p2|Bisharp, M","|poke|p2|Krookodile, M","|rule|Sleep Clause Mod: Limit one foe put to sleep","|rule|Species Clause: Limit one of each Pokémon","|rule|OHKO Clause: OHKO moves are banned","|rule|Moody Clause: Moody is banned","|rule|Evasion Moves Clause: Evasion moves are banned","|rule|Endless Battle Clause: Forcing endless battles is banned","|rule|HP Percentage Mod: HP is shown in percentages","|teampreview","|","|start","|switch|p1a: Charizard|Charizard, M|297/297","|switch|p2a: Krooky Monster|Krookodile, M|331/331","|turn|1","|","|detailschange|p1a: Charizard|Charizard-Mega-Y, M","|-mega|p1a: Charizard|Charizard|Charizardite Y","|-weather|SunnyDay","|move|p2a: Krooky Monster|Stone Edge|p1a: Charizard|[miss]","|-miss|p2a: Krooky Monster|p1a: Charizard","|move|p1a: Charizard|Flamethrower|p2a: Krooky Monster","|-damage|p2a: Krooky Monster|0 fnt","|faint|p2a: Krooky Monster","|","|-weather|SunnyDay|[upkeep]","|","|switch|p2a: Wii-U|Hoopa-Unbound|301/301","|turn|2","|","|switch|p1a: Arcanine|Arcanine, F|381/381","|-ability|p1a: Arcanine|Intimidate","|-unboost|p2a: Wii-U|atk|1","|move|p2a: Wii-U|Psychic|p1a: Arcanine","|-damage|p1a: Arcanine|161/381","|","|-weather|SunnyDay|[upkeep]","|-heal|p1a: Arcanine|184/381|[from] item: Leftovers","|turn|3","|","|switch|p1a: Rotom-Heat|Rotom-Heat|303/303","|move|p2a: Wii-U|Psychic|p1a: Rotom-Heat","|-damage|p1a: Rotom-Heat|165/303","|","|-weather|SunnyDay|[upkeep]","|-heal|p1a: Rotom-Heat|183/303|[from] item: Leftovers","|turn|4","|","|switch|p2a: BOINGGG!!!|Sableye, F|303/303","|move|p1a: Rotom-Heat|Overheat|p2a: BOINGGG!!!","|-damage|p2a: BOINGGG!!!|54/303","|-unboost|p1a: Rotom-Heat|spa|2","|","|-weather|SunnyDay|[upkeep]","|-heal|p1a: Rotom-Heat|201/303|[from] item: Leftovers","|turn|5","|","|detailschange|p2a: BOINGGG!!!|Sableye-Mega, F","|-mega|p2a: BOINGGG!!!|Sableye|Sablenite","|move|p2a: BOINGGG!!!|Recover|p2a: BOINGGG!!!","|-heal|p2a: BOINGGG!!!|206/303","|move|p1a: Rotom-Heat|Volt Switch|p2a: BOINGGG!!!","|-damage|p2a: BOINGGG!!!|176/303","|","|switch|p1a: Victini|Victini|341/341","|","|-weather|none","|turn|6","|","|switch|p2a: Buzzkill|Mandibuzz, F|424/424","|move|p1a: Victini|U-turn|p2a: Buzzkill","|-damage|p2a: Buzzkill|378/424","|","|switch|p1a: Charizard|Charizard-Mega-Y, M|297/297","|-weather|SunnyDay","|","|-weather|SunnyDay|[upkeep]","|-heal|p2a: Buzzkill|404/424|[from] item: Leftovers","|turn|7","|","|move|p1a: Charizard|Flamethrower|p2a: Buzzkill","|-damage|p2a: Buzzkill|137/424","|move|p2a: Buzzkill|Toxic|p1a: Charizard","|-status|p1a: Charizard|tox","|","|-weather|SunnyDay|[upkeep]","|-heal|p2a: Buzzkill|163/424|[from] item: Leftovers","|-damage|p1a: Charizard|279/297 tox|[from] psn","|turn|8","|","|switch|p2a: Wii-U|Hoopa-Unbound|301/301","|move|p1a: Charizard|Flamethrower|p2a: Wii-U","|-damage|p2a: Wii-U|73/301","|","|-weather|SunnyDay|[upkeep]","|-damage|p1a: Charizard|243/297 tox|[from] psn","|turn|9","|","|move|p2a: Wii-U|Psychic|p1a: Charizard","|-damage|p1a: Charizard|81/297 tox","|move|p1a: Charizard|Flamethrower|p2a: Wii-U","|-damage|p2a: Wii-U|0 fnt","|faint|p2a: Wii-U","|","|-weather|SunnyDay|[upkeep]","|-damage|p1a: Charizard|27/297 tox|[from] psn","|","|switch|p2a: BOINGGG!!!|Sableye-Mega, F|176/303","|turn|10","|","|switch|p1a: Rotom-Heat|Rotom-Heat|201/303","|move|p2a: BOINGGG!!!|Recover|p2a: BOINGGG!!!","|-heal|p2a: BOINGGG!!!|303/303","|","|-weather|none","|-heal|p1a: Rotom-Heat|219/303|[from] item: Leftovers","|turn|11","|","|move|p1a: Rotom-Heat|Volt Switch|p2a: BOINGGG!!!","|-crit|p2a: BOINGGG!!!","|-damage|p2a: BOINGGG!!!|216/303","|","|switch|p1a: Charizard|Charizard-Mega-Y, M|27/297 tox","|-weather|SunnyDay","|move|p2a: BOINGGG!!!|Calm Mind|p2a: BOINGGG!!!","|-boost|p2a: BOINGGG!!!|spa|1","|-boost|p2a: BOINGGG!!!|spd|1","|","|-weather|SunnyDay|[upkeep]","|-damage|p1a: Charizard|9/297 tox|[from] psn","|turn|12","|","|move|p1a: Charizard|Flamethrower|p2a: BOINGGG!!!","|-damage|p2a: BOINGGG!!!|87/303","|move|p2a: BOINGGG!!!|Calm Mind|p2a: BOINGGG!!!","|-boost|p2a: BOINGGG!!!|spa|1","|-boost|p2a: BOINGGG!!!|spd|1","|","|-weather|SunnyDay|[upkeep]","|-damage|p1a: Charizard|0 fnt|[from] psn","|faint|p1a: Charizard","|","|switch|p1a: Chandelure|Chandelure, F|323/323","|turn|13","|","|move|p1a: Chandelure|Flamethrower|p2a: BOINGGG!!!","|-damage|p2a: BOINGGG!!!|0 fnt","|-damage|p1a: Chandelure|291/323|[from] item: Life Orb","|faint|p2a: BOINGGG!!!","|","|-weather|SunnyDay|[upkeep]","|","|switch|p2a: Gray Fullbuster|Weavile, M|281/281","|-ability|p2a: Gray Fullbuster|Pressure","|turn|14","|","|move|p2a: Gray Fullbuster|Swords Dance|p2a: Gray Fullbuster","|-boost|p2a: Gray Fullbuster|atk|2","|move|p1a: Chandelure|Flamethrower|p2a: Gray Fullbuster","|-supereffective|p2a: Gray Fullbuster","|-enditem|p2a: Gray Fullbuster|Focus Sash","|-damage|p2a: Gray Fullbuster|1/281","|-damage|p1a: Chandelure|259/323|[from] item: Life Orb","|","|-weather|SunnyDay|[upkeep]","|turn|15","|","|switch|p1a: Arcanine|Arcanine, F|184/381","|-ability|p1a: Arcanine|Intimidate","|-unboost|p2a: Gray Fullbuster|atk|1","|move|p2a: Gray Fullbuster|Knock Off|p1a: Arcanine","|-damage|p1a: Arcanine|0 fnt","|-enditem|p1a: Arcanine|Leftovers|[from] move: Knock Off|[of] p2a: Gray Fullbuster","|faint|p1a: Arcanine","|","|-weather|none","|","|switch|p1a: Victini|Victini|341/341","|turn|16","|","|move|p1a: Victini|U-turn|p2a: Gray Fullbuster","|-supereffective|p2a: Gray Fullbuster","|-damage|p2a: Gray Fullbuster|0 fnt","|faint|p2a: Gray Fullbuster","|","|switch|p1a: Rotom-Heat|Rotom-Heat|219/303","|","|-heal|p1a: Rotom-Heat|237/303|[from] item: Leftovers","|","|switch|p2a: Buzzkill|Mandibuzz, F|163/424","|turn|17","|","|move|p1a: Rotom-Heat|Volt Switch|p2a: Buzzkill","|-supereffective|p2a: Buzzkill","|-damage|p2a: Buzzkill|0 fnt","|faint|p2a: Buzzkill","|","|switch|p1a: Infernape|Infernape, M|293/293","|","|","|switch|p2a: Gajeel|Bisharp, M|334/334","|turn|18","|","|move|p1a: Infernape|Mach Punch|p2a: Gajeel","|-supereffective|p2a: Gajeel","|-damage|p2a: Gajeel|58/334","|move|p2a: Gajeel|Swords Dance|p2a: Gajeel","|-boost|p2a: Gajeel|atk|2","|","|turn|19","|","|move|p1a: Infernape|Mach Punch|p2a: Gajeel","|-crit|p2a: Gajeel","|-supereffective|p2a: Gajeel","|-damage|p2a: Gajeel|0 fnt","|faint|p2a: Gajeel","|","|win|xNailz"],"p1rating":{"entryid":"114228","serverid":"eos","formatid":"monotype","userid":"xnailz","username":"xNailz","w":4,"l":"0","t":"0","gxe":64.1,"r":"1566.1524820188","rd":"117.41075233632","sigma":"0","rptime":"1440406800","rpr":1614.5048065299,"rprd":107.36553298976,"rpsigma":"0","acre":1120.2460445883,"lacre":1120.2460445883,"oldacre":"1098.2786666306"},"p2rating":{"entryid":"50240","serverid":"eos","formatid":"monotype","userid":"alliancesuccubus","username":"Alliance-Succubus","w":"11","l":19,"t":"0","gxe":39.9,"r":"1428.0099475108","rd":"61.639157510384","sigma":"0","rptime":"1440406800","rpr":1421.568696462,"rprd":60.908676614073,"rpsigma":"0","acre":1037.1742804068,"lacre":1037.1742804068,"oldacre":"1052.7534611224"},"endType":"normal"}