{"seed":[56579,42564,6499,16863],"turns":19,"p1":"Union Wevrm","p2":"Guard Wanderer","p1team":[{"name":"Flygon","species":"Flygon","item":"choiceband","ability":"Levitate","moves":["earthquake","stoneedge","outrage","superpower"],"nature":"Jolly","evs":{"hp":0,"atk":252,"def":0,"spa":0,"spd":4,"spe":252},"ivs":{"hp":31,"atk":31,"def":31,"spa":31,"spd":31,"spe":31}},{"name":"Zygarde","species":"Zygarde","item":"leftovers","ability":"Aura Break","moves":["dragondance","extremespeed","rockslide","substitute"],"nature":"Adamant","evs":{"hp":0,"atk":252,"def":0,"spa":0,"spd":4,"spe":252},"ivs":{"hp":31,"atk":31,"def":31,"spa":31,"spd":31,"spe":31}},{"name":"Latios","species":"Latios","item":"latiosite","ability":"Levitate","moves":["dracometeor","psychic","thunderbolt","dragonpulse"],"nature":"Timid","evs":{"hp":0,"atk":0,"def":0,"spa":252,"spd":4,"spe":252},"ivs":{"hp":31,"atk":31,"def":31,"spa":31,"spd":31,"spe":31}},{"name":"Noivern","species":"Noivern","item":"choicespecs","ability":"Frisk","moves":["airslash","boomburst","dracometeor","flamethrower"],"nature":"Timid","evs":{"hp":0,"atk":0,"def":0,"spa":252,"spd":4,"spe":252},"ivs":{"hp":31,"atk":31,"def":31,"spa":31,"spd":31,"spe":31}},{"name":"Kingdra","species":"Kingdra","item":"leftovers","ability":"Sniper","moves":["dragondance","outrage","bounce","waterfall"],"nature":"Adamant","evs":{"hp":0,"atk":0,"def":0,"spa":0,"spd":4,"spe":252},"ivs":{"hp":31,"atk":31,"def":31,"spa":31,"spd":31,"spe":31}},{"name":"Hydreigon","species":"Hydreigon","item":"lifeorb","ability":"Levitate","moves":["crunch","dragonrush","flamethrower","steelwing"],"nature":"Hasty","evs":{"hp":0,"atk":252,"def":0,"spa":4,"spd":0,"spe":252},"ivs":{"hp":31,"atk":31,"def":31,"spa":31,"spd":31,"spe":31}}],"p2team":[{"name":"Tentacruel","species":"Tentacruel","item":"assaultvest","ability":"Liquid Ooze","moves":["scald","acidspray","gigadrain","hex"],"nature":"Timid","evs":{"hp":4,"atk":0,"def":0,"spa":252,"spd":0,"spe":252},"ivs":{"hp":31,"atk":31,"def":31,"spa":31,"spd":31,"spe":31}},{"name":"Venusaur","species":"Venusaur","item":"bigroot","ability":"Overgrow","moves":["gigadrain","leechseed","substitute","grassyterrain"],"nature":"Calm","evs":{"hp":248,"atk":0,"def":0,"spa":8,"spd":252,"spe":0},"ivs":{"hp":31,"atk":31,"def":31,"spa":31,"spd":31,"spe":31}},{"name":"Weezing","species":"Weezing","item":"sitrusberry","ability":"Levitate","moves":["toxicspikes","memento","willowisp","thief"],"nature":"Calm","evs":{"hp":248,"atk":0,"def":8,"spa":0,"spd":252,"spe":0},"ivs":{"hp":31,"atk":31,"def":31,"spa":31,"spd":31,"spe":31}},{"name":"Skuntank","species":"Skuntank","item":"","ability":"Stench","moves":["suckerpunch","snatch","thief","poisonjab"],"nature":"Adamant","evs":{"hp":248,"atk":252,"def":0,"spa":0,"spd":8,"spe":0},"ivs":{"hp":31,"atk":31,"def":31,"spa":31,"spd":31,"spe":31}},{"name":"Muk","species":"Muk","item":"blacksludge","ability":"Sticky Hold","moves":["curse","firepunch","icepunch","shadowsneak"],"nature":"Adamant","evs":{"hp":252,"atk":252,"def":0,"spa":0,"spd":4,"spe":0},"ivs":{"hp":31,"atk":31,"def":31,"spa":31,"spd":31,"spe":31}},{"name":"Gengar","species":"Gengar","item":"choicescarf","ability":"Levitate","moves":["destinybond","trick","hex","venoshock"],"nature":"Timid","evs":{"hp":0,"atk":0,"def":0,"spa":252,"spd":4,"spe":252},"ivs":{"hp":31,"atk":31,"def":31,"spa":31,"spd":31,"spe":31}}],"log":["|player|p1|Union Wevrm|unionwevrm.png","|player|p2|Guard Wanderer|235","|gametype|singles","|gen|6","|tier|Monotype","|rated","|rule|Baton Pass Clause: Limit one Baton Passer, can't pass Spe and other stats simultaneously","|rule|Swagger Clause: Swagger is banned","|rule|Same Type Clause: Pokémon in a team must share a type","|clearpoke","|poke|p1|Flygon, F","|poke|p1|Zygarde","|poke|p1|Latios, M","|poke|p1|Noivern, F","|poke|p1|Kingdra, F","|poke|p1|Hydreigon, F","|poke|p2|Tentacruel, F","|poke|p2|Venusaur, M","|poke|p2|Weezing, M","|poke|p2|Skuntank, M","|poke|p2|Muk, F","|poke|p2|Gengar, M","|rule|Sleep Clause Mod: Limit one foe put to sleep","|rule|Species Clause: Limit one of each Pokémon","|rule|OHKO Clause: OHKO moves are banned","|rule|Moody Clause: Moody is banned","|rule|Evasion Moves Clause: Evasion moves are banned","|rule|Endless Battle Clause: Forcing endless battles is banned","|rule|HP Percentage Mod: HP is shown in percentages","|teampreview","|","|start","|switch|p1a: Latios|Latios, M|301/301","|switch|p2a: Weezing|Weezing, M|333/333","|turn|1","|","|switch|p2a: Skuntank|Skuntank, M|409/409","|detailschange|p1a: Latios|Latios-Mega, M","|-mega|p1a: Latios|Latios|Latiosite","|move|p1a: Latios|Psychic|p2a: Skuntank","|-immune|p2a: Skuntank|[msg]","|","|turn|2","|","|switch|p1a: Kingdra|Kingdra, F|291/291","|move|p2a: Skuntank|Poison Jab|p1a: Kingdra","|-damage|p1a: Kingdra|152/291","|","|-heal|p1a: Kingdra|170/291|[from] item: Leftovers","|turn|3","|","|move|p2a: Skuntank|Snatch|p2a: Skuntank","|-singleturn|p2a: Skuntank|Snatch","|move|p1a: Kingdra|Outrage|p2a: Skuntank","|-crit|p2a: Skuntank","|-damage|p2a: Skuntank|0 fnt","|faint|p2a: Skuntank","|","|-heal|p1a: Kingdra|188/291|[from] item: Leftovers","|","|switch|p2a: Weezing|Weezing, M|333/333","|turn|4","|","|move|p1a: Kingdra|Outrage|p2a: Weezing|[from]lockedmove","|-damage|p2a: Weezing|198/333","|-start|p1a: Kingdra|confusion|[fatigue]","|move|p2a: Weezing|Toxic Spikes|p1a: Kingdra","|-sidestart|p1: Union Wevrm|move: Toxic Spikes","|","|-heal|p1a: Kingdra|206/291|[from] item: Leftovers","|turn|5","|","|switch|p1a: Noivern|Noivern, F|311/311","|-item|p2a: Weezing|Sitrus Berry|[from] ability: Frisk|[of] p1a: Noivern|[identify]","|move|p2a: Weezing|Will-O-Wisp|p1a: Noivern","|-status|p1a: Noivern|brn","|","|-damage|p1a: Noivern|273/311 brn|[from] brn","|turn|6","|","|move|p1a: Noivern|Air Slash|p2a: Weezing","|-damage|p2a: Weezing|48/333","|-enditem|p2a: Weezing|Sitrus Berry|[eat]","|-heal|p2a: Weezing|131/333|[from] item: Sitrus Berry","|move|p2a: Weezing|Thief|p1a: Noivern","|-damage|p1a: Noivern|227/311 brn","|-item|p2a: Weezing|Choice Specs|[from] move: Thief|[of] p1a: Noivern","|","|-damage|p1a: Noivern|189/311 brn|[from] brn","|turn|7","|","|switch|p2a: Tentacruel|Tentacruel, F|302/302","|move|p1a: Noivern|Draco Meteor|p2a: Tentacruel","|-damage|p2a: Tentacruel|187/302","|-unboost|p1a: Noivern|spa|2","|","|-damage|p1a: Noivern|151/311 brn|[from] brn","|turn|8","|","|switch|p1a: Zygarde|Zygarde|357/357","|-status|p1a: Zygarde|psn","|-ability|p1a: Zygarde|Aura Break","|move|p2a: Tentacruel|Acid Spray|p1a: Zygarde","|-resisted|p1a: Zygarde","|-damage|p1a: Zygarde|331/357 psn","|-unboost|p1a: Zygarde|spd|2","|","|-heal|p1a: Zygarde|353/357 psn|[from] item: Leftovers","|-damage|p1a: Zygarde|309/357 psn|[from] psn","|turn|9","|","|move|p2a: Tentacruel|Scald|p1a: Zygarde","|-damage|p1a: Zygarde|92/357 psn","|move|p1a: Zygarde|Dragon Dance|p1a: Zygarde","|-boost|p1a: Zygarde|atk|1","|-boost|p1a: Zygarde|spe|1","|","|-heal|p1a: Zygarde|114/357 psn|[from] item: Leftovers","|-damage|p1a: Zygarde|70/357 psn|[from] psn","|turn|10","|","|switch|p2a: Weezing|Weezing, M|131/333","|move|p1a: Zygarde|Rock Slide|p2a: Weezing","|-damage|p2a: Weezing|35/333","|","|-heal|p1a: Zygarde|92/357 psn|[from] item: Leftovers","|-damage|p1a: Zygarde|48/357 psn|[from] psn","|turn|11","|","|move|p1a: Zygarde|Rock Slide|p2a: Weezing","|-damage|p2a: Weezing|0 fnt","|faint|p2a: Weezing","|","|-heal|p1a: Zygarde|70/357 psn|[from] item: Leftovers","|-damage|p1a: Zygarde|26/357 psn|[from] psn","|","|switch|p2a: Venusaur|Venusaur, M|363/363","|turn|12","|","|move|p1a: Zygarde|Rock Slide|p2a: Venusaur","|-damage|p2a: Venusaur|208/363","|move|p2a: Venusaur|Substitute|p2a: Venusaur","|-start|p2a: Venusaur|Substitute","|-damage|p2a: Venusaur|118/363","|","|-heal|p1a: Zygarde|48/357 psn|[from] item: Leftovers","|-damage|p1a: Zygarde|4/357 psn|[from] psn","|turn|13","|","|move|p1a: Zygarde|Extreme Speed|p2a: Venusaur","|-end|p2a: Venusaur|Substitute","|move|p2a: Venusaur|Grassy Terrain|p2a: Venusaur","|-fieldstart|move: Grassy Terrain","|","|-heal|p1a: Zygarde|26/357 psn|[from] item: Leftovers","|-heal|p1a: Zygarde|48/357 psn|[from] Grassy Terrain","|-heal|p2a: Venusaur|140/363|[from] Grassy Terrain","|-damage|p1a: Zygarde|4/357 psn|[from] psn","|turn|14","|","|move|p1a: Zygarde|Rock Slide|p2a: Venusaur","|-crit|p2a: Venusaur","|-damage|p2a: Venusaur|0 fnt","|faint|p2a: Venusaur","|","|-heal|p1a: Zygarde|26/357 psn|[from] item: Leftovers","|-heal|p1a: Zygarde|48/357 psn|[from] Grassy Terrain","|-damage|p1a: Zygarde|4/357 psn|[from] psn","|","|switch|p2a: Muk|Muk, F|414/414","|turn|15","|","|move|p1a: Zygarde|Extreme Speed|p2a: Muk","|-damage|p2a: Muk|253/414","|move|p2a: Muk|Curse|p2a: Muk","|-unboost|p2a: Muk|spe|1","|-boost|p2a: Muk|atk|1","|-boost|p2a: Muk|def|1","|","|-heal|p1a: Zygarde|26/357 psn|[from] item: Leftovers","|-heal|p2a: Muk|278/414|[from] item: Black Sludge","|-heal|p1a: Zygarde|48/357 psn|[from] Grassy Terrain","|-heal|p2a: Muk|303/414|[from] Grassy Terrain","|-damage|p1a: Zygarde|4/357 psn|[from] psn","|turn|16","|","|move|p2a: Muk|Shadow Sneak|p1a: Zygarde","|-damage|p1a: Zygarde|0 fnt","|faint|p1a: Zygarde","|","|-heal|p2a: Muk|328/414|[from] item: Black Sludge","|-heal|p2a: Muk|353/414|[from] Grassy Terrain","|","|switch|p1a: Latios|Latios-Mega, M|301/301","|turn|17","|","|move|p1a: Latios|Psychic|p2a: Muk","|-supereffective|p2a: Muk","|-damage|p2a: Muk|0 fnt","|faint|p2a: Muk","|","|-fieldend|move: Grassy Terrain","|","|switch|p2a: Gengar|Gengar, M|261/261","|turn|18","|","|move|p2a: Gengar|Destiny Bond|p2a: Gengar","|-singlemove|p2a: Gengar|Destiny Bond","|move|p1a: Latios|Draco Meteor|p2a: Gengar","|-damage|p2a: Gengar|0 fnt","|-unboost|p1a: Latios|spa|2","|faint|p2a: Gengar","|-activate|p2a: Gengar|Destiny Bond","|faint|p1a: Latios","|","|","|switch|p2a: Tentacruel|Tentacruel, F|187/302","|switch|p1a: Hydreigon|Hydreigon, F|325/325","|turn|19","|","|move|p2a: Tentacruel|Acid Spray|p1a: Hydreigon","|-damage|p1a: Hydreigon|264/325","|-unboost|p1a: Hydreigon|spd|2","|move|p1a: Hydreigon|Crunch|p2a: Tentacruel","|-crit|p2a: Tentacruel","|-damage|p2a: Tentacruel|0 fnt","|-damage|p1a: Hydreigon|232/325|[from] item: Life Orb","|faint|p2a: Tentacruel","|","|win|Union Wevrm"],"p1rating":{"entryid":"373318","serverid":"eos","formatid":"monotype","userid":"unionwevrm","username":"Union Wevrm","w":7,"l":"6","t":"0","gxe":52.1,"r":"1498.8010721827","rd":"98.297024950931","sigma":"0","rptime":"1440406800","rpr":1516.3204026097,"rprd":80.426479711664,"rpsigma":"0","acre":1099.485478005,"lacre":1099.485478005,"oldacre":"1073.2475525256"},"p2rating":{"entryid":"9966","serverid":"eos","formatid":"monotype","userid":"guardwanderer","username":"Guard Wanderer","w":"19","l":29,"t":"0","gxe":41.4,"r":"1460.2300294704","rd":"51.851987647183","sigma":"0","rptime":"1440406800","rpr":1433.9108800529,"rprd":49.928119707302,"rpsigma":"0","acre":1025.4569519868,"lacre":1025.4569519868,"oldacre":"1039.9151135806"},"endType":"normal"}