{"seed":[27236,21088,62474,21697],"turns":36,"p1":"SS Vault","p2":"Void Who","p1team":[{"name":"Chansey","species":"Chansey","item":"eviolite","ability":"Natural Cure","moves":["toxic","aromatherapy","softboiled","seismictoss"],"nature":"Bold","evs":{"hp":248,"atk":0,"def":252,"spa":0,"spd":8,"spe":0},"ivs":{"hp":31,"atk":31,"def":31,"spa":31,"spd":31,"spe":31}},{"name":"Staraptor","species":"Staraptor","item":"choicescarf","ability":"Reckless","moves":["bravebird","closecombat","doubleedge","return"],"nature":"Jolly","evs":{"hp":0,"atk":252,"def":0,"spa":0,"spd":4,"spe":252},"ivs":{"hp":31,"atk":31,"def":31,"spa":31,"spd":31,"spe":31}},{"name":"Porygon2","species":"Porygon2","item":"eviolite","ability":"Download","moves":["triattack","discharge","recover","toxic"],"nature":"Calm","evs":{"hp":248,"atk":0,"def":0,"spa":8,"spd":252,"spe":0},"ivs":{"hp":31,"atk":31,"def":31,"spa":31,"spd":31,"spe":31}},{"name":"Pidgeot","species":"Pidgeot","item":"pidgeotite","ability":"Tangled Feet","moves":["hurricane","protect","heatwave","roost"],"nature":"Timid","evs":{"hp":0,"atk":0,"def":0,"spa":252,"spd":4,"spe":252},"ivs":{"hp":31,"atk":31,"def":31,"spa":31,"spd":31,"spe":31}},{"name":"Miltank","species":"Miltank","item":"leftovers","ability":"Thick Fat","moves":["milkdrink","thunderwave","bodyslam","earthquake"],"nature":"Adamant","evs":{"hp":252,"atk":252,"def":0,"spa":0,"spd":4,"spe":0},"ivs":{"hp":31,"atk":31,"def":31,"spa":31,"spd":31,"spe":31}},{"name":"Meloetta","species":"Meloetta","item":"choicespecs","ability":"Serene Grace","moves":["thunder","dazzlinggleam","focusblast","energyball"],"nature":"Timid","evs":{"hp":248,"atk":0,"def":0,"spa":252,"spd":8,"spe":0},"ivs":{"hp":31,"atk":31,"def":31,"spa":31,"spd":31,"spe":31}}],"p2team":[{"name":"Gardevoir","species":"Gardevoir","item":"choicescarf","ability":"Trace","moves":["moonblast","psyshock","shadowball","destinybond"],"nature":"Timid","evs":{"hp":0,"atk":0,"def":0,"spa":252,"spd":4,"spe":252},"ivs":{"hp":31,"atk":31,"def":31,"spa":31,"spd":31,"spe":31}},{"name":"Azumarill","species":"Azumarill","item":"choiceband","ability":"Huge Power","moves":["waterfall","playrough","knockoff","aquajet"],"nature":"Adamant","evs":{"hp":248,"atk":252,"def":0,"spa":0,"spd":8,"spe":0},"ivs":{"hp":31,"atk":31,"def":31,"spa":31,"spd":31,"spe":31}},{"name":"Sylveon","species":"Sylveon","item":"choicespecs","ability":"Pixilate","moves":["psyshock","hypervoice","healbell","wish"],"nature":"Modest","evs":{"hp":248,"atk":0,"def":0,"spa":252,"spd":8,"spe":0},"ivs":{"hp":31,"atk":31,"def":31,"spa":31,"spd":31,"spe":31}},{"name":"Togekiss","species":"Togekiss","item":"choicescarf","ability":"Serene Grace","moves":["trick","airslash","aurasphere","dazzlinggleam"],"nature":"Timid","evs":{"hp":0,"atk":0,"def":0,"spa":252,"spd":4,"spe":252},"ivs":{"hp":31,"atk":31,"def":31,"spa":31,"spd":31,"spe":31}},{"name":"Diancie","species":"Diancie","item":"diancite","ability":"Clear Body","moves":["moonblast","diamondstorm","earthpower","protect"],"nature":"Naive","evs":{"hp":0,"atk":8,"def":0,"spa":252,"spd":0,"spe":248},"ivs":{"hp":31,"atk":30,"def":31,"spa":30,"spd":31,"spe":30}},{"name":"Klefki","species":"Klefki","item":"leftovers","ability":"Prankster","moves":["foulplay","drainingkiss","calmmind","thunderwave"],"nature":"Modest","evs":{"hp":252,"atk":0,"def":0,"spa":252,"spd":4,"spe":0},"ivs":{"hp":31,"atk":31,"def":31,"spa":31,"spd":31,"spe":31}}],"log":["|player|p1|SS Vault|268","|player|p2|Void Who|voidwho.gif","|gametype|singles","|gen|6","|tier|Monotype","|rated","|rule|Baton Pass Clause: Limit one Baton Passer, can't pass Spe and other stats simultaneously","|rule|Swagger Clause: Swagger is banned","|rule|Same Type Clause: Pokémon in a team must share a type","|clearpoke","|poke|p1|Chansey, F","|poke|p1|Staraptor, F","|poke|p1|Porygon2","|poke|p1|Pidgeot, M","|poke|p1|Miltank, F","|poke|p1|Meloetta","|poke|p2|Gardevoir, M","|poke|p2|Azumarill, M","|poke|p2|Sylveon, F","|poke|p2|Togekiss, M","|poke|p2|Diancie","|poke|p2|Klefki, M","|rule|Sleep Clause Mod: Limit one foe put to sleep","|rule|Species Clause: Limit one of each Pokémon","|rule|OHKO Clause: OHKO moves are banned","|rule|Moody Clause: Moody is banned","|rule|Evasion Moves Clause: Evasion moves are banned","|rule|Endless Battle Clause: Forcing endless battles is banned","|rule|HP Percentage Mod: HP is shown in percentages","|teampreview","|","|start","|switch|p1a: Porygon2|Porygon2|373/373","|switch|p2a: Azumarill|Azumarill, M|403/403","|-boost|p1a: Porygon2|atk|1|[from] ability: Download","|turn|1","|","|move|p1a: Porygon2|Discharge|p2a: Azumarill","|-supereffective|p2a: Azumarill","|-damage|p2a: Azumarill|255/403","|move|p2a: Azumarill|Knock Off|p1a: Porygon2","|-damage|p1a: Porygon2|226/373","|-enditem|p1a: Porygon2|Eviolite|[from] move: Knock Off|[of] p2a: Azumarill","|","|turn|2","|","|switch|p2a: Sylveon|Sylveon, F|393/393","|move|p1a: Porygon2|Tri Attack|p2a: Sylveon","|-damage|p2a: Sylveon|317/393","|","|turn|3","|","|switch|p1a: Staraptor|Staraptor, F|311/311","|move|p2a: Sylveon|Wish|p2a: Sylveon","|","|turn|4","|","|switch|p2a: Azumarill|Azumarill, M|255/403","|move|p1a: Staraptor|Brave Bird|p2a: Azumarill","|-damage|p2a: Azumarill|0 fnt","|-damage|p1a: Staraptor|227/311|[from] recoil|[of] p2a: Azumarill","|faint|p2a: Azumarill","|","|","|switch|p2a: Klefki|Klefki, M|318/318","|turn|5","|","|switch|p1a: Miltank|Miltank, F|394/394","|move|p2a: Klefki|Calm Mind|p2a: Klefki","|-boost|p2a: Klefki|spa|1","|-boost|p2a: Klefki|spd|1","|","|turn|6","|","|move|p2a: Klefki|Calm Mind|p2a: Klefki","|-boost|p2a: Klefki|spa|1","|-boost|p2a: Klefki|spd|1","|move|p1a: Miltank|Earthquake|p2a: Klefki","|-supereffective|p2a: Klefki","|-damage|p2a: Klefki|96/318","|","|-heal|p2a: Klefki|115/318|[from] item: Leftovers","|turn|7","|","|switch|p1a: Chansey|Chansey, F|703/703","|move|p2a: Klefki|Draining Kiss|p1a: Chansey","|-damage|p1a: Chansey|615/703","|-heal|p2a: Klefki|181/318|[from] drain|[of] p1a: Chansey","|","|-heal|p2a: Klefki|200/318|[from] item: Leftovers","|turn|8","|","|move|p2a: Klefki|Calm Mind|p2a: Klefki","|-boost|p2a: Klefki|spa|1","|-boost|p2a: Klefki|spd|1","|move|p1a: Chansey|Seismic Toss|p2a: Klefki","|-damage|p2a: Klefki|100/318","|","|-heal|p2a: Klefki|119/318|[from] item: Leftovers","|turn|9","|","|move|p2a: Klefki|Calm Mind|p2a: Klefki","|-boost|p2a: Klefki|spa|1","|-boost|p2a: Klefki|spd|1","|move|p1a: Chansey|Seismic Toss|p2a: Klefki","|-damage|p2a: Klefki|19/318","|","|-heal|p2a: Klefki|38/318|[from] item: Leftovers","|turn|10","|","|move|p2a: Klefki|Draining Kiss|p1a: Chansey","|-damage|p1a: Chansey|486/703","|-heal|p2a: Klefki|135/318|[from] drain|[of] p1a: Chansey","|move|p1a: Chansey|Seismic Toss|p2a: Klefki","|-damage|p2a: Klefki|35/318","|","|-heal|p2a: Klefki|54/318|[from] item: Leftovers","|turn|11","|","|move|p2a: Klefki|Draining Kiss|p1a: Chansey","|-damage|p1a: Chansey|351/703","|-heal|p2a: Klefki|156/318|[from] drain|[of] p1a: Chansey","|move|p1a: Chansey|Seismic Toss|p2a: Klefki","|-damage|p2a: Klefki|56/318","|","|-heal|p2a: Klefki|75/318|[from] item: Leftovers","|turn|12","|","|move|p2a: Klefki|Draining Kiss|p1a: Chansey","|-damage|p1a: Chansey|216/703","|-heal|p2a: Klefki|177/318|[from] drain|[of] p1a: Chansey","|move|p1a: Chansey|Soft-Boiled|p1a: Chansey","|-heal|p1a: Chansey|568/703","|","|-heal|p2a: Klefki|196/318|[from] item: Leftovers","|turn|13","|","|switch|p1a: Meloetta|Meloetta|403/403","|move|p2a: Klefki|Draining Kiss|p1a: Meloetta","|-damage|p1a: Meloetta|240/403","|-heal|p2a: Klefki|318/318|[from] drain|[of] p1a: Meloetta","|","|turn|14","|","|move|p1a: Meloetta|Thunder|p2a: Klefki","|-damage|p2a: Klefki|243/318","|-status|p2a: Klefki|par","|move|p2a: Klefki|Foul Play|p1a: Meloetta","|-supereffective|p1a: Meloetta","|-damage|p1a: Meloetta|110/403","|","|-heal|p2a: Klefki|262/318 par|[from] item: Leftovers","|turn|15","|","|switch|p1a: Miltank|Miltank, F|394/394","|move|p2a: Klefki|Calm Mind|p2a: Klefki","|-boost|p2a: Klefki|spa|1","|-boost|p2a: Klefki|spd|1","|","|-heal|p2a: Klefki|281/318 par|[from] item: Leftovers","|turn|16","|","|move|p1a: Miltank|Earthquake|p2a: Klefki","|-supereffective|p2a: Klefki","|-damage|p2a: Klefki|79/318 par","|move|p2a: Klefki|Draining Kiss|p1a: Miltank","|-damage|p1a: Miltank|57/394","|-heal|p2a: Klefki|318/318 par|[from] drain|[of] p1a: Miltank","|","|-heal|p1a: Miltank|81/394|[from] item: Leftovers","|turn|17","|","|move|p1a: Miltank|Earthquake|p2a: Klefki","|-supereffective|p2a: Klefki","|-damage|p2a: Klefki|106/318 par","|cant|p2a: Klefki|par","|","|-heal|p1a: Miltank|105/394|[from] item: Leftovers","|-heal|p2a: Klefki|125/318 par|[from] item: Leftovers","|turn|18","|","|move|p2a: Klefki|Thunder Wave|p1a: Miltank","|-status|p1a: Miltank|par","|move|p1a: Miltank|Earthquake|p2a: Klefki","|-supereffective|p2a: Klefki","|-damage|p2a: Klefki|0 fnt","|faint|p2a: Klefki","|","|-heal|p1a: Miltank|129/394 par|[from] item: Leftovers","|","|switch|p2a: Diancie|Diancie|241/241","|turn|19","|","|detailschange|p2a: Diancie|Diancie-Mega","|-mega|p2a: Diancie|Diancie|Diancite","|move|p2a: Diancie|Moonblast|p1a: Miltank","|-damage|p1a: Miltank|0 fnt","|faint|p1a: Miltank","|","|","|switch|p1a: Meloetta|Meloetta|110/403","|turn|20","|","|move|p2a: Diancie|Diamond Storm|p1a: Meloetta","|-damage|p1a: Meloetta|0 fnt","|faint|p1a: Meloetta","|","|","|switch|p1a: Porygon2|Porygon2|226/373","|-boost|p1a: Porygon2|spa|1|[from] ability: Download","|turn|21","|","|move|p2a: Diancie|Protect|p2a: Diancie","|-singleturn|p2a: Diancie|Protect","|move|p1a: Porygon2|Tri Attack|p2a: Diancie","|-activate|p2a: Diancie|Protect","|","|turn|22","|","|move|p2a: Diancie|Moonblast|p1a: Porygon2","|-damage|p1a: Porygon2|75/373","|move|p1a: Porygon2|Tri Attack|p2a: Diancie","|-resisted|p2a: Diancie","|-damage|p2a: Diancie|159/241","|","|turn|23","|","|move|p2a: Diancie|Moonblast|p1a: Porygon2","|-damage|p1a: Porygon2|0 fnt","|faint|p1a: Porygon2","|","|","|switch|p1a: Pidgeot|Pidgeot, M|307/307","|turn|24","|player|p1","|player|p1|SS Vault|268","|","|detailschange|p1a: Pidgeot|Pidgeot-Mega, M","|-mega|p1a: Pidgeot|Pidgeot|Pidgeotite","|move|p1a: Pidgeot|Protect|p1a: Pidgeot","|-singleturn|p1a: Pidgeot|Protect","|move|p2a: Diancie|Diamond Storm|p1a: Pidgeot","|-activate|p1a: Pidgeot|Protect","|","|turn|25","|","|move|p1a: Pidgeot|Hurricane|p2a: Diancie","|-resisted|p2a: Diancie","|-damage|p2a: Diancie|51/241","|move|p2a: Diancie|Diamond Storm|p1a: Pidgeot","|-supereffective|p1a: Pidgeot","|-damage|p1a: Pidgeot|0 fnt","|faint|p1a: Pidgeot","|","|","|switch|p1a: Chansey|Chansey, F|568/703","|turn|26","|","|move|p2a: Diancie|Diamond Storm|p1a: Chansey","|-damage|p1a: Chansey|337/703","|move|p1a: Chansey|Aromatherapy|p1a: Chansey","|-cureteam|p1a: Chansey|[from] move: Aromatherapy","|","|turn|27","|","|move|p2a: Diancie|Diamond Storm|p1a: Chansey","|-damage|p1a: Chansey|106/703","|-boost|p2a: Diancie|def|1","|move|p1a: Chansey|Seismic Toss|p2a: Diancie","|-damage|p2a: Diancie|0 fnt","|faint|p2a: Diancie","|","|","|switch|p2a: Togekiss|Togekiss, M|311/311","|turn|28","|","|move|p2a: Togekiss|Air Slash|p1a: Chansey|[miss]","|-miss|p2a: Togekiss|p1a: Chansey","|move|p1a: Chansey|Soft-Boiled|p1a: Chansey","|-heal|p1a: Chansey|458/703","|","|turn|29","|","|switch|p2a: Sylveon|Sylveon, F|317/393","|move|p1a: Chansey|Toxic|p2a: Sylveon","|-status|p2a: Sylveon|tox","|","|-damage|p2a: Sylveon|293/393 tox|[from] psn","|turn|30","|","|switch|p2a: Togekiss|Togekiss, M|311/311","|move|p1a: Chansey|Seismic Toss|p2a: Togekiss","|-damage|p2a: Togekiss|211/311","|","|turn|31","|","|move|p2a: Togekiss|Trick|p1a: Chansey","|-activate|p2a: Togekiss|move: Trick|[of] p1a: Chansey","|-item|p1a: Chansey|Choice Scarf|[from] move: Trick","|-item|p2a: Togekiss|Eviolite|[from] move: Trick","|move|p1a: Chansey|Toxic|p2a: Togekiss","|-status|p2a: Togekiss|tox","|","|-damage|p2a: Togekiss|192/311 tox|[from] psn","|turn|32","|","|switch|p2a: Sylveon|Sylveon, F|293/393 tox","|move|p1a: Chansey|Toxic|p2a: Sylveon","|-fail|p2a: Sylveon|tox","|","|-damage|p2a: Sylveon|269/393 tox|[from] psn","|turn|33","|","|switch|p1a: Staraptor|Staraptor, F|227/311","|move|p2a: Sylveon|Heal Bell|p2a: Sylveon","|-cureteam|p2a: Sylveon|[from] move: HealBell","|","|turn|34","|","|switch|p2a: Togekiss|Togekiss, M|192/311","|move|p1a: Staraptor|Double-Edge|p2a: Togekiss","|-damage|p2a: Togekiss|0 fnt","|-damage|p1a: Staraptor|164/311|[from] recoil|[of] p2a: Togekiss","|faint|p2a: Togekiss","|","|","|switch|p2a: Gardevoir|Gardevoir, M|277/277","|-ability|p2a: Gardevoir|Reckless|[from] ability: Trace|[of] p1a: Staraptor","|turn|35","|","|move|p1a: Staraptor|Double-Edge|p2a: Gardevoir","|-damage|p2a: Gardevoir|0 fnt","|-damage|p1a: Staraptor|73/311|[from] recoil|[of] p2a: Gardevoir","|faint|p2a: Gardevoir","|","|","|switch|p2a: Sylveon|Sylveon, F|269/393","|turn|36","|","|move|p1a: Staraptor|Double-Edge|p2a: Sylveon","|-damage|p2a: Sylveon|0 fnt","|-damage|p1a: Staraptor|0 fnt|[from] recoil|[of] p2a: Sylveon","|faint|p2a: Sylveon","|faint|p1a: Staraptor","|","|win|SS Vault"],"p1rating":{"entryid":419514,"formatid":"monotype","userid":"ssvault","username":"SS Vault","r":1500,"rd":130,"sigma":0,"rpr":1547.9760291814,"rprd":122.21993540218,"rpsigma":0,"rptime":1440406800,"w":1,"l":0,"t":0,"gxe":56,"acre":1047.7317162779,"lacre":1047.7317162779,"oldacre":1000},"p2rating":{"entryid":"114352","serverid":"eos","formatid":"monotype","userid":"voidwho","username":"Void Who","w":"17","l":15,"t":"0","gxe":52.2,"r":"1550.2422625244","rd":"66.623910946599","sigma":"0","rptime":"1440406800","rpr":1516.5362700022,"rprd":58.737573411837,"rpsigma":"0","acre":1043.9057240511,"lacre":1043.9057240511,"oldacre":"1068.0124734419"},"endType":"normal"}