{"seed":[11955,39412,3705,13766],"turns":27,"p1":"Inferno Sableye","p2":"Cryѕtаl Rain","p1team":[{"name":"Not op","species":"sableye","item":"sablenite","ability":"Prankster","moves":["shadowball","recover","calmmind","willowisp"],"nature":"Bold","evs":{"hp":248,"atk":0,"def":252,"spa":0,"spd":8,"spe":0},"ivs":{"hp":31,"atk":0,"def":31,"spa":31,"spd":31,"spe":31}},{"name":"Rawwrrrr","species":"tyranitar","item":"chopleberry","ability":"Sand Stream","moves":["stealthrock","thunderwave","rockslide","earthquake"],"nature":"Impish","evs":{"hp":252,"atk":0,"def":80,"spa":0,"spd":176,"spe":0},"ivs":{"hp":31,"atk":31,"def":31,"spa":31,"spd":31,"spe":31}},{"name":"Bish Plz","species":"bisharp","item":"lumberry","ability":"Defiant","moves":["knockoff","suckerpunch","ironhead","swordsdance"],"nature":"Adamant","evs":{"hp":0,"atk":252,"def":4,"spa":0,"spd":0,"spe":252},"gender":"M","shiny":true,"ivs":{"hp":31,"atk":31,"def":31,"spa":31,"spd":31,"spe":31}},{"name":"Oit of this world","species":"hoopaunbound","item":"choicescarf","ability":"Magician","moves":["gunkshot","psychic","hyperspacefury","drainpunch"],"nature":"Hasty","evs":{"hp":0,"atk":252,"def":0,"spa":4,"spd":0,"spe":252},"ivs":{"hp":31,"atk":31,"def":31,"spa":31,"spd":31,"spe":31}},{"name":"No pressure","species":"weavile","item":"lifeorb","ability":"Pressure","moves":["iciclecrash","iceshard","knockoff","lowkick"],"nature":"Jolly","evs":{"hp":0,"atk":252,"def":0,"spa":0,"spd":4,"spe":252},"ivs":{"hp":31,"atk":31,"def":31,"spa":31,"spd":31,"spe":31}},{"name":"Buzz off bitch","species":"mandibuzz","item":"rockyhelmet","ability":"Overcoat","moves":["roost","defog","whirlwind","foulplay"],"nature":"Bold","evs":{"hp":176,"atk":0,"def":252,"spa":0,"spd":80,"spe":0},"ivs":{"hp":31,"atk":31,"def":31,"spa":31,"spd":31,"spe":31}}],"p2team":[{"name":"Hippowdon","species":"Hippowdon","item":"leftovers","ability":"Sand Stream","moves":["stealthrock","earthquake","whirlwind","slackoff"],"nature":"Impish","evs":{"hp":248,"atk":8,"def":140,"spa":0,"spd":112,"spe":0},"ivs":{"hp":31,"atk":31,"def":31,"spa":31,"spd":31,"spe":31}},{"name":"Seismitoad","species":"Seismitoad","item":"choicespecs","ability":"Water Absorb","moves":["scald","earthpower","grassknot","sludgewave"],"nature":"Modest","evs":{"hp":100,"atk":0,"def":0,"spa":252,"spd":0,"spe":156},"ivs":{"hp":31,"atk":31,"def":31,"spa":31,"spd":31,"spe":31}},{"name":"Mamoswine","species":"Mamoswine","item":"lifeorb","ability":"Thick Fat","moves":["earthquake","iciclespear","iceshard","freezedry"],"nature":"Hasty","evs":{"hp":0,"atk":216,"def":0,"spa":40,"spd":0,"spe":252},"ivs":{"hp":31,"atk":31,"def":31,"spa":31,"spd":31,"spe":31}},{"name":"Camerupt","species":"Camerupt","item":"cameruptite","ability":"Solid Rock","moves":["flamethrower","earthpower","ancientpower","willowisp"],"nature":"Modest","evs":{"hp":168,"atk":0,"def":0,"spa":252,"spd":0,"spe":88},"ivs":{"hp":31,"atk":31,"def":31,"spa":31,"spd":31,"spe":31}},{"name":"Excadrill","species":"Excadrill","item":"choiceband","ability":"Sand Rush","moves":["earthquake","ironhead","rockslide","xscissor"],"nature":"Jolly","evs":{"hp":0,"atk":252,"def":0,"spa":0,"spd":0,"spe":252},"ivs":{"hp":31,"atk":31,"def":31,"spa":31,"spd":31,"spe":31}},{"name":"Landorus-Therian","species":"Landorus-Therian","item":"leftovers","ability":"Intimidate","moves":["swordsdance","rockpolish","earthquake","stoneedge"],"nature":"Adamant","evs":{"hp":192,"atk":252,"def":4,"spa":0,"spd":0,"spe":60},"ivs":{"hp":31,"atk":31,"def":31,"spa":31,"spd":31,"spe":31}}],"log":["|player|p1|Inferno Sableye|infernosableye.gif","|player|p2|Cryѕtаl Rain|crystalraichu.png","|gametype|singles","|gen|6","|tier|Monotype","|rated","|rule|Baton Pass Clause: Limit one Baton Passer, can't pass Spe and other stats simultaneously","|rule|Swagger Clause: Swagger is banned","|rule|Same Type Clause: Pokémon in a team must share a type","|clearpoke","|poke|p1|Sableye, M","|poke|p1|Tyranitar, F","|poke|p1|Bisharp, M, shiny","|poke|p1|Hoopa-Unbound","|poke|p1|Weavile, M","|poke|p1|Mandibuzz, F","|poke|p2|Hippowdon, F","|poke|p2|Seismitoad, M","|poke|p2|Mamoswine, F","|poke|p2|Camerupt, F","|poke|p2|Excadrill, M","|poke|p2|Landorus-Therian, M","|rule|Sleep Clause Mod: Limit one foe put to sleep","|rule|Species Clause: Limit one of each Pokémon","|rule|OHKO Clause: OHKO moves are banned","|rule|Moody Clause: Moody is banned","|rule|Evasion Moves Clause: Evasion moves are banned","|rule|Endless Battle Clause: Forcing endless battles is banned","|rule|HP Percentage Mod: HP is shown in percentages","|teampreview","|","|start","|switch|p1a: Not op|Sableye, M|303/303","|switch|p2a: Hippowdon|Hippowdon, F|419/419","|-weather|Sandstorm","|turn|1","|","|switch|p2a: Seismitoad|Seismitoad, M|376/376","|detailschange|p1a: Not op|Sableye-Mega, M","|-mega|p1a: Not op|Sableye|Sablenite","|move|p1a: Not op|Will-O-Wisp|p2a: Seismitoad","|-status|p2a: Seismitoad|brn","|","|-weather|Sandstorm|[upkeep]","|-damage|p1a: Not op|285/303|[from] sandstorm","|-damage|p2a: Seismitoad|329/376 brn|[from] brn","|turn|2","|","|move|p2a: Seismitoad|Scald|p1a: Not op","|-damage|p1a: Not op|128/303","|move|p1a: Not op|Calm Mind|p1a: Not op","|-boost|p1a: Not op|spa|1","|-boost|p1a: Not op|spd|1","|","|-weather|Sandstorm|[upkeep]","|-damage|p1a: Not op|110/303|[from] sandstorm","|-damage|p2a: Seismitoad|282/376 brn|[from] brn","|turn|3","|","|move|p2a: Seismitoad|Scald|p1a: Not op","|-damage|p1a: Not op|0 fnt","|faint|p1a: Not op","|","|-weather|Sandstorm|[upkeep]","|-damage|p2a: Seismitoad|235/376 brn|[from] brn","|","|switch|p1a: Oit of this world|Hoopa-Unbound|301/301","|turn|4","|","|switch|p2a: Hippowdon|Hippowdon, F|419/419","|move|p1a: Oit of this world|Hyperspace Fury|p2a: Hippowdon","|-crit|p2a: Hippowdon","|-damage|p2a: Hippowdon|212/419","|-unboost|p1a: Oit of this world|def|1","|","|-weather|Sandstorm|[upkeep]","|-damage|p1a: Oit of this world|283/301|[from] sandstorm","|-heal|p2a: Hippowdon|238/419|[from] item: Leftovers","|turn|5","|","|switch|p1a: Buzz off bitch|Mandibuzz, F|405/405","|move|p2a: Hippowdon|Stealth Rock|p1a: Buzz off bitch","|-sidestart|p1: Inferno Sableye|move: Stealth Rock","|","|-weather|none","|-heal|p2a: Hippowdon|264/419|[from] item: Leftovers","|turn|6","|","|move|p1a: Buzz off bitch|Defog|p2a: Hippowdon","|-unboost|p2a: Hippowdon|evasion|1","|-sideend|p1: Inferno Sableye|Stealth Rock|[from] move: Defog|[of] p1a: Buzz off bitch","|move|p2a: Hippowdon|Whirlwind|p1a: Buzz off bitch","|drag|p1a: Bish Plz|Bisharp, M, shiny|271/271","|","|-heal|p2a: Hippowdon|290/419|[from] item: Leftovers","|turn|7","|","|switch|p1a: Buzz off bitch|Mandibuzz, F|405/405","|move|p2a: Hippowdon|Earthquake|p1a: Buzz off bitch","|-immune|p1a: Buzz off bitch|[msg]","|","|-heal|p2a: Hippowdon|316/419|[from] item: Leftovers","|turn|8","|","|switch|p2a: Seismitoad|Seismitoad, M|235/376 brn","|move|p1a: Buzz off bitch|Foul Play|p2a: Seismitoad","|-damage|p2a: Seismitoad|115/376 brn","|","|-damage|p2a: Seismitoad|68/376 brn|[from] brn","|turn|9","|","|switch|p1a: Oit of this world|Hoopa-Unbound|283/301","|move|p2a: Seismitoad|Scald|p1a: Oit of this world","|-damage|p1a: Oit of this world|148/301","|-status|p1a: Oit of this world|brn","|","|-damage|p1a: Oit of this world|111/301 brn|[from] brn","|-damage|p2a: Seismitoad|21/376 brn|[from] brn","|turn|10","|","|move|p1a: Oit of this world|Psychic|p2a: Seismitoad","|-damage|p2a: Seismitoad|0 fnt","|faint|p2a: Seismitoad","|","|-damage|p1a: Oit of this world|74/301 brn|[from] brn","|","|switch|p2a: Hippowdon|Hippowdon, F|316/419","|-weather|Sandstorm","|turn|11","|","|switch|p1a: Buzz off bitch|Mandibuzz, F|405/405","|move|p2a: Hippowdon|Whirlwind|p1a: Buzz off bitch","|drag|p1a: No pressure|Weavile, M|281/281","|-ability|p1a: No pressure|Pressure","|","|-weather|Sandstorm|[upkeep]","|-damage|p1a: No pressure|264/281|[from] sandstorm","|-heal|p2a: Hippowdon|342/419|[from] item: Leftovers","|turn|12","|","|move|p1a: No pressure|Icicle Crash|p2a: Hippowdon","|-supereffective|p2a: Hippowdon","|-damage|p2a: Hippowdon|92/419","|-damage|p1a: No pressure|236/281|[from] item: Life Orb","|move|p2a: Hippowdon|Stealth Rock|p1a: No pressure","|-sidestart|p1: Inferno Sableye|move: Stealth Rock","|","|-weather|Sandstorm|[upkeep]","|-damage|p1a: No pressure|219/281|[from] sandstorm","|-heal|p2a: Hippowdon|118/419|[from] item: Leftovers","|turn|13","|","|switch|p2a: Excadrill|Excadrill, M|361/361","|move|p1a: No pressure|Knock Off|p2a: Excadrill","|-damage|p2a: Excadrill|48/361","|-enditem|p2a: Excadrill|Choice Band|[from] move: Knock Off|[of] p1a: No pressure","|-damage|p1a: No pressure|191/281|[from] item: Life Orb","|","|-weather|Sandstorm|[upkeep]","|-damage|p1a: No pressure|174/281|[from] sandstorm","|turn|14","|","|move|p1a: No pressure|Ice Shard|p2a: Excadrill","|-damage|p2a: Excadrill|0 fnt","|-damage|p1a: No pressure|146/281|[from] item: Life Orb","|faint|p2a: Excadrill","|","|-weather|Sandstorm|[upkeep]","|-damage|p1a: No pressure|129/281|[from] sandstorm","|","|switch|p2a: Camerupt|Camerupt, F|323/323","|turn|15","|","|switch|p1a: Rawwrrrr|Tyranitar, F|404/404","|-damage|p1a: Rawwrrrr|354/404|[from] Stealth Rock","|detailschange|p2a: Camerupt|Camerupt-Mega, F","|-mega|p2a: Camerupt|Camerupt|Cameruptite","|move|p2a: Camerupt|Ancient Power|p1a: Rawwrrrr","|-damage|p1a: Rawwrrrr|291/404","|","|-weather|none","|turn|16","|","|switch|p2a: Landorus-Therian|Landorus-Therian, M|367/367","|-ability|p2a: Landorus-Therian|Intimidate","|-unboost|p1a: Rawwrrrr|atk|1","|move|p1a: Rawwrrrr|Earthquake|p2a: Landorus-Therian","|-immune|p2a: Landorus-Therian|[msg]","|","|turn|17","|","|move|p2a: Landorus-Therian|Rock Polish|p2a: Landorus-Therian","|-boost|p2a: Landorus-Therian|spe|2","|move|p1a: Rawwrrrr|Rock Slide|p2a: Landorus-Therian","|-miss|p1a: Rawwrrrr|p2a: Landorus-Therian","|","|turn|18","|","|switch|p1a: Buzz off bitch|Mandibuzz, F|405/405","|-damage|p1a: Buzz off bitch|304/405|[from] Stealth Rock","|move|p2a: Landorus-Therian|Earthquake|p1a: Buzz off bitch","|-immune|p1a: Buzz off bitch|[msg]","|","|turn|19","|","|move|p2a: Landorus-Therian|Stone Edge|p1a: Buzz off bitch","|-supereffective|p1a: Buzz off bitch","|-damage|p1a: Buzz off bitch|110/405","|move|p1a: Buzz off bitch|Defog|p2a: Landorus-Therian","|-unboost|p2a: Landorus-Therian|evasion|1","|-sideend|p1: Inferno Sableye|Stealth Rock|[from] move: Defog|[of] p1a: Buzz off bitch","|","|turn|20","|","|move|p2a: Landorus-Therian|Stone Edge|p1a: Buzz off bitch","|-supereffective|p1a: Buzz off bitch","|-damage|p1a: Buzz off bitch|0 fnt","|faint|p1a: Buzz off bitch","|","|","|switch|p1a: Bish Plz|Bisharp, M, shiny|271/271","|turn|21","|","|move|p1a: Bish Plz|Sucker Punch|p2a: Landorus-Therian","|-damage|p2a: Landorus-Therian|193/367","|move|p2a: Landorus-Therian|Earthquake|p1a: Bish Plz","|-supereffective|p1a: Bish Plz","|-damage|p1a: Bish Plz|0 fnt","|faint|p1a: Bish Plz","|","|-heal|p2a: Landorus-Therian|215/367|[from] item: Leftovers","|","|switch|p1a: No pressure|Weavile, M|129/281","|-ability|p1a: No pressure|Pressure","|turn|22","|","|switch|p2a: Hippowdon|Hippowdon, F|118/419","|-weather|Sandstorm","|move|p1a: No pressure|Ice Shard|p2a: Hippowdon","|-supereffective|p2a: Hippowdon","|-damage|p2a: Hippowdon|1/419","|-damage|p1a: No pressure|101/281|[from] item: Life Orb","|","|-weather|Sandstorm|[upkeep]","|-damage|p1a: No pressure|84/281|[from] sandstorm","|-heal|p2a: Hippowdon|27/419|[from] item: Leftovers","|turn|23","|","|move|p1a: No pressure|Knock Off|p2a: Hippowdon","|-damage|p2a: Hippowdon|0 fnt","|-enditem|p2a: Hippowdon|Leftovers|[from] move: Knock Off|[of] p1a: No pressure","|-damage|p1a: No pressure|56/281|[from] item: Life Orb","|faint|p2a: Hippowdon","|","|-weather|Sandstorm|[upkeep]","|-damage|p1a: No pressure|39/281|[from] sandstorm","|","|switch|p2a: Mamoswine|Mamoswine, F|361/361","|turn|24","|","|switch|p1a: Rawwrrrr|Tyranitar, F|291/404","|move|p2a: Mamoswine|Ice Shard|p1a: Rawwrrrr","|-damage|p1a: Rawwrrrr|220/404","|-damage|p2a: Mamoswine|325/361|[from] item: Life Orb","|","|-weather|Sandstorm|[upkeep]","|turn|25","|","|move|p2a: Mamoswine|Earthquake|p1a: Rawwrrrr","|-supereffective|p1a: Rawwrrrr","|-damage|p1a: Rawwrrrr|0 fnt","|-damage|p2a: Mamoswine|289/361|[from] item: Life Orb","|faint|p1a: Rawwrrrr","|","|-weather|Sandstorm|[upkeep]","|","|switch|p1a: Oit of this world|Hoopa-Unbound|74/301 brn","|turn|26","|","|move|p2a: Mamoswine|Ice Shard|p1a: Oit of this world","|-damage|p1a: Oit of this world|0 fnt","|-damage|p2a: Mamoswine|253/361|[from] item: Life Orb","|faint|p1a: Oit of this world","|","|-weather|none","|","|switch|p1a: No pressure|Weavile, M|39/281","|-ability|p1a: No pressure|Pressure","|turn|27","|","|move|p2a: Mamoswine|Ice Shard|p1a: No pressure","|-resisted|p1a: No pressure","|-damage|p1a: No pressure|0 fnt","|-damage|p2a: Mamoswine|217/361|[from] item: Life Orb","|faint|p1a: No pressure","|","|win|Cryѕtаl Rain"],"p1rating":{"entryid":"83803","serverid":"eos","formatid":"monotype","userid":"infernosableye","username":"Inferno Sableye","w":"50","l":15,"t":"0","gxe":74,"r":"1684.0737894333","rd":"50.231927762125","sigma":"0","rptime":"1440406800","rpr":1698.5071435225,"rprd":46.238781320817,"rpsigma":"0","acre":1328.0983321005,"lacre":1328.0983321005,"oldacre":"1358.0320970451"},"p2rating":{"entryid":"372740","serverid":"eos","formatid":"monotype","userid":"crytlrain","username":"Cryѕtаl Rain","w":8,"l":"2","t":"0","gxe":63.2,"r":"1528.1162292296","rd":"98.62203470296","sigma":"0","rptime":"1440406800","rpr":1605.1452569919,"rprd":87.36776412209,"rpsigma":"0","acre":1206.1315925479,"lacre":1206.1315925479,"oldacre":"1168.7143863672"},"endType":"normal"}