{"seed":[47123,11412,9063,1909],"turns":24,"p1":"Alliance - Mxy","p2":"Rain ☆ Kitsune","p1team":[{"name":"Latias","species":"Latias","item":"redcard","ability":"Levitate","moves":["psyshock","defog","tailwind","healingwish"],"nature":"Timid","evs":{"hp":176,"atk":0,"def":80,"spa":0,"spd":0,"spe":252},"ivs":{"hp":31,"atk":31,"def":31,"spa":31,"spd":31,"spe":31}},{"name":"Zygarde","species":"Zygarde","item":"rockyhelmet","ability":"Aura Break","moves":["coil","glare","extremespeed","dragontail"],"nature":"Impish","evs":{"hp":248,"atk":0,"def":112,"spa":0,"spd":0,"spe":148},"ivs":{"hp":31,"atk":31,"def":31,"spa":31,"spd":31,"spe":31}},{"name":"Kyurem-Black","species":"Kyurem-Black","item":"leftovers","ability":"Teravolt","moves":["icebeam","fusionbolt","earthpower","substitute"],"nature":"Rash","evs":{"hp":80,"atk":192,"def":0,"spa":0,"spd":0,"spe":236},"ivs":{"hp":31,"atk":31,"def":31,"spa":31,"spd":31,"spe":31}},{"name":"Latios","species":"Latios","item":"choicescarf","ability":"Levitate","moves":["dracometeor","psyshock","hiddenpowerfire","trick"],"nature":"Timid","evs":{"hp":0,"atk":0,"def":0,"spa":252,"spd":4,"spe":252},"ivs":{"hp":31,"atk":30,"def":31,"spa":30,"spd":31,"spe":30}},{"name":"Garchomp","species":"Garchomp","item":"garchompite","ability":"Sand Veil","moves":["stealthrock","flamethrower","earthquake","ironhead"],"nature":"Naive","evs":{"hp":0,"atk":236,"def":0,"spa":20,"spd":0,"spe":252},"ivs":{"hp":31,"atk":31,"def":31,"spa":31,"spd":31,"spe":31}},{"name":"Dragonite","species":"Dragonite","item":"choiceband","ability":"Multiscale","moves":["outrage","extremespeed","ironhead","superpower"],"nature":"Jolly","evs":{"hp":80,"atk":252,"def":0,"spa":0,"spd":0,"spe":176},"ivs":{"hp":31,"atk":31,"def":31,"spa":31,"spd":31,"spe":31}}],"p2team":[{"name":"Conkeldurr","species":"Conkeldurr","item":"assaultvest","ability":"Guts","moves":["drainpunch","machpunch","poisonjab","knockoff"],"nature":"Adamant","evs":{"hp":248,"atk":252,"def":0,"spa":0,"spd":8,"spe":0},"gender":"F","shiny":true,"ivs":{"hp":31,"atk":31,"def":31,"spa":31,"spd":31,"spe":31}},{"name":"Breloom","species":"Breloom","item":"focussash","ability":"Technician","moves":["spore","bulletseed","machpunch","rocktomb"],"nature":"Jolly","evs":{"hp":0,"atk":252,"def":0,"spa":0,"spd":4,"spe":252},"gender":"F","shiny":true,"ivs":{"hp":31,"atk":31,"def":31,"spa":31,"spd":31,"spe":31}},{"name":"Cobalion","species":"Cobalion","item":"leftovers","ability":"Justified","moves":["stealthrock","taunt","thunderwave","voltswitch"],"nature":"Timid","evs":{"hp":252,"atk":0,"def":0,"spa":0,"spd":4,"spe":252},"shiny":true,"ivs":{"hp":31,"atk":31,"def":31,"spa":31,"spd":31,"spe":31}},{"name":"Keldeo","species":"Keldeo","item":"choicespecs","ability":"Justified","moves":["secretsword","scald","hiddenpowerice","hydropump"],"nature":"Timid","evs":{"hp":0,"atk":0,"def":0,"spa":252,"spd":4,"spe":252},"ivs":{"hp":31,"atk":30,"def":30,"spa":31,"spd":31,"spe":31}},{"name":"Terrakion","species":"Terrakion","item":"choicescarf","ability":"Justified","moves":["sacredsword","stoneedge","earthquake","ironhead"],"nature":"Jolly","evs":{"hp":0,"atk":252,"def":0,"spa":0,"spd":4,"spe":252},"shiny":true,"ivs":{"hp":31,"atk":31,"def":31,"spa":31,"spd":31,"spe":31}},{"name":"Scrafty","species":"Scrafty","item":"focussash","ability":"Moxie","moves":["dragondance","knockoff","icepunch","ironhead"],"nature":"Adamant","evs":{"hp":0,"atk":252,"def":0,"spa":0,"spd":4,"spe":252},"gender":"F","ivs":{"hp":31,"atk":31,"def":31,"spa":31,"spd":31,"spe":31}}],"log":["|player|p1|Alliance - Mxy|270","|player|p2|Rain ☆ Kitsune|rainkitsune.png","|gametype|singles","|gen|6","|tier|Monotype","|rated","|rule|Baton Pass Clause: Limit one Baton Passer, can't pass Spe and other stats simultaneously","|rule|Swagger Clause: Swagger is banned","|rule|Same Type Clause: Pokémon in a team must share a type","|clearpoke","|poke|p1|Latias, F","|poke|p1|Zygarde","|poke|p1|Kyurem-Black","|poke|p1|Latios, M","|poke|p1|Garchomp, M","|poke|p1|Dragonite, F","|poke|p2|Conkeldurr, F, shiny","|poke|p2|Breloom, F, shiny","|poke|p2|Cobalion, shiny","|poke|p2|Keldeo","|poke|p2|Terrakion, shiny","|poke|p2|Scrafty, F","|rule|Sleep Clause Mod: Limit one foe put to sleep","|rule|Species Clause: Limit one of each Pokémon","|rule|OHKO Clause: OHKO moves are banned","|rule|Moody Clause: Moody is banned","|rule|Evasion Moves Clause: Evasion moves are banned","|rule|Endless Battle Clause: Forcing endless battles is banned","|rule|HP Percentage Mod: HP is shown in percentages","|teampreview","|","|start","|switch|p1a: Garchomp|Garchomp, M|357/357","|switch|p2a: Cobalion|Cobalion, shiny|386/386","|turn|1","|","|move|p2a: Cobalion|Taunt|p1a: Garchomp","|-start|p1a: Garchomp|move: Taunt","|move|p1a: Garchomp|Earthquake|p2a: Cobalion","|-supereffective|p2a: Cobalion","|-damage|p2a: Cobalion|120/386","|","|-heal|p2a: Cobalion|144/386|[from] item: Leftovers","|turn|2","|","|move|p2a: Cobalion|Stealth Rock|p1a: Garchomp","|-sidestart|p1: Alliance - Mxy|move: Stealth Rock","|move|p1a: Garchomp|Earthquake|p2a: Cobalion","|-supereffective|p2a: Cobalion","|-damage|p2a: Cobalion|0 fnt","|faint|p2a: Cobalion","|","|","|switch|p2a: Breloom|Breloom, F, shiny|261/261","|turn|3","|","|move|p1a: Garchomp|Flamethrower|p2a: Breloom","|-supereffective|p2a: Breloom","|-damage|p2a: Breloom|77/261","|move|p2a: Breloom|Spore|p1a: Garchomp","|-status|p1a: Garchomp|slp","|","|-end|p1a: Garchomp|move: Taunt","|turn|4","|","|switch|p1a: Zygarde|Zygarde|419/419","|-damage|p1a: Zygarde|393/419|[from] Stealth Rock","|-ability|p1a: Zygarde|Aura Break","|move|p2a: Breloom|Bullet Seed|p1a: Zygarde","|-damage|p1a: Zygarde|342/419","|-damage|p1a: Zygarde|297/419","|-damage|p1a: Zygarde|246/419","|-damage|p1a: Zygarde|200/419","|-damage|p1a: Zygarde|154/419","|-hitcount|p1a: Zygarde|5","|","|turn|5","|","|move|p1a: Zygarde|Extreme Speed|p2a: Breloom","|-damage|p2a: Breloom|7/261","|move|p2a: Breloom|Bullet Seed|p1a: Zygarde","|-damage|p1a: Zygarde|105/419","|-damage|p1a: Zygarde|56/419","|-damage|p1a: Zygarde|8/419","|-hitcount|p1a: Zygarde|3","|","|turn|6","|","|move|p1a: Zygarde|Extreme Speed|p2a: Breloom","|-damage|p2a: Breloom|0 fnt","|faint|p2a: Breloom","|","|","|switch|p2a: Keldeo|Keldeo|323/323","|turn|7","|","|move|p1a: Zygarde|Extreme Speed|p2a: Keldeo","|-damage|p2a: Keldeo|257/323","|move|p2a: Keldeo|Hidden Power|p1a: Zygarde","|-supereffective|p1a: Zygarde","|-damage|p1a: Zygarde|0 fnt","|faint|p1a: Zygarde","|","|","|switch|p1a: Latias|Latias, F|345/345","|-damage|p1a: Latias|302/345|[from] Stealth Rock","|turn|8","|","|switch|p2a: Conkeldurr|Conkeldurr, F, shiny|413/413","|move|p1a: Latias|Defog|p2a: Conkeldurr","|-unboost|p2a: Conkeldurr|evasion|1","|-sideend|p1: Alliance - Mxy|Stealth Rock|[from] move: Defog|[of] p1a: Latias","|","|turn|9","|","|move|p1a: Latias|Tailwind|p1a: Latias","|-sidestart|p1: Alliance - Mxy|move: Tailwind","|move|p2a: Conkeldurr|Knock Off|p1a: Latias","|-supereffective|p1a: Latias","|-damage|p1a: Latias|40/345","|-enditem|p1a: Latias|Red Card|[from] move: Knock Off|[of] p2a: Conkeldurr","|","|turn|10","|","|move|p2a: Conkeldurr|Mach Punch|p1a: Latias","|-resisted|p1a: Latias","|-damage|p1a: Latias|0 fnt","|faint|p1a: Latias","|","|","|switch|p1a: Latios|Latios, M|301/301","|turn|11","|","|move|p1a: Latios|Psyshock|p2a: Conkeldurr","|-supereffective|p2a: Conkeldurr","|-damage|p2a: Conkeldurr|117/413","|move|p2a: Conkeldurr|Knock Off|p1a: Latios","|-supereffective|p1a: Latios","|-damage|p1a: Latios|0 fnt","|-enditem|p1a: Latios|Choice Scarf|[from] move: Knock Off|[of] p2a: Conkeldurr","|faint|p1a: Latios","|","|","|switch|p1a: Garchomp|Garchomp, M|357/357 slp","|turn|12","|","|switch|p2a: Keldeo|Keldeo|257/323","|detailschange|p1a: Garchomp|Garchomp-Mega, M","|-mega|p1a: Garchomp|Garchomp|Garchompite","|cant|p1a: Garchomp|slp","|","|-sideend|p1: Alliance - Mxy|move: Tailwind","|turn|13","|","|switch|p1a: Kyurem-Black|Kyurem-Black|411/411","|-ability|p1a: Kyurem-Black|Teravolt","|move|p2a: Keldeo|Scald|p1a: Kyurem-Black","|-resisted|p1a: Kyurem-Black","|-damage|p1a: Kyurem-Black|277/411","|","|-heal|p1a: Kyurem-Black|302/411|[from] item: Leftovers","|turn|14","|","|switch|p2a: Conkeldurr|Conkeldurr, F, shiny|117/413","|move|p1a: Kyurem-Black|Fusion Bolt|p2a: Conkeldurr","|-damage|p2a: Conkeldurr|0 fnt","|faint|p2a: Conkeldurr","|","|-heal|p1a: Kyurem-Black|327/411|[from] item: Leftovers","|","|switch|p2a: Terrakion|Terrakion, shiny|323/323","|turn|15","|","|switch|p1a: Garchomp|Garchomp-Mega, M|357/357 slp","|move|p2a: Terrakion|Stone Edge|p1a: Garchomp|[miss]","|-miss|p2a: Terrakion|p1a: Garchomp","|","|turn|16","|","|switch|p2a: Scrafty|Scrafty, F|271/271","|cant|p1a: Garchomp|slp","|","|turn|17","|","|-curestatus|p1a: Garchomp|slp","|move|p1a: Garchomp|Earthquake|p2a: Scrafty","|-damage|p2a: Scrafty|76/271","|move|p2a: Scrafty|Dragon Dance|p2a: Scrafty","|-boost|p2a: Scrafty|atk|1","|-boost|p2a: Scrafty|spe|1","|","|turn|18","|","|move|p2a: Scrafty|Ice Punch|p1a: Garchomp","|-supereffective|p1a: Garchomp","|-damage|p1a: Garchomp|0 fnt","|faint|p1a: Garchomp","|-boost|p2a: Scrafty|atk|1|[from] ability: Moxie","|","|","|switch|p1a: Dragonite|Dragonite, F|343/343","|turn|19","|","|move|p1a: Dragonite|Extreme Speed|p2a: Scrafty","|-damage|p2a: Scrafty|0 fnt","|faint|p2a: Scrafty","|","|","|switch|p2a: Keldeo|Keldeo|257/323","|turn|20","|","|switch|p1a: Kyurem-Black|Kyurem-Black|327/411","|-ability|p1a: Kyurem-Black|Teravolt","|move|p2a: Keldeo|Hidden Power|p1a: Kyurem-Black","|-damage|p1a: Kyurem-Black|204/411","|","|-heal|p1a: Kyurem-Black|229/411|[from] item: Leftovers","|turn|21","|","|move|p2a: Keldeo|Hidden Power|p1a: Kyurem-Black","|-damage|p1a: Kyurem-Black|91/411","|move|p1a: Kyurem-Black|Substitute|p1a: Kyurem-Black","|-fail|p1a: Kyurem-Black|move: Substitute|[weak]","|","|-heal|p1a: Kyurem-Black|116/411|[from] item: Leftovers","|turn|22","|","|move|p2a: Keldeo|Hidden Power|p1a: Kyurem-Black","|-damage|p1a: Kyurem-Black|0 fnt","|faint|p1a: Kyurem-Black","|","|","|switch|p1a: Dragonite|Dragonite, F|343/343","|turn|23","|","|move|p2a: Keldeo|Hidden Power|p1a: Dragonite","|-supereffective|p1a: Dragonite","|-damage|p1a: Dragonite|139/343","|move|p1a: Dragonite|Outrage|p2a: Keldeo","|-crit|p2a: Keldeo","|-damage|p2a: Keldeo|0 fnt","|faint|p2a: Keldeo","|","|","|switch|p2a: Terrakion|Terrakion, shiny|323/323","|turn|24","|","|move|p2a: Terrakion|Stone Edge|p1a: Dragonite","|-crit|p1a: Dragonite","|-supereffective|p1a: Dragonite","|-damage|p1a: Dragonite|0 fnt","|faint|p1a: Dragonite","|","|win|Rain ☆ Kitsune"],"p1rating":{"entryid":"127788","serverid":"eos","formatid":"monotype","userid":"alliancemxy","username":"Alliance - Mxy","w":"21","l":13,"t":"0","gxe":57.9,"r":"1604.4900838263","rd":"67.887001260084","sigma":"0","rptime":"1440406800","rpr":1560.5909974654,"rprd":59.178098386362,"rpsigma":"0","acre":1136.240931616,"lacre":1136.240931616,"oldacre":"1172.7383629917"},"p2rating":{"entryid":"152659","serverid":"eos","formatid":"monotype","userid":"rainkitsune","username":"Rain ☆ Kitsune","w":1,"l":"1","t":"0","gxe":50.3,"r":"1447.0649870208","rd":"123.49649391425","sigma":"0","rptime":"1440406800","rpr":1502.316091649,"rprd":117.75795972765,"rpsigma":"0","acre":1058.3958902011,"lacre":1058.3958902011,"oldacre":"1000"},"endType":"normal"}