{"seed":[37432,2039,44636,38676],"turns":25,"p1":"TTIL-amb64","p2":"Inferno DPX","p1team":[{"name":"Gliscor","species":"Gliscor","item":"toxicorb","ability":"Poison Heal","moves":["knockoff","toxic","stealthrock","protect"],"nature":"Impish","evs":{"hp":248,"atk":0,"def":132,"spa":0,"spd":56,"spe":72},"ivs":{"hp":31,"atk":31,"def":31,"spa":31,"spd":31,"spe":31}},{"name":"Krookodile","species":"Krookodile","item":"choicescarf","ability":"Moxie","moves":["dragonclaw","earthquake","crunch","brickbreak"],"nature":"Adamant","evs":{"hp":0,"atk":252,"def":0,"spa":0,"spd":4,"spe":252},"ivs":{"hp":31,"atk":31,"def":31,"spa":31,"spd":31,"spe":31}},{"name":"Mamoswine","species":"Mamoswine","item":"leftovers","ability":"Thick Fat","moves":["iceshard","iciclecrash","superpower","knockoff"],"nature":"Impish","evs":{"hp":252,"atk":252,"def":0,"spa":0,"spd":4,"spe":0},"ivs":{"hp":31,"atk":31,"def":31,"spa":31,"spd":31,"spe":31}},{"name":"Hippowdon","species":"Hippowdon","item":"leftovers","ability":"Sand Stream","moves":["earthquake","bodyslam","slackoff","whirlwind"],"nature":"Impish","evs":{"hp":248,"atk":8,"def":4,"spa":0,"spd":248,"spe":0},"ivs":{"hp":31,"atk":31,"def":31,"spa":31,"spd":31,"spe":31}},{"name":"Excadrill","species":"Excadrill","item":"choicescarf","ability":"Mold Breaker","moves":["ironhead","earthquake","xscissor","aerialace"],"nature":"Adamant","evs":{"hp":0,"atk":252,"def":0,"spa":0,"spd":4,"spe":252},"ivs":{"hp":31,"atk":31,"def":31,"spa":31,"spd":31,"spe":31}},{"name":"Nidoking","species":"Nidoking","item":"choicescarf","ability":"Sheer Force","moves":["fireblast","sludgewave","toxicspikes","shadowball"],"nature":"Modest","evs":{"hp":0,"atk":0,"def":0,"spa":252,"spd":4,"spe":252},"ivs":{"hp":31,"atk":31,"def":31,"spa":31,"spd":31,"spe":31}}],"p2team":[{"name":"Torkoal","species":"Torkoal","item":"leftovers","ability":"White Smoke","moves":["clearsmog","rapidspin","earthpower","lavaplume"],"nature":"Modest","evs":{"hp":252,"atk":0,"def":0,"spa":252,"spd":4,"spe":0},"ivs":{"hp":31,"atk":31,"def":31,"spa":31,"spd":31,"spe":31}},{"name":"Camerupt","species":"Camerupt","item":"cameruptite","ability":"Solid Rock","moves":["earthpower","lavaplume","willowisp","hiddenpowergrass"],"nature":"Modest","evs":{"hp":248,"atk":0,"def":0,"spa":252,"spd":8,"spe":0},"ivs":{"hp":31,"atk":30,"def":31,"spa":30,"spd":31,"spe":31}},{"name":"Ninetales","species":"Ninetales","item":"airballoon","ability":"Drought","moves":["calmmind","darkpulse","solarbeam","flamethrower"],"nature":"Timid","evs":{"hp":0,"atk":0,"def":0,"spa":252,"spd":4,"spe":252},"ivs":{"hp":31,"atk":31,"def":31,"spa":31,"spd":31,"spe":31}},{"name":"Arcanine","species":"Arcanine","item":"lifeorb","ability":"Intimidate","moves":["extremespeed","flareblitz","closecombat","crunch"],"nature":"","evs":{"hp":0,"atk":0,"def":0,"spa":0,"spd":0,"spe":0},"ivs":{"hp":31,"atk":31,"def":31,"spa":31,"spd":31,"spe":31}},{"name":"Entei","species":"Entei","item":"choiceband","ability":"Pressure","moves":["ironhead","extremespeed","stoneedge","sacredfire"],"nature":"Adamant","evs":{"hp":0,"atk":252,"def":0,"spa":0,"spd":4,"spe":252},"shiny":true,"ivs":{"hp":31,"atk":31,"def":31,"spa":31,"spd":31,"spe":31}},{"name":"Darmanitan","species":"Darmanitan","item":"choicescarf","ability":"Sheer Force","moves":["earthquake","firepunch","stoneedge","zenheadbutt"],"nature":"Jolly","evs":{"hp":0,"atk":252,"def":0,"spa":0,"spd":4,"spe":252},"ivs":{"hp":31,"atk":31,"def":31,"spa":31,"spd":31,"spe":31}}],"log":["|player|p1|TTIL-amb64|153","|player|p2|Inferno DPX|52","|gametype|singles","|gen|6","|tier|Monotype","|rated","|rule|Baton Pass Clause: Limit one Baton Passer, can't pass Spe and other stats simultaneously","|rule|Swagger Clause: Swagger is banned","|rule|Same Type Clause: Pokémon in a team must share a type","|clearpoke","|poke|p1|Gliscor, F","|poke|p1|Krookodile, F","|poke|p1|Mamoswine, F","|poke|p1|Hippowdon, F","|poke|p1|Excadrill, F","|poke|p1|Nidoking, M","|poke|p2|Torkoal, M","|poke|p2|Camerupt, F","|poke|p2|Ninetales, M","|poke|p2|Arcanine, F","|poke|p2|Entei, shiny","|poke|p2|Darmanitan, F","|rule|Sleep Clause Mod: Limit one foe put to sleep","|rule|Species Clause: Limit one of each Pokémon","|rule|OHKO Clause: OHKO moves are banned","|rule|Moody Clause: Moody is banned","|rule|Evasion Moves Clause: Evasion moves are banned","|rule|Endless Battle Clause: Forcing endless battles is banned","|rule|HP Percentage Mod: HP is shown in percentages","|teampreview","|","|start","|switch|p1a: Hippowdon|Hippowdon, F|419/419","|switch|p2a: Arcanine|Arcanine, F|321/321","|-ability|p2a: Arcanine|Intimidate","|-unboost|p1a: Hippowdon|atk|1","|-weather|Sandstorm","|turn|1","|","|switch|p2a: Ninetales|Ninetales, M|287/287","|-weather|SunnyDay","|-item|p2a: Ninetales|Air Balloon","|move|p1a: Hippowdon|Body Slam|p2a: Ninetales","|-damage|p2a: Ninetales|220/287","|-enditem|p2a: Ninetales|Air Balloon","|-status|p2a: Ninetales|par","|","|-weather|SunnyDay|[upkeep]","|turn|2","|","|move|p1a: Hippowdon|Earthquake|p2a: Ninetales","|-supereffective|p2a: Ninetales","|-damage|p2a: Ninetales|0 fnt","|faint|p2a: Ninetales","|","|-weather|SunnyDay|[upkeep]","|","|switch|p2a: Arcanine|Arcanine, F|321/321","|-ability|p2a: Arcanine|Intimidate","|-unboost|p1a: Hippowdon|atk|1","|turn|3","|","|switch|p2a: Camerupt|Camerupt, F|343/343","|switch|p1a: Nidoking|Nidoking, M|303/303","|","|-weather|SunnyDay|[upkeep]","|turn|4","|","|detailschange|p2a: Camerupt|Camerupt-Mega, F","|-mega|p2a: Camerupt|Camerupt|Cameruptite","|move|p1a: Nidoking|Shadow Ball|p2a: Camerupt","|-damage|p2a: Camerupt|254/343","|move|p2a: Camerupt|Earth Power|p1a: Nidoking","|-supereffective|p1a: Nidoking","|-damage|p1a: Nidoking|0 fnt","|faint|p1a: Nidoking","|","|-weather|SunnyDay|[upkeep]","|","|switch|p1a: Hippowdon|Hippowdon, F|419/419","|-weather|Sandstorm","|turn|5","|","|move|p1a: Hippowdon|Earthquake|p2a: Camerupt","|-supereffective|p2a: Camerupt","|-damage|p2a: Camerupt|14/343","|move|p2a: Camerupt|Hidden Power|p1a: Hippowdon","|-supereffective|p1a: Hippowdon","|-damage|p1a: Hippowdon|263/419","|","|-weather|Sandstorm|[upkeep]","|-heal|p1a: Hippowdon|289/419|[from] item: Leftovers","|turn|6","|","|move|p1a: Hippowdon|Earthquake|p2a: Camerupt","|-supereffective|p2a: Camerupt","|-damage|p2a: Camerupt|0 fnt","|faint|p2a: Camerupt","|","|-weather|Sandstorm|[upkeep]","|-heal|p1a: Hippowdon|315/419|[from] item: Leftovers","|","|switch|p2a: Arcanine|Arcanine, F|321/321","|-ability|p2a: Arcanine|Intimidate","|-unboost|p1a: Hippowdon|atk|1","|turn|7","|","|switch|p2a: Torkoal|Torkoal, M|344/344","|move|p1a: Hippowdon|Earthquake|p2a: Torkoal","|-supereffective|p2a: Torkoal","|-damage|p2a: Torkoal|206/344","|","|-weather|Sandstorm|[upkeep]","|-damage|p2a: Torkoal|185/344|[from] sandstorm","|-heal|p1a: Hippowdon|341/419|[from] item: Leftovers","|-heal|p2a: Torkoal|206/344|[from] item: Leftovers","|turn|8","|","|move|p1a: Hippowdon|Earthquake|p2a: Torkoal","|-supereffective|p2a: Torkoal","|-damage|p2a: Torkoal|78/344","|move|p2a: Torkoal|Earth Power|p1a: Hippowdon","|-damage|p1a: Hippowdon|260/419","|","|-weather|Sandstorm|[upkeep]","|-damage|p2a: Torkoal|57/344|[from] sandstorm","|-heal|p1a: Hippowdon|286/419|[from] item: Leftovers","|-heal|p2a: Torkoal|78/344|[from] item: Leftovers","|turn|9","|","|switch|p2a: Arcanine|Arcanine, F|321/321","|-ability|p2a: Arcanine|Intimidate","|-unboost|p1a: Hippowdon|atk|1","|move|p1a: Hippowdon|Earthquake|p2a: Arcanine","|-supereffective|p2a: Arcanine","|-damage|p2a: Arcanine|159/321","|","|-weather|none","|-heal|p1a: Hippowdon|312/419|[from] item: Leftovers","|turn|10","|","|move|p2a: Arcanine|Close Combat|p1a: Hippowdon","|-damage|p1a: Hippowdon|209/419","|-unboost|p2a: Arcanine|def|1","|-unboost|p2a: Arcanine|spd|1","|-damage|p2a: Arcanine|127/321|[from] item: Life Orb","|move|p1a: Hippowdon|Earthquake|p2a: Arcanine","|-supereffective|p2a: Arcanine","|-damage|p2a: Arcanine|0 fnt","|faint|p2a: Arcanine","|","|-heal|p1a: Hippowdon|235/419|[from] item: Leftovers","|","|switch|p2a: Torkoal|Torkoal, M|78/344","|turn|11","|","|move|p1a: Hippowdon|Earthquake|p2a: Torkoal","|-crit|p2a: Torkoal","|-supereffective|p2a: Torkoal","|-damage|p2a: Torkoal|0 fnt","|faint|p2a: Torkoal","|","|-heal|p1a: Hippowdon|261/419|[from] item: Leftovers","|","|switch|p2a: Entei|Entei, shiny|371/371","|-ability|p2a: Entei|Pressure","|turn|12","|","|move|p2a: Entei|Sacred Fire|p1a: Hippowdon|[miss]","|-miss|p2a: Entei|p1a: Hippowdon","|move|p1a: Hippowdon|Earthquake|p2a: Entei","|-supereffective|p2a: Entei","|-damage|p2a: Entei|227/371","|","|-heal|p1a: Hippowdon|287/419|[from] item: Leftovers","|turn|13","|","|move|p2a: Entei|Sacred Fire|p1a: Hippowdon","|-damage|p1a: Hippowdon|70/419","|move|p1a: Hippowdon|Earthquake|p2a: Entei","|-supereffective|p2a: Entei","|-damage|p2a: Entei|87/371","|","|-heal|p1a: Hippowdon|96/419|[from] item: Leftovers","|turn|14","|","|move|p2a: Entei|Sacred Fire|p1a: Hippowdon","|-damage|p1a: Hippowdon|0 fnt","|faint|p1a: Hippowdon","|","|","|switch|p1a: Mamoswine|Mamoswine, F|424/424","|turn|15","|","|move|p2a: Entei|Sacred Fire|p1a: Mamoswine","|-supereffective|p1a: Mamoswine","|-damage|p1a: Mamoswine|136/424","|-status|p1a: Mamoswine|brn","|move|p1a: Mamoswine|Knock Off|p2a: Entei","|-damage|p2a: Entei|19/371","|-enditem|p2a: Entei|Choice Band|[from] move: Knock Off|[of] p1a: Mamoswine","|","|-heal|p1a: Mamoswine|162/424 brn|[from] item: Leftovers","|-damage|p1a: Mamoswine|109/424 brn|[from] brn","|turn|16","|","|move|p2a: Entei|Extreme Speed|p1a: Mamoswine","|-damage|p1a: Mamoswine|0 fnt","|faint|p1a: Mamoswine","|","|","|switch|p1a: Gliscor|Gliscor, F|353/353","|turn|17","|","|move|p1a: Gliscor|Protect|p1a: Gliscor","|-singleturn|p1a: Gliscor|Protect","|move|p2a: Entei|Stone Edge|p1a: Gliscor","|-activate|p1a: Gliscor|Protect","|","|-status|p1a: Gliscor|tox|[from] item: Toxic Orb","|turn|18","|","|move|p2a: Entei|Stone Edge|p1a: Gliscor","|-damage|p1a: Gliscor|274/353 tox","|move|p1a: Gliscor|Knock Off|p2a: Entei","|-damage|p2a: Entei|0 fnt","|faint|p2a: Entei","|","|-heal|p1a: Gliscor|318/353 tox|[from] ability: Poison Heal","|","|switch|p2a: Darmanitan|Darmanitan, F|351/351","|turn|19","|","|move|p2a: Darmanitan|Fire Punch|p1a: Gliscor","|-damage|p1a: Gliscor|191/353 tox","|move|p1a: Gliscor|Toxic|p2a: Darmanitan|[miss]","|-miss|p1a: Gliscor|p2a: Darmanitan","|","|-heal|p1a: Gliscor|235/353 tox|[from] ability: Poison Heal","|turn|20","|","|move|p2a: Darmanitan|Fire Punch|p1a: Gliscor","|-damage|p1a: Gliscor|100/353 tox","|move|p1a: Gliscor|Knock Off|p2a: Darmanitan","|-damage|p2a: Darmanitan|243/351","|-enditem|p2a: Darmanitan|Choice Scarf|[from] move: Knock Off|[of] p1a: Gliscor","|","|-heal|p1a: Gliscor|144/353 tox|[from] ability: Poison Heal","|turn|21","|","|move|p1a: Gliscor|Protect|p1a: Gliscor","|-singleturn|p1a: Gliscor|Protect","|move|p2a: Darmanitan|Stone Edge|p1a: Gliscor","|-activate|p1a: Gliscor|Protect","|","|-heal|p1a: Gliscor|188/353 tox|[from] ability: Poison Heal","|turn|22","|","|move|p2a: Darmanitan|Stone Edge|p1a: Gliscor","|-damage|p1a: Gliscor|96/353 tox","|move|p1a: Gliscor|Knock Off|p2a: Darmanitan","|-damage|p2a: Darmanitan|161/351","|","|-heal|p1a: Gliscor|140/353 tox|[from] ability: Poison Heal","|turn|23","|","|move|p2a: Darmanitan|Fire Punch|p1a: Gliscor","|-damage|p1a: Gliscor|7/353 tox","|move|p1a: Gliscor|Knock Off|p2a: Darmanitan","|-damage|p2a: Darmanitan|75/351","|","|-heal|p1a: Gliscor|51/353 tox|[from] ability: Poison Heal","|turn|24","|","|move|p2a: Darmanitan|Fire Punch|p1a: Gliscor","|-damage|p1a: Gliscor|0 fnt","|faint|p1a: Gliscor","|","|","|switch|p1a: Excadrill|Excadrill, F|361/361","|-ability|p1a: Excadrill|Mold Breaker","|turn|25","|","|move|p1a: Excadrill|Earthquake|p2a: Darmanitan","|-supereffective|p2a: Darmanitan","|-damage|p2a: Darmanitan|0 fnt","|faint|p2a: Darmanitan","|","|win|TTIL-amb64"],"p1rating":{"entryid":"274777","serverid":"eos","formatid":"monotype","userid":"ttilamb64","username":"TTIL-amb64","w":8,"l":"9","t":"0","gxe":48.1,"r":"1456.7204411967","rd":"95.568926460846","sigma":"0","rptime":"1440406800","rpr":1485.6030148926,"rprd":74.958312316496,"rpsigma":"0","acre":1110.369040983,"lacre":1110.369040983,"oldacre":"1081.3801498807"},"p2rating":{"entryid":"190539","serverid":"eos","formatid":"monotype","userid":"infernodpx","username":"Inferno DPX","w":"6","l":10,"t":"0","gxe":40.9,"r":"1485.2090143947","rd":"91.608201791207","sigma":"0","rptime":"1440406800","rpr":1429.3022354838,"rprd":76.276822003321,"rpsigma":"0","acre":1070.8363092521,"lacre":1070.8363092521,"oldacre":"1096.3393121142"},"endType":"normal"}