{"seed":[51961,1591,54383,18634],"turns":40,"p1":"GTX♅Asian","p2":"Ready4Fredbear?","p1team":[{"name":"Cloyster","species":"Cloyster","item":"focussash","ability":"Skill Link","moves":["shellsmash","iciclespear","rockblast","razorshell"],"nature":"Adamant","evs":{"hp":0,"atk":252,"def":0,"spa":0,"spd":4,"spe":252},"gender":"M","shiny":true,"ivs":{"hp":31,"atk":31,"def":31,"spa":31,"spd":31,"spe":31}},{"name":"Azumarill","species":"Azumarill","item":"assaultvest","ability":"Huge Power","moves":["aquajet","superpower","playrough","waterfall"],"nature":"Adamant","evs":{"hp":248,"atk":252,"def":0,"spa":0,"spd":8,"spe":0},"gender":"F","ivs":{"hp":31,"atk":30,"def":30,"spa":30,"spd":31,"spe":31}},{"name":"Rotom-Wash","species":"Rotom-Wash","item":"leftovers","ability":"Levitate","moves":["voltswitch","hydropump","painsplit","willowisp"],"nature":"Calm","evs":{"hp":252,"atk":0,"def":0,"spa":4,"spd":252,"spe":0},"ivs":{"hp":31,"atk":31,"def":31,"spa":31,"spd":31,"spe":31}},{"name":"Sharpedo","species":"Sharpedo","item":"sharpedonite","ability":"Speed Boost","moves":["protect","crunch","waterfall","icefang"],"nature":"Adamant","evs":{"hp":0,"atk":252,"def":0,"spa":0,"spd":4,"spe":252},"gender":"M","ivs":{"hp":31,"atk":31,"def":31,"spa":31,"spd":31,"spe":31}},{"name":"Keldeo","species":"Keldeo","item":"lifeorb","ability":"Justified","moves":["scald","secretsword","icywind","hiddenpowerfire"],"nature":"Timid","evs":{"hp":0,"atk":0,"def":0,"spa":252,"spd":4,"spe":252},"ivs":{"hp":31,"atk":30,"def":31,"spa":30,"spd":31,"spe":30}},{"name":"Gastrodon","species":"Gastrodon","item":"leftovers","ability":"Storm Drain","moves":["scald","recover","toxic","earthpower"],"nature":"Bold","evs":{"hp":252,"atk":0,"def":252,"spa":4,"spd":0,"spe":0},"gender":"F","ivs":{"hp":31,"atk":31,"def":31,"spa":31,"spd":31,"spe":31}}],"p2team":[{"name":"Loki","species":"sableye","item":"sablenite","ability":"Prankster","moves":["calmmind","recover","willowisp","snarl"],"nature":"Bold","evs":{"hp":252,"atk":0,"def":196,"spa":0,"spd":60,"spe":0},"gender":"M","ivs":{"hp":31,"atk":31,"def":31,"spa":31,"spd":31,"spe":31}},{"name":"Sobek","species":"tyranitar","item":"leftovers","ability":"Sand Stream","moves":["stoneedge","fireblast","stealthrock","thunderwave"],"nature":"Brave","evs":{"hp":252,"atk":56,"def":0,"spa":0,"spd":200,"spe":0},"gender":"M","ivs":{"hp":31,"atk":31,"def":31,"spa":31,"spd":31,"spe":31}},{"name":"Eros","species":"hoopaunbound","item":"choicescarf","ability":"Magician","moves":["hyperspacefury","hyperspacehole","gunkshot","energyball"],"nature":"Hasty","evs":{"hp":0,"atk":180,"def":0,"spa":76,"spd":0,"spe":252},"ivs":{"hp":31,"atk":31,"def":31,"spa":31,"spd":31,"spe":31}},{"name":"Akkorokamui","species":"crawdaunt","item":"lifeorb","ability":"Adaptability","moves":["knockoff","aquajet","swordsdance","crabhammer"],"nature":"Adamant","evs":{"hp":0,"atk":252,"def":0,"spa":0,"spd":4,"spe":252},"ivs":{"hp":31,"atk":31,"def":31,"spa":31,"spd":31,"spe":31}},{"name":"Urubutsin","species":"mandibuzz","item":"rockyhelmet","ability":"Overcoat","moves":["bravebird","foulplay","roost","defog"],"nature":"Impish","evs":{"hp":248,"atk":8,"def":252,"spa":0,"spd":0,"spe":0},"ivs":{"hp":31,"atk":31,"def":31,"spa":31,"spd":31,"spe":31}},{"name":"The Golem of Vilna","species":"bisharp","item":"lumberry","ability":"Defiant","moves":["swordsdance","knockoff","ironhead","suckerpunch"],"nature":"Adamant","evs":{"hp":0,"atk":252,"def":0,"spa":0,"spd":4,"spe":252},"gender":"M","ivs":{"hp":31,"atk":31,"def":31,"spa":31,"spd":31,"spe":31}}],"log":["|player|p1|GTX♅Asian|222","|player|p2|Ready4Fredbear?|149","|gametype|singles","|gen|6","|tier|Monotype","|rated","|rule|Baton Pass Clause: Limit one Baton Passer, can't pass Spe and other stats simultaneously","|rule|Swagger Clause: Swagger is banned","|rule|Same Type Clause: Pokémon in a team must share a type","|clearpoke","|poke|p1|Cloyster, M, shiny","|poke|p1|Azumarill, F","|poke|p1|Rotom-Wash","|poke|p1|Sharpedo, M","|poke|p1|Keldeo","|poke|p1|Gastrodon, F","|poke|p2|Sableye, M","|poke|p2|Tyranitar, M","|poke|p2|Hoopa-Unbound","|poke|p2|Crawdaunt, F","|poke|p2|Mandibuzz, F","|poke|p2|Bisharp, M","|rule|Sleep Clause Mod: Limit one foe put to sleep","|rule|Species Clause: Limit one of each Pokémon","|rule|OHKO Clause: OHKO moves are banned","|rule|Moody Clause: Moody is banned","|rule|Evasion Moves Clause: Evasion moves are banned","|rule|Endless Battle Clause: Forcing endless battles is banned","|rule|HP Percentage Mod: HP is shown in percentages","|teampreview","|","|start","|switch|p1a: Cloyster|Cloyster, M, shiny|241/241","|switch|p2a: Loki|Sableye, M|304/304","|turn|1","|","|move|p2a: Loki|Calm Mind|p2a: Loki","|-boost|p2a: Loki|spa|1","|-boost|p2a: Loki|spd|1","|move|p1a: Cloyster|Shell Smash|p1a: Cloyster","|-unboost|p1a: Cloyster|def|1","|-unboost|p1a: Cloyster|spd|1","|-boost|p1a: Cloyster|atk|2","|-boost|p1a: Cloyster|spa|2","|-boost|p1a: Cloyster|spe|2","|","|turn|2","|","|move|p2a: Loki|Recover|p2a: Loki","|-fail|p2a: Loki","|move|p1a: Cloyster|Icicle Spear|p2a: Loki","|-damage|p2a: Loki|226/304","|-damage|p2a: Loki|159/304","|-damage|p2a: Loki|84/304","|-damage|p2a: Loki|12/304","|-crit|p2a: Loki","|-damage|p2a: Loki|0 fnt","|-hitcount|p2a: Loki|5","|faint|p2a: Loki","|","|","|switch|p2a: The Golem of Vilna|Bisharp, M|271/271","|turn|3","|","|move|p1a: Cloyster|Razor Shell|p2a: The Golem of Vilna","|-damage|p2a: The Golem of Vilna|21/271","|-unboost|p2a: The Golem of Vilna|def|1","|-boost|p2a: The Golem of Vilna|atk|2|[from] ability: Defiant","|move|p2a: The Golem of Vilna|Iron Head|p1a: Cloyster","|-enditem|p1a: Cloyster|Focus Sash","|-damage|p1a: Cloyster|1/241","|","|turn|4","|","|move|p2a: The Golem of Vilna|Sucker Punch|p1a: Cloyster","|-damage|p1a: Cloyster|0 fnt","|faint|p1a: Cloyster","|","|","|switch|p1a: Azumarill|Azumarill, F|403/403","|turn|5","|","|move|p2a: The Golem of Vilna|Sucker Punch|p1a: Azumarill","|-resisted|p1a: Azumarill","|-damage|p1a: Azumarill|229/403","|move|p1a: Azumarill|Aqua Jet|p2a: The Golem of Vilna","|-damage|p2a: The Golem of Vilna|0 fnt","|faint|p2a: The Golem of Vilna","|","|","|switch|p2a: Urubutsin|Mandibuzz, F|423/423","|turn|6","|","|move|p2a: Urubutsin|Brave Bird|p1a: Azumarill","|-damage|p1a: Azumarill|111/403","|-damage|p2a: Urubutsin|384/423|[from] recoil|[of] p1a: Azumarill","|move|p1a: Azumarill|Play Rough|p2a: Urubutsin","|-supereffective|p2a: Urubutsin","|-damage|p2a: Urubutsin|132/423","|-damage|p1a: Azumarill|44/403|[from] item: Rocky Helmet|[of] p2a: Urubutsin","|","|turn|7","|","|move|p1a: Azumarill|Aqua Jet|p2a: Urubutsin","|-damage|p2a: Urubutsin|74/423","|-damage|p1a: Azumarill|0 fnt|[from] item: Rocky Helmet|[of] p2a: Urubutsin","|faint|p1a: Azumarill","|move|p2a: Urubutsin|Roost|p2a: Urubutsin","|-heal|p2a: Urubutsin|286/423","|","|","|switch|p1a: Sharpedo|Sharpedo, M|281/281","|turn|8","|","|move|p1a: Sharpedo|Protect|p1a: Sharpedo","|-singleturn|p1a: Sharpedo|Protect","|move|p2a: Urubutsin|Roost|p2a: Urubutsin","|-heal|p2a: Urubutsin|423/423","|","|-boost|p1a: Sharpedo|spe|1|[from] ability: Speed Boost","|turn|9","|","|detailschange|p1a: Sharpedo|Sharpedo-Mega, M","|-mega|p1a: Sharpedo|Sharpedo|Sharpedonite","|move|p1a: Sharpedo|Ice Fang|p2a: Urubutsin","|-supereffective|p2a: Urubutsin","|-damage|p2a: Urubutsin|245/423","|-damage|p1a: Sharpedo|235/281|[from] item: Rocky Helmet|[of] p2a: Urubutsin","|move|p2a: Urubutsin|Brave Bird|p1a: Sharpedo","|-damage|p1a: Sharpedo|106/281","|-damage|p2a: Urubutsin|202/423|[from] recoil|[of] p1a: Sharpedo","|","|turn|10","|","|move|p1a: Sharpedo|Protect|p1a: Sharpedo","|-singleturn|p1a: Sharpedo|Protect","|move|p2a: Urubutsin|Roost|p2a: Urubutsin","|-heal|p2a: Urubutsin|414/423","|","|turn|11","|","|switch|p1a: Rotom-Wash|Rotom-Wash|304/304","|move|p2a: Urubutsin|Foul Play|p1a: Rotom-Wash","|-damage|p1a: Rotom-Wash|241/304","|","|-heal|p1a: Rotom-Wash|260/304|[from] item: Leftovers","|turn|12","|","|move|p1a: Rotom-Wash|Will-O-Wisp|p2a: Urubutsin","|-status|p2a: Urubutsin|brn","|move|p2a: Urubutsin|Brave Bird|p1a: Rotom-Wash","|-resisted|p1a: Rotom-Wash","|-damage|p1a: Rotom-Wash|237/304","|-damage|p2a: Urubutsin|406/423 brn|[from] recoil|[of] p1a: Rotom-Wash","|","|-heal|p1a: Rotom-Wash|256/304|[from] item: Leftovers","|-damage|p2a: Urubutsin|354/423 brn|[from] brn","|turn|13","|","|move|p1a: Rotom-Wash|Volt Switch|p2a: Urubutsin","|-supereffective|p2a: Urubutsin","|-damage|p2a: Urubutsin|184/423 brn","|","|switch|p1a: Gastrodon|Gastrodon, F|426/426","|move|p2a: Urubutsin|Roost|p2a: Urubutsin","|-heal|p2a: Urubutsin|396/423 brn","|","|-damage|p2a: Urubutsin|344/423 brn|[from] brn","|turn|14","|","|move|p2a: Urubutsin|Roost|p2a: Urubutsin","|-heal|p2a: Urubutsin|423/423 brn","|move|p1a: Gastrodon|Scald|p2a: Urubutsin","|-damage|p2a: Urubutsin|323/423 brn","|","|-damage|p2a: Urubutsin|271/423 brn|[from] brn","|turn|15","|","|move|p2a: Urubutsin|Brave Bird|p1a: Gastrodon","|-damage|p1a: Gastrodon|377/426","|-damage|p2a: Urubutsin|255/423 brn|[from] recoil|[of] p1a: Gastrodon","|move|p1a: Gastrodon|Scald|p2a: Urubutsin","|-crit|p2a: Urubutsin","|-damage|p2a: Urubutsin|126/423 brn","|","|-heal|p1a: Gastrodon|403/426|[from] item: Leftovers","|-damage|p2a: Urubutsin|74/423 brn|[from] brn","|turn|16","|","|move|p2a: Urubutsin|Roost|p2a: Urubutsin","|-heal|p2a: Urubutsin|286/423 brn","|move|p1a: Gastrodon|Scald|p2a: Urubutsin","|-damage|p2a: Urubutsin|193/423 brn","|","|-heal|p1a: Gastrodon|426/426|[from] item: Leftovers","|-damage|p2a: Urubutsin|141/423 brn|[from] brn","|turn|17","|","|move|p2a: Urubutsin|Roost|p2a: Urubutsin","|-heal|p2a: Urubutsin|353/423 brn","|move|p1a: Gastrodon|Scald|p2a: Urubutsin","|-damage|p2a: Urubutsin|263/423 brn","|","|-damage|p2a: Urubutsin|211/423 brn|[from] brn","|turn|18","|","|move|p2a: Urubutsin|Roost|p2a: Urubutsin","|-heal|p2a: Urubutsin|423/423 brn","|move|p1a: Gastrodon|Scald|p2a: Urubutsin","|-damage|p2a: Urubutsin|335/423 brn","|","|-damage|p2a: Urubutsin|283/423 brn|[from] brn","|turn|19","|","|move|p2a: Urubutsin|Roost|p2a: Urubutsin","|-heal|p2a: Urubutsin|423/423 brn","|move|p1a: Gastrodon|Scald|p2a: Urubutsin","|-damage|p2a: Urubutsin|326/423 brn","|","|-damage|p2a: Urubutsin|274/423 brn|[from] brn","|turn|20","|","|move|p2a: Urubutsin|Roost|p2a: Urubutsin","|-heal|p2a: Urubutsin|423/423 brn","|move|p1a: Gastrodon|Scald|p2a: Urubutsin","|-damage|p2a: Urubutsin|330/423 brn","|","|-damage|p2a: Urubutsin|278/423 brn|[from] brn","|turn|21","|","|move|p2a: Urubutsin|Brave Bird|p1a: Gastrodon","|-damage|p1a: Gastrodon|383/426","|-damage|p2a: Urubutsin|264/423 brn|[from] recoil|[of] p1a: Gastrodon","|move|p1a: Gastrodon|Scald|p2a: Urubutsin","|-damage|p2a: Urubutsin|173/423 brn","|","|-heal|p1a: Gastrodon|409/426|[from] item: Leftovers","|-damage|p2a: Urubutsin|121/423 brn|[from] brn","|turn|22","|","|move|p2a: Urubutsin|Roost|p2a: Urubutsin","|-heal|p2a: Urubutsin|333/423 brn","|move|p1a: Gastrodon|Scald|p2a: Urubutsin","|-damage|p2a: Urubutsin|240/423 brn","|","|-heal|p1a: Gastrodon|426/426|[from] item: Leftovers","|-damage|p2a: Urubutsin|188/423 brn|[from] brn","|turn|23","|","|move|p2a: Urubutsin|Roost|p2a: Urubutsin","|-heal|p2a: Urubutsin|400/423 brn","|move|p1a: Gastrodon|Scald|p2a: Urubutsin","|-damage|p2a: Urubutsin|307/423 brn","|","|-damage|p2a: Urubutsin|255/423 brn|[from] brn","|turn|24","|","|move|p2a: Urubutsin|Roost|p2a: Urubutsin","|-heal|p2a: Urubutsin|423/423 brn","|move|p1a: Gastrodon|Scald|p2a: Urubutsin","|-damage|p2a: Urubutsin|336/423 brn","|","|-damage|p2a: Urubutsin|284/423 brn|[from] brn","|turn|25","|","|move|p2a: Urubutsin|Roost|p2a: Urubutsin","|-heal|p2a: Urubutsin|423/423 brn","|move|p1a: Gastrodon|Scald|p2a: Urubutsin","|-damage|p2a: Urubutsin|323/423 brn","|","|-damage|p2a: Urubutsin|271/423 brn|[from] brn","|turn|26","|","|move|p2a: Urubutsin|Roost|p2a: Urubutsin","|-heal|p2a: Urubutsin|423/423 brn","|move|p1a: Gastrodon|Scald|p2a: Urubutsin","|-damage|p2a: Urubutsin|330/423 brn","|","|-damage|p2a: Urubutsin|278/423 brn|[from] brn","|turn|27","|","|move|p2a: Urubutsin|Foul Play|p1a: Gastrodon","|-damage|p1a: Gastrodon|390/426","|move|p1a: Gastrodon|Scald|p2a: Urubutsin","|-damage|p2a: Urubutsin|185/423 brn","|","|-heal|p1a: Gastrodon|416/426|[from] item: Leftovers","|-damage|p2a: Urubutsin|133/423 brn|[from] brn","|turn|28","|","|move|p2a: Urubutsin|Roost|p2a: Urubutsin","|-heal|p2a: Urubutsin|345/423 brn","|move|p1a: Gastrodon|Scald|p2a: Urubutsin","|-damage|p2a: Urubutsin|254/423 brn","|","|-heal|p1a: Gastrodon|426/426|[from] item: Leftovers","|-damage|p2a: Urubutsin|202/423 brn|[from] brn","|turn|29","|","|move|p2a: Urubutsin|Foul Play|p1a: Gastrodon","|-damage|p1a: Gastrodon|387/426","|move|p1a: Gastrodon|Scald|p2a: Urubutsin","|-damage|p2a: Urubutsin|112/423 brn","|","|-heal|p1a: Gastrodon|413/426|[from] item: Leftovers","|-damage|p2a: Urubutsin|60/423 brn|[from] brn","|turn|30","|","|move|p2a: Urubutsin|Foul Play|p1a: Gastrodon","|-damage|p1a: Gastrodon|376/426","|move|p1a: Gastrodon|Scald|p2a: Urubutsin","|-damage|p2a: Urubutsin|0 fnt","|faint|p2a: Urubutsin","|","|-heal|p1a: Gastrodon|402/426|[from] item: Leftovers","|","|switch|p2a: Akkorokamui|Crawdaunt, F|267/267","|turn|31","|","|move|p2a: Akkorokamui|Swords Dance|p2a: Akkorokamui","|-boost|p2a: Akkorokamui|atk|2","|move|p1a: Gastrodon|Toxic|p2a: Akkorokamui","|-status|p2a: Akkorokamui|tox","|","|-heal|p1a: Gastrodon|426/426|[from] item: Leftovers","|-damage|p2a: Akkorokamui|251/267 tox|[from] psn","|turn|32","|","|move|p2a: Akkorokamui|Swords Dance|p2a: Akkorokamui","|-boost|p2a: Akkorokamui|atk|2","|move|p1a: Gastrodon|Earth Power|p2a: Akkorokamui","|-damage|p2a: Akkorokamui|88/267 tox","|","|-damage|p2a: Akkorokamui|56/267 tox|[from] psn","|turn|33","|","|move|p2a: Akkorokamui|Knock Off|p1a: Gastrodon","|-damage|p1a: Gastrodon|0 fnt","|-enditem|p1a: Gastrodon|Leftovers|[from] move: Knock Off|[of] p2a: Akkorokamui","|-damage|p2a: Akkorokamui|30/267 tox|[from] item: Life Orb","|faint|p1a: Gastrodon","|","|-damage|p2a: Akkorokamui|0 fnt|[from] psn","|faint|p2a: Akkorokamui","|","|switch|p2a: Eros|Hoopa-Unbound|301/301","|switch|p1a: Rotom-Wash|Rotom-Wash|256/304","|turn|34","|","|move|p2a: Eros|Gunk Shot|p1a: Rotom-Wash","|-damage|p1a: Rotom-Wash|116/304","|-status|p1a: Rotom-Wash|psn","|move|p1a: Rotom-Wash|Will-O-Wisp|p2a: Eros","|-status|p2a: Eros|brn","|","|-heal|p1a: Rotom-Wash|135/304 psn|[from] item: Leftovers","|-damage|p2a: Eros|264/301 brn|[from] brn","|-damage|p1a: Rotom-Wash|97/304 psn|[from] psn","|turn|35","|","|move|p2a: Eros|Gunk Shot|p1a: Rotom-Wash","|-damage|p1a: Rotom-Wash|22/304 psn","|move|p1a: Rotom-Wash|Pain Split|p2a: Eros","|-sethp|p2a: Eros|143/301 brn|p1a: Rotom-Wash|143/304 psn|[from] move: Pain Split","|","|-heal|p1a: Rotom-Wash|162/304 psn|[from] item: Leftovers","|-damage|p2a: Eros|106/301 brn|[from] brn","|-damage|p1a: Rotom-Wash|124/304 psn|[from] psn","|turn|36","|","|move|p2a: Eros|Gunk Shot|p1a: Rotom-Wash","|-damage|p1a: Rotom-Wash|49/304 psn","|move|p1a: Rotom-Wash|Pain Split|p2a: Eros","|-sethp|p2a: Eros|77/301 brn|p1a: Rotom-Wash|77/304 psn|[from] move: Pain Split","|","|-heal|p1a: Rotom-Wash|96/304 psn|[from] item: Leftovers","|-damage|p2a: Eros|40/301 brn|[from] brn","|-damage|p1a: Rotom-Wash|58/304 psn|[from] psn","|turn|37","|","|move|p2a: Eros|Gunk Shot|p1a: Rotom-Wash","|-damage|p1a: Rotom-Wash|0 fnt","|faint|p1a: Rotom-Wash","|","|-damage|p2a: Eros|3/301 brn|[from] brn","|","|switch|p1a: Sharpedo|Sharpedo-Mega, M|106/281","|turn|38","|","|move|p1a: Sharpedo|Protect|p1a: Sharpedo","|-singleturn|p1a: Sharpedo|Protect","|move|p2a: Eros|Gunk Shot|p1a: Sharpedo","|-activate|p1a: Sharpedo|Protect","|","|-damage|p2a: Eros|0 fnt|[from] brn","|faint|p2a: Eros","|","|switch|p2a: Sobek|Tyranitar, M|404/404","|-weather|Sandstorm","|turn|39","|","|move|p1a: Sharpedo|Waterfall|p2a: Sobek","|-supereffective|p2a: Sobek","|-damage|p2a: Sobek|110/404","|cant|p2a: Sobek|flinch","|","|-weather|Sandstorm|[upkeep]","|-damage|p1a: Sharpedo|89/281|[from] sandstorm","|-heal|p2a: Sobek|135/404|[from] item: Leftovers","|turn|40","|","|move|p1a: Sharpedo|Waterfall|p2a: Sobek","|-supereffective|p2a: Sobek","|-damage|p2a: Sobek|0 fnt","|faint|p2a: Sobek","|","|win|GTX♅Asian"],"p1rating":{"entryid":"370034","serverid":"eos","formatid":"monotype","userid":"gtxasian","username":"GTX♅Asian","w":5,"l":"2","t":"0","gxe":57.1,"r":"1465.3538060066","rd":"117.73616620292","sigma":"0","rptime":"1440406800","rpr":1555.565611263,"rprd":97.349966125927,"rpsigma":"0","acre":1132.2966185361,"lacre":1132.2966185361,"oldacre":"1110.0654628449"},"p2rating":{"entryid":"393868","serverid":"eos","formatid":"monotype","userid":"ready4fredbear","username":"Ready4Fredbear?","w":"2","l":2,"t":"0","gxe":46.7,"r":"1500","rd":"130","sigma":"0","rptime":"1440406800","rpr":1473.7617642965,"rprd":107.7345966188,"rpsigma":"0","acre":1053.0072449749,"lacre":1053.0072449749,"oldacre":"1071.4271566982"},"endType":"normal"}