{"seed":[29551,47797,4548,19283],"turns":19,"p1":"Gym Ldr Mitsuka∆","p2":"Apex✦Wguy1010","p1team":[{"name":"Celebi","species":"Celebi","item":"choicescarf","ability":"Natural Cure","moves":["uturn","leafstorm","psychic","trick"],"nature":"Timid","evs":{"hp":4,"atk":0,"def":0,"spa":252,"spd":0,"spe":252},"ivs":{"hp":31,"atk":31,"def":31,"spa":31,"spd":31,"spe":31}},{"name":"Abomasnow","species":"Abomasnow","item":"abomasite","ability":"Soundproof","moves":["swordsdance","iceshard","earthquake","seedbomb"],"nature":"Adamant","evs":{"hp":76,"atk":200,"def":0,"spa":0,"spd":0,"spe":180},"ivs":{"hp":31,"atk":31,"def":31,"spa":31,"spd":31,"spe":31}},{"name":"Shiftry","species":"Shiftry","item":"lifeorb","ability":"Chlorophyll","moves":["fakeout","knockoff","suckerpunch","rockslide"],"nature":"Timid","evs":{"hp":4,"atk":0,"def":0,"spa":252,"spd":0,"spe":252},"ivs":{"hp":31,"atk":30,"def":31,"spa":30,"spd":31,"spe":30}},{"name":"Cradily","species":"Cradily","item":"leftovers","ability":"Suction Cups","moves":["rocktomb","mirrorcoat","rest","stealthrock"],"nature":"Careful","evs":{"hp":252,"atk":0,"def":80,"spa":0,"spd":176,"spe":0},"ivs":{"hp":31,"atk":31,"def":31,"spa":31,"spd":31,"spe":31}},{"name":"Vileplume","species":"Vileplume","item":"rockyhelmet","ability":"Effect Spore","moves":["sleeppowder","moonblast","sludgebomb","moonlight"],"nature":"Bold","evs":{"hp":252,"atk":0,"def":252,"spa":0,"spd":4,"spe":0},"ivs":{"hp":31,"atk":31,"def":31,"spa":31,"spd":31,"spe":31}},{"name":"Shaymin","species":"Shaymin","item":"choicespecs","ability":"Natural Cure","moves":["seedflare","airslash","hiddenpowerfire","earthpower"],"nature":"Timid","evs":{"hp":0,"atk":0,"def":0,"spa":252,"spd":4,"spe":252},"ivs":{"hp":31,"atk":30,"def":31,"spa":30,"spd":31,"spe":30}}],"p2team":[{"name":"Charizard","species":"Charizard","item":"charizarditey","ability":"Blaze","moves":["solarbeam","defog","fireblast","focusblast"],"nature":"Timid","evs":{"hp":0,"atk":0,"def":0,"spa":252,"spd":4,"spe":252},"ivs":{"hp":31,"atk":31,"def":31,"spa":31,"spd":31,"spe":31}},{"name":"Heatran","species":"Heatran","item":"airballoon","ability":"Flash Fire","moves":["stealthrock","stoneedge","earthquake","toxic"],"nature":"Sassy","evs":{"hp":200,"atk":0,"def":148,"spa":0,"spd":160,"spe":0},"ivs":{"hp":31,"atk":31,"def":31,"spa":31,"spd":31,"spe":31}},{"name":"Volcarona","species":"Volcarona","item":"focussash","ability":"Flame Body","moves":["quiverdance","fierydance","bugbuzz","gigadrain"],"nature":"Naive","evs":{"hp":0,"atk":0,"def":4,"spa":252,"spd":0,"spe":252},"ivs":{"hp":31,"atk":31,"def":31,"spa":31,"spd":31,"spe":31}},{"name":"Rotom-Heat","species":"Rotom-Heat","item":"leftovers","ability":"Levitate","moves":["voltswitch","willowisp","overheat","painsplit"],"nature":"Sassy","evs":{"hp":208,"atk":0,"def":140,"spa":0,"spd":160,"spe":0},"ivs":{"hp":31,"atk":31,"def":31,"spa":31,"spd":31,"spe":31}},{"name":"Entei","species":"Entei","item":"lifeorb","ability":"Pressure","moves":["sacredfire","extremespeed","ironhead","stoneedge"],"nature":"Adamant","evs":{"hp":0,"atk":252,"def":0,"spa":0,"spd":4,"spe":252},"shiny":true,"ivs":{"hp":31,"atk":31,"def":31,"spa":31,"spd":31,"spe":31}},{"name":"Victini","species":"Victini","item":"choicescarf","ability":"Victory Star","moves":["boltstrike","blueflare","vcreate","uturn"],"nature":"Hasty","evs":{"hp":0,"atk":252,"def":0,"spa":4,"spd":0,"spe":252},"ivs":{"hp":31,"atk":31,"def":31,"spa":31,"spd":31,"spe":31}}],"log":["|player|p1|Gym Ldr Mitsuka∆|265","|player|p2|Apex✦Wguy1010|293","|gametype|singles","|gen|6","|tier|Monotype","|rated","|rule|Baton Pass Clause: Limit one Baton Passer, can't pass Spe and other stats simultaneously","|rule|Swagger Clause: Swagger is banned","|rule|Same Type Clause: Pokémon in a team must share a type","|clearpoke","|poke|p1|Celebi","|poke|p1|Abomasnow, F","|poke|p1|Shiftry, F","|poke|p1|Cradily, M","|poke|p1|Vileplume, F","|poke|p1|Shaymin","|poke|p2|Charizard, M","|poke|p2|Heatran, M","|poke|p2|Volcarona, M","|poke|p2|Rotom-Heat","|poke|p2|Entei, shiny","|poke|p2|Victini","|rule|Sleep Clause Mod: Limit one foe put to sleep","|rule|Species Clause: Limit one of each Pokémon","|rule|OHKO Clause: OHKO moves are banned","|rule|Moody Clause: Moody is banned","|rule|Evasion Moves Clause: Evasion moves are banned","|rule|Endless Battle Clause: Forcing endless battles is banned","|rule|HP Percentage Mod: HP is shown in percentages","|teampreview","|","|start","|switch|p1a: Cradily|Cradily, M|376/376","|switch|p2a: Heatran|Heatran, M|373/373","|-item|p2a: Heatran|Air Balloon","|turn|1","|","|move|p2a: Heatran|Stealth Rock|p1a: Cradily","|-sidestart|p1: Gym Ldr Mitsuka∆|move: Stealth Rock","|move|p1a: Cradily|Stealth Rock|p2a: Heatran","|-sidestart|p2: Apex✦Wguy1010|move: Stealth Rock","|","|turn|2","|","|move|p2a: Heatran|Toxic|p1a: Cradily","|-status|p1a: Cradily|tox","|move|p1a: Cradily|Mirror Coat|p2a: Heatran","|-fail|p2a: Heatran","|","|-damage|p1a: Cradily|353/376 tox|[from] psn","|turn|3","|","|move|p2a: Heatran|Earthquake|p1a: Cradily","|-damage|p1a: Cradily|291/376 tox","|move|p1a: Cradily|Rock Tomb|p2a: Heatran","|-crit|p2a: Heatran","|-damage|p2a: Heatran|294/373","|-enditem|p2a: Heatran|Air Balloon","|-unboost|p2a: Heatran|spe|1","|","|-heal|p1a: Cradily|314/376 tox|[from] item: Leftovers","|-damage|p1a: Cradily|268/376 tox|[from] psn","|turn|4","|","|move|p1a: Cradily|Rest|p1a: Cradily","|-status|p1a: Cradily|slp","|-heal|p1a: Cradily|376/376 slp|[silent]","|-status|p1a: Cradily|slp|[from] move: Rest","|move|p2a: Heatran|Earthquake|p1a: Cradily","|-damage|p1a: Cradily|312/376 slp","|","|-heal|p1a: Cradily|335/376 slp|[from] item: Leftovers","|turn|5","|","|switch|p2a: Charizard|Charizard, M|297/297","|-damage|p2a: Charizard|149/297|[from] Stealth Rock","|cant|p1a: Cradily|slp","|","|-heal|p1a: Cradily|358/376 slp|[from] item: Leftovers","|turn|6","|","|detailschange|p2a: Charizard|Charizard-Mega-Y, M","|-mega|p2a: Charizard|Charizard|Charizardite Y","|-weather|SunnyDay","|move|p2a: Charizard|Fire Blast|p1a: Cradily|[miss]","|-miss|p2a: Charizard|p1a: Cradily","|cant|p1a: Cradily|slp","|","|-weather|SunnyDay|[upkeep]","|-heal|p1a: Cradily|376/376 slp|[from] item: Leftovers","|turn|7","|","|move|p2a: Charizard|Fire Blast|p1a: Cradily","|-damage|p1a: Cradily|139/376 slp","|-curestatus|p1a: Cradily|slp","|move|p1a: Cradily|Rock Tomb|p2a: Charizard","|-supereffective|p2a: Charizard","|-damage|p2a: Charizard|0 fnt","|faint|p2a: Charizard","|","|-weather|SunnyDay|[upkeep]","|-heal|p1a: Cradily|162/376|[from] item: Leftovers","|","|switch|p2a: Entei|Entei, shiny|371/371","|-damage|p2a: Entei|279/371|[from] Stealth Rock","|-ability|p2a: Entei|Pressure","|turn|8","|","|move|p2a: Entei|Iron Head|p1a: Cradily","|-supereffective|p1a: Cradily","|-damage|p1a: Cradily|0 fnt","|-damage|p2a: Entei|242/371|[from] item: Life Orb","|faint|p1a: Cradily","|","|-weather|SunnyDay|[upkeep]","|","|switch|p1a: Shiftry|Shiftry, F|322/322","|-damage|p1a: Shiftry|282/322|[from] Stealth Rock","|turn|9","|","|move|p1a: Shiftry|Fake Out|p2a: Entei","|-damage|p2a: Entei|198/371","|-damage|p1a: Shiftry|250/322|[from] item: Life Orb","|cant|p2a: Entei|flinch","|","|-weather|SunnyDay|[upkeep]","|turn|10","|","|move|p1a: Shiftry|Knock Off|p2a: Entei","|-damage|p2a: Entei|52/371","|-enditem|p2a: Entei|Life Orb|[from] move: Knock Off|[of] p1a: Shiftry","|-damage|p1a: Shiftry|218/322|[from] item: Life Orb","|move|p2a: Entei|Sacred Fire|p1a: Shiftry","|-supereffective|p1a: Shiftry","|-damage|p1a: Shiftry|0 fnt","|faint|p1a: Shiftry","|","|-weather|none","|","|switch|p1a: Celebi|Celebi|342/342","|-damage|p1a: Celebi|300/342|[from] Stealth Rock","|turn|11","|","|move|p2a: Entei|Extreme Speed|p1a: Celebi","|-damage|p1a: Celebi|201/342","|move|p1a: Celebi|Psychic|p2a: Entei","|-damage|p2a: Entei|0 fnt","|faint|p2a: Entei","|","|","|switch|p2a: Volcarona|Volcarona, M|311/311","|-damage|p2a: Volcarona|156/311|[from] Stealth Rock","|turn|12","|","|move|p1a: Celebi|Psychic|p2a: Volcarona","|-damage|p2a: Volcarona|18/311","|move|p2a: Volcarona|Bug Buzz|p1a: Celebi","|-supereffective|p1a: Celebi","|-damage|p1a: Celebi|0 fnt","|faint|p1a: Celebi","|","|","|switch|p1a: Abomasnow|Abomasnow, F|340/340","|-damage|p1a: Abomasnow|255/340|[from] Stealth Rock","|turn|13","|","|detailschange|p1a: Abomasnow|Abomasnow-Mega, F","|-mega|p1a: Abomasnow|Abomasnow|Abomasite","|-weather|Hail","|move|p1a: Abomasnow|Ice Shard|p2a: Volcarona","|-resisted|p2a: Volcarona","|-damage|p2a: Volcarona|0 fnt","|faint|p2a: Volcarona","|","|-weather|Hail|[upkeep]","|","|switch|p2a: Victini|Victini|341/341","|-damage|p2a: Victini|256/341|[from] Stealth Rock","|turn|14","|","|switch|p1a: Vileplume|Vileplume, F|354/354","|-damage|p1a: Vileplume|310/354|[from] Stealth Rock","|move|p2a: Victini|V-create|p1a: Vileplume","|-supereffective|p1a: Vileplume","|-damage|p1a: Vileplume|0 fnt","|-damage|p2a: Victini|200/341|[from] item: Rocky Helmet|[of] p1a: Vileplume","|-unboost|p2a: Victini|spe|1","|-unboost|p2a: Victini|def|1","|-unboost|p2a: Victini|spd|1","|faint|p1a: Vileplume","|","|-weather|Hail|[upkeep]","|-damage|p2a: Victini|179/341|[from] hail","|","|switch|p1a: Shaymin|Shaymin|341/341","|-damage|p1a: Shaymin|299/341|[from] Stealth Rock","|turn|15","|","|switch|p2a: Heatran|Heatran, M|294/373","|-damage|p2a: Heatran|248/373|[from] Stealth Rock","|move|p1a: Shaymin|Earth Power|p2a: Heatran","|-supereffective|p2a: Heatran","|-damage|p2a: Heatran|0 fnt","|faint|p2a: Heatran","|","|-weather|Hail|[upkeep]","|-damage|p1a: Shaymin|278/341|[from] hail","|","|switch|p2a: Rotom-Heat|Rotom-Heat|293/293","|-damage|p2a: Rotom-Heat|220/293|[from] Stealth Rock","|turn|16","|","|switch|p1a: Abomasnow|Abomasnow-Mega, F|255/340","|-damage|p1a: Abomasnow|170/340|[from] Stealth Rock","|move|p2a: Rotom-Heat|Overheat|p1a: Abomasnow","|-supereffective|p1a: Abomasnow","|-damage|p1a: Abomasnow|0 fnt","|-unboost|p2a: Rotom-Heat|spa|2","|faint|p1a: Abomasnow","|","|-weather|Hail|[upkeep]","|-damage|p2a: Rotom-Heat|202/293|[from] hail","|-heal|p2a: Rotom-Heat|220/293|[from] item: Leftovers","|","|switch|p1a: Shaymin|Shaymin|278/341","|-damage|p1a: Shaymin|236/341|[from] Stealth Rock","|turn|17","|","|move|p1a: Shaymin|Air Slash|p2a: Rotom-Heat","|-resisted|p2a: Rotom-Heat","|-damage|p2a: Rotom-Heat|179/293","|move|p2a: Rotom-Heat|Overheat|p1a: Shaymin","|-supereffective|p1a: Shaymin","|-damage|p1a: Shaymin|68/341","|-unboost|p2a: Rotom-Heat|spa|2","|","|-weather|none","|-heal|p2a: Rotom-Heat|197/293|[from] item: Leftovers","|turn|18","|","|move|p1a: Shaymin|Air Slash|p2a: Rotom-Heat","|-crit|p2a: Rotom-Heat","|-resisted|p2a: Rotom-Heat","|-damage|p2a: Rotom-Heat|132/293","|cant|p2a: Rotom-Heat|flinch","|","|-heal|p2a: Rotom-Heat|150/293|[from] item: Leftovers","|turn|19","|","|move|p1a: Shaymin|Air Slash|p2a: Rotom-Heat","|-resisted|p2a: Rotom-Heat","|-damage|p2a: Rotom-Heat|107/293","|move|p2a: Rotom-Heat|Overheat|p1a: Shaymin","|-supereffective|p1a: Shaymin","|-damage|p1a: Shaymin|0 fnt","|-unboost|p2a: Rotom-Heat|spa|2","|faint|p1a: Shaymin","|","|win|Apex✦Wguy1010"],"p1rating":{"entryid":"379503","serverid":"eos","formatid":"monotype","userid":"gymldrmitsuka","username":"Gym Ldr Mitsuka∆","w":"2","l":9,"t":"0","gxe":33.6,"r":"1441.313944946","rd":"103.46670437715","sigma":"0","rptime":"1440406800","rpr":1368.0177730571,"rprd":85.759556694306,"rpsigma":"0","acre":1025.259001385,"lacre":1025.259001385,"oldacre":"1043.9363537797"},"p2rating":{"entryid":419858,"formatid":"monotype","userid":"apexwguy1010","username":"Apex✦Wguy1010","r":1500,"rd":130,"sigma":0,"rpr":1534.5989813165,"rprd":122.66462209415,"rpsigma":0,"rptime":1440406800,"w":1,"l":0,"t":0,"gxe":54.3,"acre":1045.0315668157,"lacre":1045.0315668157,"oldacre":1000},"endType":"normal"}