{"seed":[60403,54529,15914,28494],"turns":22,"p1":"Inferno DPX","p2":"SL Rorich","p1team":[{"name":"Rotom-Heat","species":"Rotom-Heat","item":"leftovers","ability":"Levitate","moves":["willowisp","confuseray","voltswitch","overheat"],"nature":"Calm","evs":{"hp":252,"atk":0,"def":0,"spa":4,"spd":252,"spe":0},"ivs":{"hp":31,"atk":31,"def":31,"spa":31,"spd":31,"spe":31}},{"name":"Camerupt","species":"Camerupt","item":"cameruptite","ability":"Solid Rock","moves":["earthpower","lavaplume","willowisp","hiddenpowergrass"],"nature":"Modest","evs":{"hp":248,"atk":0,"def":0,"spa":252,"spd":8,"spe":0},"ivs":{"hp":31,"atk":30,"def":31,"spa":30,"spd":31,"spe":31}},{"name":"Ninetales","species":"Ninetales","item":"lifeorb","ability":"Drought","moves":["calmmind","darkpulse","extrasensory","flamethrower"],"nature":"Timid","evs":{"hp":0,"atk":0,"def":0,"spa":252,"spd":4,"spe":252},"ivs":{"hp":31,"atk":31,"def":31,"spa":31,"spd":31,"spe":31}},{"name":"Arcanine","species":"Arcanine","item":"lifeorb","ability":"Intimidate","moves":["extremespeed","flareblitz","closecombat","crunch"],"nature":"","evs":{"hp":0,"atk":0,"def":0,"spa":0,"spd":0,"spe":0},"ivs":{"hp":31,"atk":31,"def":31,"spa":31,"spd":31,"spe":31}},{"name":"Entei","species":"Entei","item":"choiceband","ability":"Pressure","moves":["flareblitz","extremespeed","stoneedge","sacredfire"],"nature":"Adamant","evs":{"hp":0,"atk":252,"def":0,"spa":0,"spd":4,"spe":252},"shiny":true,"ivs":{"hp":31,"atk":31,"def":31,"spa":31,"spd":31,"spe":31}},{"name":"Darmanitan","species":"Darmanitan","item":"choicescarf","ability":"Sheer Force","moves":["earthquake","firepunch","stoneedge","zenheadbutt"],"nature":"Jolly","evs":{"hp":0,"atk":252,"def":0,"spa":0,"spd":4,"spe":252},"ivs":{"hp":31,"atk":31,"def":31,"spa":31,"spd":31,"spe":31}}],"p2team":[{"name":"Terropion","species":"terrakion","item":"choicescarf","ability":"Justified","moves":["closecombat","earthquake","rockslide","ironhead"],"nature":"Jolly","evs":{"hp":0,"atk":252,"def":0,"spa":0,"spd":4,"spe":252},"shiny":true,"ivs":{"hp":31,"atk":31,"def":31,"spa":31,"spd":31,"spe":31}},{"name":"Punchy","species":"conkeldurr","item":"assaultvest","ability":"Guts","moves":["drainpunch","knockoff","machpunch","icepunch"],"nature":"Adamant","evs":{"hp":4,"atk":252,"def":0,"spa":0,"spd":252,"spe":0},"gender":"F","shiny":true,"ivs":{"hp":31,"atk":31,"def":31,"spa":31,"spd":31,"spe":31}},{"name":"Scarflucha","species":"hawlucha","item":"choicescarf","ability":"Limber","moves":["acrobatics","flyingpress","highjumpkick","swordsdance"],"nature":"Jolly","evs":{"hp":4,"atk":252,"def":0,"spa":0,"spd":0,"spe":252},"shiny":true,"ivs":{"hp":31,"atk":31,"def":31,"spa":31,"spd":31,"spe":31}},{"name":"SWORD","species":"gallade","item":"galladite","ability":"Steadfast","moves":["closecombat","swordsdance","shadowsneak","psychocut"],"nature":"Jolly","evs":{"hp":4,"atk":252,"def":0,"spa":0,"spd":0,"spe":252},"ivs":{"hp":31,"atk":31,"def":31,"spa":31,"spd":31,"spe":31}},{"name":"Ninja Monkey","species":"infernape","item":"focussash","ability":"Blaze","moves":["flareblitz","machpunch","uturn","closecombat"],"nature":"Jolly","evs":{"hp":0,"atk":252,"def":0,"spa":0,"spd":4,"spe":252},"ivs":{"hp":31,"atk":31,"def":31,"spa":31,"spd":31,"spe":31}},{"name":"Chesnaught","species":"Chesnaught","item":"rockyhelmet","ability":"Bulletproof","moves":["leechseed","spikyshield","woodhammer","drainpunch"],"nature":"Adamant","evs":{"hp":248,"atk":252,"def":0,"spa":0,"spd":8,"spe":0},"ivs":{"hp":31,"atk":31,"def":31,"spa":31,"spd":31,"spe":31}}],"log":["|player|p1|Inferno DPX|52","|player|p2|SL Rorich|137","|gametype|singles","|gen|6","|tier|Monotype","|rated","|rule|Baton Pass Clause: Limit one Baton Passer, can't pass Spe and other stats simultaneously","|rule|Swagger Clause: Swagger is banned","|rule|Same Type Clause: Pokémon in a team must share a type","|clearpoke","|poke|p1|Rotom-Heat","|poke|p1|Camerupt, F","|poke|p1|Ninetales, F","|poke|p1|Arcanine, F","|poke|p1|Entei, shiny","|poke|p1|Darmanitan, F","|poke|p2|Terrakion, shiny","|poke|p2|Conkeldurr, F, shiny","|poke|p2|Hawlucha, F, shiny","|poke|p2|Gallade, M","|poke|p2|Infernape, F","|poke|p2|Chesnaught, F","|rule|Sleep Clause Mod: Limit one foe put to sleep","|rule|Species Clause: Limit one of each Pokémon","|rule|OHKO Clause: OHKO moves are banned","|rule|Moody Clause: Moody is banned","|rule|Evasion Moves Clause: Evasion moves are banned","|rule|Endless Battle Clause: Forcing endless battles is banned","|rule|HP Percentage Mod: HP is shown in percentages","|teampreview","|","|start","|switch|p1a: Arcanine|Arcanine, F|321/321","|switch|p2a: Chesnaught|Chesnaught, F|379/379","|-ability|p1a: Arcanine|Intimidate","|-unboost|p2a: Chesnaught|atk|1","|turn|1","|","|switch|p1a: Ninetales|Ninetales, F|287/287","|-weather|SunnyDay","|move|p2a: Chesnaught|Leech Seed|p1a: Ninetales","|-start|p1a: Ninetales|move: Leech Seed","|","|-weather|SunnyDay|[upkeep]","|-damage|p1a: Ninetales|252/287|[from] Leech Seed|[of] p2a: Chesnaught","|turn|2","|","|move|p1a: Ninetales|Calm Mind|p1a: Ninetales","|-boost|p1a: Ninetales|spa|1","|-boost|p1a: Ninetales|spd|1","|move|p2a: Chesnaught|Drain Punch|p1a: Ninetales","|-damage|p1a: Ninetales|134/287","|","|-weather|SunnyDay|[upkeep]","|-damage|p1a: Ninetales|99/287|[from] Leech Seed|[of] p2a: Chesnaught","|turn|3","|","|move|p2a: Chesnaught|Spiky Shield|p2a: Chesnaught","|-singleturn|p2a: Chesnaught|move: Protect","|move|p1a: Ninetales|Flamethrower|p2a: Chesnaught","|-activate|p2a: Chesnaught|Protect","|","|-weather|SunnyDay|[upkeep]","|-damage|p1a: Ninetales|64/287|[from] Leech Seed|[of] p2a: Chesnaught","|turn|4","|","|switch|p2a: Ninja Monkey|Infernape, F|293/293","|move|p1a: Ninetales|Flamethrower|p2a: Ninja Monkey","|-resisted|p2a: Ninja Monkey","|-damage|p2a: Ninja Monkey|88/293","|-damage|p1a: Ninetales|36/287|[from] item: Life Orb","|","|-weather|SunnyDay|[upkeep]","|-damage|p1a: Ninetales|1/287|[from] Leech Seed|[of] p2a: Ninja Monkey","|-heal|p2a: Ninja Monkey|123/293|[silent]","|turn|5","|","|switch|p1a: Rotom-Heat|Rotom-Heat|304/304","|move|p2a: Ninja Monkey|Mach Punch|p1a: Rotom-Heat","|-crit|p1a: Rotom-Heat","|-damage|p1a: Rotom-Heat|213/304","|","|-weather|none","|-heal|p1a: Rotom-Heat|232/304|[from] item: Leftovers","|turn|6","|","|move|p2a: Ninja Monkey|Close Combat|p1a: Rotom-Heat","|-damage|p1a: Rotom-Heat|70/304","|-unboost|p2a: Ninja Monkey|def|1","|-unboost|p2a: Ninja Monkey|spd|1","|move|p1a: Rotom-Heat|Confuse Ray|p2a: Ninja Monkey","|-start|p2a: Ninja Monkey|confusion","|","|-heal|p1a: Rotom-Heat|89/304|[from] item: Leftovers","|turn|7","|","|-activate|p2a: Ninja Monkey|confusion","|-damage|p2a: Ninja Monkey|36/293|[from] confusion","|move|p1a: Rotom-Heat|Volt Switch|p2a: Ninja Monkey","|-damage|p2a: Ninja Monkey|0 fnt","|faint|p2a: Ninja Monkey","|","|switch|p1a: Darmanitan|Darmanitan, F|351/351","|","|","|switch|p2a: Chesnaught|Chesnaught, F|379/379","|turn|8","|","|move|p1a: Darmanitan|Fire Punch|p2a: Chesnaught","|-supereffective|p2a: Chesnaught","|-damage|p2a: Chesnaught|77/379","|-damage|p1a: Darmanitan|293/351|[from] item: Rocky Helmet|[of] p2a: Chesnaught","|move|p2a: Chesnaught|Leech Seed|p1a: Darmanitan","|-start|p1a: Darmanitan|move: Leech Seed","|","|-damage|p1a: Darmanitan|250/351|[from] Leech Seed|[of] p2a: Chesnaught","|-heal|p2a: Chesnaught|120/379|[silent]","|turn|9","|","|switch|p1a: Ninetales|Ninetales, F|1/287","|-weather|SunnyDay","|move|p2a: Chesnaught|Spiky Shield|p2a: Chesnaught","|-fail|p2a: Chesnaught","|","|-weather|SunnyDay|[upkeep]","|turn|10","|","|move|p1a: Ninetales|Flamethrower|p2a: Chesnaught","|-supereffective|p2a: Chesnaught","|-damage|p2a: Chesnaught|0 fnt","|-damage|p1a: Ninetales|0 fnt|[from] item: Life Orb","|faint|p2a: Chesnaught","|faint|p1a: Ninetales","|","|-weather|SunnyDay|[upkeep]","|","|switch|p2a: Terropion|Terrakion, shiny|323/323","|switch|p1a: Rotom-Heat|Rotom-Heat|89/304","|turn|11","|","|move|p2a: Terropion|Rock Slide|p1a: Rotom-Heat","|-supereffective|p1a: Rotom-Heat","|-damage|p1a: Rotom-Heat|0 fnt","|faint|p1a: Rotom-Heat","|","|-weather|SunnyDay|[upkeep]","|","|switch|p1a: Arcanine|Arcanine, F|321/321","|-ability|p1a: Arcanine|Intimidate","|-unboost|p2a: Terropion|atk|1","|turn|12","|","|switch|p1a: Camerupt|Camerupt, F|343/343","|move|p2a: Terropion|Rock Slide|p1a: Camerupt","|-damage|p1a: Camerupt|214/343","|","|-weather|SunnyDay|[upkeep]","|turn|13","|","|switch|p2a: Punchy|Conkeldurr, F, shiny|352/352","|detailschange|p1a: Camerupt|Camerupt-Mega, F","|-mega|p1a: Camerupt|Camerupt|Cameruptite","|move|p1a: Camerupt|Hidden Power|p2a: Punchy","|-damage|p2a: Punchy|297/352","|","|-weather|none","|turn|14","|","|move|p2a: Punchy|Drain Punch|p1a: Camerupt","|-damage|p1a: Camerupt|61/343","|-heal|p2a: Punchy|352/352|[from] drain|[of] p1a: Camerupt","|move|p1a: Camerupt|Lava Plume|p2a: Punchy","|-damage|p2a: Punchy|199/352","|","|turn|15","|","|switch|p1a: Arcanine|Arcanine, F|321/321","|-ability|p1a: Arcanine|Intimidate","|-unboost|p2a: Punchy|atk|1","|move|p2a: Punchy|Mach Punch|p1a: Arcanine","|-damage|p1a: Arcanine|252/321","|","|turn|16","|","|move|p1a: Arcanine|Flare Blitz|p2a: Punchy","|-damage|p2a: Punchy|0 fnt","|-damage|p1a: Arcanine|186/321|[from] recoil|[of] p2a: Punchy","|-damage|p1a: Arcanine|154/321|[from] item: Life Orb","|faint|p2a: Punchy","|","|","|switch|p2a: Terropion|Terrakion, shiny|323/323","|turn|17","|","|switch|p1a: Camerupt|Camerupt-Mega, F|61/343","|move|p2a: Terropion|Earthquake|p1a: Camerupt","|-supereffective|p1a: Camerupt","|-damage|p1a: Camerupt|0 fnt","|faint|p1a: Camerupt","|","|","|switch|p1a: Arcanine|Arcanine, F|154/321","|-ability|p1a: Arcanine|Intimidate","|-unboost|p2a: Terropion|atk|1","|turn|18","|","|move|p2a: Terropion|Earthquake|p1a: Arcanine","|-supereffective|p1a: Arcanine","|-damage|p1a: Arcanine|0 fnt","|faint|p1a: Arcanine","|","|","|switch|p1a: Entei|Entei, shiny|371/371","|-ability|p1a: Entei|Pressure","|turn|19","|","|move|p2a: Terropion|Earthquake|p1a: Entei","|-supereffective|p1a: Entei","|-damage|p1a: Entei|177/371","|move|p1a: Entei|Sacred Fire|p2a: Terropion","|-resisted|p2a: Terropion","|-damage|p2a: Terropion|181/323","|","|turn|20","|","|move|p2a: Terropion|Earthquake|p1a: Entei","|-supereffective|p1a: Entei","|-damage|p1a: Entei|1/371","|move|p1a: Entei|Sacred Fire|p2a: Terropion","|-resisted|p2a: Terropion","|-damage|p2a: Terropion|32/323","|","|turn|21","|","|move|p2a: Terropion|Earthquake|p1a: Entei","|-supereffective|p1a: Entei","|-damage|p1a: Entei|0 fnt","|faint|p1a: Entei","|","|","|switch|p1a: Darmanitan|Darmanitan, F|250/351","|turn|22","|","|move|p2a: Terropion|Earthquake|p1a: Darmanitan","|-supereffective|p1a: Darmanitan","|-damage|p1a: Darmanitan|0 fnt","|faint|p1a: Darmanitan","|","|win|SL Rorich"],"p1rating":{"entryid":"190539","serverid":"eos","formatid":"monotype","userid":"infernodpx","username":"Inferno DPX","w":"4","l":7,"t":"0","gxe":42.4,"r":"1485.2090143947","rd":"91.608201791207","sigma":"0","rptime":"1440406800","rpr":1440.9030771359,"rprd":86.177172658613,"rpsigma":"0","acre":1075.721316076,"lacre":1075.721316076,"oldacre":"1096.2642620876"},"p2rating":{"entryid":"259402","serverid":"eos","formatid":"monotype","userid":"slrorich","username":"SLRorich","w":11,"l":"7","t":"0","gxe":56.1,"r":"1511.6035132121","rd":"81.690773600617","sigma":"0","rptime":"1440406800","rpr":1547.3977981394,"rprd":73.467906931484,"rpsigma":"0","acre":1173.150590775,"lacre":1173.150590775,"oldacre":"1152.1366288376"},"endType":"normal"}