{"seed":[23863,50612,61233,28592],"turns":37,"p1":"alliance - ed wins","p2":"willwolf","p1team":[{"name":"Diancie","species":"Diancie","item":"leftovers","ability":"Clear Body","moves":["stealthrock","trickroom","diamondstorm","explosion"],"nature":"Brave","evs":{"hp":248,"atk":252,"def":8,"spa":0,"spd":0,"spe":0},"ivs":{"hp":31,"atk":31,"def":31,"spa":31,"spd":31,"spe":0}},{"name":"Sylveon","species":"Sylveon","item":"choicespecs","ability":"Pixilate","moves":["hypervoice","hiddenpowerfire","psyshock","shadowball"],"nature":"Quiet","evs":{"hp":248,"atk":0,"def":8,"spa":252,"spd":0,"spe":0},"gender":"M","ivs":{"hp":31,"atk":0,"def":31,"spa":30,"spd":31,"spe":0}},{"name":"Azumarill","species":"Azumarill","item":"lifeorb","ability":"Huge Power","moves":["playrough","waterfall","superpower","aquajet"],"nature":"Brave","evs":{"hp":248,"atk":252,"def":0,"spa":0,"spd":8,"spe":0},"gender":"M","ivs":{"hp":31,"atk":31,"def":31,"spa":31,"spd":31,"spe":0}},{"name":"Gardevoir","species":"Gardevoir","item":"gardevoirite","ability":"Trace","moves":["hypervoice","focusblast","trickroom","healingwish"],"nature":"Quiet","evs":{"hp":248,"atk":0,"def":8,"spa":252,"spd":0,"spe":0},"gender":"M","ivs":{"hp":31,"atk":0,"def":31,"spa":31,"spd":31,"spe":0},"shiny":true},{"name":"Klefki","species":"Klefki","item":"lightclay","ability":"Prankster","moves":["reflect","lightscreen","foulplay","spikes"],"nature":"Bold","evs":{"hp":248,"atk":0,"def":252,"spa":0,"spd":8,"spe":0},"ivs":{"hp":31,"atk":0,"def":31,"spa":31,"spd":31,"spe":31}},{"name":"Togekiss","species":"Togekiss","item":"choicescarf","ability":"Serene Grace","moves":["airslash","fireblast","dazzlinggleam","trick"],"nature":"Timid","evs":{"hp":0,"atk":0,"def":0,"spa":252,"spd":4,"spe":252},"ivs":{"hp":31,"atk":0,"def":31,"spa":31,"spd":31,"spe":31}}],"p2team":[{"name":"Tyranitar","species":"Tyranitar","item":"leftovers","ability":"Sand Stream","moves":["stealthrock","stoneedge","pursuit","icebeam"],"nature":"Brave","evs":{"hp":252,"atk":252,"def":0,"spa":4,"spd":0,"spe":0},"ivs":{"hp":31,"atk":31,"def":31,"spa":31,"spd":31,"spe":31}},{"name":"Archeops","species":"Archeops","item":"choiceband","ability":"Defeatist","moves":["uturn","aerialace","headsmash","earthquake"],"nature":"Jolly","evs":{"hp":0,"atk":252,"def":0,"spa":0,"spd":4,"spe":252},"ivs":{"hp":31,"atk":31,"def":31,"spa":31,"spd":31,"spe":31}},{"name":"Terrakion","species":"Terrakion","item":"lifeorb","ability":"Justified","moves":["closecombat","stoneedge","earthquake","taunt"],"nature":"Jolly","evs":{"hp":0,"atk":252,"def":0,"spa":0,"spd":4,"spe":252},"ivs":{"hp":31,"atk":31,"def":31,"spa":31,"spd":31,"spe":31}},{"name":"Rhyperior","species":"Rhyperior","item":"leftovers","ability":"Solid Rock","moves":["earthquake","rockblast","firepunch","megahorn"],"nature":"Adamant","evs":{"hp":252,"atk":175,"def":81,"spa":0,"spd":0,"spe":0},"ivs":{"hp":31,"atk":31,"def":31,"spa":31,"spd":31,"spe":31}},{"name":"Cradily","species":"Cradily","item":"leftovers","ability":"Storm Drain","moves":["recover","seedbomb","curse","protect"],"nature":"Careful","evs":{"hp":252,"atk":4,"def":0,"spa":0,"spd":252,"spe":0},"ivs":{"hp":31,"atk":31,"def":31,"spa":31,"spd":31,"spe":31}},{"name":"Kabutops","species":"Kabutops","item":"lifeorb","ability":"Swift Swim","moves":["swordsdance","waterfall","stoneedge","aquajet"],"nature":"Adamant","evs":{"hp":0,"atk":252,"def":0,"spa":0,"spd":4,"spe":252},"ivs":{"hp":31,"atk":31,"def":31,"spa":31,"spd":31,"spe":31}}],"log":["|player|p1|alliance - ed wins|allianceedwins.png","|player|p2|willwolf|54","|gametype|singles","|gen|6","|tier|Monotype","|rated","|rule|Baton Pass Clause: Limit one Baton Passer, can't pass Spe and other stats simultaneously","|rule|Swagger Clause: Swagger is banned","|rule|Same Type Clause: Pokémon in a team must share a type","|clearpoke","|poke|p1|Diancie","|poke|p1|Sylveon, M","|poke|p1|Azumarill, M","|poke|p1|Gardevoir, M, shiny","|poke|p1|Klefki, M","|poke|p1|Togekiss, M","|poke|p2|Tyranitar, M","|poke|p2|Archeops, M","|poke|p2|Terrakion","|poke|p2|Rhyperior, F","|poke|p2|Cradily, F","|poke|p2|Kabutops, F","|rule|Sleep Clause Mod: Limit one foe put to sleep","|rule|Species Clause: Limit one of each Pokémon","|rule|OHKO Clause: OHKO moves are banned","|rule|Moody Clause: Moody is banned","|rule|Evasion Moves Clause: Evasion moves are banned","|rule|Endless Battle Clause: Forcing endless battles is banned","|rule|HP Percentage Mod: HP is shown in percentages","|teampreview","|","|start","|switch|p1a: Klefki|Klefki, M|317/317","|switch|p2a: Rhyperior|Rhyperior, F|434/434","|turn|1","|","|switch|p1a: Togekiss|Togekiss, M|311/311","|move|p2a: Rhyperior|Earthquake|p1a: Togekiss","|-immune|p1a: Togekiss|[msg]","|","|turn|2","|","|switch|p2a: Tyranitar|Tyranitar, M|404/404","|-weather|Sandstorm","|move|p1a: Togekiss|Trick|p2a: Tyranitar","|-activate|p1a: Togekiss|move: Trick|[of] p2a: Tyranitar","|-item|p2a: Tyranitar|Choice Scarf|[from] move: Trick","|-item|p1a: Togekiss|Leftovers|[from] move: Trick","|","|-weather|Sandstorm|[upkeep]","|-damage|p1a: Togekiss|292/311|[from] sandstorm","|-heal|p1a: Togekiss|311/311|[from] item: Leftovers","|turn|3","|","|switch|p1a: Diancie|Diancie|303/303","|move|p2a: Tyranitar|Stealth Rock|p1a: Diancie","|-sidestart|p1: alliance - ed wins|move: Stealth Rock","|","|-weather|Sandstorm|[upkeep]","|turn|4","|","|switch|p2a: Kabutops|Kabutops, F|261/261","|move|p1a: Diancie|Stealth Rock|p2a: Kabutops","|-sidestart|p2: willwolf|move: Stealth Rock","|","|-weather|Sandstorm|[upkeep]","|turn|5","|","|move|p2a: Kabutops|Waterfall|p1a: Diancie","|-supereffective|p1a: Diancie","|-damage|p1a: Diancie|59/303","|-damage|p2a: Kabutops|235/261|[from] item: Life Orb","|move|p1a: Diancie|Trick Room|p1a: Diancie","|-fieldstart|move: Trick Room|[of] p1a: Diancie","|","|-weather|Sandstorm|[upkeep]","|-heal|p1a: Diancie|77/303|[from] item: Leftovers","|turn|6","|","|move|p2a: Kabutops|Aqua Jet|p1a: Diancie","|-supereffective|p1a: Diancie","|-damage|p1a: Diancie|0 fnt","|-damage|p2a: Kabutops|209/261|[from] item: Life Orb","|faint|p1a: Diancie","|","|-weather|none","|","|switch|p1a: Sylveon|Sylveon, M|393/393","|-damage|p1a: Sylveon|344/393|[from] Stealth Rock","|turn|7","|","|move|p1a: Sylveon|Hyper Voice|p2a: Kabutops","|-damage|p2a: Kabutops|0 fnt","|faint|p2a: Kabutops","|","|","|switch|p2a: Tyranitar|Tyranitar, M|404/404","|-damage|p2a: Tyranitar|354/404|[from] Stealth Rock","|-weather|Sandstorm","|turn|8","|","|switch|p1a: Klefki|Klefki, M|317/317","|-damage|p1a: Klefki|298/317|[from] Stealth Rock","|move|p2a: Tyranitar|Stone Edge|p1a: Klefki","|-resisted|p1a: Klefki","|-damage|p1a: Klefki|227/317","|","|-weather|Sandstorm|[upkeep]","|turn|9","|","|switch|p2a: Cradily|Cradily, F|376/376","|-damage|p2a: Cradily|329/376|[from] Stealth Rock","|move|p1a: Klefki|Spikes|p2a: Cradily","|-sidestart|p2: willwolf|Spikes","|","|-weather|Sandstorm|[upkeep]","|-heal|p2a: Cradily|352/376|[from] item: Leftovers","|-fieldend|move: Trick Room","|turn|10","|","|switch|p1a: Gardevoir|Gardevoir, M, shiny|339/339","|-damage|p1a: Gardevoir|297/339|[from] Stealth Rock","|-ability|p1a: Gardevoir|Storm Drain|[from] ability: Trace|[of] p2a: Cradily","|move|p2a: Cradily|Curse|p2a: Cradily","|-unboost|p2a: Cradily|spe|1","|-boost|p2a: Cradily|atk|1","|-boost|p2a: Cradily|def|1","|","|-weather|Sandstorm|[upkeep]","|-damage|p1a: Gardevoir|276/339|[from] sandstorm","|-heal|p2a: Cradily|375/376|[from] item: Leftovers","|turn|11","|","|move|p2a: Cradily|Seed Bomb|p1a: Gardevoir","|-damage|p1a: Gardevoir|105/339","|move|p1a: Gardevoir|Trick Room|p1a: Gardevoir","|-fieldstart|move: Trick Room|[of] p1a: Gardevoir","|","|-weather|Sandstorm|[upkeep]","|-damage|p1a: Gardevoir|84/339|[from] sandstorm","|-heal|p2a: Cradily|376/376|[from] item: Leftovers","|turn|12","|","|switch|p1a: Klefki|Klefki, M|227/317","|-damage|p1a: Klefki|208/317|[from] Stealth Rock","|move|p2a: Cradily|Curse|p2a: Cradily","|-unboost|p2a: Cradily|spe|1","|-boost|p2a: Cradily|atk|1","|-boost|p2a: Cradily|def|1","|","|-weather|none","|turn|13","|","|move|p1a: Klefki|Reflect|p1a: Klefki","|-sidestart|p1: alliance - ed wins|Reflect","|move|p2a: Cradily|Seed Bomb|p1a: Klefki","|-resisted|p1a: Klefki","|-damage|p1a: Klefki|178/317","|","|turn|14","|","|move|p2a: Cradily|Curse|p2a: Cradily","|-unboost|p2a: Cradily|spe|1","|-boost|p2a: Cradily|atk|1","|-boost|p2a: Cradily|def|1","|move|p1a: Klefki|Foul Play|p2a: Cradily","|-damage|p2a: Cradily|317/376","|","|-heal|p2a: Cradily|340/376|[from] item: Leftovers","|turn|15","|","|switch|p1a: Togekiss|Togekiss, M|311/311","|-damage|p1a: Togekiss|234/311|[from] Stealth Rock","|move|p2a: Cradily|Curse|p2a: Cradily","|-unboost|p2a: Cradily|spe|1","|-boost|p2a: Cradily|atk|1","|-boost|p2a: Cradily|def|1","|","|-heal|p2a: Cradily|363/376|[from] item: Leftovers","|-heal|p1a: Togekiss|253/311|[from] item: Leftovers","|-fieldend|move: Trick Room","|turn|16","|","|move|p1a: Togekiss|Air Slash|p2a: Cradily","|-damage|p2a: Cradily|279/376","|move|p2a: Cradily|Curse|p2a: Cradily","|-unboost|p2a: Cradily|spe|1","|-boost|p2a: Cradily|atk|1","|-boost|p2a: Cradily|def|1","|","|-heal|p1a: Togekiss|272/311|[from] item: Leftovers","|-heal|p2a: Cradily|302/376|[from] item: Leftovers","|turn|17","|","|move|p1a: Togekiss|Air Slash|p2a: Cradily|[miss]","|-miss|p1a: Togekiss|p2a: Cradily","|move|p2a: Cradily|Curse|p2a: Cradily","|-unboost|p2a: Cradily|spe|1","|-boost|p2a: Cradily|atk|1","|-boost|p2a: Cradily|def|1","|","|-heal|p1a: Togekiss|291/311|[from] item: Leftovers","|-heal|p2a: Cradily|325/376|[from] item: Leftovers","|turn|18","|","|move|p2a: Cradily|Protect|p2a: Cradily","|-singleturn|p2a: Cradily|Protect","|move|p1a: Togekiss|Air Slash|p2a: Cradily","|-activate|p2a: Cradily|Protect","|","|-heal|p1a: Togekiss|310/311|[from] item: Leftovers","|-heal|p2a: Cradily|348/376|[from] item: Leftovers","|turn|19","|","|move|p1a: Togekiss|Air Slash|p2a: Cradily","|-damage|p2a: Cradily|260/376","|cant|p2a: Cradily|flinch","|","|-heal|p1a: Togekiss|311/311|[from] item: Leftovers","|-heal|p2a: Cradily|283/376|[from] item: Leftovers","|turn|20","|","|move|p1a: Togekiss|Air Slash|p2a: Cradily","|-damage|p2a: Cradily|193/376","|move|p2a: Cradily|Seed Bomb|p1a: Togekiss","|-resisted|p1a: Togekiss","|-damage|p1a: Togekiss|228/311","|","|-heal|p1a: Togekiss|247/311|[from] item: Leftovers","|-heal|p2a: Cradily|216/376|[from] item: Leftovers","|-sideend|p1: alliance - ed wins|Reflect","|turn|21","|","|move|p1a: Togekiss|Air Slash|p2a: Cradily","|-damage|p2a: Cradily|132/376","|move|p2a: Cradily|Recover|p2a: Cradily","|-heal|p2a: Cradily|320/376","|","|-heal|p1a: Togekiss|266/311|[from] item: Leftovers","|-heal|p2a: Cradily|343/376|[from] item: Leftovers","|turn|22","|","|move|p1a: Togekiss|Air Slash|p2a: Cradily","|-damage|p2a: Cradily|262/376","|move|p2a: Cradily|Seed Bomb|p1a: Togekiss","|-resisted|p1a: Togekiss","|-damage|p1a: Togekiss|115/311","|","|-heal|p1a: Togekiss|134/311|[from] item: Leftovers","|-heal|p2a: Cradily|285/376|[from] item: Leftovers","|turn|23","|","|move|p1a: Togekiss|Air Slash|p2a: Cradily","|-damage|p2a: Cradily|198/376","|cant|p2a: Cradily|flinch","|","|-heal|p1a: Togekiss|153/311|[from] item: Leftovers","|-heal|p2a: Cradily|221/376|[from] item: Leftovers","|turn|24","|","|move|p1a: Togekiss|Air Slash|p2a: Cradily","|-damage|p2a: Cradily|127/376","|cant|p2a: Cradily|flinch","|","|-heal|p1a: Togekiss|172/311|[from] item: Leftovers","|-heal|p2a: Cradily|150/376|[from] item: Leftovers","|turn|25","|","|move|p2a: Cradily|Protect|p2a: Cradily","|-singleturn|p2a: Cradily|Protect","|move|p1a: Togekiss|Air Slash|p2a: Cradily","|-activate|p2a: Cradily|Protect","|","|-heal|p1a: Togekiss|191/311|[from] item: Leftovers","|-heal|p2a: Cradily|173/376|[from] item: Leftovers","|turn|26","|","|move|p1a: Togekiss|Air Slash|p2a: Cradily","|-crit|p2a: Cradily","|-damage|p2a: Cradily|52/376","|move|p2a: Cradily|Recover|p2a: Cradily","|-heal|p2a: Cradily|240/376","|","|-heal|p1a: Togekiss|210/311|[from] item: Leftovers","|-heal|p2a: Cradily|263/376|[from] item: Leftovers","|turn|27","|","|move|p1a: Togekiss|Fire Blast|p2a: Cradily","|-damage|p2a: Cradily|176/376","|-status|p2a: Cradily|brn","|move|p2a: Cradily|Seed Bomb|p1a: Togekiss","|-resisted|p1a: Togekiss","|-damage|p1a: Togekiss|128/311","|","|-heal|p1a: Togekiss|147/311|[from] item: Leftovers","|-heal|p2a: Cradily|199/376 brn|[from] item: Leftovers","|-damage|p2a: Cradily|152/376 brn|[from] brn","|turn|28","|","|move|p1a: Togekiss|Air Slash|p2a: Cradily","|-damage|p2a: Cradily|56/376 brn","|cant|p2a: Cradily|flinch","|","|-heal|p1a: Togekiss|166/311|[from] item: Leftovers","|-heal|p2a: Cradily|79/376 brn|[from] item: Leftovers","|-damage|p2a: Cradily|32/376 brn|[from] brn","|turn|29","|","|move|p1a: Togekiss|Dazzling Gleam|p2a: Cradily","|-damage|p2a: Cradily|0 fnt","|faint|p2a: Cradily","|","|-heal|p1a: Togekiss|185/311|[from] item: Leftovers","|","|switch|p2a: Rhyperior|Rhyperior, F|434/434","|-damage|p2a: Rhyperior|407/434|[from] Stealth Rock","|-damage|p2a: Rhyperior|353/434|[from] Spikes","|turn|30","|","|move|p1a: Togekiss|Air Slash|p2a: Rhyperior","|-resisted|p2a: Rhyperior","|-damage|p2a: Rhyperior|247/434","|move|p2a: Rhyperior|Rock Blast|p1a: Togekiss|[miss]","|-miss|p2a: Rhyperior|p1a: Togekiss","|","|-heal|p1a: Togekiss|204/311|[from] item: Leftovers","|-heal|p2a: Rhyperior|274/434|[from] item: Leftovers","|turn|31","|","|move|p1a: Togekiss|Air Slash|p2a: Rhyperior","|-resisted|p2a: Rhyperior","|-damage|p2a: Rhyperior|170/434","|cant|p2a: Rhyperior|flinch","|","|-heal|p1a: Togekiss|223/311|[from] item: Leftovers","|-heal|p2a: Rhyperior|197/434|[from] item: Leftovers","|turn|32","|","|move|p1a: Togekiss|Dazzling Gleam|p2a: Rhyperior","|-damage|p2a: Rhyperior|0 fnt","|faint|p2a: Rhyperior","|","|-heal|p1a: Togekiss|242/311|[from] item: Leftovers","|","|switch|p2a: Archeops|Archeops, M|291/291","|-damage|p2a: Archeops|219/291|[from] Stealth Rock","|turn|33","|","|move|p2a: Archeops|Head Smash|p1a: Togekiss|[miss]","|-miss|p2a: Archeops|p1a: Togekiss","|move|p1a: Togekiss|Dazzling Gleam|p2a: Archeops","|-damage|p2a: Archeops|36/291","|","|-heal|p1a: Togekiss|261/311|[from] item: Leftovers","|turn|34","|","|move|p2a: Archeops|Head Smash|p1a: Togekiss","|-supereffective|p1a: Togekiss","|-damage|p1a: Togekiss|0 fnt","|-damage|p2a: Archeops|0 fnt|[from] recoil|[of] p1a: Togekiss","|faint|p1a: Togekiss","|faint|p2a: Archeops","|","|","|switch|p2a: Terrakion|Terrakion|323/323","|switch|p1a: Klefki|Klefki, M|178/317","|-damage|p2a: Terrakion|303/323|[from] Stealth Rock","|-damage|p2a: Terrakion|263/323|[from] Spikes","|-damage|p1a: Klefki|159/317|[from] Stealth Rock","|turn|35","|","|move|p1a: Klefki|Reflect|p1a: Klefki","|-sidestart|p1: alliance - ed wins|Reflect","|move|p2a: Terrakion|Taunt|p1a: Klefki","|-start|p1a: Klefki|move: Taunt","|","|turn|36","|","|switch|p1a: Sylveon|Sylveon, M|344/393","|-damage|p1a: Sylveon|295/393|[from] Stealth Rock","|move|p2a: Terrakion|Stone Edge|p1a: Sylveon|[miss]","|-miss|p2a: Terrakion|p1a: Sylveon","|","|turn|37","|","|win|alliance - ed wins"],"p1rating":{"entryid":"173044","serverid":"eos","formatid":"monotype","userid":"allianceedwins","username":"alliance - ed wins","w":5,"l":"1","t":"0","gxe":65.9,"r":"1557.0610615","rd":"123.89526123233","sigma":"0","rptime":"1440406800","rpr":1628.7004913914,"rprd":99.094467422286,"rpsigma":"0","acre":1160.5189605892,"lacre":1160.5189605892,"oldacre":"1140.2285441345"},"p2rating":{"entryid":"414338","serverid":"eos","formatid":"monotype","userid":"willwolf","username":"willwolf","w":"2","l":2,"t":"0","gxe":49.6,"r":"1500","rd":"130","sigma":"0","rptime":"1440406800","rpr":1497.0106042457,"rprd":107.77315011645,"rpsigma":"0","acre":1056.8628588828,"lacre":1056.8628588828,"oldacre":"1073.9863028447"},"endType":"forfeit"}