{"seed":[46920,44984,53202,11664],"turns":23,"p1":"DSV","p2":"Union Wevrm","p1team":[{"name":"Fierce Deity","species":"gallade","item":"galladite","ability":"Justified","moves":["swordsdance","stoneedge","drainpunch","knockoff"],"nature":"Jolly","evs":{"hp":0,"atk":252,"def":0,"spa":0,"spd":4,"spe":252},"shiny":true,"ivs":{"hp":31,"atk":31,"def":31,"spa":31,"spd":31,"spe":31}},{"name":"Mech-7481","species":"metagross","item":"focussash","ability":"Clear Body","moves":["hammerarm","bulletpunch","stealthrock","explosion"],"nature":"Adamant","evs":{"hp":248,"atk":252,"def":0,"spa":0,"spd":8,"spe":0},"shiny":true,"ivs":{"hp":31,"atk":31,"def":31,"spa":31,"spd":31,"spe":31}},{"name":"PsyKitty","species":"espeon","item":"choicescarf","ability":"Magic Bounce","moves":["hiddenpowerice","psyshock","dazzlinggleam","shadowball"],"nature":"Timid","evs":{"hp":0,"atk":0,"def":0,"spa":252,"spd":4,"spe":252},"gender":"F","ivs":{"hp":31,"atk":30,"def":30,"spa":31,"spd":31,"spe":31}},{"name":"Roger","species":"slowbro","item":"leftovers","ability":"Regenerator","moves":["scald","slackoff","calmmind","toxic"],"nature":"Bold","evs":{"hp":252,"atk":0,"def":252,"spa":0,"spd":4,"spe":0},"ivs":{"hp":31,"atk":31,"def":31,"spa":31,"spd":31,"spe":31}},{"name":"Alex","species":"alakazam","item":"focussash","ability":"Magic Guard","moves":["hiddenpowerfire","energyball","psychic","encore"],"nature":"Timid","evs":{"hp":0,"atk":0,"def":0,"spa":252,"spd":4,"spe":252},"gender":"F","ivs":{"hp":31,"atk":30,"def":31,"spa":30,"spd":31,"spe":30}},{"name":"Selena","species":"gardevoir","item":"leftovers","ability":"Trace","moves":["moonblast","willowisp","wish","protect"],"nature":"Calm","evs":{"hp":252,"atk":0,"def":0,"spa":4,"spd":252,"spe":0},"gender":"F","shiny":true,"ivs":{"hp":31,"atk":31,"def":31,"spa":31,"spd":31,"spe":31}}],"p2team":[{"name":"Flygon","species":"Flygon","item":"choiceband","ability":"Levitate","moves":["earthquake","stoneedge","outrage","superpower"],"nature":"Jolly","evs":{"hp":0,"atk":252,"def":0,"spa":0,"spd":4,"spe":252},"ivs":{"hp":31,"atk":31,"def":31,"spa":31,"spd":31,"spe":31}},{"name":"Zygarde","species":"Zygarde","item":"leftovers","ability":"Aura Break","moves":["dragondance","extremespeed","rockslide","substitute"],"nature":"Adamant","evs":{"hp":0,"atk":252,"def":0,"spa":0,"spd":4,"spe":252},"ivs":{"hp":31,"atk":31,"def":31,"spa":31,"spd":31,"spe":31}},{"name":"Latios","species":"Latios","item":"latiosite","ability":"Levitate","moves":["dracometeor","psychic","thunderbolt","dragonpulse"],"nature":"Timid","evs":{"hp":0,"atk":0,"def":0,"spa":252,"spd":4,"spe":252},"ivs":{"hp":31,"atk":31,"def":31,"spa":31,"spd":31,"spe":31}},{"name":"Noivern","species":"Noivern","item":"choicespecs","ability":"Frisk","moves":["airslash","boomburst","dracometeor","flamethrower"],"nature":"Timid","evs":{"hp":0,"atk":0,"def":0,"spa":252,"spd":4,"spe":252},"ivs":{"hp":31,"atk":31,"def":31,"spa":31,"spd":31,"spe":31}},{"name":"Kingdra","species":"Kingdra","item":"leftovers","ability":"Sniper","moves":["dragondance","outrage","bounce","waterfall"],"nature":"Adamant","evs":{"hp":0,"atk":0,"def":0,"spa":0,"spd":4,"spe":252},"ivs":{"hp":31,"atk":31,"def":31,"spa":31,"spd":31,"spe":31}},{"name":"Hydreigon","species":"Hydreigon","item":"lifeorb","ability":"Levitate","moves":["crunch","dragonrush","flamethrower","steelwing"],"nature":"Hasty","evs":{"hp":0,"atk":252,"def":0,"spa":4,"spd":0,"spe":252},"ivs":{"hp":31,"atk":31,"def":31,"spa":31,"spd":31,"spe":31}}],"log":["|player|p1|DSV|dsv.png","|player|p2|Union Wevrm|unionwevrm.png","|gametype|singles","|gen|6","|tier|Monotype","|rated","|rule|Baton Pass Clause: Limit one Baton Passer, can't pass Spe and other stats simultaneously","|rule|Swagger Clause: Swagger is banned","|rule|Same Type Clause: Pokémon in a team must share a type","|clearpoke","|poke|p1|Gallade, M, shiny","|poke|p1|Metagross, shiny","|poke|p1|Espeon, F","|poke|p1|Slowbro, M","|poke|p1|Alakazam, F","|poke|p1|Gardevoir, F, shiny","|poke|p2|Flygon, F","|poke|p2|Zygarde","|poke|p2|Latios, M","|poke|p2|Noivern, M","|poke|p2|Kingdra, M","|poke|p2|Hydreigon, F","|rule|Sleep Clause Mod: Limit one foe put to sleep","|rule|Species Clause: Limit one of each Pokémon","|rule|OHKO Clause: OHKO moves are banned","|rule|Moody Clause: Moody is banned","|rule|Evasion Moves Clause: Evasion moves are banned","|rule|Endless Battle Clause: Forcing endless battles is banned","|rule|HP Percentage Mod: HP is shown in percentages","|teampreview","|player|p2","|player|p2|Union Wevrm|unionwevrm.png","|teampreview","|","|start","|switch|p1a: Selena|Gardevoir, F, shiny|340/340","|switch|p2a: Flygon|Flygon, F|301/301","|-ability|p1a: Selena|Levitate|[from] ability: Trace|[of] p2a: Flygon","|turn|1","|","|move|p2a: Flygon|Earthquake|p1a: Selena","|-immune|p1a: Selena|[msg]","|move|p1a: Selena|Will-O-Wisp|p2a: Flygon","|-status|p2a: Flygon|brn","|","|-damage|p2a: Flygon|264/301 brn|[from] brn","|turn|2","|","|switch|p2a: Latios|Latios, M|301/301","|move|p1a: Selena|Moonblast|p2a: Latios","|-supereffective|p2a: Latios","|-damage|p2a: Latios|43/301","|","|turn|3","|","|switch|p1a: Mech-7481|Metagross, shiny|363/363","|detailschange|p2a: Latios|Latios-Mega, M","|-mega|p2a: Latios|Latios|Latiosite","|move|p2a: Latios|Thunderbolt|p1a: Mech-7481","|-damage|p1a: Mech-7481|218/363","|","|turn|4","|","|switch|p2a: Zygarde|Zygarde|357/357","|-ability|p2a: Zygarde|Aura Break","|move|p1a: Mech-7481|Stealth Rock|p2a: Zygarde","|-sidestart|p2: Union Wevrm|move: Stealth Rock","|","|turn|5","|","|move|p2a: Zygarde|Substitute|p2a: Zygarde","|-start|p2a: Zygarde|Substitute","|-damage|p2a: Zygarde|268/357","|move|p1a: Mech-7481|Explosion|p2a: Zygarde","|-end|p2a: Zygarde|Substitute","|faint|p1a: Mech-7481","|","|-heal|p2a: Zygarde|290/357|[from] item: Leftovers","|","|switch|p1a: PsyKitty|Espeon, F|271/271","|turn|6","|","|move|p1a: PsyKitty|Hidden Power|p2a: Zygarde","|-supereffective|p2a: Zygarde","|-damage|p2a: Zygarde|14/357","|move|p2a: Zygarde|Substitute|p2a: Zygarde","|-fail|p2a: Zygarde|move: Substitute|[weak]","|","|-heal|p2a: Zygarde|36/357|[from] item: Leftovers","|turn|7","|","|move|p2a: Zygarde|Extreme Speed|p1a: PsyKitty","|-damage|p1a: PsyKitty|135/271","|move|p1a: PsyKitty|Hidden Power|p2a: Zygarde","|-supereffective|p2a: Zygarde","|-damage|p2a: Zygarde|0 fnt","|faint|p2a: Zygarde","|","|","|switch|p2a: Kingdra|Kingdra, M|291/291","|-damage|p2a: Kingdra|255/291|[from] Stealth Rock","|turn|8","|","|switch|p1a: Alex|Alakazam, F|251/251","|move|p2a: Kingdra|Dragon Dance|p2a: Kingdra","|-boost|p2a: Kingdra|atk|1","|-boost|p2a: Kingdra|spe|1","|","|-heal|p2a: Kingdra|273/291|[from] item: Leftovers","|turn|9","|","|move|p2a: Kingdra|Waterfall|p1a: Alex","|-enditem|p1a: Alex|Focus Sash","|-damage|p1a: Alex|1/251","|move|p1a: Alex|Encore|p2a: Kingdra","|-start|p2a: Kingdra|Encore","|","|-heal|p2a: Kingdra|291/291|[from] item: Leftovers","|turn|10","|","|move|p2a: Kingdra|Waterfall|p1a: Alex","|-damage|p1a: Alex|0 fnt","|faint|p1a: Alex","|","|","|switch|p1a: Roger|Slowbro, M|394/394","|turn|11","|","|move|p2a: Kingdra|Waterfall|p1a: Roger","|-resisted|p1a: Roger","|-damage|p1a: Roger|346/394","|move|p1a: Roger|Toxic|p2a: Kingdra","|-status|p2a: Kingdra|tox","|","|-heal|p1a: Roger|370/394|[from] item: Leftovers","|-damage|p2a: Kingdra|273/291 tox|[from] psn","|turn|12","|","|move|p2a: Kingdra|Waterfall|p1a: Roger","|-resisted|p1a: Roger","|-damage|p1a: Roger|323/394","|move|p1a: Roger|Calm Mind|p1a: Roger","|-boost|p1a: Roger|spa|1","|-boost|p1a: Roger|spd|1","|","|-heal|p2a: Kingdra|291/291 tox|[from] item: Leftovers","|-heal|p1a: Roger|347/394|[from] item: Leftovers","|-damage|p2a: Kingdra|255/291 tox|[from] psn","|-end|p2a: Kingdra|Encore","|turn|13","|","|move|p2a: Kingdra|Dragon Dance|p2a: Kingdra","|-boost|p2a: Kingdra|atk|1","|-boost|p2a: Kingdra|spe|1","|move|p1a: Roger|Calm Mind|p1a: Roger","|-boost|p1a: Roger|spa|1","|-boost|p1a: Roger|spd|1","|","|-heal|p2a: Kingdra|273/291 tox|[from] item: Leftovers","|-heal|p1a: Roger|371/394|[from] item: Leftovers","|-damage|p2a: Kingdra|219/291 tox|[from] psn","|turn|14","|","|move|p2a: Kingdra|Waterfall|p1a: Roger","|-resisted|p1a: Roger","|-damage|p1a: Roger|301/394","|cant|p1a: Roger|flinch","|","|-heal|p2a: Kingdra|237/291 tox|[from] item: Leftovers","|-heal|p1a: Roger|325/394|[from] item: Leftovers","|-damage|p2a: Kingdra|165/291 tox|[from] psn","|turn|15","|","|move|p2a: Kingdra|Bounce|p1a: Roger|[still]","|-prepare|p2a: Kingdra|Bounce|p1a: Roger","|move|p1a: Roger|Scald|p2a: Kingdra|[miss]","|-miss|p1a: Roger|p2a: Kingdra","|","|-heal|p2a: Kingdra|183/291 tox|[from] item: Leftovers","|-heal|p1a: Roger|349/394|[from] item: Leftovers","|-damage|p2a: Kingdra|93/291 tox|[from] psn","|turn|16","|","|move|p2a: Kingdra|Bounce|p1a: Roger|[from]lockedmove","|-crit|p1a: Roger","|-damage|p1a: Roger|154/394","|move|p1a: Roger|Slack Off|p1a: Roger","|-heal|p1a: Roger|351/394","|","|-heal|p2a: Kingdra|111/291 tox|[from] item: Leftovers","|-heal|p1a: Roger|375/394|[from] item: Leftovers","|-damage|p2a: Kingdra|3/291 tox|[from] psn","|turn|17","|","|move|p2a: Kingdra|Outrage|p1a: Roger","|-damage|p1a: Roger|192/394","|move|p1a: Roger|Calm Mind|p1a: Roger","|-boost|p1a: Roger|spa|1","|-boost|p1a: Roger|spd|1","|","|-heal|p2a: Kingdra|21/291 tox|[from] item: Leftovers","|-heal|p1a: Roger|216/394|[from] item: Leftovers","|-damage|p2a: Kingdra|0 fnt|[from] psn","|faint|p2a: Kingdra","|","|switch|p2a: Hydreigon|Hydreigon, F|325/325","|-damage|p2a: Hydreigon|285/325|[from] Stealth Rock","|turn|18","|","|move|p2a: Hydreigon|Crunch|p1a: Roger","|-supereffective|p1a: Roger","|-damage|p1a: Roger|0 fnt","|-damage|p2a: Hydreigon|253/325|[from] item: Life Orb","|faint|p1a: Roger","|","|","|switch|p1a: PsyKitty|Espeon, F|135/271","|turn|19","|","|move|p1a: PsyKitty|Dazzling Gleam|p2a: Hydreigon","|-supereffective|p2a: Hydreigon","|-damage|p2a: Hydreigon|0 fnt","|faint|p2a: Hydreigon","|","|","|switch|p2a: Latios|Latios-Mega, M|43/301","|-damage|p2a: Latios|6/301|[from] Stealth Rock","|turn|20","|","|move|p1a: PsyKitty|Dazzling Gleam|p2a: Latios","|-supereffective|p2a: Latios","|-damage|p2a: Latios|0 fnt","|faint|p2a: Latios","|","|","|switch|p2a: Flygon|Flygon, F|264/301 brn","|-damage|p2a: Flygon|246/301 brn|[from] Stealth Rock","|turn|21","|","|switch|p1a: Selena|Gardevoir, F, shiny|340/340","|-ability|p1a: Selena|Levitate|[from] ability: Trace|[of] p2a: Flygon","|move|p2a: Flygon|Earthquake|p1a: Selena","|-immune|p1a: Selena|[msg]","|","|-damage|p2a: Flygon|209/301 brn|[from] brn","|turn|22","|","|switch|p2a: Noivern|Noivern, M|311/311","|-damage|p2a: Noivern|234/311|[from] Stealth Rock","|-item|p1a: Selena|Leftovers|[from] ability: Frisk|[of] p2a: Noivern|[identify]","|move|p1a: Selena|Moonblast|p2a: Noivern","|-supereffective|p2a: Noivern","|-damage|p2a: Noivern|0 fnt","|faint|p2a: Noivern","|","|","|switch|p2a: Flygon|Flygon, F|209/301 brn","|-damage|p2a: Flygon|191/301 brn|[from] Stealth Rock","|turn|23","|","|move|p2a: Flygon|Stone Edge|p1a: Selena","|-crit|p1a: Selena","|-damage|p1a: Selena|180/340","|move|p1a: Selena|Moonblast|p2a: Flygon","|-supereffective|p2a: Flygon","|-damage|p2a: Flygon|0 fnt","|faint|p2a: Flygon","|","|win|DSV"],"p1rating":{"entryid":"159982","serverid":"eos","formatid":"monotype","userid":"dsv","username":"DSV","w":9,"l":"6","t":"0","gxe":56.9,"r":"1506.8919604366","rd":"83.398567608464","sigma":"0","rptime":"1440406800","rpr":1553.5739995386,"rprd":77.539619446087,"rpsigma":"0","acre":1167.7686396577,"lacre":1167.7686396577,"oldacre":"1148.9857831181"},"p2rating":{"entryid":"373318","serverid":"eos","formatid":"monotype","userid":"unionwevrm","username":"Union Wevrm","w":"10","l":12,"t":"0","gxe":46.1,"r":"1498.8010721827","rd":"98.297024950931","sigma":"0","rptime":"1440406800","rpr":1470.2404129536,"rprd":67.619269461869,"rpsigma":"0","acre":1046.3755778454,"lacre":1046.3755778454,"oldacre":"1060.7331756092"},"endType":"normal"}