{"seed":[43390,11002,52732,64631],"turns":29,"p1":"LightOfAKnowing","p2":"TTIL-amb64","p1team":[{"name":"DJ","species":"exploud","item":"wiseglasses","ability":"Scrappy","moves":["boomburst","icebeam","flamethrower","shadowball"],"nature":"Modest","evs":{"hp":248,"atk":0,"def":0,"spa":252,"spd":8,"spe":0},"gender":"M","ivs":{"hp":31,"atk":31,"def":31,"spa":31,"spd":31,"spe":31}},{"name":"Egg","species":"chansey","item":"eviolite","ability":"Natural Cure","moves":["healbell","wish","toxic","seismictoss"],"nature":"Bold","evs":{"hp":248,"atk":0,"def":252,"spa":0,"spd":8,"spe":0},"ivs":{"hp":31,"atk":31,"def":31,"spa":31,"spd":31,"spe":31}},{"name":"Merica","species":"braviary","item":"choicescarf","ability":"Sheer Force","moves":["bravebird","rockslide","thrash","steelwing"],"nature":"Jolly","evs":{"hp":0,"atk":252,"def":0,"spa":0,"spd":4,"spe":252},"shiny":true,"ivs":{"hp":31,"atk":31,"def":31,"spa":31,"spd":31,"spe":31}},{"name":"Melo","species":"meloetta","item":"assaultvest","ability":"Serene Grace","moves":["shadowball","psychic","energyball","hypervoice"],"nature":"Modest","evs":{"hp":248,"atk":0,"def":0,"spa":252,"spd":8,"spe":0},"ivs":{"hp":31,"atk":31,"def":31,"spa":31,"spd":31,"spe":31}},{"name":"FanService","species":"lopunny","item":"lopunnite","ability":"Cute Charm","moves":["fakeout","drainpunch","frustration","icepunch"],"nature":"Jolly","evs":{"hp":0,"atk":252,"def":0,"spa":0,"spd":4,"spe":252},"gender":"F","happiness":0,"ivs":{"hp":31,"atk":31,"def":31,"spa":31,"spd":31,"spe":31}},{"name":"Dough","species":"snorlax","item":"weaknesspolicy","ability":"Thick Fat","moves":["curse","rest","frustration","crunch"],"nature":"Adamant","evs":{"hp":248,"atk":252,"def":0,"spa":0,"spd":8,"spe":0},"gender":"M","happiness":0,"ivs":{"hp":31,"atk":31,"def":31,"spa":31,"spd":31,"spe":31}}],"p2team":[{"name":"Gliscor","species":"Gliscor","item":"toxicorb","ability":"Poison Heal","moves":["knockoff","toxic","stealthrock","protect"],"nature":"Impish","evs":{"hp":248,"atk":0,"def":132,"spa":0,"spd":56,"spe":72},"ivs":{"hp":31,"atk":31,"def":31,"spa":31,"spd":31,"spe":31}},{"name":"Krookodile","species":"Krookodile","item":"choicescarf","ability":"Moxie","moves":["dragonclaw","earthquake","crunch","brickbreak"],"nature":"Adamant","evs":{"hp":0,"atk":252,"def":0,"spa":0,"spd":4,"spe":252},"ivs":{"hp":31,"atk":31,"def":31,"spa":31,"spd":31,"spe":31}},{"name":"Mamoswine","species":"Mamoswine","item":"leftovers","ability":"Thick Fat","moves":["iceshard","iciclecrash","superpower","knockoff"],"nature":"Impish","evs":{"hp":252,"atk":252,"def":0,"spa":0,"spd":4,"spe":0},"ivs":{"hp":31,"atk":31,"def":31,"spa":31,"spd":31,"spe":31}},{"name":"Hippowdon","species":"Hippowdon","item":"leftovers","ability":"Sand Stream","moves":["earthquake","bodyslam","slackoff","whirlwind"],"nature":"Impish","evs":{"hp":248,"atk":8,"def":4,"spa":0,"spd":248,"spe":0},"ivs":{"hp":31,"atk":31,"def":31,"spa":31,"spd":31,"spe":31}},{"name":"Excadrill","species":"Excadrill","item":"lifeorb","ability":"Sand Rush","moves":["ironhead","earthquake","xscissor","aerialace"],"nature":"Adamant","evs":{"hp":0,"atk":252,"def":0,"spa":0,"spd":4,"spe":252},"ivs":{"hp":31,"atk":31,"def":31,"spa":31,"spd":31,"spe":31}},{"name":"Nidoking","species":"Nidoking","item":"choicescarf","ability":"Sheer Force","moves":["fireblast","sludgewave","toxicspikes","shadowball"],"nature":"Modest","evs":{"hp":0,"atk":0,"def":0,"spa":252,"spd":4,"spe":252},"ivs":{"hp":31,"atk":31,"def":31,"spa":31,"spd":31,"spe":31}}],"log":["|player|p1|LightOfAKnowing|lightofaknowing.gif","|player|p2|TTIL-amb64|153","|gametype|singles","|gen|6","|tier|Monotype","|rated","|rule|Baton Pass Clause: Limit one Baton Passer, can't pass Spe and other stats simultaneously","|rule|Swagger Clause: Swagger is banned","|rule|Same Type Clause: Pokémon in a team must share a type","|clearpoke","|poke|p1|Exploud, M","|poke|p1|Chansey, F","|poke|p1|Braviary, M, shiny","|poke|p1|Meloetta","|poke|p1|Lopunny, F","|poke|p1|Snorlax, M","|poke|p2|Gliscor, F","|poke|p2|Krookodile, M","|poke|p2|Mamoswine, F","|poke|p2|Hippowdon, F","|poke|p2|Excadrill, M","|poke|p2|Nidoking, M","|rule|Sleep Clause Mod: Limit one foe put to sleep","|rule|Species Clause: Limit one of each Pokémon","|rule|OHKO Clause: OHKO moves are banned","|rule|Moody Clause: Moody is banned","|rule|Evasion Moves Clause: Evasion moves are banned","|rule|Endless Battle Clause: Forcing endless battles is banned","|rule|HP Percentage Mod: HP is shown in percentages","|teampreview","|","|start","|switch|p1a: FanService|Lopunny, F|271/271","|switch|p2a: Hippowdon|Hippowdon, F|419/419","|-weather|Sandstorm","|turn|1","|","|detailschange|p1a: FanService|Lopunny-Mega, F","|-mega|p1a: FanService|Lopunny|Lopunnite","|move|p1a: FanService|Fake Out|p2a: Hippowdon","|-damage|p2a: Hippowdon|358/419","|cant|p2a: Hippowdon|flinch","|","|-weather|Sandstorm|[upkeep]","|-damage|p1a: FanService|255/271|[from] sandstorm","|-heal|p2a: Hippowdon|384/419|[from] item: Leftovers","|turn|2","|","|switch|p1a: Merica|Braviary, M, shiny|341/341","|move|p2a: Hippowdon|Whirlwind|p1a: Merica","|drag|p1a: FanService|Lopunny-Mega, F|255/271","|","|-weather|Sandstorm|[upkeep]","|-damage|p1a: FanService|239/271|[from] sandstorm","|-heal|p2a: Hippowdon|410/419|[from] item: Leftovers","|turn|3","|","|move|p1a: FanService|Ice Punch|p2a: Hippowdon","|-supereffective|p2a: Hippowdon","|-damage|p2a: Hippowdon|270/419","|move|p2a: Hippowdon|Whirlwind|p1a: FanService","|drag|p1a: DJ|Exploud, M|411/411","|","|-weather|Sandstorm|[upkeep]","|-damage|p1a: DJ|386/411|[from] sandstorm","|-heal|p2a: Hippowdon|296/419|[from] item: Leftovers","|turn|4","|","|move|p1a: DJ|Ice Beam|p2a: Hippowdon","|-supereffective|p2a: Hippowdon","|-damage|p2a: Hippowdon|94/419","|move|p2a: Hippowdon|Earthquake|p1a: DJ","|-damage|p1a: DJ|208/411","|","|-weather|Sandstorm|[upkeep]","|-damage|p1a: DJ|183/411|[from] sandstorm","|-heal|p2a: Hippowdon|120/419|[from] item: Leftovers","|turn|5","|","|switch|p2a: Mamoswine|Mamoswine, F|424/424","|move|p1a: DJ|Ice Beam|p2a: Mamoswine","|-damage|p2a: Mamoswine|351/424","|","|-weather|none","|-heal|p2a: Mamoswine|377/424|[from] item: Leftovers","|turn|6","|","|move|p2a: Mamoswine|Knock Off|p1a: DJ","|-damage|p1a: DJ|1/411","|-enditem|p1a: DJ|Wise Glasses|[from] move: Knock Off|[of] p2a: Mamoswine","|move|p1a: DJ|Boomburst|p2a: Mamoswine","|-damage|p2a: Mamoswine|80/424","|","|-heal|p2a: Mamoswine|106/424|[from] item: Leftovers","|turn|7","|","|move|p2a: Mamoswine|Ice Shard|p1a: DJ","|-damage|p1a: DJ|0 fnt","|faint|p1a: DJ","|","|-heal|p2a: Mamoswine|132/424|[from] item: Leftovers","|","|switch|p1a: FanService|Lopunny-Mega, F|239/271","|turn|8","|","|switch|p2a: Hippowdon|Hippowdon, F|120/419","|-weather|Sandstorm","|move|p1a: FanService|Fake Out|p2a: Hippowdon","|-crit|p2a: Hippowdon","|-damage|p2a: Hippowdon|30/419","|","|-weather|Sandstorm|[upkeep]","|-damage|p1a: FanService|223/271|[from] sandstorm","|-heal|p2a: Hippowdon|56/419|[from] item: Leftovers","|turn|9","|","|move|p1a: FanService|Drain Punch|p2a: Hippowdon","|-damage|p2a: Hippowdon|0 fnt","|-heal|p1a: FanService|251/271|[from] drain|[of] p2a: Hippowdon","|faint|p2a: Hippowdon","|","|-weather|Sandstorm|[upkeep]","|-damage|p1a: FanService|235/271|[from] sandstorm","|","|switch|p2a: Excadrill|Excadrill, M|361/361","|turn|10","|","|switch|p1a: Egg|Chansey, F|703/703","|move|p2a: Excadrill|Aerial Ace|p1a: Egg","|-damage|p1a: Egg|564/703","|-damage|p2a: Excadrill|325/361|[from] item: Life Orb","|","|-weather|Sandstorm|[upkeep]","|-damage|p1a: Egg|521/703|[from] sandstorm","|turn|11","|","|switch|p2a: Gliscor|Gliscor, F|353/353","|move|p1a: Egg|Seismic Toss|p2a: Gliscor","|-damage|p2a: Gliscor|253/353","|","|-weather|Sandstorm|[upkeep]","|-damage|p1a: Egg|478/703|[from] sandstorm","|-status|p2a: Gliscor|tox|[from] item: Toxic Orb","|turn|12","|","|move|p2a: Gliscor|Stealth Rock|p1a: Egg","|-sidestart|p1: LightOfAKnowing|move: Stealth Rock","|move|p1a: Egg|Seismic Toss|p2a: Gliscor","|-damage|p2a: Gliscor|153/353 tox","|","|-weather|none","|-heal|p2a: Gliscor|197/353 tox|[from] ability: Poison Heal","|turn|13","|","|move|p2a: Gliscor|Knock Off|p1a: Egg","|-damage|p1a: Egg|378/703","|-enditem|p1a: Egg|Eviolite|[from] move: Knock Off|[of] p2a: Gliscor","|move|p1a: Egg|Seismic Toss|p2a: Gliscor","|-damage|p2a: Gliscor|97/353 tox","|","|-heal|p2a: Gliscor|141/353 tox|[from] ability: Poison Heal","|turn|14","|","|move|p2a: Gliscor|Protect|p2a: Gliscor","|-singleturn|p2a: Gliscor|Protect","|move|p1a: Egg|Seismic Toss|p2a: Gliscor","|-activate|p2a: Gliscor|Protect","|","|-heal|p2a: Gliscor|185/353 tox|[from] ability: Poison Heal","|turn|15","|","|move|p2a: Gliscor|Toxic|p1a: Egg","|-status|p1a: Egg|tox","|move|p1a: Egg|Seismic Toss|p2a: Gliscor","|-damage|p2a: Gliscor|85/353 tox","|","|-heal|p2a: Gliscor|129/353 tox|[from] ability: Poison Heal","|-damage|p1a: Egg|335/703 tox|[from] psn","|turn|16","|","|move|p2a: Gliscor|Protect|p2a: Gliscor","|-singleturn|p2a: Gliscor|Protect","|move|p1a: Egg|Seismic Toss|p2a: Gliscor","|-activate|p2a: Gliscor|Protect","|","|-heal|p2a: Gliscor|173/353 tox|[from] ability: Poison Heal","|-damage|p1a: Egg|249/703 tox|[from] psn","|turn|17","|","|move|p2a: Gliscor|Knock Off|p1a: Egg","|-damage|p1a: Egg|151/703 tox","|move|p1a: Egg|Seismic Toss|p2a: Gliscor","|-damage|p2a: Gliscor|73/353 tox","|","|-heal|p2a: Gliscor|117/353 tox|[from] ability: Poison Heal","|-damage|p1a: Egg|22/703 tox|[from] psn","|turn|18","|","|move|p2a: Gliscor|Protect|p2a: Gliscor","|-singleturn|p2a: Gliscor|Protect","|move|p1a: Egg|Heal Bell|p1a: Egg","|-cureteam|p1a: Egg|[from] move: HealBell","|","|-heal|p2a: Gliscor|161/353 tox|[from] ability: Poison Heal","|turn|19","|","|move|p2a: Gliscor|Knock Off|p1a: Egg","|-damage|p1a: Egg|0 fnt","|faint|p1a: Egg","|","|-heal|p2a: Gliscor|205/353 tox|[from] ability: Poison Heal","|","|switch|p1a: FanService|Lopunny-Mega, F|235/271","|-damage|p1a: FanService|219/271|[from] Stealth Rock","|turn|20","|","|move|p2a: Gliscor|Protect|p2a: Gliscor","|-singleturn|p2a: Gliscor|Protect","|move|p1a: FanService|Ice Punch|p2a: Gliscor","|-activate|p2a: Gliscor|Protect","|","|-heal|p2a: Gliscor|249/353 tox|[from] ability: Poison Heal","|turn|21","|","|move|p1a: FanService|Ice Punch|p2a: Gliscor","|-supereffective|p2a: Gliscor","|-damage|p2a: Gliscor|0 fnt","|faint|p2a: Gliscor","|","|","|switch|p2a: Krookodile|Krookodile, M|331/331","|turn|22","|","|move|p2a: Krookodile|Brick Break|p1a: FanService","|-supereffective|p1a: FanService","|-damage|p1a: FanService|19/271","|move|p1a: FanService|Drain Punch|p2a: Krookodile","|-supereffective|p2a: Krookodile","|-damage|p2a: Krookodile|0 fnt","|-heal|p1a: FanService|185/271|[from] drain|[of] p2a: Krookodile","|faint|p2a: Krookodile","|","|","|switch|p2a: Mamoswine|Mamoswine, F|132/424","|turn|23","|","|move|p1a: FanService|Drain Punch|p2a: Mamoswine","|-supereffective|p2a: Mamoswine","|-damage|p2a: Mamoswine|0 fnt","|-heal|p1a: FanService|251/271|[from] drain|[of] p2a: Mamoswine","|faint|p2a: Mamoswine","|","|","|switch|p2a: Nidoking|Nidoking, M|303/303","|turn|24","|","|switch|p1a: Merica|Braviary, M, shiny|341/341","|-damage|p1a: Merica|256/341|[from] Stealth Rock","|move|p2a: Nidoking|Sludge Wave|p1a: Merica","|-crit|p1a: Merica","|-damage|p1a: Merica|0 fnt","|faint|p1a: Merica","|","|","|switch|p1a: Melo|Meloetta|403/403","|-damage|p1a: Melo|353/403|[from] Stealth Rock","|turn|25","|","|switch|p2a: Excadrill|Excadrill, M|325/361","|move|p1a: Melo|Psychic|p2a: Excadrill","|-resisted|p2a: Excadrill","|-damage|p2a: Excadrill|212/361","|","|turn|26","|","|move|p2a: Excadrill|X-Scissor|p1a: Melo","|-supereffective|p1a: Melo","|-damage|p1a: Melo|0 fnt","|-damage|p2a: Excadrill|176/361|[from] item: Life Orb","|faint|p1a: Melo","|","|","|switch|p1a: FanService|Lopunny-Mega, F|251/271","|-damage|p1a: FanService|235/271|[from] Stealth Rock","|turn|27","|","|switch|p2a: Nidoking|Nidoking, M|303/303","|move|p1a: FanService|Drain Punch|p2a: Nidoking","|-resisted|p2a: Nidoking","|-damage|p2a: Nidoking|217/303","|-heal|p1a: FanService|271/271|[from] drain|[of] p2a: Nidoking","|","|turn|28","|","|move|p1a: FanService|Ice Punch|p2a: Nidoking","|-supereffective|p2a: Nidoking","|-damage|p2a: Nidoking|0 fnt","|faint|p2a: Nidoking","|","|","|switch|p2a: Excadrill|Excadrill, M|176/361","|turn|29","|","|move|p1a: FanService|Drain Punch|p2a: Excadrill","|-supereffective|p2a: Excadrill","|-damage|p2a: Excadrill|0 fnt","|faint|p2a: Excadrill","|","|win|LightOfAKnowing"],"p1rating":{"entryid":"386","serverid":"eos","formatid":"monotype","userid":"lightofaknowing","username":"LightOfAKnowing","w":25,"l":"37","t":"0","gxe":42.4,"r":"1416.9477002435","rd":"51.599175927199","sigma":"0","rptime":"1440406800","rpr":1441.6409452561,"rprd":45.825527478908,"rpsigma":"0","acre":1109.6557389309,"lacre":1109.6557389309,"oldacre":"1079.4021244502"},"p2rating":{"entryid":"274777","serverid":"eos","formatid":"monotype","userid":"ttilamb64","username":"TTIL-amb64","w":"5","l":6,"t":"0","gxe":46,"r":"1456.7204411967","rd":"95.568926460846","sigma":"0","rptime":"1440406800","rpr":1468.820704615,"rprd":85.379286202058,"rpsigma":"0","acre":1079.2945977987,"lacre":1079.2945977987,"oldacre":"1106.2205124456"},"endType":"normal"}