{"seed":[40699,8224,14452,39145],"turns":29,"p1":"Marx-Bot","p2":"Crystal Giigan","p1team":[{"name":"Abomasnow","species":"Abomasnow","item":"focussash","ability":"Snow Warning","moves":["blizzard","gigadrain","iceshard","shadowball"],"nature":"Mild","evs":{"hp":248,"atk":8,"def":0,"spa":252,"spd":0,"spe":0},"ivs":{"hp":31,"atk":31,"def":31,"spa":31,"spd":31,"spe":31}},{"name":"Froslass","species":"Froslass","item":"focussash","ability":"Cursed Body","moves":["destinybond","icebeam","taunt","shadowball"],"nature":"Timid","evs":{"hp":0,"atk":0,"def":0,"spa":252,"spd":4,"spe":252},"ivs":{"hp":31,"atk":31,"def":31,"spa":31,"spd":31,"spe":31}},{"name":"Ice Age","species":"mamoswine","item":"choicescarf","ability":"Thick Fat","moves":["superpower","earthquake","iciclecrash","stoneedge"],"nature":"Jolly","evs":{"hp":0,"atk":252,"def":0,"spa":0,"spd":4,"spe":252},"gender":"M","shiny":true,"ivs":{"hp":31,"atk":31,"def":31,"spa":31,"spd":31,"spe":31}},{"name":"The Titanic","species":"avalugg","item":"rockyhelmet","ability":"Sturdy","moves":["rapidspin","toxic","recover","avalanche"],"nature":"Bold","evs":{"hp":248,"atk":0,"def":252,"spa":0,"spd":8,"spe":0},"gender":"M","shiny":true,"ivs":{"hp":31,"atk":31,"def":31,"spa":31,"spd":31,"spe":31}},{"name":"Kyurem","species":"Kyurem","item":"choicespecs","ability":"Pressure","moves":["dragonpulse","icebeam","shadowball","earthpower"],"nature":"Modest","evs":{"hp":248,"atk":0,"def":0,"spa":252,"spd":8,"spe":0},"ivs":{"hp":31,"atk":31,"def":31,"spa":31,"spd":31,"spe":31}},{"name":"King Kold","species":"rotomfrost","item":"leftovers","ability":"Levitate","moves":["discharge","willowisp","painsplit","charge"],"nature":"Calm","evs":{"hp":248,"atk":0,"def":0,"spa":252,"spd":8,"spe":0},"shiny":true,"ivs":{"hp":31,"atk":31,"def":31,"spa":31,"spd":31,"spe":31}}],"p2team":[{"name":"Valtyra","species":"celebi","item":"leftovers","ability":"Natural Cure","moves":["gigadrain","recover","psychic","nastyplot"],"nature":"Modest","evs":{"hp":220,"atk":0,"def":0,"spa":252,"spd":0,"spe":36},"ivs":{"hp":31,"atk":31,"def":31,"spa":31,"spd":31,"spe":31}},{"name":"Kalin","species":"breloom","item":"focussash","ability":"Technician","moves":["bulletseed","spore","machpunch","swordsdance"],"nature":"Jolly","evs":{"hp":0,"atk":252,"def":0,"spa":0,"spd":4,"spe":252},"gender":"M","shiny":true,"ivs":{"hp":31,"atk":31,"def":31,"spa":31,"spd":31,"spe":31}},{"name":"Kyur","species":"ferrothorn","item":"rockyhelmet","ability":"Iron Barbs","moves":["leechseed","stealthrock","knockoff","gyroball"],"nature":"Relaxed","evs":{"hp":248,"atk":8,"def":252,"spa":0,"spd":0,"spe":0},"gender":"M","ivs":{"hp":31,"atk":31,"def":31,"spa":31,"spd":31,"spe":0},"shiny":true},{"name":"Regal","species":"serperior","item":"expertbelt","ability":"Contrary","moves":["leafstorm","dragonpulse","synthesis","hiddenpowerground"],"nature":"Timid","evs":{"hp":0,"atk":0,"def":0,"spa":252,"spd":4,"spe":252},"gender":"M","ivs":{"hp":31,"atk":31,"def":31,"spa":30,"spd":30,"spe":31},"shiny":true},{"name":"Landon","species":"trevenant","item":"sitrusberry","ability":"Harvest","moves":["shadowclaw","willowisp","woodhammer","leechseed"],"nature":"Careful","evs":{"hp":248,"atk":252,"def":0,"spa":0,"spd":8,"spe":0},"gender":"M","shiny":true,"ivs":{"hp":31,"atk":31,"def":31,"spa":31,"spd":31,"spe":31}},{"name":"Yggdrasil","species":"venusaur","item":"venusaurite","ability":"Overgrow","moves":["gigadrain","earthquake","sludgebomb","synthesis"],"nature":"Mild","evs":{"hp":248,"atk":8,"def":0,"spa":252,"spd":0,"spe":0},"shiny":true,"ivs":{"hp":31,"atk":31,"def":31,"spa":31,"spd":31,"spe":31}}],"log":["|player|p1|Marx-Bot|238","|player|p2|Crystal Giigan|crystalgiigan.png","|gametype|singles","|gen|6","|tier|Monotype","|rated","|rule|Baton Pass Clause: Limit one Baton Passer, can't pass Spe and other stats simultaneously","|rule|Swagger Clause: Swagger is banned","|rule|Same Type Clause: Pokémon in a team must share a type","|clearpoke","|poke|p1|Abomasnow, F","|poke|p1|Froslass, F","|poke|p1|Mamoswine, M, shiny","|poke|p1|Avalugg, M, shiny","|poke|p1|Kyurem","|poke|p1|Rotom-Frost, shiny","|poke|p2|Celebi","|poke|p2|Breloom, M, shiny","|poke|p2|Ferrothorn, M, shiny","|poke|p2|Serperior, M, shiny","|poke|p2|Trevenant, M, shiny","|poke|p2|Venusaur, M, shiny","|rule|Sleep Clause Mod: Limit one foe put to sleep","|rule|Species Clause: Limit one of each Pokémon","|rule|OHKO Clause: OHKO moves are banned","|rule|Moody Clause: Moody is banned","|rule|Evasion Moves Clause: Evasion moves are banned","|rule|Endless Battle Clause: Forcing endless battles is banned","|rule|HP Percentage Mod: HP is shown in percentages","|teampreview","|","|start","|switch|p1a: Froslass|Froslass, F|281/281","|switch|p2a: Kyur|Ferrothorn, M, shiny|351/351","|turn|1","|","|move|p1a: Froslass|Taunt|p2a: Kyur","|-start|p2a: Kyur|move: Taunt","|cant|p2a: Kyur|move: Taunt|Stealth Rock","|","|turn|2","|","|move|p1a: Froslass|Shadow Ball|p2a: Kyur","|-damage|p2a: Kyur|255/351","|move|p2a: Kyur|Knock Off|p1a: Froslass","|-supereffective|p1a: Froslass","|-damage|p1a: Froslass|69/281","|-enditem|p1a: Froslass|Focus Sash|[from] move: Knock Off|[of] p2a: Kyur","|","|turn|3","|","|switch|p2a: Valtyra|Celebi|396/396","|move|p1a: Froslass|Destiny Bond|p1a: Froslass","|-singlemove|p1a: Froslass|Destiny Bond","|","|turn|4","|","|move|p1a: Froslass|Ice Beam|p2a: Valtyra","|-crit|p2a: Valtyra","|-supereffective|p2a: Valtyra","|-damage|p2a: Valtyra|28/396","|move|p2a: Valtyra|Nasty Plot|p2a: Valtyra","|-boost|p2a: Valtyra|spa|2","|","|-heal|p2a: Valtyra|52/396|[from] item: Leftovers","|turn|5","|","|switch|p2a: Kyur|Ferrothorn, M, shiny|255/351","|move|p1a: Froslass|Ice Beam|p2a: Kyur","|-damage|p2a: Kyur|155/351","|","|turn|6","|","|move|p1a: Froslass|Destiny Bond|p1a: Froslass","|-singlemove|p1a: Froslass|Destiny Bond","|move|p2a: Kyur|Stealth Rock|p1a: Froslass","|-sidestart|p1: Marx-Bot|move: Stealth Rock","|","|turn|7","|","|move|p1a: Froslass|Shadow Ball|p2a: Kyur","|-damage|p2a: Kyur|56/351","|-unboost|p2a: Kyur|spd|1","|move|p2a: Kyur|Leech Seed|p1a: Froslass","|-start|p1a: Froslass|move: Leech Seed","|","|-damage|p1a: Froslass|34/281|[from] Leech Seed|[of] p2a: Kyur","|-heal|p2a: Kyur|91/351|[silent]","|turn|8","|","|move|p1a: Froslass|Shadow Ball|p2a: Kyur","|-damage|p2a: Kyur|0 fnt","|faint|p2a: Kyur","|","|","|switch|p2a: Regal|Serperior, M, shiny|291/291","|turn|9","|","|move|p2a: Regal|Leaf Storm|p1a: Froslass","|-damage|p1a: Froslass|0 fnt","|-boost|p2a: Regal|spa|2","|faint|p1a: Froslass","|","|","|switch|p1a: Abomasnow|Abomasnow, F|383/383","|-damage|p1a: Abomasnow|288/383|[from] Stealth Rock","|-weather|Hail","|turn|10","|","|move|p2a: Regal|Leaf Storm|p1a: Abomasnow","|-resisted|p1a: Abomasnow","|-damage|p1a: Abomasnow|111/383","|-boost|p2a: Regal|spa|2","|move|p1a: Abomasnow|Blizzard|p2a: Regal","|-supereffective|p2a: Regal","|-damage|p2a: Regal|0 fnt","|faint|p2a: Regal","|","|-weather|Hail|[upkeep]","|","|switch|p2a: Valtyra|Celebi|52/396","|turn|11","|","|move|p1a: Abomasnow|Ice Shard|p2a: Valtyra","|-supereffective|p2a: Valtyra","|-damage|p2a: Valtyra|0 fnt","|faint|p2a: Valtyra","|","|-weather|Hail|[upkeep]","|","|switch|p2a: Landon|Trevenant, M, shiny|373/373","|turn|12","|","|move|p1a: Abomasnow|Ice Shard|p2a: Landon","|-supereffective|p2a: Landon","|-damage|p2a: Landon|265/373","|move|p2a: Landon|Shadow Claw|p1a: Abomasnow","|-damage|p1a: Abomasnow|0 fnt","|faint|p1a: Abomasnow","|","|-weather|Hail|[upkeep]","|-damage|p2a: Landon|242/373|[from] hail","|","|switch|p1a: The Titanic|Avalugg, M, shiny|393/393","|-damage|p1a: The Titanic|295/393|[from] Stealth Rock","|turn|13","|","|move|p2a: Landon|Will-O-Wisp|p1a: The Titanic","|-status|p1a: The Titanic|brn","|move|p1a: The Titanic|Avalanche|p2a: Landon","|-supereffective|p2a: Landon","|-damage|p2a: Landon|146/373","|-enditem|p2a: Landon|Sitrus Berry|[eat]","|-heal|p2a: Landon|239/373|[from] item: Sitrus Berry","|","|-weather|Hail|[upkeep]","|-damage|p2a: Landon|216/373|[from] hail","|-damage|p1a: The Titanic|246/393 brn|[from] brn","|-item|p2a: Landon|Sitrus Berry|[from] ability: Harvest","|turn|14","|","|move|p2a: Landon|Leech Seed|p1a: The Titanic","|-start|p1a: The Titanic|move: Leech Seed","|move|p1a: The Titanic|Toxic|p2a: Landon","|-status|p2a: Landon|tox","|","|-weather|none","|-damage|p1a: The Titanic|197/393 brn|[from] Leech Seed|[of] p2a: Landon","|-heal|p2a: Landon|265/373 tox|[silent]","|-damage|p2a: Landon|242/373 tox|[from] psn","|-damage|p1a: The Titanic|148/393 brn|[from] brn","|turn|15","|","|move|p2a: Landon|Shadow Claw|p1a: The Titanic","|-crit|p1a: The Titanic","|-damage|p1a: The Titanic|75/393 brn","|-damage|p2a: Landon|180/373 tox|[from] item: Rocky Helmet|[of] p1a: The Titanic","|-enditem|p2a: Landon|Sitrus Berry|[eat]","|-heal|p2a: Landon|273/373 tox|[from] item: Sitrus Berry","|move|p1a: The Titanic|Recover|p1a: The Titanic","|-heal|p1a: The Titanic|272/393 brn","|","|-damage|p1a: The Titanic|223/393 brn|[from] Leech Seed|[of] p2a: Landon","|-heal|p2a: Landon|322/373 tox|[silent]","|-damage|p2a: Landon|276/373 tox|[from] psn","|-damage|p1a: The Titanic|174/393 brn|[from] brn","|turn|16","|","|switch|p2a: Yggdrasil|Venusaur, M, shiny|363/363","|move|p1a: The Titanic|Recover|p1a: The Titanic","|-heal|p1a: The Titanic|371/393 brn","|","|-damage|p1a: The Titanic|322/393 brn|[from] Leech Seed|[of] p2a: Yggdrasil","|-damage|p1a: The Titanic|273/393 brn|[from] brn","|turn|17","|","|detailschange|p2a: Yggdrasil|Venusaur-Mega, M, shiny","|-mega|p2a: Yggdrasil|Venusaur|Venusaurite","|move|p2a: Yggdrasil|Sludge Bomb|p1a: The Titanic","|-damage|p1a: The Titanic|0 fnt","|faint|p1a: The Titanic","|","|","|switch|p1a: King Kold|Rotom-Frost, shiny|303/303","|-damage|p1a: King Kold|228/303|[from] Stealth Rock","|turn|18","|","|move|p1a: King Kold|Pain Split|p2a: Yggdrasil","|-sethp|p2a: Yggdrasil|295/363|p1a: King Kold|295/303|[from] move: Pain Split","|move|p2a: Yggdrasil|Sludge Bomb|p1a: King Kold","|-damage|p1a: King Kold|139/303","|","|-heal|p1a: King Kold|157/303|[from] item: Leftovers","|turn|19","|","|move|p1a: King Kold|Charge|p1a: King Kold","|-boost|p1a: King Kold|spd|1","|-activate|p1a: King Kold|move: Charge","|move|p2a: Yggdrasil|Giga Drain|p1a: King Kold","|-damage|p1a: King Kold|73/303","|-heal|p2a: Yggdrasil|337/363|[from] drain|[of] p1a: King Kold","|","|-heal|p1a: King Kold|91/303|[from] item: Leftovers","|turn|20","|","|move|p1a: King Kold|Pain Split|p2a: Yggdrasil","|-sethp|p2a: Yggdrasil|214/363|p1a: King Kold|214/303|[from] move: Pain Split","|move|p2a: Yggdrasil|Synthesis|p2a: Yggdrasil","|-heal|p2a: Yggdrasil|363/363","|","|-heal|p1a: King Kold|232/303|[from] item: Leftovers","|turn|21","|","|move|p1a: King Kold|Will-O-Wisp|p2a: Yggdrasil","|-status|p2a: Yggdrasil|brn","|move|p2a: Yggdrasil|Sludge Bomb|p1a: King Kold","|-damage|p1a: King Kold|132/303","|","|-heal|p1a: King Kold|150/303|[from] item: Leftovers","|-damage|p2a: Yggdrasil|318/363 brn|[from] brn","|turn|22","|","|move|p1a: King Kold|Charge|p1a: King Kold","|-boost|p1a: King Kold|spd|1","|-activate|p1a: King Kold|move: Charge","|move|p2a: Yggdrasil|Sludge Bomb|p1a: King Kold","|-damage|p1a: King Kold|78/303","|-status|p1a: King Kold|psn","|","|-heal|p1a: King Kold|96/303 psn|[from] item: Leftovers","|-damage|p1a: King Kold|59/303 psn|[from] psn","|-damage|p2a: Yggdrasil|273/363 brn|[from] brn","|turn|23","|","|switch|p2a: Landon|Trevenant, M, shiny|276/373 tox","|move|p1a: King Kold|Pain Split|p2a: Landon","|-sethp|p2a: Landon|167/373 tox|p1a: King Kold|167/303 psn|[from] move: Pain Split","|","|-heal|p1a: King Kold|185/303 psn|[from] item: Leftovers","|-damage|p1a: King Kold|148/303 psn|[from] psn","|-damage|p2a: Landon|144/373 tox|[from] psn","|-item|p2a: Landon|Sitrus Berry|[from] ability: Harvest","|-enditem|p2a: Landon|Sitrus Berry|[eat]","|-heal|p2a: Landon|237/373 tox|[from] item: Sitrus Berry","|turn|24","|","|move|p1a: King Kold|Discharge|p2a: Landon","|-resisted|p2a: Landon","|-damage|p2a: Landon|177/373 tox","|move|p2a: Landon|Leech Seed|p1a: King Kold","|-start|p1a: King Kold|move: Leech Seed","|","|-heal|p1a: King Kold|166/303 psn|[from] item: Leftovers","|-damage|p1a: King Kold|129/303 psn|[from] Leech Seed|[of] p2a: Landon","|-heal|p2a: Landon|214/373 tox|[silent]","|-damage|p1a: King Kold|92/303 psn|[from] psn","|-damage|p2a: Landon|168/373 tox|[from] psn","|turn|25","|","|move|p1a: King Kold|Discharge|p2a: Landon","|-resisted|p2a: Landon","|-damage|p2a: Landon|99/373 tox","|move|p2a: Landon|Wood Hammer|p1a: King Kold","|-damage|p1a: King Kold|0 fnt","|-damage|p2a: Landon|69/373 tox|[from] recoil|[of] p1a: King Kold","|faint|p1a: King Kold","|","|-damage|p2a: Landon|0 fnt|[from] psn","|faint|p2a: Landon","|","|switch|p1a: Kyurem|Kyurem|453/453","|switch|p2a: Yggdrasil|Venusaur-Mega, M, shiny|273/363 brn","|-damage|p1a: Kyurem|340/453|[from] Stealth Rock","|-ability|p1a: Kyurem|Pressure","|turn|26","|","|move|p1a: Kyurem|Ice Beam|p2a: Yggdrasil","|-supereffective|p2a: Yggdrasil","|-damage|p2a: Yggdrasil|63/363 brn","|move|p2a: Yggdrasil|Sludge Bomb|p1a: Kyurem","|-crit|p1a: Kyurem","|-damage|p1a: Kyurem|70/453","|-status|p1a: Kyurem|psn","|","|-damage|p1a: Kyurem|14/453 psn|[from] psn","|-damage|p2a: Yggdrasil|18/363 brn|[from] brn","|turn|27","|","|move|p1a: Kyurem|Ice Beam|p2a: Yggdrasil","|-supereffective|p2a: Yggdrasil","|-damage|p2a: Yggdrasil|0 fnt","|faint|p2a: Yggdrasil","|","|-damage|p1a: Kyurem|0 fnt|[from] psn","|faint|p1a: Kyurem","|","|switch|p1a: Ice Age|Mamoswine, M, shiny|361/361","|switch|p2a: Kalin|Breloom, M, shiny|261/261","|-damage|p1a: Ice Age|316/361|[from] Stealth Rock","|turn|28","|","|move|p1a: Ice Age|Icicle Crash|p2a: Kalin","|-supereffective|p2a: Kalin","|-enditem|p2a: Kalin|Focus Sash","|-damage|p2a: Kalin|1/261","|move|p2a: Kalin|Bullet Seed|p1a: Ice Age","|-supereffective|p1a: Ice Age","|-damage|p1a: Ice Age|166/361","|-supereffective|p1a: Ice Age","|-damage|p1a: Ice Age|4/361","|-hitcount|p1a: Ice Age|2","|","|turn|29","|","|move|p2a: Kalin|Mach Punch|p1a: Ice Age","|-supereffective|p1a: Ice Age","|-damage|p1a: Ice Age|0 fnt","|faint|p1a: Ice Age","|","|win|Crystal Giigan"],"p1rating":{"entryid":"79213","serverid":"eos","formatid":"monotype","userid":"marxbot","username":"Marx-Bot","w":"2","l":4,"t":"0","gxe":43.4,"r":"1472.1924542092","rd":"103.03863141121","sigma":"0","rptime":"1440406800","rpr":1447.6774256236,"rprd":99.068050264847,"rpsigma":"0","acre":1033.0162929699,"lacre":1033.0162929699,"oldacre":"1048.5310444422"},"p2rating":{"entryid":"80850","serverid":"eos","formatid":"monotype","userid":"crystalgiigan","username":"Crystal Giigan","w":8,"l":"8","t":"0","gxe":51.3,"r":"1509.9168284476","rd":"79.618034646372","sigma":"0","rptime":"1440406800","rpr":1509.8270794486,"rprd":76.119522168871,"rpsigma":"0","acre":1108.7238768291,"lacre":1108.7238768291,"oldacre":"1084.1415094906"},"endType":"normal"}