{"seed":[48298,54661,65279,37671],"turns":25,"p1":"Silver LadyLaxus","p2":"Crystal Giigan","p1team":[{"name":"Lola","species":"lopunny","item":"lopunnite","ability":"Limber","moves":["endure","flail","highjumpkick","healingwish"],"nature":"Jolly","evs":{"hp":0,"atk":252,"def":0,"spa":0,"spd":4,"spe":252},"ivs":{"hp":31,"atk":31,"def":31,"spa":31,"spd":31,"spe":31}},{"name":"Emobird","species":"staraptor","item":"safetygoggles","ability":"Reckless","moves":["bravebird","doubleedge","closecombat","uturn"],"nature":"Jolly","evs":{"hp":0,"atk":252,"def":0,"spa":0,"spd":4,"spe":252},"shiny":true,"ivs":{"hp":31,"atk":31,"def":31,"spa":31,"spd":31,"spe":31}},{"name":"CopyMachine","species":"ditto","item":"choicescarf","ability":"Imposter","moves":["transform"],"nature":"Bold","evs":{"hp":0,"atk":0,"def":252,"spa":0,"spd":4,"spe":0},"ivs":{"hp":31,"atk":31,"def":31,"spa":31,"spd":31,"spe":31}},{"name":"Nala","species":"pyroar","item":"focussash","ability":"Unnerve","moves":["hypervoice","flamethrower","darkpulse","endeavor"],"nature":"Timid","evs":{"hp":0,"atk":0,"def":0,"spa":252,"spd":4,"spe":252},"gender":"F","ivs":{"hp":31,"atk":31,"def":31,"spa":31,"spd":31,"spe":31}},{"name":"Y U NO DIE","species":"porygon2","item":"eviolite","ability":"Analytic","moves":["icebeam","thunderbolt","magiccoat","recover"],"nature":"Calm","evs":{"hp":248,"atk":0,"def":0,"spa":8,"spd":252,"spe":0},"ivs":{"hp":31,"atk":31,"def":31,"spa":31,"spd":31,"spe":31}},{"name":"Canada","species":"chansey","item":"eviolite","ability":"Natural Cure","moves":["aromatherapy","seismictoss","stealthrock","toxic"],"nature":"Bold","evs":{"hp":248,"atk":0,"def":252,"spa":0,"spd":8,"spe":0},"ivs":{"hp":31,"atk":31,"def":31,"spa":31,"spd":31,"spe":31}}],"p2team":[{"name":"Cobalion","species":"Cobalion","item":"leftovers","ability":"Justified","moves":["stealthrock","sacredsword","voltswitch","ironhead"],"nature":"Jolly","evs":{"hp":252,"atk":4,"def":0,"spa":0,"spd":0,"spe":252},"ivs":{"hp":31,"atk":31,"def":31,"spa":31,"spd":31,"spe":31}},{"name":"Lucario","species":"Lucario","item":"lifeorb","ability":"Inner Focus","moves":["aurasphere","flashcannon","nastyplot","darkpulse"],"nature":"Timid","evs":{"hp":0,"atk":0,"def":0,"spa":252,"spd":4,"spe":252},"ivs":{"hp":31,"atk":31,"def":31,"spa":31,"spd":31,"spe":31}},{"name":"Bisharp","species":"Bisharp","item":"expertbelt","ability":"Defiant","moves":["swordsdance","ironhead","suckerpunch","taunt"],"nature":"Adamant","evs":{"hp":248,"atk":252,"def":0,"spa":0,"spd":8,"spe":0},"ivs":{"hp":31,"atk":31,"def":31,"spa":31,"spd":31,"spe":31}},{"name":"Excadrill","species":"Excadrill","item":"choicescarf","ability":"Mold Breaker","moves":["earthquake","ironhead","xscissor","rockslide"],"nature":"Jolly","evs":{"hp":0,"atk":252,"def":0,"spa":0,"spd":4,"spe":252},"ivs":{"hp":31,"atk":31,"def":31,"spa":31,"spd":31,"spe":31}},{"name":"Klefki","species":"Klefki","item":"leftovers","ability":"Prankster","moves":["substitute","thunderwave","calmmind","dazzlinggleam"],"nature":"Bold","evs":{"hp":252,"atk":0,"def":252,"spa":4,"spd":0,"spe":0},"ivs":{"hp":31,"atk":31,"def":31,"spa":31,"spd":31,"spe":31}},{"name":"Steelix","species":"Steelix","item":"steelixite","ability":"Rock Head","moves":["heavyslam","stoneedge","earthquake","crunch"],"nature":"Adamant","evs":{"hp":248,"atk":252,"def":0,"spa":0,"spd":8,"spe":0},"ivs":{"hp":31,"atk":31,"def":31,"spa":31,"spd":31,"spe":31}}],"log":["|player|p1|Silver LadyLaxus|100","|player|p2|Crystal Giigan|crystalgiigan.png","|gametype|singles","|gen|6","|tier|Monotype","|rated","|rule|Baton Pass Clause: Limit one Baton Passer, can't pass Spe and other stats simultaneously","|rule|Swagger Clause: Swagger is banned","|rule|Same Type Clause: Pokémon in a team must share a type","|clearpoke","|poke|p1|Lopunny, F","|poke|p1|Staraptor, F, shiny","|poke|p1|Ditto","|poke|p1|Pyroar, F","|poke|p1|Porygon2","|poke|p1|Chansey, F","|poke|p2|Cobalion","|poke|p2|Lucario, F","|poke|p2|Bisharp, F","|poke|p2|Excadrill, M","|poke|p2|Klefki, M","|poke|p2|Steelix, M","|rule|Sleep Clause Mod: Limit one foe put to sleep","|rule|Species Clause: Limit one of each Pokémon","|rule|OHKO Clause: OHKO moves are banned","|rule|Moody Clause: Moody is banned","|rule|Evasion Moves Clause: Evasion moves are banned","|rule|Endless Battle Clause: Forcing endless battles is banned","|rule|HP Percentage Mod: HP is shown in percentages","|teampreview","|","|start","|switch|p1a: Y U NO DIE|Porygon2|373/373","|switch|p2a: Klefki|Klefki, M|318/318","|turn|1","|","|move|p2a: Klefki|Substitute|p2a: Klefki","|-start|p2a: Klefki|Substitute","|-damage|p2a: Klefki|239/318","|move|p1a: Y U NO DIE|Thunderbolt|p2a: Klefki","|-end|p2a: Klefki|Substitute","|","|-heal|p2a: Klefki|258/318|[from] item: Leftovers","|turn|2","|","|move|p2a: Klefki|Thunder Wave|p1a: Y U NO DIE","|-status|p1a: Y U NO DIE|par","|move|p1a: Y U NO DIE|Thunderbolt|p2a: Klefki","|-damage|p2a: Klefki|155/318","|","|-heal|p2a: Klefki|174/318|[from] item: Leftovers","|turn|3","|","|switch|p2a: Excadrill|Excadrill, M|361/361","|-ability|p2a: Excadrill|Mold Breaker","|move|p1a: Y U NO DIE|Thunderbolt|p2a: Excadrill","|-immune|p2a: Excadrill|[msg]","|","|turn|4","|","|move|p2a: Excadrill|Iron Head|p1a: Y U NO DIE","|-damage|p1a: Y U NO DIE|273/373 par","|move|p1a: Y U NO DIE|Recover|p1a: Y U NO DIE","|-heal|p1a: Y U NO DIE|373/373 par","|","|turn|5","|","|switch|p2a: Steelix|Steelix, M|353/353","|switch|p1a: CopyMachine|Ditto|237/237","|-transform|p1a: CopyMachine|p2a: Steelix","|","|turn|6","|","|detailschange|p2a: Steelix|Steelix-Mega, M","|-mega|p2a: Steelix|Steelix|Steelixite","|move|p1a: CopyMachine|Earthquake|p2a: Steelix","|-supereffective|p2a: Steelix","|-damage|p2a: Steelix|219/353","|move|p2a: Steelix|Earthquake|p1a: CopyMachine","|-supereffective|p1a: CopyMachine","|-damage|p1a: CopyMachine|43/237","|","|turn|7","|","|switch|p1a: Emobird|Staraptor, F, shiny|311/311","|move|p2a: Steelix|Heavy Slam|p1a: Emobird","|-damage|p1a: Emobird|26/311","|","|turn|8","|","|move|p1a: Emobird|Close Combat|p2a: Steelix","|-crit|p2a: Steelix","|-supereffective|p2a: Steelix","|-damage|p2a: Steelix|27/353","|-unboost|p1a: Emobird|def|1","|-unboost|p1a: Emobird|spd|1","|move|p2a: Steelix|Heavy Slam|p1a: Emobird","|-damage|p1a: Emobird|0 fnt","|faint|p1a: Emobird","|","|","|switch|p1a: Lola|Lopunny, F|271/271","|turn|9","|","|detailschange|p1a: Lola|Lopunny-Mega, F","|-mega|p1a: Lola|Lopunny|Lopunnite","|move|p1a: Lola|High Jump Kick|p2a: Steelix","|-supereffective|p2a: Steelix","|-damage|p2a: Steelix|0 fnt","|faint|p2a: Steelix","|","|","|switch|p2a: Klefki|Klefki, M|174/318","|turn|10","|","|switch|p1a: Y U NO DIE|Porygon2|373/373 par","|move|p2a: Klefki|Thunder Wave|p1a: Y U NO DIE","|-fail|p1a: Y U NO DIE|par","|","|-heal|p2a: Klefki|193/318|[from] item: Leftovers","|turn|11","|","|switch|p2a: Excadrill|Excadrill, M|361/361","|-ability|p2a: Excadrill|Mold Breaker","|switch|p1a: Lola|Lopunny-Mega, F|271/271","|","|turn|12","|","|move|p2a: Excadrill|Earthquake|p1a: Lola","|-damage|p1a: Lola|82/271","|move|p1a: Lola|High Jump Kick|p2a: Excadrill","|-supereffective|p2a: Excadrill","|-damage|p2a: Excadrill|0 fnt","|faint|p2a: Excadrill","|","|","|switch|p2a: Klefki|Klefki, M|193/318","|turn|13","|","|switch|p1a: Y U NO DIE|Porygon2|373/373 par","|move|p2a: Klefki|Dazzling Gleam|p1a: Y U NO DIE","|-damage|p1a: Y U NO DIE|336/373 par","|","|-heal|p2a: Klefki|212/318|[from] item: Leftovers","|turn|14","|","|switch|p2a: Cobalion|Cobalion|386/386","|move|p1a: Y U NO DIE|Thunderbolt|p2a: Cobalion","|-damage|p2a: Cobalion|269/386","|","|-heal|p2a: Cobalion|293/386|[from] item: Leftovers","|turn|15","|","|move|p2a: Cobalion|Stealth Rock|p1a: Y U NO DIE","|-sidestart|p1: Silver LadyLaxus|move: Stealth Rock","|cant|p1a: Y U NO DIE|par","|","|-heal|p2a: Cobalion|317/386|[from] item: Leftovers","|turn|16","|","|switch|p1a: CopyMachine|Ditto|43/237","|-damage|p1a: CopyMachine|14/237|[from] Stealth Rock","|-transform|p1a: CopyMachine|p2a: Cobalion","|move|p2a: Cobalion|Sacred Sword|p1a: CopyMachine","|-supereffective|p1a: CopyMachine","|-damage|p1a: CopyMachine|0 fnt","|faint|p1a: CopyMachine","|","|-heal|p2a: Cobalion|341/386|[from] item: Leftovers","|","|switch|p1a: Nala|Pyroar, F|313/313","|-damage|p1a: Nala|235/313|[from] Stealth Rock","|-ability|p1a: Nala|Unnerve|p2: Crystal Giigan","|turn|17","|","|move|p2a: Cobalion|Stealth Rock|p1a: Nala","|-fail|p1a: Nala","|move|p1a: Nala|Flamethrower|p2a: Cobalion","|-crit|p2a: Cobalion","|-supereffective|p2a: Cobalion","|-damage|p2a: Cobalion|0 fnt","|faint|p2a: Cobalion","|","|","|switch|p2a: Klefki|Klefki, M|212/318","|turn|18","|","|move|p2a: Klefki|Calm Mind|p2a: Klefki","|-boost|p2a: Klefki|spa|1","|-boost|p2a: Klefki|spd|1","|move|p1a: Nala|Flamethrower|p2a: Klefki","|-supereffective|p2a: Klefki","|-damage|p2a: Klefki|0 fnt","|faint|p2a: Klefki","|","|","|switch|p2a: Bisharp|Bisharp, F|333/333","|turn|19","|","|move|p2a: Bisharp|Sucker Punch|p1a: Nala","|-damage|p1a: Nala|19/313","|move|p1a: Nala|Endeavor|p2a: Bisharp","|-damage|p2a: Bisharp|19/333","|","|turn|20","|","|move|p2a: Bisharp|Sucker Punch|p1a: Nala","|-damage|p1a: Nala|0 fnt","|faint|p1a: Nala","|","|","|switch|p1a: Canada|Chansey, F|703/703","|-damage|p1a: Canada|616/703|[from] Stealth Rock","|turn|21","|","|move|p2a: Bisharp|Taunt|p1a: Canada","|-start|p1a: Canada|move: Taunt","|move|p1a: Canada|Seismic Toss|p2a: Bisharp","|-damage|p2a: Bisharp|0 fnt","|faint|p2a: Bisharp","|","|","|switch|p2a: Lucario|Lucario, F|281/281","|turn|22","|","|move|p2a: Lucario|Nasty Plot|p2a: Lucario","|-boost|p2a: Lucario|spa|2","|move|p1a: Canada|Seismic Toss|p2a: Lucario","|-damage|p2a: Lucario|181/281","|","|turn|23","|","|move|p2a: Lucario|Aura Sphere|p1a: Canada","|-supereffective|p1a: Canada","|-damage|p1a: Canada|171/703","|-damage|p2a: Lucario|153/281|[from] item: Life Orb","|move|p1a: Canada|Seismic Toss|p2a: Lucario","|-damage|p2a: Lucario|53/281","|","|-end|p1a: Canada|move: Taunt","|turn|24","|","|move|p2a: Lucario|Aura Sphere|p1a: Canada","|-supereffective|p1a: Canada","|-damage|p1a: Canada|0 fnt","|-damage|p2a: Lucario|25/281|[from] item: Life Orb","|faint|p1a: Canada","|","|","|switch|p1a: Lola|Lopunny-Mega, F|82/271","|-damage|p1a: Lola|66/271|[from] Stealth Rock","|turn|25","|","|move|p1a: Lola|Endure|p1a: Lola","|-singleturn|p1a: Lola|move: Endure","|move|p2a: Lucario|Flash Cannon|p1a: Lola","|-activate|p1a: Lola|move: Endure","|-damage|p1a: Lola|1/271","|-damage|p2a: Lucario|0 fnt|[from] item: Life Orb","|faint|p2a: Lucario","|","|win|Silver LadyLaxus"],"p1rating":{"entryid":"221665","serverid":"eos","formatid":"monotype","userid":"silverladylaxus","username":"Silver LadyLaxus","w":5,"l":"2","t":"0","gxe":61.8,"r":"1545.9049391545","rd":"101.75961480727","sigma":"0","rptime":"1440406800","rpr":1594.062649911,"rprd":94.380464546349,"rpsigma":"0","acre":1131.4493512498,"lacre":1131.4493512498,"oldacre":"1106.2230776885"},"p2rating":{"entryid":"80850","serverid":"eos","formatid":"monotype","userid":"crystalgiigan","username":"Crystal Giigan","w":"7","l":8,"t":"0","gxe":49.3,"r":"1509.9168284476","rd":"79.618034646372","sigma":"0","rptime":"1440406800","rpr":1494.9646459267,"rprd":77.806954363638,"rpsigma":"0","acre":1084.1415094906,"lacre":1084.1415094906,"oldacre":"1109.3677830519"},"endType":"normal"}