{"seed":[9950,23073,22615,45848],"turns":26,"p1":"Alliance - Mxy","p2":"slakingdra","p1team":[{"name":"Steelix","species":"Steelix","item":"steelixite","ability":"Rock Head","moves":["heavyslam","earthquake","firefang","sandstorm"],"nature":"Adamant","evs":{"hp":248,"atk":252,"def":0,"spa":0,"spd":8,"spe":0},"ivs":{"hp":31,"atk":31,"def":31,"spa":31,"spd":31,"spe":31}},{"name":"Excadrill","species":"Excadrill","item":"airballoon","ability":"Sand Rush","moves":["earthquake","rockslide","swordsdance","rapidspin"],"nature":"Jolly","evs":{"hp":0,"atk":252,"def":0,"spa":0,"spd":4,"spe":252},"ivs":{"hp":31,"atk":31,"def":31,"spa":31,"spd":31,"spe":31}},{"name":"Aggron","species":"Aggron","item":"custapberry","ability":"Sturdy","moves":["endeavor","sandstorm","thunderwave","taunt"],"nature":"Jolly","evs":{"hp":4,"atk":252,"def":0,"spa":0,"spd":0,"spe":252},"ivs":{"hp":31,"atk":31,"def":31,"spa":31,"spd":31,"spe":31}},{"name":"Magnezone","species":"Magnezone","item":"choicescarf","ability":"Sturdy","moves":["voltswitch","thunderbolt","flashcannon","hiddenpowerice"],"nature":"Timid","evs":{"hp":0,"atk":0,"def":0,"spa":252,"spd":4,"spe":252},"ivs":{"hp":31,"atk":0,"def":30,"spa":31,"spd":31,"spe":31}},{"name":"Heatran","species":"Heatran","item":"leftovers","ability":"Flash Fire","moves":["lavaplume","earthpower","toxic","stealthrock"],"nature":"Calm","evs":{"hp":252,"atk":0,"def":0,"spa":0,"spd":172,"spe":84},"ivs":{"hp":31,"atk":31,"def":31,"spa":31,"spd":31,"spe":31}},{"name":"Skarmory","species":"Skarmory","item":"rockyhelmet","ability":"Sturdy","moves":["bravebird","roost","spikes","sandstorm"],"nature":"Impish","evs":{"hp":248,"atk":0,"def":236,"spa":0,"spd":0,"spe":24},"ivs":{"hp":31,"atk":31,"def":31,"spa":31,"spd":31,"spe":31}}],"p2team":[{"name":"Gengar","species":"Gengar","item":"focussash","ability":"Levitate","moves":["taunt","shadowball","destinybond","dazzlinggleam"],"nature":"Timid","evs":{"hp":0,"atk":0,"def":0,"spa":252,"spd":4,"spe":0},"ivs":{"hp":31,"atk":31,"def":31,"spa":31,"spd":31,"spe":31}},{"name":"Chandelure","species":"Chandelure","item":"choicescarf","ability":"Flash Fire","moves":["flamethrower","shadowball","energyball","darkpulse"],"nature":"Timid","evs":{"hp":0,"atk":0,"def":0,"spa":252,"spd":4,"spe":252},"ivs":{"hp":31,"atk":31,"def":31,"spa":31,"spd":31,"spe":31}},{"name":"I hate this guy","species":"sableye","item":"sablenite","ability":"Prankster","moves":["willowisp","calmmind","recover","darkpulse"],"nature":"Modest","evs":{"hp":248,"atk":0,"def":0,"spa":252,"spd":8,"spe":0},"ivs":{"hp":31,"atk":31,"def":31,"spa":31,"spd":31,"spe":31}},{"name":"Golurk","species":"Golurk","item":"focussash","ability":"No Guard","moves":["dynamicpunch","stealthrock","stoneedge","earthquake"],"nature":"Adamant","evs":{"hp":248,"atk":252,"def":0,"spa":0,"spd":8,"spe":0},"ivs":{"hp":31,"atk":31,"def":31,"spa":31,"spd":31,"spe":31}},{"name":"Aegislash","species":"Aegislash","item":"weaknesspolicy","ability":"Stance Change","moves":["kingsshield","swordsdance","shadowsneak","ironhead"],"nature":"Adamant","evs":{"hp":248,"atk":252,"def":0,"spa":0,"spd":8,"spe":0},"ivs":{"hp":31,"atk":31,"def":31,"spa":31,"spd":31,"spe":31}},{"name":"Jellicent","species":"Jellicent","item":"leftovers","ability":"Water Absorb","moves":["scald","willowisp","recover","shadowball"],"nature":"Calm","evs":{"hp":248,"atk":0,"def":252,"spa":8,"spd":0,"spe":0},"ivs":{"hp":31,"atk":31,"def":31,"spa":31,"spd":31,"spe":31}}],"log":["|player|p1|Alliance - Mxy|270","|player|p2|slakingdra|269","|gametype|singles","|gen|6","|tier|Monotype","|rated","|rule|Baton Pass Clause: Limit one Baton Passer, can't pass Spe and other stats simultaneously","|rule|Swagger Clause: Swagger is banned","|rule|Same Type Clause: Pokémon in a team must share a type","|clearpoke","|poke|p1|Steelix, F","|poke|p1|Excadrill, F","|poke|p1|Aggron, M","|poke|p1|Magnezone","|poke|p1|Heatran, F","|poke|p1|Skarmory, F","|poke|p2|Gengar, F","|poke|p2|Chandelure, M","|poke|p2|Sableye, F","|poke|p2|Golurk","|poke|p2|Aegislash, M","|poke|p2|Jellicent, F","|rule|Sleep Clause Mod: Limit one foe put to sleep","|rule|Species Clause: Limit one of each Pokémon","|rule|OHKO Clause: OHKO moves are banned","|rule|Moody Clause: Moody is banned","|rule|Evasion Moves Clause: Evasion moves are banned","|rule|Endless Battle Clause: Forcing endless battles is banned","|rule|HP Percentage Mod: HP is shown in percentages","|teampreview","|","|start","|switch|p1a: Aggron|Aggron, M|282/282","|switch|p2a: Jellicent|Jellicent, F|403/403","|turn|1","|","|move|p1a: Aggron|Taunt|p2a: Jellicent","|-start|p2a: Jellicent|move: Taunt","|cant|p2a: Jellicent|move: Taunt|Will-O-Wisp","|","|turn|2","|","|move|p1a: Aggron|Sandstorm|p1a: Aggron","|-weather|Sandstorm","|move|p2a: Jellicent|Scald|p1a: Aggron","|-supereffective|p1a: Aggron","|-damage|p1a: Aggron|114/282","|","|-weather|Sandstorm|[upkeep]","|-damage|p2a: Jellicent|378/403|[from] sandstorm","|-heal|p2a: Jellicent|403/403|[from] item: Leftovers","|turn|3","|","|switch|p1a: Magnezone|Magnezone|281/281","|move|p2a: Jellicent|Scald|p1a: Magnezone","|-damage|p1a: Magnezone|185/281","|-status|p1a: Magnezone|brn","|","|-weather|Sandstorm|[upkeep]","|-damage|p2a: Jellicent|378/403|[from] sandstorm","|-heal|p2a: Jellicent|403/403|[from] item: Leftovers","|-damage|p1a: Magnezone|150/281 brn|[from] brn","|-end|p2a: Jellicent|move: Taunt","|turn|4","|","|move|p1a: Magnezone|Volt Switch|p2a: Jellicent","|-supereffective|p2a: Jellicent","|-damage|p2a: Jellicent|187/403","|","|switch|p1a: Heatran|Heatran, F|386/386","|move|p2a: Jellicent|Scald|p1a: Heatran","|-supereffective|p1a: Heatran","|-damage|p1a: Heatran|270/386","|","|-weather|Sandstorm|[upkeep]","|-damage|p2a: Jellicent|162/403|[from] sandstorm","|-heal|p1a: Heatran|294/386|[from] item: Leftovers","|-heal|p2a: Jellicent|187/403|[from] item: Leftovers","|turn|5","|","|move|p1a: Heatran|Stealth Rock|p2a: Jellicent","|-sidestart|p2: slakingdra|move: Stealth Rock","|move|p2a: Jellicent|Scald|p1a: Heatran","|-supereffective|p1a: Heatran","|-damage|p1a: Heatran|180/386","|","|-weather|Sandstorm|[upkeep]","|-damage|p2a: Jellicent|162/403|[from] sandstorm","|-heal|p1a: Heatran|204/386|[from] item: Leftovers","|-heal|p2a: Jellicent|187/403|[from] item: Leftovers","|turn|6","|","|move|p1a: Heatran|Toxic|p2a: Jellicent","|-status|p2a: Jellicent|tox","|move|p2a: Jellicent|Shadow Ball|p1a: Heatran","|-damage|p1a: Heatran|143/386","|","|-weather|none","|-heal|p1a: Heatran|167/386|[from] item: Leftovers","|-heal|p2a: Jellicent|212/403 tox|[from] item: Leftovers","|-damage|p2a: Jellicent|187/403 tox|[from] psn","|turn|7","|","|switch|p1a: Skarmory|Skarmory, F|333/333","|move|p2a: Jellicent|Scald|p1a: Skarmory","|-damage|p1a: Skarmory|221/333","|","|-heal|p2a: Jellicent|212/403 tox|[from] item: Leftovers","|-damage|p2a: Jellicent|162/403 tox|[from] psn","|turn|8","|","|move|p1a: Skarmory|Spikes|p2a: Jellicent","|-sidestart|p2: slakingdra|Spikes","|move|p2a: Jellicent|Will-O-Wisp|p1a: Skarmory","|-status|p1a: Skarmory|brn","|","|-heal|p2a: Jellicent|187/403 tox|[from] item: Leftovers","|-damage|p1a: Skarmory|180/333 brn|[from] brn","|-damage|p2a: Jellicent|112/403 tox|[from] psn","|turn|9","|","|move|p1a: Skarmory|Spikes|p2a: Jellicent","|-sidestart|p2: slakingdra|Spikes","|move|p2a: Jellicent|Recover|p2a: Jellicent","|-heal|p2a: Jellicent|314/403 tox","|","|-heal|p2a: Jellicent|339/403 tox|[from] item: Leftovers","|-damage|p1a: Skarmory|139/333 brn|[from] brn","|-damage|p2a: Jellicent|239/403 tox|[from] psn","|turn|10","|","|move|p1a: Skarmory|Sandstorm|p1a: Skarmory","|-weather|Sandstorm","|move|p2a: Jellicent|Scald|p1a: Skarmory","|-damage|p1a: Skarmory|25/333 brn","|","|-weather|Sandstorm|[upkeep]","|-damage|p2a: Jellicent|214/403 tox|[from] sandstorm","|-heal|p2a: Jellicent|239/403 tox|[from] item: Leftovers","|-damage|p1a: Skarmory|0 fnt|[from] brn","|-damage|p2a: Jellicent|114/403 tox|[from] psn","|faint|p1a: Skarmory","|","|switch|p1a: Excadrill|Excadrill, F|361/361","|-item|p1a: Excadrill|Air Balloon","|turn|11","|","|move|p1a: Excadrill|Earthquake|p2a: Jellicent","|-damage|p2a: Jellicent|0 fnt","|faint|p2a: Jellicent","|","|-weather|Sandstorm|[upkeep]","|","|switch|p2a: Golurk|Golurk|381/381","|-damage|p2a: Golurk|318/381|[from] Spikes","|-damage|p2a: Golurk|295/381|[from] Stealth Rock","|turn|12","|","|move|p1a: Excadrill|Earthquake|p2a: Golurk","|-damage|p2a: Golurk|91/381","|move|p2a: Golurk|Dynamic Punch|p1a: Excadrill","|-supereffective|p1a: Excadrill","|-damage|p1a: Excadrill|5/361","|-enditem|p1a: Excadrill|Air Balloon","|-start|p1a: Excadrill|confusion","|","|-weather|Sandstorm|[upkeep]","|turn|13","|","|-activate|p1a: Excadrill|confusion","|move|p1a: Excadrill|Earthquake|p2a: Golurk","|-damage|p2a: Golurk|0 fnt","|faint|p2a: Golurk","|","|-weather|Sandstorm|[upkeep]","|","|switch|p2a: Aegislash|Aegislash, M|323/323","|-damage|p2a: Aegislash|303/323|[from] Stealth Rock","|-damage|p2a: Aegislash|250/323|[from] Spikes","|turn|14","|","|switch|p1a: Steelix|Steelix, F|353/353","|move|p2a: Aegislash|Swords Dance|p2a: Aegislash","|-boost|p2a: Aegislash|atk|2","|","|-weather|none","|turn|15","|","|detailschange|p1a: Steelix|Steelix-Mega, F","|-mega|p1a: Steelix|Steelix|Steelixite","|move|p2a: Aegislash|Swords Dance|p2a: Aegislash","|-boost|p2a: Aegislash|atk|2","|move|p1a: Steelix|Earthquake|p2a: Aegislash","|-supereffective|p2a: Aegislash","|-damage|p2a: Aegislash|2/323","|-enditem|p2a: Aegislash|Weakness Policy","|-boost|p2a: Aegislash|atk|2|[from] item: Weakness Policy","|-boost|p2a: Aegislash|spa|2|[from] item: Weakness Policy","|","|turn|16","|","|-formechange|p2a: Aegislash|Aegislash-Blade","|move|p2a: Aegislash|Iron Head|p1a: Steelix","|-crit|p1a: Steelix","|-resisted|p1a: Steelix","|-damage|p1a: Steelix|85/353","|move|p1a: Steelix|Earthquake|p2a: Aegislash","|-supereffective|p2a: Aegislash","|-damage|p2a: Aegislash|0 fnt","|faint|p2a: Aegislash","|","|","|switch|p2a: Chandelure|Chandelure, M|261/261","|-damage|p2a: Chandelure|196/261|[from] Stealth Rock","|-damage|p2a: Chandelure|153/261|[from] Spikes","|turn|17","|","|move|p2a: Chandelure|Shadow Ball|p1a: Steelix","|-damage|p1a: Steelix|0 fnt","|faint|p1a: Steelix","|","|","|switch|p1a: Magnezone|Magnezone|150/281 brn","|turn|18","|","|move|p2a: Chandelure|Shadow Ball|p1a: Magnezone","|-damage|p1a: Magnezone|0 fnt","|faint|p1a: Magnezone","|","|","|switch|p1a: Heatran|Heatran, F|167/386","|turn|19","|","|move|p2a: Chandelure|Shadow Ball|p1a: Heatran","|-damage|p1a: Heatran|50/386","|move|p1a: Heatran|Earth Power|p2a: Chandelure","|-supereffective|p2a: Chandelure","|-damage|p2a: Chandelure|0 fnt","|faint|p2a: Chandelure","|","|-heal|p1a: Heatran|74/386|[from] item: Leftovers","|","|switch|p2a: I hate this guy|Sableye, F|303/303","|-damage|p2a: I hate this guy|253/303|[from] Spikes","|-damage|p2a: I hate this guy|216/303|[from] Stealth Rock","|turn|20","|","|detailschange|p2a: I hate this guy|Sableye-Mega, F","|-mega|p2a: I hate this guy|Sableye|Sablenite","|move|p2a: I hate this guy|Calm Mind|p2a: I hate this guy","|-boost|p2a: I hate this guy|spa|1","|-boost|p2a: I hate this guy|spd|1","|move|p1a: Heatran|Lava Plume|p2a: I hate this guy","|-damage|p2a: I hate this guy|146/303","|","|-heal|p1a: Heatran|98/386|[from] item: Leftovers","|turn|21","|","|move|p1a: Heatran|Lava Plume|p2a: I hate this guy","|-damage|p2a: I hate this guy|77/303","|-status|p2a: I hate this guy|brn","|move|p2a: I hate this guy|Calm Mind|p2a: I hate this guy","|-boost|p2a: I hate this guy|spa|1","|-boost|p2a: I hate this guy|spd|1","|","|-heal|p1a: Heatran|122/386|[from] item: Leftovers","|-damage|p2a: I hate this guy|40/303 brn|[from] brn","|turn|22","|","|move|p1a: Heatran|Lava Plume|p2a: I hate this guy","|-damage|p2a: I hate this guy|0 fnt","|faint|p2a: I hate this guy","|","|-heal|p1a: Heatran|146/386|[from] item: Leftovers","|","|switch|p2a: Gengar|Gengar, F|261/261","|-damage|p2a: Gengar|229/261|[from] Stealth Rock","|turn|23","|","|switch|p1a: Aggron|Aggron, M|114/282","|move|p2a: Gengar|Shadow Ball|p1a: Aggron","|-damage|p1a: Aggron|0 fnt","|faint|p1a: Aggron","|","|","|switch|p1a: Heatran|Heatran, F|146/386","|turn|24","|","|move|p2a: Gengar|Shadow Ball|p1a: Heatran","|-damage|p1a: Heatran|40/386","|move|p1a: Heatran|Lava Plume|p2a: Gengar","|-crit|p2a: Gengar","|-damage|p2a: Gengar|21/261","|","|-heal|p1a: Heatran|64/386|[from] item: Leftovers","|turn|25","|","|move|p2a: Gengar|Shadow Ball|p1a: Heatran","|-damage|p1a: Heatran|0 fnt","|faint|p1a: Heatran","|","|","|switch|p1a: Excadrill|Excadrill, F|5/361","|turn|26","|","|move|p1a: Excadrill|Rock Slide|p2a: Gengar","|-miss|p1a: Excadrill|p2a: Gengar","|move|p2a: Gengar|Shadow Ball|p1a: Excadrill","|-damage|p1a: Excadrill|0 fnt","|faint|p1a: Excadrill","|","|win|slakingdra"],"p1rating":{"entryid":"127788","serverid":"eos","formatid":"monotype","userid":"alliancemxy","username":"Alliance - Mxy","w":"16","l":11,"t":"0","gxe":57.2,"r":"1604.4900838263","rd":"67.887001260084","sigma":"0","rptime":"1440406800","rpr":1555.541403839,"rprd":63.816815780124,"rpsigma":"0","acre":1083.1700624147,"lacre":1083.1700624147,"oldacre":"1108.5304823343"},"p2rating":{"entryid":"357838","serverid":"eos","formatid":"monotype","userid":"slakingdra","username":"slakingdra","w":7,"l":"3","t":"0","gxe":61.5,"r":"1592.4180693694","rd":"93.089246667293","sigma":"0","rptime":"1440406800","rpr":1590.9679997532,"rprd":87.594863911791,"rpsigma":"0","acre":1128.8816469543,"lacre":1128.8816469543,"oldacre":"1103.5212270347"},"endType":"normal"}