{"seed":[49296,8508,29037,16017],"turns":35,"p1":"Tobashi","p2":"Void Who","p1team":[{"name":"Ferrothorn","species":"Ferrothorn","item":"leftovers","ability":"Iron Barbs","moves":["stealthrock","leechseed","gyroball","toxic"],"nature":"Relaxed","evs":{"hp":252,"atk":0,"def":88,"spa":0,"spd":168,"spe":0},"ivs":{"hp":31,"atk":31,"def":31,"spa":31,"spd":31,"spe":31}},{"name":"Cradily","species":"Cradily","item":"leftovers","ability":"Storm Drain","moves":["curse","earthquake","synthesis","rockslide"],"nature":"Careful","evs":{"hp":252,"atk":0,"def":4,"spa":0,"spd":252,"spe":0},"ivs":{"hp":31,"atk":31,"def":31,"spa":31,"spd":31,"spe":31}},{"name":"Celebi","species":"Celebi","item":"leftovers","ability":"Natural Cure","moves":["recover","batonpass","gigadrain","calmmind"],"nature":"Bold","evs":{"hp":252,"atk":0,"def":220,"spa":0,"spd":0,"spe":36},"ivs":{"hp":31,"atk":31,"def":31,"spa":31,"spd":31,"spe":31}},{"name":"Shiftry","species":"Shiftry","item":"lifeorb","ability":"Chlorophyll","moves":["knockoff","suckerpunch","rockslide","defog"],"nature":"Adamant","evs":{"hp":0,"atk":252,"def":0,"spa":0,"spd":4,"spe":252},"ivs":{"hp":31,"atk":31,"def":31,"spa":31,"spd":31,"spe":31}},{"name":"Shaymin","species":"Shaymin","item":"choicescarf","ability":"Natural Cure","moves":["energyball","earthpower","dazzlinggleam","healingwish"],"nature":"Modest","evs":{"hp":0,"atk":0,"def":0,"spa":252,"spd":4,"spe":252},"ivs":{"hp":31,"atk":31,"def":31,"spa":31,"spd":31,"spe":31}},{"name":"Sceptile","species":"Sceptile","item":"sceptilite","ability":"Overgrow","moves":["dragonpulse","energyball","focusblast","hiddenpowerrock"],"nature":"Timid","evs":{"hp":0,"atk":0,"def":144,"spa":112,"spd":0,"spe":252},"ivs":{"hp":31,"atk":31,"def":30,"spa":31,"spd":30,"spe":30}}],"p2team":[{"name":"Lopunny","species":"Lopunny","item":"lopunnite","ability":"Limber","moves":["fakeout","drainpunch","icepunch","toxic"],"nature":"Jolly","evs":{"hp":0,"atk":252,"def":0,"spa":0,"spd":4,"spe":252},"ivs":{"hp":31,"atk":31,"def":31,"spa":31,"spd":31,"spe":31}},{"name":"Chansey","species":"Chansey","item":"eviolite","ability":"Natural Cure","moves":["aromatherapy","softboiled","thunderwave","seismictoss"],"nature":"","evs":{"hp":0,"atk":252,"def":0,"spa":0,"spd":4,"spe":252},"ivs":{"hp":31,"atk":31,"def":31,"spa":31,"spd":31,"spe":31}},{"name":"Meloetta","species":"Meloetta","item":"assaultvest","ability":"Serene Grace","moves":["psychic","hypervoice","focusblast","shadowball"],"nature":"Modest","evs":{"hp":248,"atk":0,"def":0,"spa":252,"spd":8,"spe":0},"ivs":{"hp":31,"atk":31,"def":31,"spa":31,"spd":31,"spe":31}},{"name":"Staraptor","species":"Staraptor","item":"leftovers","ability":"Intimidate","moves":["roost","defog","bravebird","closecombat"],"nature":"Adamant","evs":{"hp":0,"atk":252,"def":0,"spa":0,"spd":4,"spe":0},"ivs":{"hp":31,"atk":31,"def":31,"spa":31,"spd":31,"spe":31}},{"name":"Heliolisk","species":"Heliolisk","item":"lifeorb","ability":"Dry Skin","moves":["thunderbolt","surf","focusblast","raindance"],"nature":"Timid","evs":{"hp":0,"atk":0,"def":0,"spa":252,"spd":4,"spe":252},"ivs":{"hp":31,"atk":31,"def":31,"spa":31,"spd":31,"spe":31}},{"name":"Ditto","species":"Ditto","item":"choicescarf","ability":"Imposter","moves":["transform"],"nature":"Bold","evs":{"hp":248,"atk":0,"def":252,"spa":0,"spd":8,"spe":0},"ivs":{"hp":31,"atk":31,"def":31,"spa":31,"spd":31,"spe":31}}],"log":["|player|p1|Tobashi|66","|player|p2|Void Who|voidwho.gif","|gametype|singles","|gen|6","|tier|Monotype","|rated","|rule|Baton Pass Clause: Limit one Baton Passer, can't pass Spe and other stats simultaneously","|rule|Swagger Clause: Swagger is banned","|rule|Same Type Clause: Pokémon in a team must share a type","|clearpoke","|poke|p1|Ferrothorn, M","|poke|p1|Cradily, F","|poke|p1|Celebi","|poke|p1|Shiftry, M","|poke|p1|Shaymin","|poke|p1|Sceptile, M","|poke|p2|Lopunny, F","|poke|p2|Chansey, F","|poke|p2|Meloetta","|poke|p2|Staraptor, M","|poke|p2|Heliolisk, F","|poke|p2|Ditto","|rule|Sleep Clause Mod: Limit one foe put to sleep","|rule|Species Clause: Limit one of each Pokémon","|rule|OHKO Clause: OHKO moves are banned","|rule|Moody Clause: Moody is banned","|rule|Evasion Moves Clause: Evasion moves are banned","|rule|Endless Battle Clause: Forcing endless battles is banned","|rule|HP Percentage Mod: HP is shown in percentages","|teampreview","|","|start","|switch|p1a: Cradily|Cradily, F|376/376","|switch|p2a: Meloetta|Meloetta|403/403","|turn|1","|","|switch|p1a: Ferrothorn|Ferrothorn, M|352/352","|move|p2a: Meloetta|Focus Blast|p1a: Ferrothorn|[miss]","|-miss|p2a: Meloetta|p1a: Ferrothorn","|","|turn|2","|","|switch|p1a: Celebi|Celebi|404/404","|move|p2a: Meloetta|Focus Blast|p1a: Celebi","|-resisted|p1a: Celebi","|-damage|p1a: Celebi|330/404","|","|-heal|p1a: Celebi|355/404|[from] item: Leftovers","|turn|3","|","|move|p1a: Celebi|Calm Mind|p1a: Celebi","|-boost|p1a: Celebi|spa|1","|-boost|p1a: Celebi|spd|1","|move|p2a: Meloetta|Shadow Ball|p1a: Celebi","|-supereffective|p1a: Celebi","|-damage|p1a: Celebi|223/404","|-unboost|p1a: Celebi|spd|1","|","|-heal|p1a: Celebi|248/404|[from] item: Leftovers","|turn|4","|","|move|p1a: Celebi|Calm Mind|p1a: Celebi","|-boost|p1a: Celebi|spa|1","|-boost|p1a: Celebi|spd|1","|move|p2a: Meloetta|Shadow Ball|p1a: Celebi","|-supereffective|p1a: Celebi","|-damage|p1a: Celebi|102/404","|-unboost|p1a: Celebi|spd|1","|","|-heal|p1a: Celebi|127/404|[from] item: Leftovers","|turn|5","|","|move|p1a: Celebi|Recover|p1a: Celebi","|-heal|p1a: Celebi|329/404","|move|p2a: Meloetta|Hyper Voice|p1a: Celebi","|-damage|p1a: Celebi|145/404","|","|-heal|p1a: Celebi|170/404|[from] item: Leftovers","|turn|6","|","|move|p1a: Celebi|Baton Pass|p1a: Celebi","|","|switch|p1a: Sceptile|Sceptile, M|281/281","|move|p2a: Meloetta|Shadow Ball|p1a: Sceptile","|-damage|p1a: Sceptile|169/281","|-unboost|p1a: Sceptile|spd|1","|","|turn|7","|","|detailschange|p1a: Sceptile|Sceptile-Mega, M","|-mega|p1a: Sceptile|Sceptile|Sceptilite","|move|p1a: Sceptile|Energy Ball|p2a: Meloetta","|-damage|p2a: Meloetta|238/403","|move|p2a: Meloetta|Hyper Voice|p1a: Sceptile","|-damage|p1a: Sceptile|0 fnt","|faint|p1a: Sceptile","|","|","|switch|p1a: Shiftry|Shiftry, M|321/321","|turn|8","|","|switch|p2a: Staraptor|Staraptor, M|311/311","|-ability|p2a: Staraptor|Intimidate","|-unboost|p1a: Shiftry|atk|1","|move|p1a: Shiftry|Knock Off|p2a: Staraptor","|-damage|p2a: Staraptor|132/311","|-enditem|p2a: Staraptor|Leftovers|[from] move: Knock Off|[of] p1a: Shiftry","|-damage|p1a: Shiftry|289/321|[from] item: Life Orb","|","|turn|9","|","|switch|p1a: Ferrothorn|Ferrothorn, M|352/352","|move|p2a: Staraptor|Roost|p2a: Staraptor","|-heal|p2a: Staraptor|288/311","|","|turn|10","|","|switch|p2a: Meloetta|Meloetta|238/403","|move|p1a: Ferrothorn|Leech Seed|p2a: Meloetta","|-start|p2a: Meloetta|move: Leech Seed","|","|-damage|p2a: Meloetta|188/403|[from] Leech Seed|[of] p1a: Ferrothorn","|turn|11","|","|switch|p1a: Celebi|Celebi|170/404","|move|p2a: Meloetta|Focus Blast|p1a: Celebi|[miss]","|-miss|p2a: Meloetta|p1a: Celebi","|","|-heal|p1a: Celebi|195/404|[from] item: Leftovers","|-damage|p2a: Meloetta|138/403|[from] Leech Seed|[of] p1a: Celebi","|-heal|p1a: Celebi|245/404|[silent]","|turn|12","|","|switch|p2a: Heliolisk|Heliolisk, F|265/265","|move|p1a: Celebi|Baton Pass|p1a: Celebi","|","|switch|p1a: Cradily|Cradily, F|376/376","|","|turn|13","|","|move|p2a: Heliolisk|Focus Blast|p1a: Cradily","|-supereffective|p1a: Cradily","|-damage|p1a: Cradily|160/376","|-damage|p2a: Heliolisk|239/265|[from] item: Life Orb","|move|p1a: Cradily|Synthesis|p1a: Cradily","|-heal|p1a: Cradily|348/376","|","|-heal|p1a: Cradily|371/376|[from] item: Leftovers","|turn|14","|","|move|p2a: Heliolisk|Rain Dance|p2a: Heliolisk","|-weather|RainDance","|move|p1a: Cradily|Earthquake|p2a: Heliolisk","|-supereffective|p2a: Heliolisk","|-damage|p2a: Heliolisk|27/265","|","|-weather|RainDance|[upkeep]","|-heal|p2a: Heliolisk|60/265|[from] ability: Dry Skin","|-heal|p1a: Cradily|376/376|[from] item: Leftovers","|turn|15","|","|switch|p2a: Staraptor|Staraptor, M|288/311","|-ability|p2a: Staraptor|Intimidate","|-unboost|p1a: Cradily|atk|1","|move|p1a: Cradily|Earthquake|p2a: Staraptor","|-immune|p2a: Staraptor|[msg]","|","|-weather|RainDance|[upkeep]","|turn|16","|","|move|p2a: Staraptor|Close Combat|p1a: Cradily","|-supereffective|p1a: Cradily","|-damage|p1a: Cradily|52/376","|-unboost|p2a: Staraptor|def|1","|-unboost|p2a: Staraptor|spd|1","|move|p1a: Cradily|Synthesis|p1a: Cradily","|-heal|p1a: Cradily|146/376","|","|-weather|RainDance|[upkeep]","|-heal|p1a: Cradily|169/376|[from] item: Leftovers","|turn|17","|","|switch|p1a: Celebi|Celebi|245/404","|move|p2a: Staraptor|Close Combat|p1a: Celebi","|-resisted|p1a: Celebi","|-damage|p1a: Celebi|195/404","|-unboost|p2a: Staraptor|def|1","|-unboost|p2a: Staraptor|spd|1","|","|-weather|RainDance|[upkeep]","|-heal|p1a: Celebi|220/404|[from] item: Leftovers","|turn|18","|","|switch|p2a: Heliolisk|Heliolisk, F|60/265","|move|p1a: Celebi|Giga Drain|p2a: Heliolisk","|-damage|p2a: Heliolisk|0 fnt","|-heal|p1a: Celebi|250/404|[from] drain|[of] p2a: Heliolisk","|faint|p2a: Heliolisk","|","|-weather|none","|-heal|p1a: Celebi|275/404|[from] item: Leftovers","|","|switch|p2a: Staraptor|Staraptor, M|288/311","|-ability|p2a: Staraptor|Intimidate","|-unboost|p1a: Celebi|atk|1","|turn|19","|","|move|p1a: Celebi|Giga Drain|p2a: Staraptor","|-resisted|p2a: Staraptor","|-damage|p2a: Staraptor|222/311","|-heal|p1a: Celebi|308/404|[from] drain|[of] p2a: Staraptor","|move|p2a: Staraptor|Brave Bird|p1a: Celebi","|-supereffective|p1a: Celebi","|-damage|p1a: Celebi|0 fnt","|-damage|p2a: Staraptor|120/311|[from] recoil|[of] p1a: Celebi","|faint|p1a: Celebi","|","|","|switch|p1a: Shiftry|Shiftry, M|289/321","|turn|20","|","|move|p1a: Shiftry|Rock Slide|p2a: Staraptor","|-crit|p2a: Staraptor","|-supereffective|p2a: Staraptor","|-damage|p2a: Staraptor|0 fnt","|-damage|p1a: Shiftry|257/321|[from] item: Life Orb","|faint|p2a: Staraptor","|","|","|switch|p2a: Lopunny|Lopunny, F|271/271","|turn|21","|","|switch|p1a: Ferrothorn|Ferrothorn, M|352/352","|detailschange|p2a: Lopunny|Lopunny-Mega, F","|-mega|p2a: Lopunny|Lopunny|Lopunnite","|move|p2a: Lopunny|Drain Punch|p1a: Ferrothorn","|-supereffective|p1a: Ferrothorn","|-damage|p1a: Ferrothorn|172/352","|-damage|p2a: Lopunny|238/271|[from] ability: Iron Barbs|[of] p1a: Ferrothorn","|","|-heal|p1a: Ferrothorn|194/352|[from] item: Leftovers","|turn|22","|","|switch|p2a: Ditto|Ditto|299/299","|-transform|p2a: Ditto|p1a: Ferrothorn","|move|p1a: Ferrothorn|Gyro Ball|p2a: Ditto","|-resisted|p2a: Ditto","|-damage|p2a: Ditto|285/299","|-damage|p1a: Ferrothorn|150/352|[from] ability: Iron Barbs|[of] p2a: Ditto","|","|-heal|p1a: Ferrothorn|172/352|[from] item: Leftovers","|turn|23","|","|move|p2a: Ditto|Stealth Rock|p1a: Ferrothorn","|-sidestart|p1: Tobashi|move: Stealth Rock","|move|p1a: Ferrothorn|Stealth Rock|p2a: Ditto","|-sidestart|p2: Void Who|move: Stealth Rock","|","|-heal|p1a: Ferrothorn|194/352|[from] item: Leftovers","|turn|24","|","|switch|p2a: Meloetta|Meloetta|138/403","|-damage|p2a: Meloetta|88/403|[from] Stealth Rock","|move|p1a: Ferrothorn|Gyro Ball|p2a: Meloetta","|-damage|p2a: Meloetta|0 fnt","|faint|p2a: Meloetta","|","|-heal|p1a: Ferrothorn|216/352|[from] item: Leftovers","|","|switch|p2a: Lopunny|Lopunny-Mega, F|238/271","|-damage|p2a: Lopunny|222/271|[from] Stealth Rock","|turn|25","|","|move|p2a: Lopunny|Drain Punch|p1a: Ferrothorn","|-supereffective|p1a: Ferrothorn","|-damage|p1a: Ferrothorn|40/352","|-heal|p2a: Lopunny|271/271|[from] drain|[of] p1a: Ferrothorn","|-damage|p2a: Lopunny|238/271|[from] ability: Iron Barbs|[of] p1a: Ferrothorn","|move|p1a: Ferrothorn|Gyro Ball|p2a: Lopunny","|-damage|p2a: Lopunny|69/271","|","|-heal|p1a: Ferrothorn|62/352|[from] item: Leftovers","|turn|26","|","|move|p2a: Lopunny|Drain Punch|p1a: Ferrothorn","|-supereffective|p1a: Ferrothorn","|-damage|p1a: Ferrothorn|0 fnt","|-heal|p2a: Lopunny|100/271|[from] drain|[of] p1a: Ferrothorn","|-damage|p2a: Lopunny|67/271|[from] ability: Iron Barbs|[of] p1a: Ferrothorn","|faint|p1a: Ferrothorn","|","|","|switch|p1a: Shiftry|Shiftry, M|257/321","|-damage|p1a: Shiftry|217/321|[from] Stealth Rock","|turn|27","|","|move|p1a: Shiftry|Sucker Punch|p2a: Lopunny","|-resisted|p2a: Lopunny","|-damage|p2a: Lopunny|0 fnt","|-damage|p1a: Shiftry|185/321|[from] item: Life Orb","|faint|p2a: Lopunny","|","|","|switch|p2a: Ditto|Ditto|285/299","|-damage|p2a: Ditto|248/299|[from] Stealth Rock","|-transform|p2a: Ditto|p1a: Shiftry","|turn|28","|","|move|p2a: Ditto|Knock Off|p1a: Shiftry","|-resisted|p1a: Shiftry","|-damage|p1a: Shiftry|69/321","|-enditem|p1a: Shiftry|Life Orb|[from] move: Knock Off|[of] p2a: Ditto","|move|p1a: Shiftry|Knock Off|p2a: Ditto","|-resisted|p2a: Ditto","|-damage|p2a: Ditto|125/299","|-enditem|p2a: Ditto|Choice Scarf|[from] move: Knock Off|[of] p1a: Shiftry","|","|turn|29","|","|switch|p1a: Cradily|Cradily, F|169/376","|-damage|p1a: Cradily|122/376|[from] Stealth Rock","|move|p2a: Ditto|Sucker Punch|p1a: Cradily","|-fail|p2a: Ditto","|","|-heal|p1a: Cradily|145/376|[from] item: Leftovers","|turn|30","|","|move|p2a: Ditto|Knock Off|p1a: Cradily","|-crit|p1a: Cradily","|-damage|p1a: Cradily|0 fnt","|-enditem|p1a: Cradily|Leftovers|[from] move: Knock Off|[of] p2a: Ditto","|faint|p1a: Cradily","|","|","|switch|p1a: Shaymin|Shaymin|341/341","|-damage|p1a: Shaymin|299/341|[from] Stealth Rock","|turn|31","|","|move|p1a: Shaymin|Dazzling Gleam|p2a: Ditto","|-supereffective|p2a: Ditto","|-damage|p2a: Ditto|0 fnt","|faint|p2a: Ditto","|","|","|switch|p2a: Chansey|Chansey, F|641/641","|-damage|p2a: Chansey|561/641|[from] Stealth Rock","|turn|32","|","|switch|p1a: Shiftry|Shiftry, M|69/321","|-damage|p1a: Shiftry|29/321|[from] Stealth Rock","|move|p2a: Chansey|Seismic Toss|p1a: Shiftry","|-damage|p1a: Shiftry|0 fnt","|faint|p1a: Shiftry","|","|","|switch|p1a: Shaymin|Shaymin|299/341","|-damage|p1a: Shaymin|257/341|[from] Stealth Rock","|turn|33","|","|move|p1a: Shaymin|Energy Ball|p2a: Chansey","|-damage|p2a: Chansey|474/641","|move|p2a: Chansey|Seismic Toss|p1a: Shaymin","|-damage|p1a: Shaymin|157/341","|","|turn|34","|","|move|p1a: Shaymin|Energy Ball|p2a: Chansey","|-damage|p2a: Chansey|378/641","|-unboost|p2a: Chansey|spd|1","|move|p2a: Chansey|Seismic Toss|p1a: Shaymin","|-damage|p1a: Shaymin|57/341","|","|turn|35","|","|move|p1a: Shaymin|Energy Ball|p2a: Chansey","|-damage|p2a: Chansey|225/641","|move|p2a: Chansey|Seismic Toss|p1a: Shaymin","|-damage|p1a: Shaymin|0 fnt","|faint|p1a: Shaymin","|","|win|Void Who"],"p1rating":{"entryid":"385011","serverid":"eos","formatid":"monotype","userid":"tobashi","username":"Tobashi","w":"1","l":1,"t":"0","gxe":51.1,"r":"1500","rd":"130","sigma":"0","rptime":"1440406800","rpr":1508.881782642,"rprd":115.87656262054,"rpsigma":"0","acre":1042.7367277308,"lacre":1042.7367277308,"oldacre":"1056.1497960826"},"p2rating":{"entryid":"114352","serverid":"eos","formatid":"monotype","userid":"voidwho","username":"Void Who","w":17,"l":"10","t":"0","gxe":58.7,"r":"1550.2422625244","rd":"66.623910946599","sigma":"0","rptime":"1440406800","rpr":1567.1846642655,"rprd":62.772861225472,"rpsigma":"0","acre":1171.2633741563,"lacre":1171.2633741563,"oldacre":"1153.0613241874"},"endType":"normal"}