{"seed":[20399,55726,54053,32950],"turns":26,"p1":"xNailz","p2":"Carnie Red","p1team":[{"name":"Charizard","species":"Charizard","item":"charizarditey","ability":"Blaze","moves":["solarbeam","flamethrower","dragonpulse","defog"],"nature":"Timid","evs":{"hp":0,"atk":0,"def":0,"spa":252,"spd":4,"spe":252},"ivs":{"hp":31,"atk":0,"def":31,"spa":31,"spd":31,"spe":31}},{"name":"Infernape","species":"Infernape","item":"focussash","ability":"Iron Fist","moves":["closecombat","overheat","machpunch","stealthrock"],"nature":"Naive","evs":{"hp":0,"atk":252,"def":4,"spa":0,"spd":0,"spe":252},"ivs":{"hp":31,"atk":30,"def":30,"spa":31,"spd":31,"spe":31}},{"name":"Victini","species":"Victini","item":"choicescarf","ability":"Victory Star","moves":["vcreate","boltstrike","uturn","zenheadbutt"],"nature":"Naive","evs":{"hp":0,"atk":252,"def":0,"spa":4,"spd":0,"spe":252},"ivs":{"hp":31,"atk":31,"def":31,"spa":31,"spd":31,"spe":31}},{"name":"Arcanine","species":"Arcanine","item":"leftovers","ability":"Intimidate","moves":["willowisp","extremespeed","morningsun","ironhead"],"nature":"Impish","evs":{"hp":240,"atk":0,"def":252,"spa":0,"spd":0,"spe":16},"ivs":{"hp":31,"atk":30,"def":30,"spa":31,"spd":31,"spe":31}},{"name":"Rotom-Heat","species":"Rotom-Heat","item":"leftovers","ability":"Levitate","moves":["thunderwave","overheat","hiddenpowerice","voltswitch"],"nature":"Modest","evs":{"hp":248,"atk":0,"def":0,"spa":8,"spd":252,"spe":0},"ivs":{"hp":31,"atk":30,"def":30,"spa":31,"spd":31,"spe":31}},{"name":"Chandelure","species":"Chandelure","item":"lifeorb","ability":"Infiltrator","moves":["flamethrower","energyball","trickroom","shadowball"],"nature":"Quiet","evs":{"hp":248,"atk":0,"def":8,"spa":252,"spd":0,"spe":0},"ivs":{"hp":31,"atk":30,"def":30,"spa":31,"spd":31,"spe":31}}],"p2team":[{"name":"Latias","species":"Latias","item":"latiasite","ability":"Levitate","moves":["dragonpulse","psyshock","roost","thunderwave"],"nature":"Bold","evs":{"hp":248,"atk":0,"def":0,"spa":252,"spd":8,"spe":0},"ivs":{"hp":31,"atk":31,"def":31,"spa":31,"spd":31,"spe":31}},{"name":"Dragonite","species":"Dragonite","item":"weaknesspolicy","ability":"Multiscale","moves":["dragonclaw","dragondance","extremespeed","earthquake"],"nature":"Adamant","evs":{"hp":0,"atk":252,"def":0,"spa":0,"spd":4,"spe":252},"ivs":{"hp":31,"atk":31,"def":31,"spa":31,"spd":31,"spe":31}},{"name":"Kyurem","species":"Kyurem","item":"lifeorb","ability":"Pressure","moves":["dragonpulse","icebeam","roost","earthpower"],"nature":"Modest","evs":{"hp":248,"atk":0,"def":0,"spa":252,"spd":8,"spe":0},"shiny":true,"ivs":{"hp":31,"atk":31,"def":31,"spa":31,"spd":31,"spe":31}},{"name":"Garchomp","species":"Garchomp","item":"rockyhelmet","ability":"Rough Skin","moves":["dragontail","earthquake","fireblast","stealthrock"],"nature":"Naive","evs":{"hp":0,"atk":252,"def":0,"spa":4,"spd":0,"spe":252},"ivs":{"hp":31,"atk":31,"def":31,"spa":31,"spd":31,"spe":31}},{"name":"Latios","species":"Latios","item":"lifeorb","ability":"Levitate","moves":["dracometeor","psyshock","roost","icebeam"],"nature":"Timid","evs":{"hp":0,"atk":0,"def":0,"spa":252,"spd":4,"spe":252},"ivs":{"hp":31,"atk":31,"def":31,"spa":31,"spd":31,"spe":31}},{"name":"Goodra","species":"Goodra","item":"assaultvest","ability":"Gooey","moves":["dragonpulse","toxic","sludgewave","muddywater"],"nature":"Calm","evs":{"hp":248,"atk":0,"def":0,"spa":252,"spd":8,"spe":0},"ivs":{"hp":31,"atk":31,"def":31,"spa":31,"spd":31,"spe":31}}],"log":["|player|p1|xNailz|160","|player|p2|Carnie Red|162","|gametype|singles","|gen|6","|tier|Monotype","|rated","|rule|Baton Pass Clause: Limit one Baton Passer, can't pass Spe and other stats simultaneously","|rule|Swagger Clause: Swagger is banned","|rule|Same Type Clause: Pokémon in a team must share a type","|clearpoke","|poke|p1|Charizard, M","|poke|p1|Infernape, M","|poke|p1|Victini","|poke|p1|Arcanine, F","|poke|p1|Rotom-Heat","|poke|p1|Chandelure, M","|poke|p2|Latias, F","|poke|p2|Dragonite, M","|poke|p2|Kyurem, shiny","|poke|p2|Garchomp, F","|poke|p2|Latios, M","|poke|p2|Goodra, F","|rule|Sleep Clause Mod: Limit one foe put to sleep","|rule|Species Clause: Limit one of each Pokémon","|rule|OHKO Clause: OHKO moves are banned","|rule|Moody Clause: Moody is banned","|rule|Evasion Moves Clause: Evasion moves are banned","|rule|Endless Battle Clause: Forcing endless battles is banned","|rule|HP Percentage Mod: HP is shown in percentages","|teampreview","|","|start","|switch|p1a: Rotom-Heat|Rotom-Heat|303/303","|switch|p2a: Goodra|Goodra, F|383/383","|turn|1","|","|move|p1a: Rotom-Heat|Thunder Wave|p2a: Goodra","|-status|p2a: Goodra|par","|cant|p2a: Goodra|par","|","|turn|2","|","|move|p1a: Rotom-Heat|Hidden Power|p2a: Goodra","|-supereffective|p2a: Goodra","|-damage|p2a: Goodra|333/383 par","|cant|p2a: Goodra|par","|","|turn|3","|","|move|p1a: Rotom-Heat|Hidden Power|p2a: Goodra","|-supereffective|p2a: Goodra","|-damage|p2a: Goodra|289/383 par","|cant|p2a: Goodra|par","|","|turn|4","|","|move|p1a: Rotom-Heat|Hidden Power|p2a: Goodra","|-supereffective|p2a: Goodra","|-damage|p2a: Goodra|239/383 par","|move|p2a: Goodra|Muddy Water|p1a: Rotom-Heat","|-supereffective|p1a: Rotom-Heat","|-damage|p1a: Rotom-Heat|153/303","|","|-heal|p1a: Rotom-Heat|171/303|[from] item: Leftovers","|turn|5","|","|move|p1a: Rotom-Heat|Hidden Power|p2a: Goodra","|-supereffective|p2a: Goodra","|-damage|p2a: Goodra|193/383 par","|cant|p2a: Goodra|par","|","|-heal|p1a: Rotom-Heat|189/303|[from] item: Leftovers","|turn|6","|","|switch|p2a: Dragonite|Dragonite, M|323/323","|move|p1a: Rotom-Heat|Volt Switch|p2a: Dragonite","|-damage|p2a: Dragonite|280/323","|","|switch|p1a: Arcanine|Arcanine, F|381/381","|-ability|p1a: Arcanine|Intimidate","|-unboost|p2a: Dragonite|atk|1","|","|turn|7","|","|switch|p2a: Garchomp|Garchomp, F|357/357","|move|p1a: Arcanine|Will-O-Wisp|p2a: Garchomp","|-status|p2a: Garchomp|brn","|","|-damage|p2a: Garchomp|313/357 brn|[from] brn","|turn|8","|","|switch|p1a: Rotom-Heat|Rotom-Heat|189/303","|move|p2a: Garchomp|Stealth Rock|p1a: Rotom-Heat","|-sidestart|p1: xNailz|move: Stealth Rock","|","|-heal|p1a: Rotom-Heat|207/303|[from] item: Leftovers","|-damage|p2a: Garchomp|269/357 brn|[from] brn","|turn|9","|","|move|p1a: Rotom-Heat|Hidden Power|p2a: Garchomp","|-supereffective|p2a: Garchomp","|-damage|p2a: Garchomp|0 fnt","|faint|p2a: Garchomp","|","|-heal|p1a: Rotom-Heat|225/303|[from] item: Leftovers","|","|switch|p2a: Latios|Latios, M|301/301","|turn|10","|","|move|p2a: Latios|Draco Meteor|p1a: Rotom-Heat","|-damage|p1a: Rotom-Heat|5/303","|-unboost|p2a: Latios|spa|2","|-damage|p2a: Latios|271/301|[from] item: Life Orb","|move|p1a: Rotom-Heat|Thunder Wave|p2a: Latios","|-status|p2a: Latios|par","|","|-heal|p1a: Rotom-Heat|23/303|[from] item: Leftovers","|turn|11","|","|move|p1a: Rotom-Heat|Hidden Power|p2a: Latios","|-supereffective|p2a: Latios","|-damage|p2a: Latios|175/301 par","|move|p2a: Latios|Psyshock|p1a: Rotom-Heat","|-damage|p1a: Rotom-Heat|0 fnt","|-damage|p2a: Latios|145/301 par|[from] item: Life Orb","|faint|p1a: Rotom-Heat","|","|","|switch|p1a: Charizard|Charizard, M|297/297","|-damage|p1a: Charizard|149/297|[from] Stealth Rock","|turn|12","|","|detailschange|p1a: Charizard|Charizard-Mega-Y, M","|-mega|p1a: Charizard|Charizard|Charizardite Y","|-weather|SunnyDay","|move|p1a: Charizard|Defog|p2a: Latios","|-unboost|p2a: Latios|evasion|1","|-sideend|p1: xNailz|Stealth Rock|[from] move: Defog|[of] p1a: Charizard","|move|p2a: Latios|Draco Meteor|p1a: Charizard","|-damage|p1a: Charizard|20/297","|-unboost|p2a: Latios|spa|2","|-damage|p2a: Latios|115/301 par|[from] item: Life Orb","|","|-weather|SunnyDay|[upkeep]","|turn|13","|","|switch|p2a: Dragonite|Dragonite, M|280/323","|move|p1a: Charizard|Dragon Pulse|p2a: Dragonite","|-supereffective|p2a: Dragonite","|-damage|p2a: Dragonite|54/323","|-enditem|p2a: Dragonite|Weakness Policy","|-boost|p2a: Dragonite|atk|2|[from] item: Weakness Policy","|-boost|p2a: Dragonite|spa|2|[from] item: Weakness Policy","|","|-weather|SunnyDay|[upkeep]","|turn|14","|","|switch|p1a: Arcanine|Arcanine, F|381/381","|-ability|p1a: Arcanine|Intimidate","|-unboost|p2a: Dragonite|atk|1","|move|p2a: Dragonite|Extreme Speed|p1a: Arcanine","|-damage|p1a: Arcanine|244/381","|","|-weather|SunnyDay|[upkeep]","|-heal|p1a: Arcanine|267/381|[from] item: Leftovers","|turn|15","|","|move|p1a: Arcanine|Extreme Speed|p2a: Dragonite","|-damage|p2a: Dragonite|0 fnt","|faint|p2a: Dragonite","|","|-weather|SunnyDay|[upkeep]","|-heal|p1a: Arcanine|290/381|[from] item: Leftovers","|","|switch|p2a: Kyurem|Kyurem, shiny|453/453","|-ability|p2a: Kyurem|Pressure","|turn|16","|","|move|p1a: Arcanine|Will-O-Wisp|p2a: Kyurem|[miss]","|-miss|p1a: Arcanine|p2a: Kyurem","|move|p2a: Kyurem|Earth Power|p1a: Arcanine","|-supereffective|p1a: Arcanine","|-damage|p1a: Arcanine|0 fnt","|-damage|p2a: Kyurem|408/453|[from] item: Life Orb","|faint|p1a: Arcanine","|","|-weather|none","|","|switch|p1a: Charizard|Charizard-Mega-Y, M|20/297","|-weather|SunnyDay","|turn|17","|","|move|p1a: Charizard|Dragon Pulse|p2a: Kyurem","|-supereffective|p2a: Kyurem","|-damage|p2a: Kyurem|166/453","|move|p2a: Kyurem|Dragon Pulse|p1a: Charizard","|-damage|p1a: Charizard|0 fnt","|-damage|p2a: Kyurem|121/453|[from] item: Life Orb","|faint|p1a: Charizard","|","|-weather|SunnyDay|[upkeep]","|","|switch|p1a: Victini|Victini|341/341","|turn|18","|","|switch|p2a: Goodra|Goodra, F|193/383 par","|move|p1a: Victini|U-turn|p2a: Goodra","|-damage|p2a: Goodra|108/383 par","|-unboost|p1a: Victini|spe|1","|","|switch|p1a: Infernape|Infernape, M|293/293","|","|-weather|SunnyDay|[upkeep]","|turn|19","|","|move|p1a: Infernape|Close Combat|p2a: Goodra","|-damage|p2a: Goodra|0 fnt","|-unboost|p1a: Infernape|spe|1","|-unboost|p1a: Infernape|def|1","|-unboost|p1a: Infernape|spd|1","|faint|p2a: Goodra","|","|-weather|SunnyDay|[upkeep]","|","|switch|p2a: Latias|Latias, F|363/363","|turn|20","|","|detailschange|p2a: Latias|Latias-Mega, F","|-mega|p2a: Latias|Latias|Latiasite","|move|p2a: Latias|Psyshock|p1a: Infernape","|-supereffective|p1a: Infernape","|-enditem|p1a: Infernape|Focus Sash","|-damage|p1a: Infernape|1/293","|move|p1a: Infernape|Close Combat|p2a: Latias","|-resisted|p2a: Latias","|-damage|p2a: Latias|291/363","|-unboost|p1a: Infernape|def|1","|-unboost|p1a: Infernape|spd|1","|","|-weather|SunnyDay|[upkeep]","|turn|21","|","|move|p1a: Infernape|Mach Punch|p2a: Latias","|-resisted|p2a: Latias","|-damage|p2a: Latias|261/363","|move|p2a: Latias|Psyshock|p1a: Infernape","|-supereffective|p1a: Infernape","|-damage|p1a: Infernape|0 fnt","|faint|p1a: Infernape","|","|-weather|none","|","|switch|p1a: Chandelure|Chandelure, M|323/323","|turn|22","|","|move|p2a: Latias|Roost|p2a: Latias","|-heal|p2a: Latias|363/363","|move|p1a: Chandelure|Trick Room|p1a: Chandelure","|-fieldstart|move: Trick Room|[of] p1a: Chandelure","|","|turn|23","|","|move|p1a: Chandelure|Shadow Ball|p2a: Latias","|-supereffective|p2a: Latias","|-damage|p2a: Latias|48/363","|-damage|p1a: Chandelure|291/323|[from] item: Life Orb","|move|p2a: Latias|Dragon Pulse|p1a: Chandelure","|-damage|p1a: Chandelure|111/323","|","|turn|24","|","|move|p1a: Chandelure|Shadow Ball|p2a: Latias","|-supereffective|p2a: Latias","|-damage|p2a: Latias|0 fnt","|-damage|p1a: Chandelure|79/323|[from] item: Life Orb","|faint|p2a: Latias","|","|","|switch|p2a: Latios|Latios, M|115/301 par","|turn|25","|","|cant|p2a: Latios|par","|move|p1a: Chandelure|Shadow Ball|p2a: Latios","|-supereffective|p2a: Latios","|-damage|p2a: Latios|0 fnt","|-damage|p1a: Chandelure|47/323|[from] item: Life Orb","|faint|p2a: Latios","|","|","|switch|p2a: Kyurem|Kyurem, shiny|121/453","|-ability|p2a: Kyurem|Pressure","|turn|26","|","|move|p1a: Chandelure|Shadow Ball|p2a: Kyurem","|-damage|p2a: Kyurem|0 fnt","|-damage|p1a: Chandelure|15/323|[from] item: Life Orb","|faint|p2a: Kyurem","|","|win|xNailz"],"p1rating":{"entryid":"114228","serverid":"eos","formatid":"monotype","userid":"xnailz","username":"xNailz","w":5,"l":"0","t":"0","gxe":67.5,"r":"1566.1524820188","rd":"117.41075233632","sigma":"0","rptime":"1440406800","rpr":1643.2708410922,"rprd":102.95564967467,"rpsigma":"0","acre":1147.8659211672,"lacre":1147.8659211672,"oldacre":"1120.2460445883"},"p2rating":{"entryid":"272068","serverid":"eos","formatid":"monotype","userid":"carniered","username":"Carnie Red","w":"8","l":3,"t":"0","gxe":60.7,"r":"1606.4584837125","rd":"87.917289443417","sigma":"0","rptime":"1440406800","rpr":1584.5705074284,"rprd":85.57197308901,"rpsigma":"0","acre":1129.1698705477,"lacre":1129.1698705477,"oldacre":"1156.7897471266"},"endType":"normal"}