{"seed":[1558,39211,63485,19601],"turns":30,"p1":"Union Wevrm","p2":"Ready4Fredbear?","p1team":[{"name":"Flygon","species":"Flygon","item":"choiceband","ability":"Levitate","moves":["earthquake","stoneedge","outrage","superpower"],"nature":"Jolly","evs":{"hp":0,"atk":252,"def":0,"spa":0,"spd":4,"spe":252},"ivs":{"hp":31,"atk":31,"def":31,"spa":31,"spd":31,"spe":31}},{"name":"Zygarde","species":"Zygarde","item":"leftovers","ability":"Aura Break","moves":["dragondance","extremespeed","rockslide","substitute"],"nature":"Adamant","evs":{"hp":0,"atk":252,"def":0,"spa":0,"spd":4,"spe":252},"ivs":{"hp":31,"atk":31,"def":31,"spa":31,"spd":31,"spe":31}},{"name":"Latios","species":"Latios","item":"latiosite","ability":"Levitate","moves":["dracometeor","psychic","thunderbolt","dragonpulse"],"nature":"Timid","evs":{"hp":0,"atk":0,"def":0,"spa":252,"spd":4,"spe":252},"ivs":{"hp":31,"atk":31,"def":31,"spa":31,"spd":31,"spe":31}},{"name":"Noivern","species":"Noivern","item":"choicespecs","ability":"Frisk","moves":["airslash","boomburst","dracometeor","flamethrower"],"nature":"Timid","evs":{"hp":0,"atk":0,"def":0,"spa":252,"spd":4,"spe":252},"ivs":{"hp":31,"atk":31,"def":31,"spa":31,"spd":31,"spe":31}},{"name":"Kingdra","species":"Kingdra","item":"leftovers","ability":"Sniper","moves":["dragondance","outrage","bounce","waterfall"],"nature":"Adamant","evs":{"hp":0,"atk":0,"def":0,"spa":0,"spd":4,"spe":252},"ivs":{"hp":31,"atk":31,"def":31,"spa":31,"spd":31,"spe":31}},{"name":"Hydreigon","species":"Hydreigon","item":"lifeorb","ability":"Levitate","moves":["crunch","dragonrush","flamethrower","steelwing"],"nature":"Hasty","evs":{"hp":0,"atk":252,"def":0,"spa":4,"spd":0,"spe":252},"ivs":{"hp":31,"atk":31,"def":31,"spa":31,"spd":31,"spe":31}}],"p2team":[{"name":"Loki","species":"sableye","item":"sablenite","ability":"Prankster","moves":["calmmind","recover","willowisp","snarl"],"nature":"Bold","evs":{"hp":252,"atk":0,"def":196,"spa":0,"spd":60,"spe":0},"gender":"M","ivs":{"hp":31,"atk":31,"def":31,"spa":31,"spd":31,"spe":31}},{"name":"Sobek","species":"tyranitar","item":"leftovers","ability":"Sand Stream","moves":["stoneedge","fireblast","stealthrock","thunderwave"],"nature":"Brave","evs":{"hp":252,"atk":56,"def":0,"spa":0,"spd":200,"spe":0},"gender":"M","ivs":{"hp":31,"atk":31,"def":31,"spa":31,"spd":31,"spe":31}},{"name":"Eros","species":"hoopaunbound","item":"choicescarf","ability":"Magician","moves":["hyperspacefury","hyperspacehole","gunkshot","energyball"],"nature":"Hasty","evs":{"hp":0,"atk":180,"def":0,"spa":76,"spd":0,"spe":252},"ivs":{"hp":31,"atk":31,"def":31,"spa":31,"spd":31,"spe":31}},{"name":"Akkorokamui","species":"crawdaunt","item":"lifeorb","ability":"Adaptability","moves":["knockoff","aquajet","swordsdance","crabhammer"],"nature":"Adamant","evs":{"hp":0,"atk":252,"def":0,"spa":0,"spd":4,"spe":252},"ivs":{"hp":31,"atk":31,"def":31,"spa":31,"spd":31,"spe":31}},{"name":"Urubutsin","species":"mandibuzz","item":"rockyhelmet","ability":"Overcoat","moves":["bravebird","foulplay","roost","defog"],"nature":"Impish","evs":{"hp":248,"atk":8,"def":252,"spa":0,"spd":0,"spe":0},"ivs":{"hp":31,"atk":31,"def":31,"spa":31,"spd":31,"spe":31}},{"name":"The Golem of Vilna","species":"bisharp","item":"lumberry","ability":"Defiant","moves":["swordsdance","knockoff","ironhead","suckerpunch"],"nature":"Adamant","evs":{"hp":0,"atk":252,"def":0,"spa":0,"spd":4,"spe":252},"gender":"M","ivs":{"hp":31,"atk":31,"def":31,"spa":31,"spd":31,"spe":31}}],"log":["|player|p1|Union Wevrm|unionwevrm.png","|player|p2|Ready4Fredbear?|149","|gametype|singles","|gen|6","|tier|Monotype","|rated","|rule|Baton Pass Clause: Limit one Baton Passer, can't pass Spe and other stats simultaneously","|rule|Swagger Clause: Swagger is banned","|rule|Same Type Clause: Pokémon in a team must share a type","|clearpoke","|poke|p1|Flygon, M","|poke|p1|Zygarde","|poke|p1|Latios, M","|poke|p1|Noivern, M","|poke|p1|Kingdra, F","|poke|p1|Hydreigon, M","|poke|p2|Sableye, M","|poke|p2|Tyranitar, M","|poke|p2|Hoopa-Unbound","|poke|p2|Crawdaunt, F","|poke|p2|Mandibuzz, F","|poke|p2|Bisharp, M","|rule|Sleep Clause Mod: Limit one foe put to sleep","|rule|Species Clause: Limit one of each Pokémon","|rule|OHKO Clause: OHKO moves are banned","|rule|Moody Clause: Moody is banned","|rule|Evasion Moves Clause: Evasion moves are banned","|rule|Endless Battle Clause: Forcing endless battles is banned","|rule|HP Percentage Mod: HP is shown in percentages","|teampreview","|","|start","|switch|p1a: Flygon|Flygon, M|301/301","|switch|p2a: Loki|Sableye, M|304/304","|turn|1","|","|switch|p1a: Noivern|Noivern, M|311/311","|-item|p2a: Loki|Sablenite|[from] ability: Frisk|[of] p1a: Noivern|[identify]","|move|p2a: Loki|Calm Mind|p2a: Loki","|-boost|p2a: Loki|spa|1","|-boost|p2a: Loki|spd|1","|","|turn|2","|","|move|p2a: Loki|Calm Mind|p2a: Loki","|-boost|p2a: Loki|spa|1","|-boost|p2a: Loki|spd|1","|move|p1a: Noivern|Draco Meteor|p2a: Loki","|-crit|p2a: Loki","|-damage|p2a: Loki|0 fnt","|-unboost|p1a: Noivern|spa|2","|faint|p2a: Loki","|","|","|switch|p2a: Sobek|Tyranitar, M|404/404","|-weather|Sandstorm","|turn|3","|","|switch|p1a: Zygarde|Zygarde|357/357","|-ability|p1a: Zygarde|Aura Break","|move|p2a: Sobek|Stone Edge|p1a: Zygarde|[miss]","|-miss|p2a: Sobek|p1a: Zygarde","|","|-weather|Sandstorm|[upkeep]","|turn|4","|","|move|p1a: Zygarde|Substitute|p1a: Zygarde","|-start|p1a: Zygarde|Substitute","|-damage|p1a: Zygarde|268/357","|move|p2a: Sobek|Stone Edge|p1a: Zygarde","|-resisted|p1a: Zygarde","|-activate|p1a: Zygarde|Substitute|[damage]","|","|-weather|Sandstorm|[upkeep]","|-heal|p1a: Zygarde|290/357|[from] item: Leftovers","|turn|5","|","|move|p1a: Zygarde|Dragon Dance|p1a: Zygarde","|-boost|p1a: Zygarde|atk|1","|-boost|p1a: Zygarde|spe|1","|move|p2a: Sobek|Stone Edge|p1a: Zygarde|[miss]","|-miss|p2a: Sobek|p1a: Zygarde","|","|-weather|Sandstorm|[upkeep]","|-heal|p1a: Zygarde|312/357|[from] item: Leftovers","|turn|6","|","|switch|p2a: Akkorokamui|Crawdaunt, F|267/267","|move|p1a: Zygarde|Dragon Dance|p1a: Zygarde","|-boost|p1a: Zygarde|atk|1","|-boost|p1a: Zygarde|spe|1","|","|-weather|Sandstorm|[upkeep]","|-damage|p2a: Akkorokamui|251/267|[from] sandstorm","|-heal|p1a: Zygarde|334/357|[from] item: Leftovers","|turn|7","|","|move|p1a: Zygarde|Rock Slide|p2a: Akkorokamui","|-miss|p1a: Zygarde|p2a: Akkorokamui","|move|p2a: Akkorokamui|Crabhammer|p1a: Zygarde|[miss]","|-miss|p2a: Akkorokamui|p1a: Zygarde","|","|-weather|none","|-heal|p1a: Zygarde|356/357|[from] item: Leftovers","|turn|8","|","|move|p2a: Akkorokamui|Aqua Jet|p1a: Zygarde","|-end|p1a: Zygarde|Substitute","|-damage|p2a: Akkorokamui|225/267|[from] item: Life Orb","|move|p1a: Zygarde|Rock Slide|p2a: Akkorokamui","|-damage|p2a: Akkorokamui|34/267","|","|-heal|p1a: Zygarde|357/357|[from] item: Leftovers","|turn|9","|","|move|p1a: Zygarde|Extreme Speed|p2a: Akkorokamui","|-damage|p2a: Akkorokamui|0 fnt","|faint|p2a: Akkorokamui","|","|","|switch|p2a: The Golem of Vilna|Bisharp, M|271/271","|turn|10","|","|switch|p2a: Urubutsin|Mandibuzz, F|423/423","|move|p1a: Zygarde|Substitute|p1a: Zygarde","|-start|p1a: Zygarde|Substitute","|-damage|p1a: Zygarde|268/357","|","|-heal|p1a: Zygarde|290/357|[from] item: Leftovers","|turn|11","|","|move|p1a: Zygarde|Rock Slide|p2a: Urubutsin","|-supereffective|p2a: Urubutsin","|-damage|p2a: Urubutsin|205/423","|move|p2a: Urubutsin|Brave Bird|p1a: Zygarde","|-end|p1a: Zygarde|Substitute","|-damage|p2a: Urubutsin|176/423|[from] recoil|[of] p1a: Zygarde","|","|-heal|p1a: Zygarde|312/357|[from] item: Leftovers","|turn|12","|","|move|p1a: Zygarde|Rock Slide|p2a: Urubutsin","|-supereffective|p2a: Urubutsin","|-damage|p2a: Urubutsin|0 fnt","|faint|p2a: Urubutsin","|","|-heal|p1a: Zygarde|334/357|[from] item: Leftovers","|","|switch|p2a: Eros|Hoopa-Unbound|301/301","|turn|13","|","|move|p1a: Zygarde|Rock Slide|p2a: Eros","|-damage|p2a: Eros|28/301","|move|p2a: Eros|Gunk Shot|p1a: Zygarde","|-resisted|p1a: Zygarde","|-damage|p1a: Zygarde|268/357","|","|-heal|p1a: Zygarde|290/357|[from] item: Leftovers","|turn|14","|","|switch|p2a: The Golem of Vilna|Bisharp, M|271/271","|move|p1a: Zygarde|Extreme Speed|p2a: The Golem of Vilna","|-resisted|p2a: The Golem of Vilna","|-damage|p2a: The Golem of Vilna|185/271","|","|-heal|p1a: Zygarde|312/357|[from] item: Leftovers","|turn|15","|","|move|p1a: Zygarde|Rock Slide|p2a: The Golem of Vilna","|-resisted|p2a: The Golem of Vilna","|-damage|p2a: The Golem of Vilna|104/271","|move|p2a: The Golem of Vilna|Swords Dance|p2a: The Golem of Vilna","|-boost|p2a: The Golem of Vilna|atk|2","|","|-heal|p1a: Zygarde|334/357|[from] item: Leftovers","|turn|16","|","|move|p2a: The Golem of Vilna|Sucker Punch|p1a: Zygarde","|-fail|p2a: The Golem of Vilna","|move|p1a: Zygarde|Substitute|p1a: Zygarde","|-start|p1a: Zygarde|Substitute","|-damage|p1a: Zygarde|245/357","|","|-heal|p1a: Zygarde|267/357|[from] item: Leftovers","|turn|17","|","|move|p1a: Zygarde|Rock Slide|p2a: The Golem of Vilna","|-resisted|p2a: The Golem of Vilna","|-damage|p2a: The Golem of Vilna|21/271","|move|p2a: The Golem of Vilna|Iron Head|p1a: Zygarde","|-end|p1a: Zygarde|Substitute","|","|-heal|p1a: Zygarde|289/357|[from] item: Leftovers","|turn|18","|","|move|p1a: Zygarde|Extreme Speed|p2a: The Golem of Vilna","|-resisted|p2a: The Golem of Vilna","|-damage|p2a: The Golem of Vilna|0 fnt","|faint|p2a: The Golem of Vilna","|","|-heal|p1a: Zygarde|311/357|[from] item: Leftovers","|","|switch|p2a: Sobek|Tyranitar, M|404/404","|-weather|Sandstorm","|turn|19","|","|move|p1a: Zygarde|Rock Slide|p2a: Sobek","|-damage|p2a: Sobek|258/404","|move|p2a: Sobek|Stealth Rock|p1a: Zygarde","|-sidestart|p1: Union Wevrm|move: Stealth Rock","|","|-weather|Sandstorm|[upkeep]","|-heal|p1a: Zygarde|333/357|[from] item: Leftovers","|-heal|p2a: Sobek|283/404|[from] item: Leftovers","|turn|20","|","|move|p1a: Zygarde|Substitute|p1a: Zygarde","|-start|p1a: Zygarde|Substitute","|-damage|p1a: Zygarde|244/357","|move|p2a: Sobek|Stone Edge|p1a: Zygarde|[miss]","|-miss|p2a: Sobek|p1a: Zygarde","|","|-weather|Sandstorm|[upkeep]","|-heal|p1a: Zygarde|266/357|[from] item: Leftovers","|-heal|p2a: Sobek|308/404|[from] item: Leftovers","|turn|21","|","|move|p1a: Zygarde|Dragon Dance|p1a: Zygarde","|-boost|p1a: Zygarde|atk|1","|-boost|p1a: Zygarde|spe|1","|move|p2a: Sobek|Fire Blast|p1a: Zygarde","|-resisted|p1a: Zygarde","|-activate|p1a: Zygarde|Substitute|[damage]","|","|-weather|Sandstorm|[upkeep]","|-heal|p1a: Zygarde|288/357|[from] item: Leftovers","|-heal|p2a: Sobek|333/404|[from] item: Leftovers","|turn|22","|","|move|p1a: Zygarde|Dragon Dance|p1a: Zygarde","|-boost|p1a: Zygarde|atk|1","|-boost|p1a: Zygarde|spe|1","|move|p2a: Sobek|Stone Edge|p1a: Zygarde","|-resisted|p1a: Zygarde","|-end|p1a: Zygarde|Substitute","|","|-weather|Sandstorm|[upkeep]","|-heal|p1a: Zygarde|310/357|[from] item: Leftovers","|-heal|p2a: Sobek|358/404|[from] item: Leftovers","|turn|23","|","|move|p1a: Zygarde|Rock Slide|p2a: Sobek","|-miss|p1a: Zygarde|p2a: Sobek","|move|p2a: Sobek|Stone Edge|p1a: Zygarde","|-resisted|p1a: Zygarde","|-damage|p1a: Zygarde|233/357","|","|-weather|none","|-heal|p1a: Zygarde|255/357|[from] item: Leftovers","|-heal|p2a: Sobek|383/404|[from] item: Leftovers","|turn|24","|","|move|p1a: Zygarde|Substitute|p1a: Zygarde","|-start|p1a: Zygarde|Substitute","|-damage|p1a: Zygarde|166/357","|move|p2a: Sobek|Stone Edge|p1a: Zygarde","|-resisted|p1a: Zygarde","|-activate|p1a: Zygarde|Substitute|[damage]","|","|-heal|p1a: Zygarde|188/357|[from] item: Leftovers","|-heal|p2a: Sobek|404/404|[from] item: Leftovers","|turn|25","|","|move|p1a: Zygarde|Rock Slide|p2a: Sobek","|-miss|p1a: Zygarde|p2a: Sobek","|move|p2a: Sobek|Stone Edge|p1a: Zygarde","|-resisted|p1a: Zygarde","|-end|p1a: Zygarde|Substitute","|","|-heal|p1a: Zygarde|210/357|[from] item: Leftovers","|turn|26","|","|move|p1a: Zygarde|Rock Slide|p2a: Sobek","|-damage|p2a: Sobek|168/404","|move|p2a: Sobek|Fire Blast|p1a: Zygarde","|-resisted|p1a: Zygarde","|-damage|p1a: Zygarde|165/357","|","|-heal|p1a: Zygarde|187/357|[from] item: Leftovers","|-heal|p2a: Sobek|193/404|[from] item: Leftovers","|turn|27","|","|move|p1a: Zygarde|Rock Slide|p2a: Sobek","|-miss|p1a: Zygarde|p2a: Sobek","|move|p2a: Sobek|Fire Blast|p1a: Zygarde","|-resisted|p1a: Zygarde","|-damage|p1a: Zygarde|147/357","|","|-heal|p1a: Zygarde|169/357|[from] item: Leftovers","|-heal|p2a: Sobek|218/404|[from] item: Leftovers","|turn|28","|","|move|p1a: Zygarde|Rock Slide|p2a: Sobek","|-damage|p2a: Sobek|6/404","|move|p2a: Sobek|Fire Blast|p1a: Zygarde","|-resisted|p1a: Zygarde","|-damage|p1a: Zygarde|129/357","|","|-heal|p1a: Zygarde|151/357|[from] item: Leftovers","|-heal|p2a: Sobek|31/404|[from] item: Leftovers","|turn|29","|","|move|p1a: Zygarde|Extreme Speed|p2a: Sobek","|-resisted|p2a: Sobek","|-damage|p2a: Sobek|0 fnt","|faint|p2a: Sobek","|","|-heal|p1a: Zygarde|173/357|[from] item: Leftovers","|","|switch|p2a: Eros|Hoopa-Unbound|28/301","|turn|30","|","|move|p1a: Zygarde|Extreme Speed|p2a: Eros","|-damage|p2a: Eros|0 fnt","|faint|p2a: Eros","|","|win|Union Wevrm"],"p1rating":{"entryid":"373318","serverid":"eos","formatid":"monotype","userid":"unionwevrm","username":"Union Wevrm","w":5,"l":"3","t":"0","gxe":55.6,"r":"1498.8010721827","rd":"98.297024950931","sigma":"0","rptime":"1440406800","rpr":1544.174417226,"rprd":92.193047847472,"rpsigma":"0","acre":1122.404174272,"lacre":1122.404174272,"oldacre":"1097.2121071625"},"p2rating":{"entryid":"393868","serverid":"eos","formatid":"monotype","userid":"ready4fredbear","username":"Ready4Fredbear?","w":"3","l":3,"t":"0","gxe":48.2,"r":"1500","rd":"130","sigma":"0","rptime":"1440406800","rpr":1486.1409164704,"rprd":99.515432867047,"rpsigma":"0","acre":1070.2176440258,"lacre":1070.2176440258,"oldacre":"1094.1212844244"},"endType":"normal"}