{"seed":[45350,48658,13366,63349],"turns":37,"p1":"DJ Gible","p2":"Silver LadyLaxus","p1team":[{"name":"Calamari","species":"malamar","item":"choicescarf","ability":"Contrary","moves":["rockslide","psychocut","superpower","nightslash"],"nature":"Jolly","evs":{"hp":4,"atk":252,"def":0,"spa":0,"spd":0,"spe":252},"ivs":{"hp":31,"atk":31,"def":31,"spa":31,"spd":31,"spe":31}},{"name":"Hoodlum","species":"scrafty","item":"focussash","ability":"Moxie","moves":["dragondance","crunch","drainpunch","icepunch"],"nature":"Adamant","evs":{"hp":4,"atk":252,"def":0,"spa":0,"spd":0,"spe":252},"ivs":{"hp":31,"atk":31,"def":31,"spa":31,"spd":31,"spe":31}},{"name":"Tyrant","species":"tyranitar","item":"tyranitarite","ability":"Sand Stream","moves":["dragondance","stoneedge","earthquake","crunch"],"nature":"Adamant","evs":{"hp":0,"atk":252,"def":0,"spa":0,"spd":4,"spe":252},"ivs":{"hp":31,"atk":31,"def":31,"spa":31,"spd":31,"spe":31}},{"name":"Cpt. Buzz","species":"mandibuzz","item":"leftovers","ability":"Big Pecks","moves":["foulplay","roost","defog","whirlwind"],"nature":"Bold","evs":{"hp":252,"atk":0,"def":252,"spa":0,"spd":4,"spe":0},"ivs":{"hp":31,"atk":31,"def":31,"spa":31,"spd":31,"spe":31}},{"name":"Hoopa-Unbound","species":"Hoopa-Unbound","item":"lifeorb","ability":"Magician","moves":["zenheadbutt","hyperspacefury","gunkshot","substitute"],"nature":"Jolly","evs":{"hp":0,"atk":252,"def":0,"spa":0,"spd":4,"spe":252},"ivs":{"hp":31,"atk":31,"def":31,"spa":31,"spd":31,"spe":31}},{"name":"Hydreigon","species":"Hydreigon","item":"choicescarf","ability":"Levitate","moves":["dracometeor","dragonpulse","darkpulse","flashcannon"],"nature":"Timid","evs":{"hp":0,"atk":0,"def":0,"spa":252,"spd":4,"spe":252},"ivs":{"hp":31,"atk":31,"def":31,"spa":31,"spd":31,"spe":31}}],"p2team":[{"name":"Lola","species":"lopunny","item":"lopunnite","ability":"Limber","moves":["endure","flail","highjumpkick","healingwish"],"nature":"Jolly","evs":{"hp":0,"atk":252,"def":0,"spa":0,"spd":4,"spe":252},"ivs":{"hp":31,"atk":31,"def":31,"spa":31,"spd":31,"spe":31}},{"name":"Emobird","species":"staraptor","item":"safetygoggles","ability":"Reckless","moves":["bravebird","doubleedge","closecombat","uturn"],"nature":"Jolly","evs":{"hp":0,"atk":252,"def":0,"spa":0,"spd":4,"spe":252},"shiny":true,"ivs":{"hp":31,"atk":31,"def":31,"spa":31,"spd":31,"spe":31}},{"name":"CopyMachine","species":"ditto","item":"choicescarf","ability":"Imposter","moves":["transform"],"nature":"Bold","evs":{"hp":0,"atk":0,"def":252,"spa":0,"spd":4,"spe":0},"ivs":{"hp":31,"atk":31,"def":31,"spa":31,"spd":31,"spe":31}},{"name":"Nala","species":"pyroar","item":"focussash","ability":"Unnerve","moves":["hypervoice","flamethrower","darkpulse","endeavor"],"nature":"Timid","evs":{"hp":0,"atk":0,"def":0,"spa":252,"spd":4,"spe":252},"gender":"F","ivs":{"hp":31,"atk":31,"def":31,"spa":31,"spd":31,"spe":31}},{"name":"Y U NO DIE","species":"porygon2","item":"eviolite","ability":"Analytic","moves":["icebeam","thunderbolt","magiccoat","recover"],"nature":"Calm","evs":{"hp":248,"atk":0,"def":0,"spa":8,"spd":252,"spe":0},"ivs":{"hp":31,"atk":31,"def":31,"spa":31,"spd":31,"spe":31}},{"name":"Canada","species":"chansey","item":"eviolite","ability":"Natural Cure","moves":["aromatherapy","seismictoss","stealthrock","toxic"],"nature":"Bold","evs":{"hp":248,"atk":0,"def":252,"spa":0,"spd":8,"spe":0},"ivs":{"hp":31,"atk":31,"def":31,"spa":31,"spd":31,"spe":31}}],"log":["|player|p1|DJ Gible|198","|player|p2|Silver LadyLaxus|100","|gametype|singles","|gen|6","|tier|Monotype","|rated","|rule|Baton Pass Clause: Limit one Baton Passer, can't pass Spe and other stats simultaneously","|rule|Swagger Clause: Swagger is banned","|rule|Same Type Clause: Pokémon in a team must share a type","|clearpoke","|poke|p1|Malamar, M","|poke|p1|Scrafty, M","|poke|p1|Tyranitar, M","|poke|p1|Mandibuzz, F","|poke|p1|Hoopa-Unbound","|poke|p1|Hydreigon, M","|poke|p2|Lopunny, M","|poke|p2|Staraptor, M, shiny","|poke|p2|Ditto","|poke|p2|Pyroar, F","|poke|p2|Porygon2","|poke|p2|Chansey, F","|rule|Sleep Clause Mod: Limit one foe put to sleep","|rule|Species Clause: Limit one of each Pokémon","|rule|OHKO Clause: OHKO moves are banned","|rule|Moody Clause: Moody is banned","|rule|Evasion Moves Clause: Evasion moves are banned","|rule|Endless Battle Clause: Forcing endless battles is banned","|rule|HP Percentage Mod: HP is shown in percentages","|teampreview","|","|start","|switch|p1a: Calamari|Malamar, M|314/314","|switch|p2a: CopyMachine|Ditto|237/237","|-transform|p2a: CopyMachine|p1a: Calamari","|turn|1","|","|move|p1a: Calamari|Superpower|p2a: CopyMachine","|-damage|p2a: CopyMachine|118/237","|-boost|p1a: Calamari|atk|1","|-boost|p1a: Calamari|def|1","|move|p2a: CopyMachine|Superpower|p1a: Calamari","|-damage|p1a: Calamari|224/314","|-boost|p2a: CopyMachine|atk|1","|-boost|p2a: CopyMachine|def|1","|","|turn|2","|","|move|p2a: CopyMachine|Superpower|p1a: Calamari","|-damage|p1a: Calamari|88/314","|-boost|p2a: CopyMachine|atk|1","|-boost|p2a: CopyMachine|def|1","|move|p1a: Calamari|Superpower|p2a: CopyMachine","|-damage|p2a: CopyMachine|23/237","|-boost|p1a: Calamari|atk|1","|-boost|p1a: Calamari|def|1","|","|turn|3","|","|move|p2a: CopyMachine|Superpower|p1a: Calamari","|-damage|p1a: Calamari|0 fnt","|-boost|p2a: CopyMachine|atk|1","|-boost|p2a: CopyMachine|def|1","|faint|p1a: Calamari","|","|","|switch|p1a: Hydreigon|Hydreigon, M|325/325","|turn|4","|","|switch|p2a: Canada|Chansey, F|703/703","|move|p1a: Hydreigon|Dark Pulse|p2a: Canada","|-damage|p2a: Canada|612/703","|","|turn|5","|","|switch|p1a: Hoopa-Unbound|Hoopa-Unbound|301/301","|move|p2a: Canada|Stealth Rock|p1a: Hoopa-Unbound","|-sidestart|p1: DJ Gible|move: Stealth Rock","|","|turn|6","|","|move|p1a: Hoopa-Unbound|Substitute|p1a: Hoopa-Unbound","|-start|p1a: Hoopa-Unbound|Substitute","|-damage|p1a: Hoopa-Unbound|226/301","|move|p2a: Canada|Toxic|p1a: Hoopa-Unbound","|-fail|p1a: Hoopa-Unbound","|","|turn|7","|","|move|p1a: Hoopa-Unbound|Hyperspace Fury|p2a: Canada","|-damage|p2a: Canada|283/703","|-unboost|p1a: Hoopa-Unbound|def|1","|-damage|p1a: Hoopa-Unbound|196/301|[from] item: Life Orb","|move|p2a: Canada|Seismic Toss|p1a: Hoopa-Unbound","|-end|p1a: Hoopa-Unbound|Substitute","|","|turn|8","|","|move|p1a: Hoopa-Unbound|Hyperspace Fury|p2a: Canada","|-crit|p2a: Canada","|-damage|p2a: Canada|0 fnt","|-unboost|p1a: Hoopa-Unbound|def|1","|-damage|p1a: Hoopa-Unbound|166/301|[from] item: Life Orb","|faint|p2a: Canada","|","|","|switch|p2a: CopyMachine|Ditto|23/237","|-transform|p2a: CopyMachine|p1a: Hoopa-Unbound","|turn|9","|","|switch|p1a: Cpt. Buzz|Mandibuzz, F|424/424","|-damage|p1a: Cpt. Buzz|318/424|[from] Stealth Rock","|move|p2a: CopyMachine|Gunk Shot|p1a: Cpt. Buzz","|-damage|p1a: Cpt. Buzz|192/424","|","|-heal|p1a: Cpt. Buzz|218/424|[from] item: Leftovers","|turn|10","|","|move|p2a: CopyMachine|Gunk Shot|p1a: Cpt. Buzz","|-damage|p1a: Cpt. Buzz|99/424","|-status|p1a: Cpt. Buzz|psn","|move|p1a: Cpt. Buzz|Roost|p1a: Cpt. Buzz","|-heal|p1a: Cpt. Buzz|311/424 psn","|","|-heal|p1a: Cpt. Buzz|337/424 psn|[from] item: Leftovers","|-damage|p1a: Cpt. Buzz|284/424 psn|[from] psn","|turn|11","|","|move|p2a: CopyMachine|Gunk Shot|p1a: Cpt. Buzz","|-crit|p1a: Cpt. Buzz","|-damage|p1a: Cpt. Buzz|120/424 psn","|move|p1a: Cpt. Buzz|Roost|p1a: Cpt. Buzz","|-heal|p1a: Cpt. Buzz|332/424 psn","|","|-heal|p1a: Cpt. Buzz|358/424 psn|[from] item: Leftovers","|-damage|p1a: Cpt. Buzz|305/424 psn|[from] psn","|turn|12","|","|move|p2a: CopyMachine|Gunk Shot|p1a: Cpt. Buzz","|-damage|p1a: Cpt. Buzz|179/424 psn","|move|p1a: Cpt. Buzz|Foul Play|p2a: CopyMachine","|-damage|p2a: CopyMachine|0 fnt","|faint|p2a: CopyMachine","|","|-heal|p1a: Cpt. Buzz|205/424 psn|[from] item: Leftovers","|-damage|p1a: Cpt. Buzz|152/424 psn|[from] psn","|","|switch|p2a: Nala|Pyroar, F|313/313","|-ability|p2a: Nala|Unnerve|p1: DJ Gible","|turn|13","|","|move|p2a: Nala|Hyper Voice|p1a: Cpt. Buzz","|-damage|p1a: Cpt. Buzz|17/424 psn","|move|p1a: Cpt. Buzz|Roost|p1a: Cpt. Buzz","|-heal|p1a: Cpt. Buzz|229/424 psn","|","|-heal|p1a: Cpt. Buzz|255/424 psn|[from] item: Leftovers","|-damage|p1a: Cpt. Buzz|202/424 psn|[from] psn","|turn|14","|","|switch|p2a: Y U NO DIE|Porygon2|373/373","|move|p1a: Cpt. Buzz|Roost|p1a: Cpt. Buzz","|-heal|p1a: Cpt. Buzz|414/424 psn","|","|-heal|p1a: Cpt. Buzz|424/424 psn|[from] item: Leftovers","|-damage|p1a: Cpt. Buzz|371/424 psn|[from] psn","|turn|15","|","|move|p2a: Y U NO DIE|Magic Coat|p2a: Y U NO DIE","|-singleturn|p2a: Y U NO DIE|move: Magic Coat","|move|p1a: Cpt. Buzz|Defog|p2a: Y U NO DIE","|move|p2a: Y U NO DIE|Defog|p1a: Cpt. Buzz|[from]Magic Coat","|-unboost|p1a: Cpt. Buzz|evasion|1","|-sideend|p1: DJ Gible|Stealth Rock|[from] move: Defog|[of] p1a: Cpt. Buzz","|","|-heal|p1a: Cpt. Buzz|397/424 psn|[from] item: Leftovers","|-damage|p1a: Cpt. Buzz|344/424 psn|[from] psn","|turn|16","|","|move|p1a: Cpt. Buzz|Foul Play|p2a: Y U NO DIE","|-damage|p2a: Y U NO DIE|312/373","|move|p2a: Y U NO DIE|Thunderbolt|p1a: Cpt. Buzz","|-supereffective|p1a: Cpt. Buzz","|-damage|p1a: Cpt. Buzz|154/424 psn","|","|-heal|p1a: Cpt. Buzz|180/424 psn|[from] item: Leftovers","|-damage|p1a: Cpt. Buzz|127/424 psn|[from] psn","|turn|17","|","|move|p1a: Cpt. Buzz|Roost|p1a: Cpt. Buzz","|-heal|p1a: Cpt. Buzz|339/424 psn","|move|p2a: Y U NO DIE|Thunderbolt|p1a: Cpt. Buzz","|-damage|p1a: Cpt. Buzz|245/424 psn","|","|-heal|p1a: Cpt. Buzz|271/424 psn|[from] item: Leftovers","|-damage|p1a: Cpt. Buzz|218/424 psn|[from] psn","|turn|18","|","|move|p1a: Cpt. Buzz|Roost|p1a: Cpt. Buzz","|-heal|p1a: Cpt. Buzz|424/424 psn","|move|p2a: Y U NO DIE|Thunderbolt|p1a: Cpt. Buzz","|-damage|p1a: Cpt. Buzz|322/424 psn","|","|-heal|p1a: Cpt. Buzz|348/424 psn|[from] item: Leftovers","|-damage|p1a: Cpt. Buzz|295/424 psn|[from] psn","|turn|19","|","|move|p1a: Cpt. Buzz|Roost|p1a: Cpt. Buzz","|-heal|p1a: Cpt. Buzz|424/424 psn","|move|p2a: Y U NO DIE|Ice Beam|p1a: Cpt. Buzz","|-damage|p1a: Cpt. Buzz|329/424 psn","|","|-heal|p1a: Cpt. Buzz|355/424 psn|[from] item: Leftovers","|-damage|p1a: Cpt. Buzz|302/424 psn|[from] psn","|turn|20","|","|switch|p2a: Lola|Lopunny, M|271/271","|move|p1a: Cpt. Buzz|Whirlwind|p2a: Lola","|drag|p2a: Nala|Pyroar, F|313/313","|-ability|p2a: Nala|Unnerve|p1: DJ Gible","|","|-heal|p1a: Cpt. Buzz|328/424 psn|[from] item: Leftovers","|-damage|p1a: Cpt. Buzz|275/424 psn|[from] psn","|turn|21","|","|switch|p2a: Lola|Lopunny, M|271/271","|move|p1a: Cpt. Buzz|Foul Play|p2a: Lola","|-damage|p2a: Lola|129/271","|","|-heal|p1a: Cpt. Buzz|301/424 psn|[from] item: Leftovers","|-damage|p1a: Cpt. Buzz|248/424 psn|[from] psn","|turn|22","|","|detailschange|p2a: Lola|Lopunny-Mega, M","|-mega|p2a: Lola|Lopunny|Lopunnite","|move|p2a: Lola|High Jump Kick|p1a: Cpt. Buzz","|-damage|p1a: Cpt. Buzz|95/424 psn","|move|p1a: Cpt. Buzz|Foul Play|p2a: Lola","|-resisted|p2a: Lola","|-damage|p2a: Lola|37/271","|","|-heal|p1a: Cpt. Buzz|121/424 psn|[from] item: Leftovers","|-damage|p1a: Cpt. Buzz|68/424 psn|[from] psn","|turn|23","|","|move|p2a: Lola|High Jump Kick|p1a: Cpt. Buzz","|-damage|p1a: Cpt. Buzz|0 fnt","|faint|p1a: Cpt. Buzz","|","|","|switch|p1a: Hydreigon|Hydreigon, M|325/325","|turn|24","|","|switch|p2a: Y U NO DIE|Porygon2|312/373","|move|p1a: Hydreigon|Dragon Pulse|p2a: Y U NO DIE","|-damage|p2a: Y U NO DIE|239/373","|","|turn|25","|","|switch|p1a: Tyrant|Tyranitar, M|341/341","|-weather|Sandstorm","|move|p2a: Y U NO DIE|Ice Beam|p1a: Tyrant","|-damage|p1a: Tyrant|279/341","|","|-weather|Sandstorm|[upkeep]","|-damage|p2a: Y U NO DIE|216/373|[from] sandstorm","|turn|26","|","|detailschange|p1a: Tyrant|Tyranitar-Mega, M","|-mega|p1a: Tyrant|Tyranitar|Tyranitarite","|move|p1a: Tyrant|Dragon Dance|p1a: Tyrant","|-boost|p1a: Tyrant|atk|1","|-boost|p1a: Tyrant|spe|1","|move|p2a: Y U NO DIE|Recover|p2a: Y U NO DIE","|-heal|p2a: Y U NO DIE|373/373","|","|-weather|Sandstorm|[upkeep]","|-damage|p2a: Y U NO DIE|350/373|[from] sandstorm","|turn|27","|","|move|p1a: Tyrant|Dragon Dance|p1a: Tyrant","|-boost|p1a: Tyrant|atk|1","|-boost|p1a: Tyrant|spe|1","|move|p2a: Y U NO DIE|Ice Beam|p1a: Tyrant","|-damage|p1a: Tyrant|219/341","|-status|p1a: Tyrant|frz","|","|-weather|Sandstorm|[upkeep]","|-damage|p2a: Y U NO DIE|327/373|[from] sandstorm","|turn|28","|","|switch|p2a: Lola|Lopunny-Mega, M|37/271","|cant|p1a: Tyrant|frz","|","|-weather|Sandstorm|[upkeep]","|-damage|p2a: Lola|21/271|[from] sandstorm","|turn|29","|","|cant|p1a: Tyrant|frz","|move|p2a: Lola|High Jump Kick|p1a: Tyrant","|-supereffective|p1a: Tyrant","|-damage|p1a: Tyrant|0 fnt","|faint|p1a: Tyrant","|","|-weather|none","|","|switch|p1a: Hydreigon|Hydreigon, M|325/325","|turn|30","|","|switch|p2a: Y U NO DIE|Porygon2|327/373","|move|p1a: Hydreigon|Dragon Pulse|p2a: Y U NO DIE","|-damage|p2a: Y U NO DIE|258/373","|","|turn|31","|","|move|p1a: Hydreigon|Dragon Pulse|p2a: Y U NO DIE","|-damage|p2a: Y U NO DIE|182/373","|move|p2a: Y U NO DIE|Ice Beam|p1a: Hydreigon","|-supereffective|p1a: Hydreigon","|-damage|p1a: Hydreigon|119/325","|","|turn|32","|","|move|p1a: Hydreigon|Dragon Pulse|p2a: Y U NO DIE","|-damage|p2a: Y U NO DIE|104/373","|move|p2a: Y U NO DIE|Ice Beam|p1a: Hydreigon","|-supereffective|p1a: Hydreigon","|-damage|p1a: Hydreigon|0 fnt","|faint|p1a: Hydreigon","|","|","|switch|p1a: Hoopa-Unbound|Hoopa-Unbound|166/301","|turn|33","|","|move|p1a: Hoopa-Unbound|Hyperspace Fury|p2a: Y U NO DIE","|-damage|p2a: Y U NO DIE|0 fnt","|-unboost|p1a: Hoopa-Unbound|def|1","|-damage|p1a: Hoopa-Unbound|136/301|[from] item: Life Orb","|faint|p2a: Y U NO DIE","|","|","|switch|p2a: Lola|Lopunny-Mega, M|21/271","|turn|34","|","|move|p2a: Lola|High Jump Kick|p1a: Hoopa-Unbound","|-crit|p1a: Hoopa-Unbound","|-damage|p1a: Hoopa-Unbound|0 fnt","|faint|p1a: Hoopa-Unbound","|","|","|switch|p1a: Hoodlum|Scrafty, M|272/272","|turn|35","|","|move|p2a: Lola|Endure|p2a: Lola","|-singleturn|p2a: Lola|move: Endure","|move|p1a: Hoodlum|Dragon Dance|p1a: Hoodlum","|-boost|p1a: Hoodlum|atk|1","|-boost|p1a: Hoodlum|spe|1","|","|turn|36","|","|move|p2a: Lola|High Jump Kick|p1a: Hoodlum","|-supereffective|p1a: Hoodlum","|-enditem|p1a: Hoodlum|Focus Sash","|-damage|p1a: Hoodlum|1/272","|move|p1a: Hoodlum|Drain Punch|p2a: Lola","|-supereffective|p2a: Lola","|-damage|p2a: Lola|0 fnt","|-heal|p1a: Hoodlum|12/272|[from] drain|[of] p2a: Lola","|faint|p2a: Lola","|-boost|p1a: Hoodlum|atk|1|[from] ability: Moxie","|","|","|switch|p2a: Nala|Pyroar, F|313/313","|-ability|p2a: Nala|Unnerve|p1: DJ Gible","|turn|37","|","|move|p2a: Nala|Flamethrower|p1a: Hoodlum","|-damage|p1a: Hoodlum|0 fnt","|faint|p1a: Hoodlum","|","|win|Silver LadyLaxus"],"p1rating":{"entryid":"166635","serverid":"eos","formatid":"monotype","userid":"djgible","username":"DJ Gible","w":"1","l":1,"t":"0","gxe":50.9,"r":"1543.9111610629","rd":"123.07983607339","sigma":"0","rptime":"1440406800","rpr":1506.8572794152,"rprd":116.63121595167,"rpsigma":"0","acre":1036.0988221712,"lacre":1036.0988221712,"oldacre":"1049.4861002665"},"p2rating":{"entryid":"221665","serverid":"eos","formatid":"monotype","userid":"silverladylaxus","username":"Silver LadyLaxus","w":6,"l":"2","t":"0","gxe":64.2,"r":"1545.9049391545","rd":"101.75961480727","sigma":"0","rptime":"1440406800","rpr":1613.4891763312,"rprd":91.496979184974,"rpsigma":"0","acre":1150.658648409,"lacre":1150.658648409,"oldacre":"1131.4493512498"},"endType":"normal"}