{"seed":[18290,49088,64427,65089],"turns":22,"p1":"jackker","p2":"Union Wevrm","p1team":[{"name":"toges.copy","species":"cobalion","item":"leftovers","ability":"Justified","moves":["stealthrock","taunt","ironhead","thunderwave"],"nature":"Impish","evs":{"hp":252,"atk":0,"def":212,"spa":0,"spd":0,"spe":44},"ivs":{"hp":31,"atk":31,"def":31,"spa":31,"spd":31,"spe":31}},{"name":"beyblade","species":"hitmontop","item":"assaultvest","ability":"Intimidate","moves":["endeavor","seismictoss","suckerpunch","rapidspin"],"nature":"Careful","evs":{"hp":252,"atk":0,"def":16,"spa":0,"spd":240,"spe":0},"ivs":{"hp":31,"atk":31,"def":31,"spa":31,"spd":31,"spe":31}},{"name":"the.punk","species":"scrafty","item":"leftovers","ability":"Shed Skin","moves":["crunch","drainpunch","bulkup","icepunch"],"nature":"Careful","evs":{"hp":252,"atk":4,"def":0,"spa":0,"spd":252,"spe":0},"ivs":{"hp":31,"atk":31,"def":31,"spa":31,"spd":31,"spe":31}},{"name":"diddy.kong","species":"infernape","item":"focussash","ability":"Blaze","moves":["flamethrower","vacuumwave","encore","nastyplot"],"nature":"Timid","evs":{"hp":0,"atk":0,"def":0,"spa":252,"spd":0,"spe":252},"ivs":{"hp":31,"atk":31,"def":31,"spa":31,"spd":31,"spe":31}},{"name":"beetle.juice","species":"heracross","item":"heracronite","ability":"Moxie","moves":["bulletseed","rockblast","closecombat","pinmissile"],"nature":"Adamant","evs":{"hp":252,"atk":232,"def":24,"spa":0,"spd":0,"spe":0},"ivs":{"hp":31,"atk":31,"def":31,"spa":31,"spd":31,"spe":31}},{"name":"doggy","species":"terrakion","item":"choicescarf","ability":"Justified","moves":["earthquake","ironhead","stoneedge","closecombat"],"nature":"Adamant","evs":{"hp":0,"atk":252,"def":0,"spa":0,"spd":0,"spe":252},"ivs":{"hp":31,"atk":31,"def":31,"spa":31,"spd":31,"spe":31}}],"p2team":[{"name":"Flygon","species":"Flygon","item":"choiceband","ability":"Levitate","moves":["earthquake","stoneedge","outrage","superpower"],"nature":"Jolly","evs":{"hp":0,"atk":252,"def":0,"spa":0,"spd":4,"spe":252},"ivs":{"hp":31,"atk":31,"def":31,"spa":31,"spd":31,"spe":31}},{"name":"Zygarde","species":"Zygarde","item":"leftovers","ability":"Aura Break","moves":["dragondance","extremespeed","rockslide","substitute"],"nature":"Adamant","evs":{"hp":0,"atk":252,"def":0,"spa":0,"spd":4,"spe":252},"ivs":{"hp":31,"atk":31,"def":31,"spa":31,"spd":31,"spe":31}},{"name":"Latios","species":"Latios","item":"latiosite","ability":"Levitate","moves":["dracometeor","psychic","thunderbolt","dragonpulse"],"nature":"Timid","evs":{"hp":0,"atk":0,"def":0,"spa":252,"spd":4,"spe":252},"ivs":{"hp":31,"atk":31,"def":31,"spa":31,"spd":31,"spe":31}},{"name":"Noivern","species":"Noivern","item":"choicespecs","ability":"Frisk","moves":["airslash","boomburst","dracometeor","flamethrower"],"nature":"Timid","evs":{"hp":0,"atk":0,"def":0,"spa":252,"spd":4,"spe":252},"ivs":{"hp":31,"atk":31,"def":31,"spa":31,"spd":31,"spe":31}},{"name":"Kingdra","species":"Kingdra","item":"leftovers","ability":"Sniper","moves":["dragondance","outrage","bounce","waterfall"],"nature":"Adamant","evs":{"hp":0,"atk":0,"def":0,"spa":0,"spd":4,"spe":252},"ivs":{"hp":31,"atk":31,"def":31,"spa":31,"spd":31,"spe":31}},{"name":"Hydreigon","species":"Hydreigon","item":"lifeorb","ability":"Levitate","moves":["crunch","dragonrush","flamethrower","steelwing"],"nature":"Hasty","evs":{"hp":0,"atk":252,"def":0,"spa":4,"spd":0,"spe":252},"ivs":{"hp":31,"atk":31,"def":31,"spa":31,"spd":31,"spe":31}}],"log":["|player|p1|jackker|196","|player|p2|Union Wevrm|unionwevrm.png","|gametype|singles","|gen|6","|tier|Monotype","|rated","|rule|Baton Pass Clause: Limit one Baton Passer, can't pass Spe and other stats simultaneously","|rule|Swagger Clause: Swagger is banned","|rule|Same Type Clause: Pokémon in a team must share a type","|clearpoke","|poke|p1|Cobalion","|poke|p1|Hitmontop, M","|poke|p1|Scrafty, F","|poke|p1|Infernape, F","|poke|p1|Heracross, F","|poke|p1|Terrakion","|poke|p2|Flygon, F","|poke|p2|Zygarde","|poke|p2|Latios, M","|poke|p2|Noivern, F","|poke|p2|Kingdra, F","|poke|p2|Hydreigon, F","|rule|Sleep Clause Mod: Limit one foe put to sleep","|rule|Species Clause: Limit one of each Pokémon","|rule|OHKO Clause: OHKO moves are banned","|rule|Moody Clause: Moody is banned","|rule|Evasion Moves Clause: Evasion moves are banned","|rule|Endless Battle Clause: Forcing endless battles is banned","|rule|HP Percentage Mod: HP is shown in percentages","|teampreview","|","|start","|switch|p1a: beetle.juice|Heracross, F|364/364","|switch|p2a: Latios|Latios, M|301/301","|turn|1","|","|switch|p1a: the.punk|Scrafty, F|334/334","|detailschange|p2a: Latios|Latios-Mega, M","|-mega|p2a: Latios|Latios|Latiosite","|move|p2a: Latios|Psychic|p1a: the.punk","|-immune|p1a: the.punk|[msg]","|","|turn|2","|","|move|p2a: Latios|Draco Meteor|p1a: the.punk|[miss]","|-miss|p2a: Latios|p1a: the.punk","|move|p1a: the.punk|Bulk Up|p1a: the.punk","|-boost|p1a: the.punk|atk|1","|-boost|p1a: the.punk|def|1","|","|turn|3","|","|move|p2a: Latios|Draco Meteor|p1a: the.punk","|-damage|p1a: the.punk|168/334","|-unboost|p2a: Latios|spa|2","|move|p1a: the.punk|Crunch|p2a: Latios","|-supereffective|p2a: Latios","|-damage|p2a: Latios|25/301","|","|-heal|p1a: the.punk|188/334|[from] item: Leftovers","|turn|4","|","|switch|p2a: Zygarde|Zygarde|357/357","|-ability|p2a: Zygarde|Aura Break","|move|p1a: the.punk|Drain Punch|p2a: Zygarde","|-damage|p2a: Zygarde|255/357","|-heal|p1a: the.punk|239/334|[from] drain|[of] p2a: Zygarde","|","|-heal|p2a: Zygarde|277/357|[from] item: Leftovers","|-heal|p1a: the.punk|259/334|[from] item: Leftovers","|turn|5","|","|move|p2a: Zygarde|Dragon Dance|p2a: Zygarde","|-boost|p2a: Zygarde|atk|1","|-boost|p2a: Zygarde|spe|1","|move|p1a: the.punk|Ice Punch|p2a: Zygarde","|-supereffective|p2a: Zygarde","|-damage|p2a: Zygarde|0 fnt","|faint|p2a: Zygarde","|","|-heal|p1a: the.punk|279/334|[from] item: Leftovers","|","|switch|p2a: Noivern|Noivern, F|311/311","|-item|p1a: the.punk|Leftovers|[from] ability: Frisk|[of] p2a: Noivern|[identify]","|turn|6","|","|move|p2a: Noivern|Air Slash|p1a: the.punk","|-supereffective|p1a: the.punk","|-damage|p1a: the.punk|67/334","|move|p1a: the.punk|Ice Punch|p2a: Noivern","|-crit|p2a: Noivern","|-supereffective|p2a: Noivern","|-damage|p2a: Noivern|0 fnt","|faint|p2a: Noivern","|","|-heal|p1a: the.punk|87/334|[from] item: Leftovers","|","|switch|p2a: Hydreigon|Hydreigon, F|325/325","|turn|7","|","|move|p2a: Hydreigon|Flamethrower|p1a: the.punk","|-damage|p1a: the.punk|18/334","|-damage|p2a: Hydreigon|293/325|[from] item: Life Orb","|move|p1a: the.punk|Drain Punch|p2a: Hydreigon","|-supereffective|p2a: Hydreigon","|-damage|p2a: Hydreigon|0 fnt","|-heal|p1a: the.punk|165/334|[from] drain|[of] p2a: Hydreigon","|faint|p2a: Hydreigon","|","|-heal|p1a: the.punk|185/334|[from] item: Leftovers","|","|switch|p2a: Flygon|Flygon, F|301/301","|turn|8","|","|move|p2a: Flygon|Superpower|p1a: the.punk","|-supereffective|p1a: the.punk","|-damage|p1a: the.punk|0 fnt","|-unboost|p2a: Flygon|atk|1","|-unboost|p2a: Flygon|def|1","|faint|p1a: the.punk","|","|","|switch|p1a: beetle.juice|Heracross, F|364/364","|turn|9","|","|switch|p2a: Kingdra|Kingdra, F|291/291","|detailschange|p1a: beetle.juice|Heracross-Mega, F","|-mega|p1a: beetle.juice|Heracross|Heracronite","|move|p1a: beetle.juice|Bullet Seed|p2a: Kingdra","|-damage|p2a: Kingdra|248/291","|-damage|p2a: Kingdra|200/291","|-damage|p2a: Kingdra|155/291","|-damage|p2a: Kingdra|112/291","|-damage|p2a: Kingdra|67/291","|-hitcount|p2a: Kingdra|5","|","|-heal|p2a: Kingdra|85/291|[from] item: Leftovers","|turn|10","|","|move|p2a: Kingdra|Bounce|p1a: beetle.juice|[still]","|-prepare|p2a: Kingdra|Bounce|p1a: beetle.juice","|move|p1a: beetle.juice|Bullet Seed|p2a: Kingdra|[miss]","|-miss|p1a: beetle.juice|p2a: Kingdra","|","|-heal|p2a: Kingdra|103/291|[from] item: Leftovers","|turn|11","|","|switch|p1a: toges.copy|Cobalion|386/386","|move|p2a: Kingdra|Bounce|p1a: toges.copy|[from]lockedmove","|-damage|p1a: toges.copy|339/386","|","|-heal|p2a: Kingdra|121/291|[from] item: Leftovers","|-heal|p1a: toges.copy|363/386|[from] item: Leftovers","|turn|12","|","|move|p2a: Kingdra|Bounce|p1a: toges.copy|[still]","|-prepare|p2a: Kingdra|Bounce|p1a: toges.copy","|move|p1a: toges.copy|Stealth Rock|p2a: Kingdra","|-sidestart|p2: Union Wevrm|move: Stealth Rock","|","|-heal|p2a: Kingdra|139/291|[from] item: Leftovers","|-heal|p1a: toges.copy|386/386|[from] item: Leftovers","|turn|13","|","|move|p2a: Kingdra|Bounce|p1a: toges.copy|[from]lockedmove","|-damage|p1a: toges.copy|344/386","|move|p1a: toges.copy|Thunder Wave|p2a: Kingdra","|-status|p2a: Kingdra|par","|","|-heal|p1a: toges.copy|368/386|[from] item: Leftovers","|-heal|p2a: Kingdra|157/291 par|[from] item: Leftovers","|turn|14","|","|move|p1a: toges.copy|Iron Head|p2a: Kingdra","|-resisted|p2a: Kingdra","|-damage|p2a: Kingdra|111/291 par","|move|p2a: Kingdra|Waterfall|p1a: toges.copy","|-damage|p1a: toges.copy|304/386","|","|-heal|p1a: toges.copy|328/386|[from] item: Leftovers","|-heal|p2a: Kingdra|129/291 par|[from] item: Leftovers","|turn|15","|","|move|p1a: toges.copy|Iron Head|p2a: Kingdra","|-resisted|p2a: Kingdra","|-damage|p2a: Kingdra|86/291 par","|move|p2a: Kingdra|Dragon Dance|p2a: Kingdra","|-boost|p2a: Kingdra|atk|1","|-boost|p2a: Kingdra|spe|1","|","|-heal|p1a: toges.copy|352/386|[from] item: Leftovers","|-heal|p2a: Kingdra|104/291 par|[from] item: Leftovers","|turn|16","|","|move|p1a: toges.copy|Iron Head|p2a: Kingdra","|-resisted|p2a: Kingdra","|-damage|p2a: Kingdra|59/291 par","|cant|p2a: Kingdra|flinch","|","|-heal|p1a: toges.copy|376/386|[from] item: Leftovers","|-heal|p2a: Kingdra|77/291 par|[from] item: Leftovers","|turn|17","|","|move|p1a: toges.copy|Iron Head|p2a: Kingdra","|-crit|p2a: Kingdra","|-resisted|p2a: Kingdra","|-damage|p2a: Kingdra|11/291 par","|cant|p2a: Kingdra|par","|","|-heal|p1a: toges.copy|386/386|[from] item: Leftovers","|-heal|p2a: Kingdra|29/291 par|[from] item: Leftovers","|turn|18","|","|move|p1a: toges.copy|Iron Head|p2a: Kingdra","|-resisted|p2a: Kingdra","|-damage|p2a: Kingdra|0 fnt","|faint|p2a: Kingdra","|","|","|switch|p2a: Latios|Latios-Mega, M|25/301","|-damage|p2a: Latios|0 fnt|[from] Stealth Rock","|faint|p2a: Latios","|","|switch|p2a: Flygon|Flygon, F|301/301","|-damage|p2a: Flygon|283/301|[from] Stealth Rock","|turn|19","|","|move|p2a: Flygon|Earthquake|p1a: toges.copy","|-supereffective|p1a: toges.copy","|-damage|p1a: toges.copy|86/386","|move|p1a: toges.copy|Iron Head|p2a: Flygon","|-damage|p2a: Flygon|177/301","|","|-heal|p1a: toges.copy|110/386|[from] item: Leftovers","|turn|20","|","|move|p2a: Flygon|Earthquake|p1a: toges.copy","|-supereffective|p1a: toges.copy","|-damage|p1a: toges.copy|0 fnt","|faint|p1a: toges.copy","|","|","|switch|p1a: diddy.kong|Infernape, F|293/293","|turn|21","|","|move|p1a: diddy.kong|Flamethrower|p2a: Flygon","|-resisted|p2a: Flygon","|-damage|p2a: Flygon|91/301","|move|p2a: Flygon|Earthquake|p1a: diddy.kong","|-supereffective|p1a: diddy.kong","|-enditem|p1a: diddy.kong|Focus Sash","|-damage|p1a: diddy.kong|1/293","|","|turn|22","|","|move|p1a: diddy.kong|Flamethrower|p2a: Flygon","|-resisted|p2a: Flygon","|-damage|p2a: Flygon|0 fnt","|faint|p2a: Flygon","|","|win|jackker"],"p1rating":{"entryid":"395291","serverid":"eos","formatid":"monotype","userid":"jackker","username":"jackker","w":3,"l":"1","t":"0","gxe":59.1,"r":"1500","rd":"130","sigma":"0","rptime":"1440406800","rpr":1572.606270996,"rprd":106.22705707996,"rpsigma":"0","acre":1104.6198555969,"lacre":1104.6198555969,"oldacre":"1073.4007715748"},"p2rating":{"entryid":"373318","serverid":"eos","formatid":"monotype","userid":"unionwevrm","username":"Union Wevrm","w":"6","l":6,"t":"0","gxe":50,"r":"1498.8010721827","rd":"98.297024950931","sigma":"0","rptime":"1440406800","rpr":1500.0169115558,"rprd":82.583303594452,"rpsigma":"0","acre":1073.2475525256,"lacre":1073.2475525256,"oldacre":"1100.169947022"},"endType":"normal"}