{"seed":[15492,48998,57477,10946],"turns":25,"p1":"OleBoyRoy","p2":"Recruiter♅Bronze","p1team":[{"name":"Cradily","species":"Cradily","item":"leftovers","ability":"Storm Drain","moves":["toxic","recover","stealthrock","gigadrain"],"nature":"Modest","evs":{"hp":252,"atk":0,"def":0,"spa":4,"spd":252,"spe":0},"ivs":{"hp":31,"atk":31,"def":31,"spa":31,"spd":31,"spe":31}},{"name":"Aggron","species":"Aggron","item":"aggronite","ability":"Rock Head","moves":["stealthrock","roar","heavyslam","earthquake"],"nature":"Adamant","evs":{"hp":240,"atk":252,"def":0,"spa":0,"spd":16,"spe":0},"ivs":{"hp":31,"atk":31,"def":31,"spa":31,"spd":31,"spe":31}},{"name":"Omastar","species":"Omastar","item":"focussash","ability":"Shell Armor","moves":["blizzard","scald","shellsmash","earthpower"],"nature":"Modest","evs":{"hp":4,"atk":0,"def":0,"spa":252,"spd":0,"spe":252},"ivs":{"hp":31,"atk":31,"def":31,"spa":31,"spd":31,"spe":31}},{"name":"Shuckle","species":"Shuckle","item":"leftovers","ability":"Contrary","moves":["shellsmash","substitute","protect","infestation"],"nature":"Bold","evs":{"hp":0,"atk":0,"def":252,"spa":4,"spd":252,"spe":0},"ivs":{"hp":31,"atk":31,"def":31,"spa":31,"spd":31,"spe":31}},{"name":"Tyrantrum","species":"Tyrantrum","item":"choicescarf","ability":"Rock Head","moves":["headsmash","outrage","ironhead","superpower"],"nature":"Impish","evs":{"hp":0,"atk":252,"def":4,"spa":0,"spd":0,"spe":252},"ivs":{"hp":31,"atk":31,"def":31,"spa":31,"spd":31,"spe":31}},{"name":"Tyranitar","species":"Tyranitar","item":"choicescarf","ability":"Sand Stream","moves":["stoneedge","pursuit","superpower","crunch"],"nature":"Jolly","evs":{"hp":4,"atk":252,"def":0,"spa":0,"spd":0,"spe":252},"ivs":{"hp":31,"atk":31,"def":31,"spa":31,"spd":31,"spe":31}}],"p2team":[{"name":"GENERICTINI","species":"victini","item":"choicescarf","ability":"Victory Star","moves":["vcreate","boltstrike","uturn","zenheadbutt"],"nature":"Jolly","evs":{"hp":0,"atk":252,"def":0,"spa":0,"spd":4,"spe":252},"ivs":{"hp":31,"atk":31,"def":31,"spa":31,"spd":31,"spe":31}},{"name":"Y U UNBAN!!!!!","species":"gallade","item":"galladite","ability":"Justified","moves":["drainpunch","bulkup","shadowsneak","knockoff"],"nature":"Jolly","evs":{"hp":0,"atk":176,"def":80,"spa":0,"spd":0,"spe":252},"ivs":{"hp":31,"atk":31,"def":31,"spa":31,"spd":31,"spe":31}},{"name":"STICK IT IN","species":"hoopaunbound","item":"choicescarf","ability":"Magician","moves":["drainpunch","gunkshot","hyperspacefury","firepunch"],"nature":"Jolly","evs":{"hp":0,"atk":252,"def":0,"spa":0,"spd":4,"spe":252},"ivs":{"hp":31,"atk":31,"def":31,"spa":31,"spd":31,"spe":31}},{"name":"Nyaaaaa~","species":"mew","item":"leftovers","ability":"Synchronize","moves":["roost","defog","rockslide","willowisp"],"nature":"Careful","evs":{"hp":248,"atk":8,"def":0,"spa":0,"spd":252,"spe":0},"ivs":{"hp":31,"atk":31,"def":31,"spa":31,"spd":31,"spe":31}},{"name":"Poopface","species":"slowbro","item":"leftovers","ability":"Regenerator","moves":["scald","grassknot","slackoff","thunderwave"],"nature":"Bold","evs":{"hp":252,"atk":0,"def":252,"spa":4,"spd":0,"spe":0},"ivs":{"hp":31,"atk":31,"def":31,"spa":31,"spd":31,"spe":31}},{"name":"Melody","species":"meloetta","item":"leftovers","ability":"Serene Grace","moves":["dazzlinggleam","calmmind","psyshock","substitute"],"nature":"Calm","evs":{"hp":248,"atk":0,"def":200,"spa":0,"spd":60,"spe":0},"ivs":{"hp":31,"atk":0,"def":31,"spa":31,"spd":31,"spe":31}}],"log":["|player|p1|OleBoyRoy|10","|player|p2|Recruiter♅Bronze|287","|gametype|singles","|gen|6","|tier|Monotype","|rated","|rule|Baton Pass Clause: Limit one Baton Passer, can't pass Spe and other stats simultaneously","|rule|Swagger Clause: Swagger is banned","|rule|Same Type Clause: Pokémon in a team must share a type","|clearpoke","|poke|p1|Cradily, M","|poke|p1|Aggron, M","|poke|p1|Omastar, F","|poke|p1|Shuckle, M","|poke|p1|Tyrantrum, F","|poke|p1|Tyranitar, F","|poke|p2|Victini","|poke|p2|Gallade, M","|poke|p2|Hoopa-Unbound","|poke|p2|Mew","|poke|p2|Slowbro, F","|poke|p2|Meloetta","|rule|Sleep Clause Mod: Limit one foe put to sleep","|rule|Species Clause: Limit one of each Pokémon","|rule|OHKO Clause: OHKO moves are banned","|rule|Moody Clause: Moody is banned","|rule|Evasion Moves Clause: Evasion moves are banned","|rule|Endless Battle Clause: Forcing endless battles is banned","|rule|HP Percentage Mod: HP is shown in percentages","|teampreview","|","|start","|switch|p1a: Shuckle|Shuckle, M|181/181","|switch|p2a: Nyaaaaa~|Mew|403/403","|turn|1","|","|move|p2a: Nyaaaaa~|Rock Slide|p1a: Shuckle","|-supereffective|p1a: Shuckle","|-damage|p1a: Shuckle|131/181","|move|p1a: Shuckle|Shell Smash|p1a: Shuckle","|-boost|p1a: Shuckle|def|1","|-boost|p1a: Shuckle|spd|1","|-unboost|p1a: Shuckle|atk|2","|-unboost|p1a: Shuckle|spa|2","|-unboost|p1a: Shuckle|spe|2","|","|-heal|p1a: Shuckle|142/181|[from] item: Leftovers","|turn|2","|","|move|p2a: Nyaaaaa~|Will-O-Wisp|p1a: Shuckle","|-status|p1a: Shuckle|brn","|move|p1a: Shuckle|Infestation|p2a: Nyaaaaa~","|-supereffective|p2a: Nyaaaaa~","|-damage|p2a: Nyaaaaa~|397/403","|-activate|p2a: Nyaaaaa~|move: Infestation|[of] p1a: Shuckle","|","|-heal|p2a: Nyaaaaa~|403/403|[from] item: Leftovers","|-heal|p1a: Shuckle|153/181 brn|[from] item: Leftovers","|-damage|p1a: Shuckle|131/181 brn|[from] brn","|-damage|p2a: Nyaaaaa~|353/403|[from] move: Infestation|[partiallytrapped]","|turn|3","|","|move|p2a: Nyaaaaa~|Rock Slide|p1a: Shuckle","|-miss|p2a: Nyaaaaa~|p1a: Shuckle","|move|p1a: Shuckle|Shell Smash|p1a: Shuckle","|-boost|p1a: Shuckle|def|1","|-boost|p1a: Shuckle|spd|1","|-unboost|p1a: Shuckle|atk|2","|-unboost|p1a: Shuckle|spa|2","|-unboost|p1a: Shuckle|spe|2","|","|-heal|p2a: Nyaaaaa~|378/403|[from] item: Leftovers","|-heal|p1a: Shuckle|142/181 brn|[from] item: Leftovers","|-damage|p1a: Shuckle|120/181 brn|[from] brn","|-damage|p2a: Nyaaaaa~|328/403|[from] move: Infestation|[partiallytrapped]","|turn|4","|","|move|p1a: Shuckle|Protect|p1a: Shuckle","|-singleturn|p1a: Shuckle|Protect","|move|p2a: Nyaaaaa~|Rock Slide|p1a: Shuckle","|-activate|p1a: Shuckle|Protect","|","|-heal|p2a: Nyaaaaa~|353/403|[from] item: Leftovers","|-heal|p1a: Shuckle|131/181 brn|[from] item: Leftovers","|-damage|p1a: Shuckle|109/181 brn|[from] brn","|-damage|p2a: Nyaaaaa~|303/403|[from] move: Infestation|[partiallytrapped]","|turn|5","|","|move|p2a: Nyaaaaa~|Rock Slide|p1a: Shuckle","|-supereffective|p1a: Shuckle","|-damage|p1a: Shuckle|85/181 brn","|cant|p1a: Shuckle|flinch","|","|-heal|p2a: Nyaaaaa~|328/403|[from] item: Leftovers","|-heal|p1a: Shuckle|96/181 brn|[from] item: Leftovers","|-damage|p1a: Shuckle|74/181 brn|[from] brn","|-damage|p2a: Nyaaaaa~|278/403|[from] move: Infestation|[partiallytrapped]","|turn|6","|","|move|p2a: Nyaaaaa~|Rock Slide|p1a: Shuckle","|-supereffective|p1a: Shuckle","|-damage|p1a: Shuckle|50/181 brn","|move|p1a: Shuckle|Substitute|p1a: Shuckle","|-start|p1a: Shuckle|Substitute","|-damage|p1a: Shuckle|5/181 brn","|","|-heal|p2a: Nyaaaaa~|303/403|[from] item: Leftovers","|-heal|p1a: Shuckle|16/181 brn|[from] item: Leftovers","|-damage|p1a: Shuckle|0 fnt|[from] brn","|faint|p1a: Shuckle","|","|switch|p1a: Omastar|Omastar, F|282/282","|turn|7","|","|switch|p2a: Poopface|Slowbro, F|394/394","|move|p1a: Omastar|Shell Smash|p1a: Omastar","|-unboost|p1a: Omastar|def|1","|-unboost|p1a: Omastar|spd|1","|-boost|p1a: Omastar|atk|2","|-boost|p1a: Omastar|spa|2","|-boost|p1a: Omastar|spe|2","|","|turn|8","|","|move|p1a: Omastar|Shell Smash|p1a: Omastar","|-unboost|p1a: Omastar|def|1","|-unboost|p1a: Omastar|spd|1","|-boost|p1a: Omastar|atk|2","|-boost|p1a: Omastar|spa|2","|-boost|p1a: Omastar|spe|2","|move|p2a: Poopface|Thunder Wave|p1a: Omastar","|-status|p1a: Omastar|par","|","|turn|9","|","|cant|p1a: Omastar|par","|move|p2a: Poopface|Grass Knot|p1a: Omastar","|-supereffective|p1a: Omastar","|-enditem|p1a: Omastar|Focus Sash","|-damage|p1a: Omastar|1/282 par","|","|turn|10","|","|move|p1a: Omastar|Earth Power|p2a: Poopface","|-crit|p2a: Poopface","|-damage|p2a: Poopface|0 fnt","|faint|p2a: Poopface","|","|","|switch|p2a: GENERICTINI|Victini|341/341","|turn|11","|","|move|p2a: GENERICTINI|U-turn|p1a: Omastar","|-damage|p1a: Omastar|0 fnt","|faint|p1a: Omastar","|","|switch|p2a: Nyaaaaa~|Mew|303/403","|","|-heal|p2a: Nyaaaaa~|328/403|[from] item: Leftovers","|","|switch|p1a: Tyranitar|Tyranitar, F|342/342","|-weather|Sandstorm","|turn|12","|","|move|p1a: Tyranitar|Crunch|p2a: Nyaaaaa~","|-supereffective|p2a: Nyaaaaa~","|-damage|p2a: Nyaaaaa~|58/403","|move|p2a: Nyaaaaa~|Will-O-Wisp|p1a: Tyranitar","|-status|p1a: Tyranitar|brn","|","|-weather|Sandstorm|[upkeep]","|-damage|p2a: Nyaaaaa~|33/403|[from] sandstorm","|-heal|p2a: Nyaaaaa~|58/403|[from] item: Leftovers","|-damage|p1a: Tyranitar|300/342 brn|[from] brn","|turn|13","|","|move|p1a: Tyranitar|Crunch|p2a: Nyaaaaa~","|-supereffective|p2a: Nyaaaaa~","|-damage|p2a: Nyaaaaa~|0 fnt","|faint|p2a: Nyaaaaa~","|","|-weather|Sandstorm|[upkeep]","|-damage|p1a: Tyranitar|258/342 brn|[from] brn","|","|switch|p2a: STICK IT IN|Hoopa-Unbound|301/301","|turn|14","|","|switch|p1a: Cradily|Cradily, M|376/376","|move|p2a: STICK IT IN|Drain Punch|p1a: Cradily","|-supereffective|p1a: Cradily","|-damage|p1a: Cradily|150/376","|","|-weather|Sandstorm|[upkeep]","|-damage|p2a: STICK IT IN|283/301|[from] sandstorm","|-heal|p1a: Cradily|173/376|[from] item: Leftovers","|turn|15","|","|move|p2a: STICK IT IN|Drain Punch|p1a: Cradily","|-supereffective|p1a: Cradily","|-damage|p1a: Cradily|0 fnt","|-heal|p2a: STICK IT IN|301/301|[from] drain|[of] p1a: Cradily","|faint|p1a: Cradily","|","|-weather|Sandstorm|[upkeep]","|-damage|p2a: STICK IT IN|283/301|[from] sandstorm","|","|switch|p1a: Tyranitar|Tyranitar, F|258/342 brn","|turn|16","|","|move|p2a: STICK IT IN|Drain Punch|p1a: Tyranitar","|-supereffective|p1a: Tyranitar","|-damage|p1a: Tyranitar|0 fnt","|-heal|p2a: STICK IT IN|301/301|[from] drain|[of] p1a: Tyranitar","|faint|p1a: Tyranitar","|","|-weather|none","|","|switch|p1a: Aggron|Aggron, M|341/341","|turn|17","|","|detailschange|p1a: Aggron|Aggron-Mega, M","|-mega|p1a: Aggron|Aggron|Aggronite","|move|p2a: STICK IT IN|Drain Punch|p1a: Aggron","|-supereffective|p1a: Aggron","|-damage|p1a: Aggron|262/341","|move|p1a: Aggron|Roar|p2a: STICK IT IN","|drag|p2a: Melody|Meloetta|403/403","|","|turn|18","|","|move|p2a: Melody|Dazzling Gleam|p1a: Aggron","|-resisted|p1a: Aggron","|-damage|p1a: Aggron|213/341","|move|p1a: Aggron|Stealth Rock|p2a: Melody","|-sidestart|p2: Recruiter♅Bronze|move: Stealth Rock","|","|turn|19","|","|move|p2a: Melody|Dazzling Gleam|p1a: Aggron","|-resisted|p1a: Aggron","|-damage|p1a: Aggron|171/341","|move|p1a: Aggron|Roar|p2a: Melody","|drag|p2a: STICK IT IN|Hoopa-Unbound|301/301","|-damage|p2a: STICK IT IN|264/301|[from] Stealth Rock","|","|turn|20","|","|move|p2a: STICK IT IN|Drain Punch|p1a: Aggron","|-supereffective|p1a: Aggron","|-damage|p1a: Aggron|92/341","|-heal|p2a: STICK IT IN|301/301|[from] drain|[of] p1a: Aggron","|move|p1a: Aggron|Earthquake|p2a: STICK IT IN","|-damage|p2a: STICK IT IN|107/301","|","|turn|21","|","|move|p2a: STICK IT IN|Drain Punch|p1a: Aggron","|-supereffective|p1a: Aggron","|-damage|p1a: Aggron|13/341","|-heal|p2a: STICK IT IN|147/301|[from] drain|[of] p1a: Aggron","|move|p1a: Aggron|Heavy Slam|p2a: STICK IT IN","|-damage|p2a: STICK IT IN|20/301","|","|turn|22","|","|move|p2a: STICK IT IN|Drain Punch|p1a: Aggron","|-supereffective|p1a: Aggron","|-damage|p1a: Aggron|0 fnt","|-heal|p2a: STICK IT IN|27/301|[from] drain|[of] p1a: Aggron","|faint|p1a: Aggron","|","|","|switch|p1a: Tyrantrum|Tyrantrum, F|305/305","|turn|23","|","|move|p2a: STICK IT IN|Drain Punch|p1a: Tyrantrum","|-supereffective|p1a: Tyrantrum","|-damage|p1a: Tyrantrum|131/305","|-heal|p2a: STICK IT IN|114/301|[from] drain|[of] p1a: Tyrantrum","|move|p1a: Tyrantrum|Head Smash|p2a: STICK IT IN","|-damage|p2a: STICK IT IN|0 fnt","|faint|p2a: STICK IT IN","|","|","|switch|p2a: GENERICTINI|Victini|341/341","|-damage|p2a: GENERICTINI|256/341|[from] Stealth Rock","|turn|24","|","|move|p2a: GENERICTINI|Zen Headbutt|p1a: Tyrantrum","|-damage|p1a: Tyrantrum|31/305","|move|p1a: Tyrantrum|Head Smash|p2a: GENERICTINI","|-crit|p2a: GENERICTINI","|-supereffective|p2a: GENERICTINI","|-damage|p2a: GENERICTINI|0 fnt","|faint|p2a: GENERICTINI","|","|","|switch|p2a: Y U UNBAN!!!!!|Gallade, M|277/277","|-damage|p2a: Y U UNBAN!!!!!|260/277|[from] Stealth Rock","|turn|25","|","|detailschange|p2a: Y U UNBAN!!!!!|Gallade-Mega, M","|-mega|p2a: Y U UNBAN!!!!!|Gallade|Galladite","|move|p2a: Y U UNBAN!!!!!|Shadow Sneak|p1a: Tyrantrum","|-damage|p1a: Tyrantrum|0 fnt","|faint|p1a: Tyrantrum","|","|win|Recruiter♅Bronze"],"p1rating":{"entryid":404141,"formatid":"monotype","userid":"oleboyroy","username":"OleBoyRoy","r":1500,"rd":130,"sigma":0,"rpr":1459.8393856612,"rprd":122.8583080769,"rpsigma":0,"rptime":1440406800,"w":0,"l":1,"t":0,"gxe":45,"acre":1000,"lacre":1000,"oldacre":1000},"p2rating":{"entryid":"399735","serverid":"eos","formatid":"monotype","userid":"recruiterbronze","username":"Recruiter♅Bronze","w":2,"l":"0","t":"0","gxe":58.7,"r":"1500","rd":"130","sigma":"0","rptime":"1440406800","rpr":1569.8149759175,"rprd":116.07950040014,"rpsigma":"0","acre":1075.482029706,"lacre":1075.482029706,"oldacre":"1046.9516237739"},"endType":"normal"}