{"seed":[14139,21971,6489,24999],"turns":32,"p1":"Silver LadyLaxus","p2":"Quilluminati","p1team":[{"name":"Checkmate","species":"bisharp","item":"lumberry","ability":"Defiant","moves":["swordsdance","ironhead","suckerpunch","knockoff"],"nature":"Adamant","evs":{"hp":0,"atk":252,"def":0,"spa":0,"spd":4,"spe":252},"ivs":{"hp":31,"atk":31,"def":31,"spa":31,"spd":31,"spe":31}},{"name":"Gemz","species":"sableye","item":"sablenite","ability":"Prankster","moves":["willowisp","calmmind","shadowball","recover"],"nature":"Bold","evs":{"hp":252,"atk":0,"def":252,"spa":0,"spd":4,"spe":0},"ivs":{"hp":31,"atk":31,"def":31,"spa":31,"spd":31,"spe":31}},{"name":"Sand Dargon","species":"tyranitar","item":"leftovers","ability":"Sand Stream","moves":["crunch","stoneedge","stealthrock","thunderwave"],"nature":"Adamant","evs":{"hp":252,"atk":32,"def":0,"spa":0,"spd":224,"spe":0},"ivs":{"hp":31,"atk":31,"def":31,"spa":31,"spd":31,"spe":31}},{"name":"Pebbles","species":"mandibuzz","item":"rockyhelmet","ability":"Overcoat","moves":["bravebird","roost","defog","toxic"],"nature":"Impish","evs":{"hp":248,"atk":8,"def":252,"spa":0,"spd":0,"spe":0},"ivs":{"hp":31,"atk":31,"def":31,"spa":31,"spd":31,"spe":31}},{"name":"Daunting ik","species":"crawdaunt","item":"lumberry","ability":"Adaptability","moves":["swordsdance","crabhammer","aquajet","knockoff"],"nature":"Adamant","evs":{"hp":248,"atk":16,"def":0,"spa":0,"spd":8,"spe":0},"ivs":{"hp":31,"atk":31,"def":31,"spa":31,"spd":31,"spe":31}},{"name":"Zoro","species":"zoroark","item":"focussash","ability":"Illusion","moves":["nastyplot","nightdaze","counter","extrasensory"],"nature":"Timid","evs":{"hp":0,"atk":0,"def":0,"spa":252,"spd":4,"spe":252},"ivs":{"hp":31,"atk":31,"def":31,"spa":31,"spd":31,"spe":31}}],"p2team":[{"name":"Aggron","species":"Aggron","item":"aggronite","ability":"Sturdy","moves":["heavyslam","curse","rest","sleeptalk"],"nature":"Impish","evs":{"hp":252,"atk":0,"def":16,"spa":0,"spd":240,"spe":0},"shiny":true,"ivs":{"hp":31,"atk":31,"def":31,"spa":31,"spd":31,"spe":31}},{"name":"Aerodactyl","species":"Aerodactyl","item":"focussash","ability":"Rock Head","moves":["aerialace","honeclaws","stoneedge","firefang"],"nature":"Jolly","evs":{"hp":0,"atk":252,"def":0,"spa":0,"spd":4,"spe":252},"ivs":{"hp":31,"atk":31,"def":31,"spa":31,"spd":31,"spe":31}},{"name":"Cradily","species":"Cradily","item":"rockyhelmet","ability":"Storm Drain","moves":["gigadrain","stockpile","recover","toxic"],"nature":"Calm","evs":{"hp":44,"atk":0,"def":216,"spa":48,"spd":140,"spe":60},"ivs":{"hp":31,"atk":31,"def":31,"spa":31,"spd":31,"spe":31}},{"name":"Tyranitar","species":"Tyranitar","item":"assaultvest","ability":"Sand Stream","moves":["fireblast","crunch","earthquake","stoneedge"],"nature":"Naughty","evs":{"hp":252,"atk":152,"def":0,"spa":104,"spd":0,"spe":0},"ivs":{"hp":31,"atk":31,"def":31,"spa":31,"spd":31,"spe":31}},{"name":"Terrakion","species":"Terrakion","item":"choicescarf","ability":"Justified","moves":["closecombat","earthquake","ironhead","stoneedge"],"nature":"Jolly","evs":{"hp":0,"atk":252,"def":0,"spa":0,"spd":4,"spe":252},"ivs":{"hp":31,"atk":31,"def":31,"spa":31,"spd":31,"spe":31}},{"name":"Omastar","species":"Omastar","item":"focussash","ability":"Shell Armor","moves":["shellsmash","icebeam","surf","earthpower"],"nature":"Modest","evs":{"hp":0,"atk":0,"def":0,"spa":252,"spd":4,"spe":252},"ivs":{"hp":31,"atk":31,"def":31,"spa":31,"spd":31,"spe":31}}],"log":["|player|p1|Silver LadyLaxus|100","|player|p2|Quilluminati|80","|gametype|singles","|gen|6","|tier|Monotype","|rated","|rule|Baton Pass Clause: Limit one Baton Passer, can't pass Spe and other stats simultaneously","|rule|Swagger Clause: Swagger is banned","|rule|Same Type Clause: Pokémon in a team must share a type","|clearpoke","|poke|p1|Bisharp, M","|poke|p1|Sableye, F","|poke|p1|Tyranitar, M","|poke|p1|Mandibuzz, F","|poke|p1|Crawdaunt, F","|poke|p1|Zoroark, M","|poke|p2|Aggron, F, shiny","|poke|p2|Aerodactyl, F","|poke|p2|Cradily, M","|poke|p2|Tyranitar, M","|poke|p2|Terrakion","|poke|p2|Omastar, M","|rule|Sleep Clause Mod: Limit one foe put to sleep","|rule|Species Clause: Limit one of each Pokémon","|rule|OHKO Clause: OHKO moves are banned","|rule|Moody Clause: Moody is banned","|rule|Evasion Moves Clause: Evasion moves are banned","|rule|Endless Battle Clause: Forcing endless battles is banned","|rule|HP Percentage Mod: HP is shown in percentages","|teampreview","|","|start","|switch|p1a: Daunting ik|Crawdaunt, F|261/261","|switch|p2a: Omastar|Omastar, M|281/281","|turn|1","|","|switch|p2a: Cradily|Cradily, M|324/324","|move|p1a: Daunting ik|Night Daze|p2a: Cradily","|-damage|p2a: Cradily|218/324","|","|turn|2","|","|move|p1a: Daunting ik|Nasty Plot|p1a: Daunting ik","|-boost|p1a: Daunting ik|spa|2","|move|p2a: Cradily|Stockpile|p2a: Cradily","|-start|p2a: Cradily|stockpile1","|-boost|p2a: Cradily|def|1","|-boost|p2a: Cradily|spd|1","|","|turn|3","|","|move|p1a: Daunting ik|Nasty Plot|p1a: Daunting ik","|-boost|p1a: Daunting ik|spa|2","|move|p2a: Cradily|Giga Drain|p1a: Daunting ik","|replace|p1a: Zoro|Zoroark, M|261/261","|-damage|p1a: Zoro|140/261","|-heal|p2a: Cradily|279/324|[from] drain|[of] p1a: Zoro","|","|turn|4","|","|move|p1a: Zoro|Night Daze|p2a: Cradily","|-crit|p2a: Cradily","|-damage|p2a: Cradily|0 fnt","|faint|p2a: Cradily","|","|","|switch|p2a: Terrakion|Terrakion|323/323","|turn|5","|","|switch|p1a: Gemz|Sableye, F|304/304","|move|p2a: Terrakion|Stone Edge|p1a: Gemz","|-damage|p1a: Gemz|157/304","|","|turn|6","|","|switch|p2a: Omastar|Omastar, M|281/281","|detailschange|p1a: Gemz|Sableye-Mega, F","|-mega|p1a: Gemz|Sableye|Sablenite","|move|p1a: Gemz|Will-O-Wisp|p2a: Omastar","|-status|p2a: Omastar|brn","|","|-damage|p2a: Omastar|246/281 brn|[from] brn","|turn|7","|","|move|p2a: Omastar|Shell Smash|p2a: Omastar","|-unboost|p2a: Omastar|def|1","|-unboost|p2a: Omastar|spd|1","|-boost|p2a: Omastar|atk|2","|-boost|p2a: Omastar|spa|2","|-boost|p2a: Omastar|spe|2","|move|p1a: Gemz|Recover|p1a: Gemz","|-heal|p1a: Gemz|304/304","|","|-damage|p2a: Omastar|211/281 brn|[from] brn","|turn|8","|","|move|p2a: Omastar|Surf|p1a: Gemz","|-damage|p1a: Gemz|21/304","|move|p1a: Gemz|Shadow Ball|p2a: Omastar","|-damage|p2a: Omastar|40/281 brn","|","|-damage|p2a: Omastar|5/281 brn|[from] brn","|turn|9","|","|move|p2a: Omastar|Surf|p1a: Gemz","|-damage|p1a: Gemz|0 fnt","|faint|p1a: Gemz","|","|-damage|p2a: Omastar|0 fnt|[from] brn","|faint|p2a: Omastar","|","|switch|p2a: Aerodactyl|Aerodactyl, F|301/301","|switch|p1a: Pebbles|Mandibuzz, F|423/423","|turn|10","|","|move|p2a: Aerodactyl|Hone Claws|p2a: Aerodactyl","|-boost|p2a: Aerodactyl|atk|1","|-boost|p2a: Aerodactyl|accuracy|1","|move|p1a: Pebbles|Toxic|p2a: Aerodactyl","|-status|p2a: Aerodactyl|tox","|","|-damage|p2a: Aerodactyl|283/301 tox|[from] psn","|turn|11","|","|switch|p1a: Daunting ik|Crawdaunt, F|140/261","|move|p2a: Aerodactyl|Stone Edge|p1a: Daunting ik","|replace|p1a: Zoro|Zoroark, M|140/261","|-damage|p1a: Zoro|0 fnt","|faint|p1a: Zoro","|","|-damage|p2a: Aerodactyl|247/301 tox|[from] psn","|","|switch|p1a: Daunting ik|Crawdaunt, F|329/329","|turn|12","|","|move|p1a: Daunting ik|Aqua Jet|p2a: Aerodactyl","|-supereffective|p2a: Aerodactyl","|-damage|p2a: Aerodactyl|0 fnt","|faint|p2a: Aerodactyl","|","|","|switch|p2a: Terrakion|Terrakion|323/323","|turn|13","|","|switch|p1a: Pebbles|Mandibuzz, F|423/423","|move|p2a: Terrakion|Close Combat|p1a: Pebbles","|-damage|p1a: Pebbles|269/423","|-damage|p2a: Terrakion|270/323|[from] item: Rocky Helmet|[of] p1a: Pebbles","|-unboost|p2a: Terrakion|def|1","|-unboost|p2a: Terrakion|spd|1","|","|turn|14","|","|switch|p2a: Aggron|Aggron, F, shiny|344/344","|move|p1a: Pebbles|Roost|p1a: Pebbles","|-heal|p1a: Pebbles|423/423","|","|turn|15","|","|detailschange|p2a: Aggron|Aggron-Mega, F, shiny","|-mega|p2a: Aggron|Aggron|Aggronite","|move|p1a: Pebbles|Brave Bird|p2a: Aggron","|-resisted|p2a: Aggron","|-damage|p2a: Aggron|320/344","|-damage|p1a: Pebbles|415/423|[from] recoil|[of] p2a: Aggron","|move|p2a: Aggron|Curse|p2a: Aggron","|-unboost|p2a: Aggron|spe|1","|-boost|p2a: Aggron|atk|1","|-boost|p2a: Aggron|def|1","|","|turn|16","|","|switch|p1a: Daunting ik|Crawdaunt, F|329/329","|move|p2a: Aggron|Curse|p2a: Aggron","|-unboost|p2a: Aggron|spe|1","|-boost|p2a: Aggron|atk|1","|-boost|p2a: Aggron|def|1","|","|turn|17","|","|move|p1a: Daunting ik|Swords Dance|p1a: Daunting ik","|-boost|p1a: Daunting ik|atk|2","|move|p2a: Aggron|Heavy Slam|p1a: Daunting ik","|-crit|p1a: Daunting ik","|-resisted|p1a: Daunting ik","|-damage|p1a: Daunting ik|0 fnt","|faint|p1a: Daunting ik","|","|","|switch|p1a: Sand Dargon|Tyranitar, M|404/404","|-weather|Sandstorm","|turn|18","|","|move|p1a: Sand Dargon|Crunch|p2a: Aggron","|-damage|p2a: Aggron|287/344","|move|p2a: Aggron|Heavy Slam|p1a: Sand Dargon","|-supereffective|p1a: Sand Dargon","|-damage|p1a: Sand Dargon|182/404","|","|-weather|Sandstorm|[upkeep]","|-heal|p1a: Sand Dargon|207/404|[from] item: Leftovers","|turn|19","|","|move|p1a: Sand Dargon|Thunder Wave|p2a: Aggron","|-status|p2a: Aggron|par","|cant|p2a: Aggron|par","|","|-weather|Sandstorm|[upkeep]","|-heal|p1a: Sand Dargon|232/404|[from] item: Leftovers","|turn|20","|","|move|p1a: Sand Dargon|Crunch|p2a: Aggron","|-damage|p2a: Aggron|256/344 par","|cant|p2a: Aggron|par","|","|-weather|Sandstorm|[upkeep]","|-heal|p1a: Sand Dargon|257/404|[from] item: Leftovers","|turn|21","|","|move|p1a: Sand Dargon|Crunch|p2a: Aggron","|-damage|p2a: Aggron|225/344 par","|cant|p2a: Aggron|par","|","|-weather|Sandstorm|[upkeep]","|-heal|p1a: Sand Dargon|282/404|[from] item: Leftovers","|turn|22","|","|move|p1a: Sand Dargon|Crunch|p2a: Aggron","|-damage|p2a: Aggron|192/344 par","|move|p2a: Aggron|Rest|p2a: Aggron","|-status|p2a: Aggron|slp","|-heal|p2a: Aggron|344/344 slp|[silent]","|-status|p2a: Aggron|slp|[from] move: Rest","|","|-weather|none","|-heal|p1a: Sand Dargon|307/404|[from] item: Leftovers","|turn|23","|","|move|p1a: Sand Dargon|Crunch|p2a: Aggron","|-damage|p2a: Aggron|317/344 slp","|cant|p2a: Aggron|slp","|move|p2a: Aggron|Sleep Talk|p2a: Aggron","|move|p2a: Aggron|Curse|p2a: Aggron|[from]Sleep Talk","|-unboost|p2a: Aggron|spe|1","|-boost|p2a: Aggron|atk|1","|-boost|p2a: Aggron|def|1","|","|-heal|p1a: Sand Dargon|332/404|[from] item: Leftovers","|turn|24","|","|move|p1a: Sand Dargon|Crunch|p2a: Aggron","|-damage|p2a: Aggron|292/344 slp","|-unboost|p2a: Aggron|def|1","|cant|p2a: Aggron|slp","|move|p2a: Aggron|Sleep Talk|p2a: Aggron","|move|p2a: Aggron|Rest|p2a: Aggron|[from]Sleep Talk","|-fail|p2a: Aggron","|","|-heal|p1a: Sand Dargon|357/404|[from] item: Leftovers","|turn|25","|","|move|p1a: Sand Dargon|Crunch|p2a: Aggron","|-crit|p2a: Aggron","|-damage|p2a: Aggron|199/344 slp","|-curestatus|p2a: Aggron|slp","|move|p2a: Aggron|Heavy Slam|p1a: Sand Dargon","|-supereffective|p1a: Sand Dargon","|-damage|p1a: Sand Dargon|51/404","|","|-heal|p1a: Sand Dargon|76/404|[from] item: Leftovers","|turn|26","|","|move|p1a: Sand Dargon|Thunder Wave|p2a: Aggron","|-status|p2a: Aggron|par","|move|p2a: Aggron|Heavy Slam|p1a: Sand Dargon","|-supereffective|p1a: Sand Dargon","|-damage|p1a: Sand Dargon|0 fnt","|faint|p1a: Sand Dargon","|","|","|switch|p1a: Checkmate|Bisharp, M|271/271","|turn|27","|","|move|p1a: Checkmate|Swords Dance|p1a: Checkmate","|-boost|p1a: Checkmate|atk|2","|move|p2a: Aggron|Rest|p2a: Aggron","|-status|p2a: Aggron|slp","|-heal|p2a: Aggron|344/344 slp|[silent]","|-status|p2a: Aggron|slp|[from] move: Rest","|","|turn|28","|","|move|p1a: Checkmate|Swords Dance|p1a: Checkmate","|-boost|p1a: Checkmate|atk|2","|cant|p2a: Aggron|slp","|move|p2a: Aggron|Sleep Talk|p2a: Aggron","|move|p2a: Aggron|Curse|p2a: Aggron|[from]Sleep Talk","|-unboost|p2a: Aggron|spe|1","|-boost|p2a: Aggron|atk|1","|-boost|p2a: Aggron|def|1","|","|turn|29","|","|move|p1a: Checkmate|Swords Dance|p1a: Checkmate","|-boost|p1a: Checkmate|atk|2","|cant|p2a: Aggron|slp","|move|p2a: Aggron|Sleep Talk|p2a: Aggron","|move|p2a: Aggron|Heavy Slam|p1a: Checkmate|[from]Sleep Talk","|-resisted|p1a: Checkmate","|-damage|p1a: Checkmate|4/271","|","|turn|30","|","|move|p1a: Checkmate|Sucker Punch|p2a: Aggron","|-damage|p2a: Aggron|247/344 slp","|-curestatus|p2a: Aggron|slp","|move|p2a: Aggron|Heavy Slam|p1a: Checkmate","|-resisted|p1a: Checkmate","|-damage|p1a: Checkmate|0 fnt","|faint|p1a: Checkmate","|","|","|switch|p1a: Pebbles|Mandibuzz, F|415/423","|turn|31","|","|move|p1a: Pebbles|Brave Bird|p2a: Aggron","|-resisted|p2a: Aggron","|-damage|p2a: Aggron|238/344","|-damage|p1a: Pebbles|412/423|[from] recoil|[of] p2a: Aggron","|move|p2a: Aggron|Heavy Slam|p1a: Pebbles","|-damage|p1a: Pebbles|6/423","|-damage|p2a: Aggron|181/344|[from] item: Rocky Helmet|[of] p1a: Pebbles","|","|turn|32","|","|move|p1a: Pebbles|Brave Bird|p2a: Aggron","|-resisted|p2a: Aggron","|-damage|p2a: Aggron|172/344","|-damage|p1a: Pebbles|3/423|[from] recoil|[of] p2a: Aggron","|move|p2a: Aggron|Heavy Slam|p1a: Pebbles","|-damage|p1a: Pebbles|0 fnt","|-damage|p2a: Aggron|115/344|[from] item: Rocky Helmet|[of] p1a: Pebbles","|faint|p1a: Pebbles","|","|win|Quilluminati"],"p1rating":{"entryid":"221665","serverid":"eos","formatid":"monotype","userid":"silverladylaxus","username":"Silver LadyLaxus","w":"6","l":4,"t":"0","gxe":59.3,"r":"1545.9049391545","rd":"101.75961480727","sigma":"0","rptime":"1440406800","rpr":1572.6133981717,"rprd":86.534207358383,"rpsigma":"0","acre":1109.6511015178,"lacre":1109.6511015178,"oldacre":"1138.7444118097"},"p2rating":{"entryid":"261237","serverid":"eos","formatid":"monotype","userid":"quilluminati","username":"Quilluminati","w":3,"l":"0","t":"0","gxe":62.6,"r":"1540.1606143388","rd":"123.22070420879","sigma":"0","rptime":"1440406800","rpr":1601.7239686617,"rprd":111.09356033644,"rpsigma":"0","acre":1113.6916420597,"lacre":1113.6916420597,"oldacre":"1081.3412656854"},"endType":"normal"}