{"seed":[22494,1473,52641,37531],"turns":47,"p1":"Alliance-Succubus","p2":"LightOfAKnowing","p1team":[{"name":"Deoxys-Defense","species":"Deoxys-Defense","item":"leftovers","ability":"Pressure","moves":["cosmicpower","recover","toxic","seismictoss"],"nature":"Bold","evs":{"hp":252,"atk":0,"def":252,"spa":0,"spd":4,"spe":0},"ivs":{"hp":31,"atk":31,"def":31,"spa":31,"spd":31,"spe":31}},{"name":"Mew","species":"Mew","item":"leftovers","ability":"Synchronize","moves":["stealthrock","defog","softboiled","transform"],"nature":"Calm","evs":{"hp":248,"atk":0,"def":8,"spa":0,"spd":252,"spe":0},"ivs":{"hp":31,"atk":31,"def":31,"spa":31,"spd":31,"spe":31}},{"name":"Victini","species":"Victini","item":"choicescarf","ability":"Victory Star","moves":["vcreate","boltstrike","uturn","trick"],"nature":"Jolly","evs":{"hp":0,"atk":252,"def":0,"spa":0,"spd":4,"spe":252},"ivs":{"hp":31,"atk":31,"def":31,"spa":31,"spd":31,"spe":31}},{"name":"Espeon","species":"Espeon","item":"lifeorb","ability":"Magic Bounce","moves":["psychic","shadowball","dazzlinggleam","grassknot"],"nature":"Timid","evs":{"hp":0,"atk":0,"def":0,"spa":252,"spd":4,"spe":252},"ivs":{"hp":31,"atk":31,"def":31,"spa":31,"spd":31,"spe":31}},{"name":"Alakazam","species":"Alakazam","item":"focussash","ability":"Magic Guard","moves":["psyshock","shadowball","focusblast","psychup"],"nature":"Timid","evs":{"hp":0,"atk":0,"def":0,"spa":252,"spd":4,"spe":252},"ivs":{"hp":31,"atk":31,"def":31,"spa":31,"spd":31,"spe":31}},{"name":"Medicham","species":"Medicham","item":"medichamite","ability":"Pure Power","moves":["fakeout","bulletpunch","drainpunch","icepunch"],"nature":"Jolly","evs":{"hp":0,"atk":252,"def":0,"spa":0,"spd":4,"spe":252},"ivs":{"hp":31,"atk":31,"def":31,"spa":31,"spd":31,"spe":31}}],"p2team":[{"name":"DJ","species":"exploud","item":"wiseglasses","ability":"Scrappy","moves":["boomburst","icebeam","flamethrower","shadowball"],"nature":"Modest","evs":{"hp":248,"atk":0,"def":0,"spa":252,"spd":8,"spe":0},"gender":"M","ivs":{"hp":31,"atk":31,"def":31,"spa":31,"spd":31,"spe":31}},{"name":"Egg","species":"chansey","item":"eviolite","ability":"Natural Cure","moves":["healbell","wish","toxic","seismictoss"],"nature":"Bold","evs":{"hp":248,"atk":0,"def":252,"spa":0,"spd":8,"spe":0},"ivs":{"hp":31,"atk":31,"def":31,"spa":31,"spd":31,"spe":31}},{"name":"Merica","species":"braviary","item":"choicescarf","ability":"Sheer Force","moves":["bravebird","rockslide","thrash","steelwing"],"nature":"Jolly","evs":{"hp":0,"atk":252,"def":0,"spa":0,"spd":4,"spe":252},"shiny":true,"ivs":{"hp":31,"atk":31,"def":31,"spa":31,"spd":31,"spe":31}},{"name":"Melo","species":"meloetta","item":"assaultvest","ability":"Serene Grace","moves":["shadowball","psychic","energyball","hypervoice"],"nature":"Modest","evs":{"hp":248,"atk":0,"def":0,"spa":252,"spd":8,"spe":0},"ivs":{"hp":31,"atk":31,"def":31,"spa":31,"spd":31,"spe":31}},{"name":"FanService","species":"lopunny","item":"lopunnite","ability":"Cute Charm","moves":["fakeout","drainpunch","frustration","icepunch"],"nature":"Jolly","evs":{"hp":0,"atk":252,"def":0,"spa":0,"spd":4,"spe":252},"gender":"F","happiness":0,"ivs":{"hp":31,"atk":31,"def":31,"spa":31,"spd":31,"spe":31}},{"name":"Dough","species":"snorlax","item":"weaknesspolicy","ability":"Thick Fat","moves":["curse","rest","frustration","crunch"],"nature":"Adamant","evs":{"hp":248,"atk":252,"def":0,"spa":0,"spd":8,"spe":0},"gender":"M","happiness":0,"ivs":{"hp":31,"atk":31,"def":31,"spa":31,"spd":31,"spe":31}}],"log":["|player|p1|Alliance-Succubus|96","|player|p2|LightOfAKnowing|lightofaknowing.gif","|gametype|singles","|gen|6","|tier|Monotype","|rated","|rule|Baton Pass Clause: Limit one Baton Passer, can't pass Spe and other stats simultaneously","|rule|Swagger Clause: Swagger is banned","|rule|Same Type Clause: Pokémon in a team must share a type","|clearpoke","|poke|p1|Deoxys-Defense","|poke|p1|Mew","|poke|p1|Victini","|poke|p1|Espeon, F","|poke|p1|Alakazam, F","|poke|p1|Medicham, M","|poke|p2|Exploud, M","|poke|p2|Chansey, F","|poke|p2|Braviary, M, shiny","|poke|p2|Meloetta","|poke|p2|Lopunny, F","|poke|p2|Snorlax, M","|rule|Sleep Clause Mod: Limit one foe put to sleep","|rule|Species Clause: Limit one of each Pokémon","|rule|OHKO Clause: OHKO moves are banned","|rule|Moody Clause: Moody is banned","|rule|Evasion Moves Clause: Evasion moves are banned","|rule|Endless Battle Clause: Forcing endless battles is banned","|rule|HP Percentage Mod: HP is shown in percentages","|teampreview","|","|start","|switch|p1a: Mew|Mew|403/403","|switch|p2a: Egg|Chansey, F|703/703","|turn|1","|","|move|p1a: Mew|Stealth Rock|p2a: Egg","|-sidestart|p2: LightOfAKnowing|move: Stealth Rock","|move|p2a: Egg|Toxic|p1a: Mew|[miss]","|-miss|p2a: Egg|p1a: Mew","|","|turn|2","|","|switch|p1a: Espeon|Espeon, F|271/271","|move|p2a: Egg|Wish|p2a: Egg","|","|turn|3","|","|move|p1a: Espeon|Psychic|p2a: Egg","|-damage|p2a: Egg|578/703","|-damage|p1a: Espeon|244/271|[from] item: Life Orb","|move|p2a: Egg|Seismic Toss|p1a: Espeon","|-damage|p1a: Espeon|144/271","|","|-heal|p2a: Egg|703/703|[from] move: Wish|[wisher] Egg","|turn|4","|","|switch|p1a: Medicham|Medicham, M|261/261","|move|p2a: Egg|Wish|p2a: Egg","|","|turn|5","|","|detailschange|p1a: Medicham|Medicham-Mega, M","|-mega|p1a: Medicham|Medicham|Medichamite","|move|p1a: Medicham|Fake Out|p2a: Egg","|-damage|p2a: Egg|603/703","|cant|p2a: Egg|flinch","|","|-heal|p2a: Egg|703/703|[from] move: Wish|[wisher] Egg","|turn|6","|","|move|p1a: Medicham|Drain Punch|p2a: Egg","|-supereffective|p2a: Egg","|-damage|p2a: Egg|149/703","|move|p2a: Egg|Toxic|p1a: Medicham","|-status|p1a: Medicham|tox","|","|-damage|p1a: Medicham|245/261 tox|[from] psn","|turn|7","|","|move|p1a: Medicham|Drain Punch|p2a: Egg","|-supereffective|p2a: Egg","|-damage|p2a: Egg|0 fnt","|-heal|p1a: Medicham|261/261 tox|[from] drain|[of] p2a: Egg","|faint|p2a: Egg","|","|-damage|p1a: Medicham|229/261 tox|[from] psn","|","|switch|p2a: Merica|Braviary, M, shiny|341/341","|-damage|p2a: Merica|256/341|[from] Stealth Rock","|turn|8","|","|switch|p1a: Deoxys-Defense|Deoxys-Defense|304/304","|-ability|p1a: Deoxys-Defense|Pressure","|move|p2a: Merica|Brave Bird|p1a: Deoxys-Defense","|-damage|p1a: Deoxys-Defense|189/304","|-damage|p2a: Merica|218/341|[from] recoil|[of] p1a: Deoxys-Defense","|","|-heal|p1a: Deoxys-Defense|208/304|[from] item: Leftovers","|turn|9","|","|switch|p2a: DJ|Exploud, M|411/411","|-damage|p2a: DJ|360/411|[from] Stealth Rock","|move|p1a: Deoxys-Defense|Cosmic Power|p1a: Deoxys-Defense","|-boost|p1a: Deoxys-Defense|def|1","|-boost|p1a: Deoxys-Defense|spd|1","|","|-heal|p1a: Deoxys-Defense|227/304|[from] item: Leftovers","|turn|10","|","|move|p1a: Deoxys-Defense|Cosmic Power|p1a: Deoxys-Defense","|-boost|p1a: Deoxys-Defense|def|1","|-boost|p1a: Deoxys-Defense|spd|1","|move|p2a: DJ|Boomburst|p1a: Deoxys-Defense","|-damage|p1a: Deoxys-Defense|155/304","|","|-heal|p1a: Deoxys-Defense|174/304|[from] item: Leftovers","|turn|11","|","|move|p1a: Deoxys-Defense|Toxic|p2a: DJ","|-status|p2a: DJ|tox","|move|p2a: DJ|Shadow Ball|p1a: Deoxys-Defense","|-supereffective|p1a: Deoxys-Defense","|-damage|p1a: Deoxys-Defense|112/304","|","|-heal|p1a: Deoxys-Defense|131/304|[from] item: Leftovers","|-damage|p2a: DJ|335/411 tox|[from] psn","|turn|12","|","|move|p1a: Deoxys-Defense|Recover|p1a: Deoxys-Defense","|-heal|p1a: Deoxys-Defense|283/304","|move|p2a: DJ|Shadow Ball|p1a: Deoxys-Defense","|-supereffective|p1a: Deoxys-Defense","|-damage|p1a: Deoxys-Defense|225/304","|","|-heal|p1a: Deoxys-Defense|244/304|[from] item: Leftovers","|-damage|p2a: DJ|285/411 tox|[from] psn","|turn|13","|","|move|p1a: Deoxys-Defense|Cosmic Power|p1a: Deoxys-Defense","|-boost|p1a: Deoxys-Defense|def|1","|-boost|p1a: Deoxys-Defense|spd|1","|move|p2a: DJ|Boomburst|p1a: Deoxys-Defense","|-damage|p1a: Deoxys-Defense|178/304","|","|-heal|p1a: Deoxys-Defense|197/304|[from] item: Leftovers","|-damage|p2a: DJ|210/411 tox|[from] psn","|turn|14","|","|move|p1a: Deoxys-Defense|Recover|p1a: Deoxys-Defense","|-heal|p1a: Deoxys-Defense|304/304","|move|p2a: DJ|Shadow Ball|p1a: Deoxys-Defense","|-supereffective|p1a: Deoxys-Defense","|-damage|p1a: Deoxys-Defense|254/304","|","|-heal|p1a: Deoxys-Defense|273/304|[from] item: Leftovers","|-damage|p2a: DJ|110/411 tox|[from] psn","|turn|15","|","|move|p1a: Deoxys-Defense|Cosmic Power|p1a: Deoxys-Defense","|-boost|p1a: Deoxys-Defense|def|1","|-boost|p1a: Deoxys-Defense|spd|1","|move|p2a: DJ|Shadow Ball|p1a: Deoxys-Defense","|-supereffective|p1a: Deoxys-Defense","|-damage|p1a: Deoxys-Defense|233/304","|","|-heal|p1a: Deoxys-Defense|252/304|[from] item: Leftovers","|-damage|p2a: DJ|0 fnt|[from] psn","|faint|p2a: DJ","|","|switch|p2a: Dough|Snorlax, M|523/523","|-damage|p2a: Dough|458/523|[from] Stealth Rock","|turn|16","|","|move|p1a: Deoxys-Defense|Seismic Toss|p2a: Dough","|-damage|p2a: Dough|358/523","|move|p2a: Dough|Curse|p2a: Dough","|-unboost|p2a: Dough|spe|1","|-boost|p2a: Dough|atk|1","|-boost|p2a: Dough|def|1","|","|-heal|p1a: Deoxys-Defense|271/304|[from] item: Leftovers","|turn|17","|","|move|p1a: Deoxys-Defense|Toxic|p2a: Dough","|-status|p2a: Dough|tox","|move|p2a: Dough|Curse|p2a: Dough","|-unboost|p2a: Dough|spe|1","|-boost|p2a: Dough|atk|1","|-boost|p2a: Dough|def|1","|","|-heal|p1a: Deoxys-Defense|290/304|[from] item: Leftovers","|-damage|p2a: Dough|326/523 tox|[from] psn","|turn|18","|","|move|p1a: Deoxys-Defense|Seismic Toss|p2a: Dough","|-damage|p2a: Dough|226/523 tox","|move|p2a: Dough|Curse|p2a: Dough","|-unboost|p2a: Dough|spe|1","|-boost|p2a: Dough|atk|1","|-boost|p2a: Dough|def|1","|","|-heal|p1a: Deoxys-Defense|304/304|[from] item: Leftovers","|-damage|p2a: Dough|162/523 tox|[from] psn","|turn|19","|","|move|p1a: Deoxys-Defense|Seismic Toss|p2a: Dough","|-damage|p2a: Dough|62/523 tox","|move|p2a: Dough|Rest|p2a: Dough","|-status|p2a: Dough|slp","|-heal|p2a: Dough|523/523 slp|[silent]","|-status|p2a: Dough|slp|[from] move: Rest","|","|turn|20","|","|move|p1a: Deoxys-Defense|Seismic Toss|p2a: Dough","|-damage|p2a: Dough|423/523 slp","|cant|p2a: Dough|slp","|","|turn|21","|","|move|p1a: Deoxys-Defense|Seismic Toss|p2a: Dough","|-damage|p2a: Dough|323/523 slp","|cant|p2a: Dough|slp","|","|turn|22","|","|move|p1a: Deoxys-Defense|Seismic Toss|p2a: Dough","|-damage|p2a: Dough|223/523 slp","|-curestatus|p2a: Dough|slp","|move|p2a: Dough|Curse|p2a: Dough","|-unboost|p2a: Dough|spe|1","|-boost|p2a: Dough|atk|1","|-boost|p2a: Dough|def|1","|","|turn|23","|","|move|p1a: Deoxys-Defense|Seismic Toss|p2a: Dough","|-damage|p2a: Dough|123/523","|move|p2a: Dough|Rest|p2a: Dough","|-status|p2a: Dough|slp","|-heal|p2a: Dough|523/523 slp|[silent]","|-status|p2a: Dough|slp|[from] move: Rest","|","|turn|24","|","|switch|p1a: Alakazam|Alakazam, F|251/251","|cant|p2a: Dough|slp","|","|turn|25","|","|move|p1a: Alakazam|Focus Blast|p2a: Dough|[miss]","|-miss|p1a: Alakazam|p2a: Dough","|cant|p2a: Dough|slp","|","|turn|26","|","|move|p1a: Alakazam|Focus Blast|p2a: Dough","|-supereffective|p2a: Dough","|-damage|p2a: Dough|273/523 slp","|-enditem|p2a: Dough|Weakness Policy","|-boost|p2a: Dough|atk|2|[from] item: Weakness Policy","|-boost|p2a: Dough|spa|2|[from] item: Weakness Policy","|-curestatus|p2a: Dough|slp","|move|p2a: Dough|Crunch|p1a: Alakazam","|-supereffective|p1a: Alakazam","|-enditem|p1a: Alakazam|Focus Sash","|-damage|p1a: Alakazam|1/251","|","|turn|27","|","|move|p1a: Alakazam|Focus Blast|p2a: Dough","|-supereffective|p2a: Dough","|-damage|p2a: Dough|5/523","|move|p2a: Dough|Rest|p2a: Dough","|-status|p2a: Dough|slp","|-heal|p2a: Dough|523/523 slp|[silent]","|-status|p2a: Dough|slp|[from] move: Rest","|","|turn|28","|","|move|p1a: Alakazam|Psych Up|p2a: Dough","|-copyboost|p1a: Alakazam|p2a: Dough|[from] move: Psych Up","|cant|p2a: Dough|slp","|","|turn|29","|","|move|p1a: Alakazam|Focus Blast|p2a: Dough","|-supereffective|p2a: Dough","|-damage|p2a: Dough|0 fnt","|faint|p2a: Dough","|","|","|switch|p2a: FanService|Lopunny, F|271/271","|-damage|p2a: FanService|238/271|[from] Stealth Rock","|turn|30","|","|detailschange|p2a: FanService|Lopunny-Mega, F","|-mega|p2a: FanService|Lopunny|Lopunnite","|move|p2a: FanService|Fake Out|p1a: Alakazam","|-damage|p1a: Alakazam|0 fnt","|faint|p1a: Alakazam","|","|","|switch|p1a: Medicham|Medicham-Mega, M|229/261 tox","|turn|31","|","|switch|p2a: Melo|Meloetta|403/403","|-damage|p2a: Melo|353/403|[from] Stealth Rock","|move|p1a: Medicham|Fake Out|p2a: Melo","|-damage|p2a: Melo|252/403","|","|-damage|p1a: Medicham|213/261 tox|[from] psn","|turn|32","|","|move|p1a: Medicham|Drain Punch|p2a: Melo","|-damage|p2a: Melo|0 fnt","|-heal|p1a: Medicham|261/261 tox|[from] drain|[of] p2a: Melo","|faint|p2a: Melo","|","|-damage|p1a: Medicham|229/261 tox|[from] psn","|","|switch|p2a: FanService|Lopunny-Mega, F|238/271","|-damage|p2a: FanService|222/271|[from] Stealth Rock","|turn|33","|","|switch|p1a: Deoxys-Defense|Deoxys-Defense|304/304","|-ability|p1a: Deoxys-Defense|Pressure","|move|p2a: FanService|Fake Out|p1a: Deoxys-Defense","|-damage|p1a: Deoxys-Defense|265/304","|","|-heal|p1a: Deoxys-Defense|284/304|[from] item: Leftovers","|turn|34","|","|move|p2a: FanService|Frustration|p1a: Deoxys-Defense","|-damage|p1a: Deoxys-Defense|181/304","|move|p1a: Deoxys-Defense|Cosmic Power|p1a: Deoxys-Defense","|-boost|p1a: Deoxys-Defense|def|1","|-boost|p1a: Deoxys-Defense|spd|1","|","|-heal|p1a: Deoxys-Defense|200/304|[from] item: Leftovers","|turn|35","|","|move|p2a: FanService|Ice Punch|p1a: Deoxys-Defense","|-damage|p1a: Deoxys-Defense|169/304","|move|p1a: Deoxys-Defense|Recover|p1a: Deoxys-Defense","|-heal|p1a: Deoxys-Defense|304/304","|","|turn|36","|","|move|p2a: FanService|Ice Punch|p1a: Deoxys-Defense","|-damage|p1a: Deoxys-Defense|274/304","|move|p1a: Deoxys-Defense|Cosmic Power|p1a: Deoxys-Defense","|-boost|p1a: Deoxys-Defense|def|1","|-boost|p1a: Deoxys-Defense|spd|1","|","|-heal|p1a: Deoxys-Defense|293/304|[from] item: Leftovers","|turn|37","|","|move|p2a: FanService|Ice Punch|p1a: Deoxys-Defense","|-damage|p1a: Deoxys-Defense|267/304","|-status|p1a: Deoxys-Defense|frz","|cant|p1a: Deoxys-Defense|frz","|","|-heal|p1a: Deoxys-Defense|286/304 frz|[from] item: Leftovers","|turn|38","|","|move|p2a: FanService|Frustration|p1a: Deoxys-Defense","|-damage|p1a: Deoxys-Defense|240/304 frz","|cant|p1a: Deoxys-Defense|frz","|","|-heal|p1a: Deoxys-Defense|259/304 frz|[from] item: Leftovers","|turn|39","|","|move|p2a: FanService|Frustration|p1a: Deoxys-Defense","|-crit|p1a: Deoxys-Defense","|-damage|p1a: Deoxys-Defense|121/304 frz","|cant|p1a: Deoxys-Defense|frz","|","|-heal|p1a: Deoxys-Defense|140/304 frz|[from] item: Leftovers","|turn|40","|","|move|p2a: FanService|Frustration|p1a: Deoxys-Defense","|-damage|p1a: Deoxys-Defense|88/304 frz","|cant|p1a: Deoxys-Defense|frz","|","|-heal|p1a: Deoxys-Defense|107/304 frz|[from] item: Leftovers","|turn|41","|","|move|p2a: FanService|Frustration|p1a: Deoxys-Defense","|-damage|p1a: Deoxys-Defense|56/304 frz","|cant|p1a: Deoxys-Defense|frz","|","|-heal|p1a: Deoxys-Defense|75/304 frz|[from] item: Leftovers","|turn|42","|","|move|p2a: FanService|Frustration|p1a: Deoxys-Defense","|-damage|p1a: Deoxys-Defense|30/304 frz","|-curestatus|p1a: Deoxys-Defense|frz","|move|p1a: Deoxys-Defense|Recover|p1a: Deoxys-Defense","|-heal|p1a: Deoxys-Defense|182/304","|","|-heal|p1a: Deoxys-Defense|201/304|[from] item: Leftovers","|turn|43","|","|move|p2a: FanService|Ice Punch|p1a: Deoxys-Defense","|-damage|p1a: Deoxys-Defense|175/304","|move|p1a: Deoxys-Defense|Toxic|p2a: FanService|[miss]","|-miss|p1a: Deoxys-Defense|p2a: FanService","|","|-heal|p1a: Deoxys-Defense|194/304|[from] item: Leftovers","|turn|44","|","|move|p2a: FanService|Ice Punch|p1a: Deoxys-Defense","|-damage|p1a: Deoxys-Defense|170/304","|move|p1a: Deoxys-Defense|Toxic|p2a: FanService","|-status|p2a: FanService|tox","|","|-heal|p1a: Deoxys-Defense|189/304|[from] item: Leftovers","|-damage|p2a: FanService|206/271 tox|[from] psn","|turn|45","|","|switch|p2a: Merica|Braviary, M, shiny|218/341","|-damage|p2a: Merica|133/341|[from] Stealth Rock","|move|p1a: Deoxys-Defense|Recover|p1a: Deoxys-Defense","|-heal|p1a: Deoxys-Defense|304/304","|","|turn|46","|","|move|p2a: Merica|Thrash|p1a: Deoxys-Defense","|-damage|p1a: Deoxys-Defense|252/304","|move|p1a: Deoxys-Defense|Cosmic Power|p1a: Deoxys-Defense","|-boost|p1a: Deoxys-Defense|def|1","|-boost|p1a: Deoxys-Defense|spd|1","|","|-heal|p1a: Deoxys-Defense|271/304|[from] item: Leftovers","|turn|47","|","|win|Alliance-Succubus"],"p1rating":{"entryid":"50240","serverid":"eos","formatid":"monotype","userid":"alliancesuccubus","username":"Alliance-Succubus","w":12,"l":"20","t":"0","gxe":40.2,"r":"1428.0099475108","rd":"61.639157510384","sigma":"0","rptime":"1440406800","rpr":1423.9941038091,"rprd":59.2934799416,"rpsigma":"0","acre":1078.0806067486,"lacre":1078.0806067486,"oldacre":"1027.3718710017"},"p2rating":{"entryid":"386","serverid":"eos","formatid":"monotype","userid":"lightofaknowing","username":"LightOfAKnowing","w":"24","l":35,"t":"0","gxe":43.1,"r":"1416.9477002435","rd":"51.599175927199","sigma":"0","rptime":"1440406800","rpr":1447.5273298137,"rprd":46.936428570501,"rpsigma":"0","acre":1144.5410124965,"lacre":1144.5410124965,"oldacre":"1179.8591895356"},"endType":"forfeit"}