{"seed":[8570,47250,30375,31165],"turns":22,"p1":"Crystal Blade64","p2":"Reborn Power","p1team":[{"name":"Reckless","species":"staraptor","item":"leftovers","ability":"Intimidate","moves":["bravebird","roost","featherdance","defog"],"nature":"Impish","evs":{"hp":252,"atk":4,"def":252,"spa":0,"spd":0,"spe":0},"ivs":{"hp":31,"atk":31,"def":31,"spa":31,"spd":31,"spe":31}},{"name":"BetterThanYou","species":"ditto","item":"choicescarf","ability":"Imposter","moves":["transform"],"nature":"Bold","evs":{"hp":248,"atk":0,"def":252,"spa":0,"spd":8,"spe":0},"happiness":0,"ivs":{"hp":31,"atk":31,"def":31,"spa":31,"spd":31,"spe":31}},{"name":"Nurse Joy pls","species":"chansey","item":"eviolite","ability":"Natural Cure","moves":["aromatherapy","softboiled","thunderwave","seismictoss"],"nature":"Bold","evs":{"hp":248,"atk":0,"def":252,"spa":0,"spd":8,"spe":0},"ivs":{"hp":31,"atk":31,"def":31,"spa":31,"spd":31,"spe":31}},{"name":"EnergizerBunny","species":"lopunny","item":"lopunnite","ability":"Cute Charm","moves":["fakeout","highjumpkick","icepunch","frustration"],"nature":"Jolly","evs":{"hp":4,"atk":252,"def":0,"spa":0,"spd":0,"spe":252},"happiness":0,"ivs":{"hp":31,"atk":31,"def":31,"spa":31,"spd":31,"spe":31}},{"name":"DownloadFreeRAM","species":"porygon2","item":"eviolite","ability":"Trace","moves":["toxic","recover","icebeam","discharge"],"nature":"Bold","evs":{"hp":248,"atk":0,"def":252,"spa":8,"spd":0,"spe":0},"ivs":{"hp":31,"atk":31,"def":31,"spa":31,"spd":31,"spe":31}},{"name":"Diggersby tho","species":"diggersby","item":"choiceband","ability":"Huge Power","moves":["earthquake","quickattack","frustration","uturn"],"nature":"Adamant","evs":{"hp":4,"atk":252,"def":0,"spa":0,"spd":0,"spe":252},"happiness":0,"ivs":{"hp":31,"atk":31,"def":31,"spa":31,"spd":31,"spe":31}}],"p2team":[{"name":"Smoke Weed","species":"conkeldurr","item":"assaultvest","ability":"Guts","moves":["knockoff","machpunch","poisonjab","drainpunch"],"nature":"Adamant","evs":{"hp":248,"atk":252,"def":0,"spa":0,"spd":8,"spe":0},"gender":"M","ivs":{"hp":31,"atk":31,"def":31,"spa":31,"spd":31,"spe":31}},{"name":"Snoop Doggy","species":"medicham","item":"medichamite","ability":"Pure Power","moves":["highjumpkick","fakeout","bulletpunch","firepunch"],"nature":"Jolly","evs":{"hp":0,"atk":252,"def":0,"spa":0,"spd":4,"spe":252},"gender":"M","ivs":{"hp":31,"atk":31,"def":31,"spa":31,"spd":31,"spe":31}},{"name":"Blaze it","species":"infernape","item":"lifeorb","ability":"Iron Fist","moves":["machpunch","swordsdance","closecombat","earthquake"],"nature":"Jolly","evs":{"hp":0,"atk":252,"def":0,"spa":0,"spd":4,"spe":252},"ivs":{"hp":31,"atk":31,"def":31,"spa":31,"spd":31,"spe":31}},{"name":"Rambo","species":"hawlucha","item":"sitrusberry","ability":"Unburden","moves":["acrobatics","swordsdance","highjumpkick","stoneedge"],"nature":"Adamant","evs":{"hp":4,"atk":252,"def":0,"spa":0,"spd":0,"spe":252},"gender":"M","ivs":{"hp":31,"atk":31,"def":31,"spa":31,"spd":31,"spe":31}},{"name":"WEEEEED","species":"chesnaught","item":"rockyhelmet","ability":"Bulletproof","moves":["spikyshield","toxic","leechseed","superfang"],"nature":"Bold","evs":{"hp":248,"atk":0,"def":252,"spa":0,"spd":8,"spe":0},"gender":"M","shiny":true,"ivs":{"hp":31,"atk":31,"def":31,"spa":31,"spd":31,"spe":31}},{"name":"Special One","species":"scrafty","item":"assaultvest","ability":"Moxie","moves":["knockoff","icepunch","highjumpkick","fakeout"],"nature":"Adamant","evs":{"hp":240,"atk":252,"def":8,"spa":0,"spd":8,"spe":0},"gender":"M","ivs":{"hp":31,"atk":31,"def":31,"spa":31,"spd":31,"spe":31}}],"log":["|player|p1|Crystal Blade64|165","|player|p2|Reborn Power|200","|gametype|singles","|gen|6","|tier|Monotype","|rated","|rule|Baton Pass Clause: Limit one Baton Passer, can't pass Spe and other stats simultaneously","|rule|Swagger Clause: Swagger is banned","|rule|Same Type Clause: Pokémon in a team must share a type","|clearpoke","|poke|p1|Staraptor, F","|poke|p1|Ditto","|poke|p1|Chansey, F","|poke|p1|Lopunny, F","|poke|p1|Porygon2","|poke|p1|Diggersby, M","|poke|p2|Conkeldurr, M","|poke|p2|Medicham, M","|poke|p2|Infernape, M","|poke|p2|Hawlucha, M","|poke|p2|Chesnaught, M, shiny","|poke|p2|Scrafty, M","|rule|Sleep Clause Mod: Limit one foe put to sleep","|rule|Species Clause: Limit one of each Pokémon","|rule|OHKO Clause: OHKO moves are banned","|rule|Moody Clause: Moody is banned","|rule|Evasion Moves Clause: Evasion moves are banned","|rule|Endless Battle Clause: Forcing endless battles is banned","|rule|HP Percentage Mod: HP is shown in percentages","|teampreview","|","|start","|switch|p1a: Reckless|Staraptor, F|374/374","|switch|p2a: Blaze it|Infernape, M|293/293","|-ability|p1a: Reckless|Intimidate","|-unboost|p2a: Blaze it|atk|1","|turn|1","|","|move|p2a: Blaze it|Mach Punch|p1a: Reckless","|-damage|p1a: Reckless|319/374","|-damage|p2a: Blaze it|264/293|[from] item: Life Orb","|move|p1a: Reckless|Brave Bird|p2a: Blaze it","|-supereffective|p2a: Blaze it","|-damage|p2a: Blaze it|0 fnt","|-damage|p1a: Reckless|232/374|[from] recoil|[of] p2a: Blaze it","|faint|p2a: Blaze it","|","|-heal|p1a: Reckless|255/374|[from] item: Leftovers","|","|switch|p2a: WEEEEED|Chesnaught, M, shiny|379/379","|turn|2","|","|move|p1a: Reckless|Roost|p1a: Reckless","|-heal|p1a: Reckless|374/374","|move|p2a: WEEEEED|Leech Seed|p1a: Reckless","|-start|p1a: Reckless|move: Leech Seed","|","|-damage|p1a: Reckless|328/374|[from] Leech Seed|[of] p2a: WEEEEED","|turn|3","|","|move|p1a: Reckless|Feather Dance|p2a: WEEEEED","|-unboost|p2a: WEEEEED|atk|2","|move|p2a: WEEEEED|Super Fang|p1a: Reckless","|-damage|p1a: Reckless|164/374","|","|-heal|p1a: Reckless|187/374|[from] item: Leftovers","|-damage|p1a: Reckless|141/374|[from] Leech Seed|[of] p2a: WEEEEED","|turn|4","|","|move|p2a: WEEEEED|Spiky Shield|p2a: WEEEEED","|-singleturn|p2a: WEEEEED|move: Protect","|move|p1a: Reckless|Brave Bird|p2a: WEEEEED","|-activate|p2a: WEEEEED|Protect","|-damage|p1a: Reckless|95/374|[from] Spiky Shield|[of] p2a: WEEEEED","|","|-heal|p1a: Reckless|118/374|[from] item: Leftovers","|-damage|p1a: Reckless|72/374|[from] Leech Seed|[of] p2a: WEEEEED","|turn|5","|","|move|p1a: Reckless|Brave Bird|p2a: WEEEEED","|-supereffective|p2a: WEEEEED","|-damage|p2a: WEEEEED|0 fnt","|-damage|p1a: Reckless|10/374|[from] item: Rocky Helmet|[of] p2a: WEEEEED","|-damage|p1a: Reckless|0 fnt|[from] recoil|[of] p2a: WEEEEED","|faint|p2a: WEEEEED","|faint|p1a: Reckless","|","|","|switch|p1a: EnergizerBunny|Lopunny, F|272/272","|switch|p2a: Snoop Doggy|Medicham, M|261/261","|turn|6","|","|switch|p2a: Smoke Weed|Conkeldurr, M|413/413","|detailschange|p1a: EnergizerBunny|Lopunny-Mega, F","|-mega|p1a: EnergizerBunny|Lopunny|Lopunnite","|move|p1a: EnergizerBunny|Fake Out|p2a: Smoke Weed","|-damage|p2a: Smoke Weed|329/413","|","|turn|7","|","|switch|p1a: BetterThanYou|Ditto|299/299","|-transform|p1a: BetterThanYou|p2a: Smoke Weed","|move|p2a: Smoke Weed|Drain Punch|p1a: BetterThanYou","|-damage|p1a: BetterThanYou|139/299","|-heal|p2a: Smoke Weed|409/413|[from] drain|[of] p1a: BetterThanYou","|","|turn|8","|","|move|p1a: BetterThanYou|Drain Punch|p2a: Smoke Weed","|-damage|p2a: Smoke Weed|246/413","|-heal|p1a: BetterThanYou|221/299|[from] drain|[of] p2a: Smoke Weed","|move|p2a: Smoke Weed|Drain Punch|p1a: BetterThanYou","|-damage|p1a: BetterThanYou|53/299","|-heal|p2a: Smoke Weed|330/413|[from] drain|[of] p1a: BetterThanYou","|","|turn|9","|","|move|p2a: Smoke Weed|Mach Punch|p1a: BetterThanYou","|-damage|p1a: BetterThanYou|0 fnt","|faint|p1a: BetterThanYou","|","|","|switch|p1a: EnergizerBunny|Lopunny-Mega, F|272/272","|turn|10","|","|move|p1a: EnergizerBunny|Fake Out|p2a: Smoke Weed","|-damage|p2a: Smoke Weed|245/413","|cant|p2a: Smoke Weed|flinch","|","|turn|11","|","|switch|p1a: DownloadFreeRAM|Porygon2|373/373","|-ability|p1a: DownloadFreeRAM|Guts|[from] ability: Trace|[of] p2a: Smoke Weed","|move|p2a: Smoke Weed|Drain Punch|p1a: DownloadFreeRAM","|-supereffective|p1a: DownloadFreeRAM","|-damage|p1a: DownloadFreeRAM|211/373","|-heal|p2a: Smoke Weed|326/413|[from] drain|[of] p1a: DownloadFreeRAM","|","|turn|12","|","|move|p1a: DownloadFreeRAM|Discharge|p2a: Smoke Weed","|-damage|p2a: Smoke Weed|267/413","|move|p2a: Smoke Weed|Knock Off|p1a: DownloadFreeRAM","|-damage|p1a: DownloadFreeRAM|139/373","|-enditem|p1a: DownloadFreeRAM|Eviolite|[from] move: Knock Off|[of] p2a: Smoke Weed","|","|turn|13","|","|move|p1a: DownloadFreeRAM|Discharge|p2a: Smoke Weed","|-crit|p2a: Smoke Weed","|-damage|p2a: Smoke Weed|178/413","|move|p2a: Smoke Weed|Drain Punch|p1a: DownloadFreeRAM","|-supereffective|p1a: DownloadFreeRAM","|-damage|p1a: DownloadFreeRAM|0 fnt","|-heal|p2a: Smoke Weed|248/413|[from] drain|[of] p1a: DownloadFreeRAM","|faint|p1a: DownloadFreeRAM","|","|","|switch|p1a: Diggersby tho|Diggersby, M|312/312","|turn|14","|","|move|p1a: Diggersby tho|Frustration|p2a: Smoke Weed","|-damage|p2a: Smoke Weed|0 fnt","|faint|p2a: Smoke Weed","|","|","|switch|p2a: Snoop Doggy|Medicham, M|261/261","|turn|15","|","|switch|p1a: Nurse Joy pls|Chansey, F|703/703","|detailschange|p2a: Snoop Doggy|Medicham-Mega, M","|-mega|p2a: Snoop Doggy|Medicham|Medichamite","|move|p2a: Snoop Doggy|Fake Out|p1a: Nurse Joy pls","|-damage|p1a: Nurse Joy pls|601/703","|","|turn|16","|","|move|p2a: Snoop Doggy|High Jump Kick|p1a: Nurse Joy pls","|-supereffective|p1a: Nurse Joy pls","|-damage|p1a: Nurse Joy pls|0 fnt","|faint|p1a: Nurse Joy pls","|","|","|switch|p1a: EnergizerBunny|Lopunny-Mega, F|272/272","|turn|17","|","|move|p1a: EnergizerBunny|Fake Out|p2a: Snoop Doggy","|-damage|p2a: Snoop Doggy|182/261","|cant|p2a: Snoop Doggy|flinch","|","|turn|18","|","|move|p1a: EnergizerBunny|Frustration|p2a: Snoop Doggy","|-damage|p2a: Snoop Doggy|0 fnt","|faint|p2a: Snoop Doggy","|","|","|switch|p2a: Rambo|Hawlucha, M|298/298","|turn|19","|","|move|p1a: EnergizerBunny|Ice Punch|p2a: Rambo","|-supereffective|p2a: Rambo","|-damage|p2a: Rambo|66/298","|-enditem|p2a: Rambo|Sitrus Berry|[eat]","|-heal|p2a: Rambo|140/298|[from] item: Sitrus Berry","|move|p2a: Rambo|Acrobatics|p1a: EnergizerBunny","|-supereffective|p1a: EnergizerBunny","|-damage|p1a: EnergizerBunny|0 fnt","|faint|p1a: EnergizerBunny","|","|","|switch|p1a: Diggersby tho|Diggersby, M|312/312","|turn|20","|","|move|p1a: Diggersby tho|Quick Attack|p2a: Rambo","|-damage|p2a: Rambo|0 fnt","|faint|p2a: Rambo","|","|","|switch|p2a: Special One|Scrafty, M|331/331","|turn|21","|","|move|p2a: Special One|Fake Out|p1a: Diggersby tho","|-damage|p1a: Diggersby tho|260/312","|cant|p1a: Diggersby tho|flinch","|","|turn|22","|","|move|p1a: Diggersby tho|Quick Attack|p2a: Special One","|-damage|p2a: Special One|214/331","|move|p2a: Special One|High Jump Kick|p1a: Diggersby tho","|-supereffective|p1a: Diggersby tho","|-damage|p1a: Diggersby tho|0 fnt","|faint|p1a: Diggersby tho","|-boost|p2a: Special One|atk|1|[from] ability: Moxie","|","|win|Reborn Power"],"p1rating":{"entryid":"73557","serverid":"eos","formatid":"monotype","userid":"crystalblade64","username":"Crystal Blade64","w":"14","l":7,"t":"0","gxe":64,"r":"1639.5115739864","rd":"76.117812898389","sigma":"0","rptime":"1440406800","rpr":1610.4453507128,"rprd":69.222441201971,"rpsigma":"0","acre":1164.6711805332,"lacre":1164.6711805332,"oldacre":"1196.9016180347"},"p2rating":{"entryid":"353956","serverid":"eos","formatid":"monotype","userid":"rebornpower","username":"Reborn Power","w":11,"l":"11","t":"0","gxe":52.3,"r":"1541.9971974002","rd":"92.120837608352","sigma":"0","rptime":"1440406800","rpr":1517.8564488406,"rprd":67.656747171953,"rpsigma":"0","acre":1126.9598639294,"lacre":1126.9598639294,"oldacre":"1093.4658318361"},"endType":"normal"}