{"seed":[37723,20430,34852,42980],"turns":27,"p1":"Alliance - Mxy","p2":"jackker","p1team":[{"name":"Steelix","species":"Steelix","item":"steelixite","ability":"Rock Head","moves":["heavyslam","earthquake","firefang","sandstorm"],"nature":"Adamant","evs":{"hp":248,"atk":252,"def":0,"spa":0,"spd":8,"spe":0},"ivs":{"hp":31,"atk":31,"def":31,"spa":31,"spd":31,"spe":31}},{"name":"Excadrill","species":"Excadrill","item":"airballoon","ability":"Sand Rush","moves":["earthquake","rockslide","swordsdance","rapidspin"],"nature":"Jolly","evs":{"hp":0,"atk":252,"def":0,"spa":0,"spd":4,"spe":252},"ivs":{"hp":31,"atk":31,"def":31,"spa":31,"spd":31,"spe":31}},{"name":"Aggron","species":"Aggron","item":"custapberry","ability":"Sturdy","moves":["endeavor","sandstorm","stealthrock","thunderwave"],"nature":"Jolly","evs":{"hp":4,"atk":252,"def":0,"spa":0,"spd":0,"spe":252},"ivs":{"hp":31,"atk":31,"def":31,"spa":31,"spd":31,"spe":31}},{"name":"Magnezone","species":"Magnezone","item":"choicescarf","ability":"Sturdy","moves":["voltswitch","thunderbolt","flashcannon","hiddenpowerice"],"nature":"Timid","evs":{"hp":0,"atk":0,"def":0,"spa":252,"spd":4,"spe":252},"ivs":{"hp":31,"atk":0,"def":30,"spa":31,"spd":31,"spe":31}},{"name":"Heatran","species":"Heatran","item":"leftovers","ability":"Flash Fire","moves":["lavaplume","earthpower","toxic","roar"],"nature":"Calm","evs":{"hp":252,"atk":0,"def":0,"spa":0,"spd":172,"spe":84},"ivs":{"hp":31,"atk":31,"def":31,"spa":31,"spd":31,"spe":31}},{"name":"Skarmory","species":"Skarmory","item":"rockyhelmet","ability":"Sturdy","moves":["bravebird","roost","spikes","sandstorm"],"nature":"Impish","evs":{"hp":248,"atk":0,"def":236,"spa":0,"spd":0,"spe":24},"ivs":{"hp":31,"atk":31,"def":31,"spa":31,"spd":31,"spe":31}}],"p2team":[{"name":"toges.copy","species":"cobalion","item":"leftovers","ability":"Justified","moves":["stealthrock","taunt","ironhead","thunderwave"],"nature":"Impish","evs":{"hp":252,"atk":0,"def":212,"spa":0,"spd":0,"spe":44},"ivs":{"hp":31,"atk":31,"def":31,"spa":31,"spd":31,"spe":31}},{"name":"beyblade","species":"hitmontop","item":"assaultvest","ability":"Intimidate","moves":["endeavor","seismictoss","suckerpunch","rapidspin"],"nature":"Careful","evs":{"hp":252,"atk":0,"def":16,"spa":0,"spd":240,"spe":0},"ivs":{"hp":31,"atk":31,"def":31,"spa":31,"spd":31,"spe":31}},{"name":"the.punk","species":"scrafty","item":"leftovers","ability":"Shed Skin","moves":["crunch","drainpunch","bulkup","icepunch"],"nature":"Careful","evs":{"hp":252,"atk":4,"def":0,"spa":0,"spd":252,"spe":0},"ivs":{"hp":31,"atk":31,"def":31,"spa":31,"spd":31,"spe":31}},{"name":"diddy.kong","species":"infernape","item":"focussash","ability":"Blaze","moves":["flamethrower","vacuumwave","encore","nastyplot"],"nature":"Timid","evs":{"hp":0,"atk":0,"def":0,"spa":252,"spd":0,"spe":252},"ivs":{"hp":31,"atk":31,"def":31,"spa":31,"spd":31,"spe":31}},{"name":"beetle.juice","species":"heracross","item":"heracronite","ability":"Moxie","moves":["bulletseed","rockblast","closecombat","pinmissile"],"nature":"Adamant","evs":{"hp":252,"atk":232,"def":24,"spa":0,"spd":0,"spe":0},"ivs":{"hp":31,"atk":31,"def":31,"spa":31,"spd":31,"spe":31}},{"name":"doggy","species":"terrakion","item":"choicescarf","ability":"Justified","moves":["earthquake","ironhead","stoneedge","closecombat"],"nature":"Adamant","evs":{"hp":0,"atk":252,"def":0,"spa":0,"spd":0,"spe":252},"ivs":{"hp":31,"atk":31,"def":31,"spa":31,"spd":31,"spe":31}}],"log":["|player|p1|Alliance - Mxy|270","|player|p2|jackker|196","|gametype|singles","|gen|6","|tier|Monotype","|rated","|rule|Baton Pass Clause: Limit one Baton Passer, can't pass Spe and other stats simultaneously","|rule|Swagger Clause: Swagger is banned","|rule|Same Type Clause: Pokémon in a team must share a type","|clearpoke","|poke|p1|Steelix, F","|poke|p1|Excadrill, F","|poke|p1|Aggron, M","|poke|p1|Magnezone","|poke|p1|Heatran, M","|poke|p1|Skarmory, F","|poke|p2|Cobalion","|poke|p2|Hitmontop, M","|poke|p2|Scrafty, M","|poke|p2|Infernape, F","|poke|p2|Heracross, F","|poke|p2|Terrakion","|rule|Sleep Clause Mod: Limit one foe put to sleep","|rule|Species Clause: Limit one of each Pokémon","|rule|OHKO Clause: OHKO moves are banned","|rule|Moody Clause: Moody is banned","|rule|Evasion Moves Clause: Evasion moves are banned","|rule|Endless Battle Clause: Forcing endless battles is banned","|rule|HP Percentage Mod: HP is shown in percentages","|teampreview","|","|start","|switch|p1a: Aggron|Aggron, M|282/282","|switch|p2a: toges.copy|Cobalion|386/386","|turn|1","|","|move|p2a: toges.copy|Taunt|p1a: Aggron","|-start|p1a: Aggron|move: Taunt","|cant|p1a: Aggron|move: Taunt|Sandstorm","|","|turn|2","|","|switch|p1a: Steelix|Steelix, F|353/353","|move|p2a: toges.copy|Thunder Wave|p1a: Steelix","|-immune|p1a: Steelix|[msg]","|","|turn|3","|","|detailschange|p1a: Steelix|Steelix-Mega, F","|-mega|p1a: Steelix|Steelix|Steelixite","|move|p2a: toges.copy|Stealth Rock|p1a: Steelix","|-sidestart|p1: Alliance - Mxy|move: Stealth Rock","|move|p1a: Steelix|Earthquake|p2a: toges.copy","|-supereffective|p2a: toges.copy","|-damage|p2a: toges.copy|156/386","|","|-heal|p2a: toges.copy|180/386|[from] item: Leftovers","|turn|4","|","|switch|p2a: beyblade|Hitmontop, M|304/304","|-ability|p2a: beyblade|Intimidate","|-unboost|p1a: Steelix|atk|1","|move|p1a: Steelix|Sandstorm|p1a: Steelix","|-weather|Sandstorm","|","|-weather|Sandstorm|[upkeep]","|-damage|p2a: beyblade|285/304|[from] sandstorm","|turn|5","|","|move|p2a: beyblade|Seismic Toss|p1a: Steelix","|-damage|p1a: Steelix|253/353","|move|p1a: Steelix|Heavy Slam|p2a: beyblade","|-damage|p2a: beyblade|78/304","|","|-weather|Sandstorm|[upkeep]","|-damage|p2a: beyblade|59/304|[from] sandstorm","|turn|6","|","|switch|p1a: Excadrill|Excadrill, F|361/361","|-damage|p1a: Excadrill|350/361|[from] Stealth Rock","|-item|p1a: Excadrill|Air Balloon","|move|p2a: beyblade|Endeavor|p1a: Excadrill","|-damage|p1a: Excadrill|59/361","|-enditem|p1a: Excadrill|Air Balloon","|","|-weather|Sandstorm|[upkeep]","|-damage|p2a: beyblade|40/304|[from] sandstorm","|turn|7","|","|move|p2a: beyblade|Sucker Punch|p1a: Excadrill","|-damage|p1a: Excadrill|0 fnt","|faint|p1a: Excadrill","|","|-weather|Sandstorm|[upkeep]","|-damage|p2a: beyblade|21/304|[from] sandstorm","|","|switch|p1a: Skarmory|Skarmory, F|333/333","|-damage|p1a: Skarmory|292/333|[from] Stealth Rock","|turn|8","|","|switch|p2a: toges.copy|Cobalion|180/386","|move|p1a: Skarmory|Spikes|p2a: toges.copy","|-sidestart|p2: jackker|Spikes","|","|-weather|none","|-heal|p2a: toges.copy|204/386|[from] item: Leftovers","|turn|9","|","|switch|p1a: Steelix|Steelix-Mega, F|253/353","|-damage|p1a: Steelix|242/353|[from] Stealth Rock","|move|p2a: toges.copy|Taunt|p1a: Steelix","|-start|p1a: Steelix|move: Taunt","|","|-heal|p2a: toges.copy|228/386|[from] item: Leftovers","|turn|10","|","|switch|p2a: beyblade|Hitmontop, M|21/304","|-damage|p2a: beyblade|0 fnt|[from] Spikes","|faint|p2a: beyblade","|move|p1a: Steelix|Earthquake|p2: beyblade|[notarget]","|-notarget","|","|","|switch|p2a: beetle.juice|Heracross, F|364/364","|-damage|p2a: beetle.juice|319/364|[from] Spikes","|turn|11","|","|detailschange|p2a: beetle.juice|Heracross-Mega, F","|-mega|p2a: beetle.juice|Heracross|Heracronite","|move|p2a: beetle.juice|Close Combat|p1a: Steelix","|-supereffective|p1a: Steelix","|-damage|p1a: Steelix|0 fnt","|-unboost|p2a: beetle.juice|def|1","|-unboost|p2a: beetle.juice|spd|1","|faint|p1a: Steelix","|","|","|switch|p1a: Magnezone|Magnezone|281/281","|-damage|p1a: Magnezone|264/281|[from] Stealth Rock","|turn|12","|","|switch|p2a: the.punk|Scrafty, M|334/334","|-damage|p2a: the.punk|293/334|[from] Spikes","|move|p1a: Magnezone|Thunderbolt|p2a: the.punk","|-damage|p2a: the.punk|181/334","|","|-heal|p2a: the.punk|201/334|[from] item: Leftovers","|turn|13","|","|switch|p1a: Skarmory|Skarmory, F|292/333","|-damage|p1a: Skarmory|251/333|[from] Stealth Rock","|move|p2a: the.punk|Drain Punch|p1a: Skarmory","|-damage|p1a: Skarmory|206/333","|-heal|p2a: the.punk|224/334|[from] drain|[of] p1a: Skarmory","|-damage|p2a: the.punk|169/334|[from] item: Rocky Helmet|[of] p1a: Skarmory","|","|-heal|p2a: the.punk|189/334|[from] item: Leftovers","|turn|14","|","|switch|p2a: toges.copy|Cobalion|228/386","|-damage|p2a: toges.copy|180/386|[from] Spikes","|move|p1a: Skarmory|Roost|p1a: Skarmory","|-heal|p1a: Skarmory|333/333","|","|-heal|p2a: toges.copy|204/386|[from] item: Leftovers","|turn|15","|","|switch|p1a: Heatran|Heatran, M|386/386","|-damage|p1a: Heatran|338/386|[from] Stealth Rock","|move|p2a: toges.copy|Thunder Wave|p1a: Heatran","|-status|p1a: Heatran|par","|","|-heal|p2a: toges.copy|228/386|[from] item: Leftovers","|-heal|p1a: Heatran|362/386 par|[from] item: Leftovers","|turn|16","|","|move|p2a: toges.copy|Iron Head|p1a: Heatran","|-crit|p1a: Heatran","|-resisted|p1a: Heatran","|-damage|p1a: Heatran|329/386 par","|move|p1a: Heatran|Lava Plume|p2a: toges.copy","|-supereffective|p2a: toges.copy","|-damage|p2a: toges.copy|0 fnt","|faint|p2a: toges.copy","|","|-heal|p1a: Heatran|353/386 par|[from] item: Leftovers","|","|switch|p2a: doggy|Terrakion|323/323","|-damage|p2a: doggy|283/323|[from] Spikes","|turn|17","|","|move|p2a: doggy|Close Combat|p1a: Heatran","|-supereffective|p1a: Heatran","|-damage|p1a: Heatran|0 fnt","|-unboost|p2a: doggy|def|1","|-unboost|p2a: doggy|spd|1","|faint|p1a: Heatran","|","|","|switch|p1a: Skarmory|Skarmory, F|333/333","|-damage|p1a: Skarmory|292/333|[from] Stealth Rock","|turn|18","|","|switch|p2a: the.punk|Scrafty, M|189/334","|-damage|p2a: the.punk|148/334|[from] Spikes","|move|p1a: Skarmory|Spikes|p2a: the.punk","|-sidestart|p2: jackker|Spikes","|","|-heal|p2a: the.punk|168/334|[from] item: Leftovers","|turn|19","|","|move|p1a: Skarmory|Brave Bird|p2a: the.punk","|-supereffective|p2a: the.punk","|-damage|p2a: the.punk|0 fnt","|-damage|p1a: Skarmory|237/333|[from] recoil|[of] p2a: the.punk","|faint|p2a: the.punk","|","|","|switch|p2a: diddy.kong|Infernape, F|293/293","|-damage|p2a: diddy.kong|245/293|[from] Spikes","|turn|20","|","|switch|p1a: Aggron|Aggron, M|282/282","|-damage|p1a: Aggron|265/282|[from] Stealth Rock","|move|p2a: diddy.kong|Flamethrower|p1a: Aggron","|-damage|p1a: Aggron|67/282","|","|turn|21","|-enditem|p1a: Aggron|Custap Berry|[eat]","|-activate|p1a: Aggron|Custap Berry","|","|move|p1a: Aggron|Endeavor|p2a: diddy.kong","|-damage|p2a: diddy.kong|67/293","|move|p2a: diddy.kong|Flamethrower|p1a: Aggron","|-damage|p1a: Aggron|0 fnt","|faint|p1a: Aggron","|","|","|switch|p1a: Magnezone|Magnezone|264/281","|-damage|p1a: Magnezone|247/281|[from] Stealth Rock","|turn|22","|","|switch|p2a: beetle.juice|Heracross-Mega, F|319/364","|-damage|p2a: beetle.juice|259/364|[from] Spikes","|move|p1a: Magnezone|Volt Switch|p2a: beetle.juice","|-damage|p2a: beetle.juice|138/364","|","|switch|p1a: Skarmory|Skarmory, F|237/333","|-damage|p1a: Skarmory|196/333|[from] Stealth Rock","|","|turn|23","|","|move|p2a: beetle.juice|Close Combat|p1a: Skarmory","|-damage|p1a: Skarmory|18/333","|-damage|p2a: beetle.juice|78/364|[from] item: Rocky Helmet|[of] p1a: Skarmory","|-unboost|p2a: beetle.juice|def|1","|-unboost|p2a: beetle.juice|spd|1","|move|p1a: Skarmory|Roost|p1a: Skarmory","|-heal|p1a: Skarmory|185/333","|","|turn|24","|","|move|p2a: beetle.juice|Close Combat|p1a: Skarmory","|-damage|p1a: Skarmory|10/333","|-damage|p2a: beetle.juice|18/364|[from] item: Rocky Helmet|[of] p1a: Skarmory","|-unboost|p2a: beetle.juice|def|1","|-unboost|p2a: beetle.juice|spd|1","|move|p1a: Skarmory|Roost|p1a: Skarmory","|-heal|p1a: Skarmory|177/333","|","|turn|25","|","|move|p2a: beetle.juice|Close Combat|p1a: Skarmory","|-crit|p1a: Skarmory","|-damage|p1a: Skarmory|0 fnt","|-damage|p2a: beetle.juice|0 fnt|[from] item: Rocky Helmet|[of] p1a: Skarmory","|faint|p2a: beetle.juice","|faint|p1a: Skarmory","|","|","|switch|p2a: diddy.kong|Infernape, F|67/293","|switch|p1a: Magnezone|Magnezone|247/281","|-damage|p1a: Magnezone|230/281|[from] Stealth Rock","|-damage|p2a: diddy.kong|19/293|[from] Spikes","|turn|26","|","|move|p2a: diddy.kong|Vacuum Wave|p1a: Magnezone","|-supereffective|p1a: Magnezone","|-damage|p1a: Magnezone|102/281","|move|p1a: Magnezone|Flash Cannon|p2a: diddy.kong","|-resisted|p2a: diddy.kong","|-damage|p2a: diddy.kong|0 fnt","|faint|p2a: diddy.kong","|","|","|switch|p2a: doggy|Terrakion|283/323","|-damage|p2a: doggy|230/323|[from] Spikes","|turn|27","|","|move|p2a: doggy|Close Combat|p1a: Magnezone","|-supereffective|p1a: Magnezone","|-damage|p1a: Magnezone|0 fnt","|-unboost|p2a: doggy|def|1","|-unboost|p2a: doggy|spd|1","|faint|p1a: Magnezone","|","|win|jackker"],"p1rating":{"entryid":"127788","serverid":"eos","formatid":"monotype","userid":"alliancemxy","username":"Alliance - Mxy","w":"16","l":8,"t":"0","gxe":61.5,"r":"1604.4900838263","rd":"67.887001260084","sigma":"0","rptime":"1440406800","rpr":1589.3614696464,"rprd":66.883641450718,"rpsigma":"0","acre":1154.0346685515,"lacre":1154.0346685515,"oldacre":"1191.5737680041"},"p2rating":{"entryid":395291,"formatid":"monotype","userid":"jackker","username":"jackker","r":1500,"rd":130,"sigma":0,"rpr":1554.4515380009,"rprd":122.68173876636,"rpsigma":0,"rptime":1440406800,"w":1,"l":0,"t":0,"gxe":56.8,"acre":1060.0625591241,"lacre":1060.0625591241,"oldacre":1000},"endType":"normal"}