{"seed":[53207,30438,4377,35488],"turns":32,"p1":"Inferno DPX","p2":"Knight Bronze <3","p1team":[{"name":"Rotom-Heat","species":"Rotom-Heat","item":"leftovers","ability":"Levitate","moves":["willowisp","confuseray","voltswitch","overheat"],"nature":"Calm","evs":{"hp":252,"atk":0,"def":0,"spa":4,"spd":252,"spe":0},"ivs":{"hp":31,"atk":31,"def":31,"spa":31,"spd":31,"spe":31}},{"name":"Camerupt","species":"Camerupt","item":"cameruptite","ability":"Solid Rock","moves":["earthpower","lavaplume","willowisp","hiddenpowergrass"],"nature":"Modest","evs":{"hp":248,"atk":0,"def":0,"spa":252,"spd":8,"spe":0},"ivs":{"hp":31,"atk":30,"def":31,"spa":30,"spd":31,"spe":31}},{"name":"Ninetales","species":"Ninetales","item":"airballoon","ability":"Drought","moves":["calmmind","darkpulse","extrasensory","flamethrower"],"nature":"Timid","evs":{"hp":0,"atk":0,"def":0,"spa":252,"spd":4,"spe":252},"ivs":{"hp":31,"atk":31,"def":31,"spa":31,"spd":31,"spe":31}},{"name":"Arcanine","species":"Arcanine","item":"lifeorb","ability":"Intimidate","moves":["extremespeed","flareblitz","closecombat","crunch"],"nature":"","evs":{"hp":0,"atk":0,"def":0,"spa":0,"spd":0,"spe":0},"ivs":{"hp":31,"atk":31,"def":31,"spa":31,"spd":31,"spe":31}},{"name":"Entei","species":"Entei","item":"choiceband","ability":"Pressure","moves":["flareblitz","extremespeed","stoneedge","sacredfire"],"nature":"Adamant","evs":{"hp":0,"atk":252,"def":0,"spa":0,"spd":4,"spe":252},"shiny":true,"ivs":{"hp":31,"atk":31,"def":31,"spa":31,"spd":31,"spe":31}},{"name":"Darmanitan","species":"Darmanitan","item":"choicescarf","ability":"Sheer Force","moves":["earthquake","firepunch","stoneedge","zenheadbutt"],"nature":"Jolly","evs":{"hp":0,"atk":252,"def":0,"spa":0,"spd":4,"spe":252},"ivs":{"hp":31,"atk":31,"def":31,"spa":31,"spd":31,"spe":31}}],"p2team":[{"name":"GENERICTINI","species":"victini","item":"choicescarf","ability":"Victory Star","moves":["vcreate","boltstrike","uturn","zenheadbutt"],"nature":"Jolly","evs":{"hp":0,"atk":252,"def":0,"spa":0,"spd":4,"spe":252},"ivs":{"hp":31,"atk":31,"def":31,"spa":31,"spd":31,"spe":31}},{"name":"Y U UNBAN!!!!!","species":"gallade","item":"galladite","ability":"Justified","moves":["drainpunch","bulkup","shadowsneak","knockoff"],"nature":"Jolly","evs":{"hp":0,"atk":176,"def":80,"spa":0,"spd":0,"spe":252},"ivs":{"hp":31,"atk":31,"def":31,"spa":31,"spd":31,"spe":31}},{"name":"STICK IT IN","species":"hoopaunbound","item":"choicescarf","ability":"Magician","moves":["drainpunch","gunkshot","hyperspacefury","firepunch"],"nature":"Jolly","evs":{"hp":0,"atk":252,"def":0,"spa":0,"spd":4,"spe":252},"ivs":{"hp":31,"atk":31,"def":31,"spa":31,"spd":31,"spe":31}},{"name":"Nyaaaaa~","species":"mew","item":"leftovers","ability":"Synchronize","moves":["roost","defog","rockslide","willowisp"],"nature":"Careful","evs":{"hp":248,"atk":8,"def":0,"spa":0,"spd":252,"spe":0},"ivs":{"hp":31,"atk":31,"def":31,"spa":31,"spd":31,"spe":31}},{"name":"Poopface","species":"slowbro","item":"leftovers","ability":"Regenerator","moves":["scald","grassknot","slackoff","thunderwave"],"nature":"Bold","evs":{"hp":252,"atk":0,"def":252,"spa":4,"spd":0,"spe":0},"ivs":{"hp":31,"atk":31,"def":31,"spa":31,"spd":31,"spe":31}},{"name":"Melody","species":"meloetta","item":"leftovers","ability":"Serene Grace","moves":["dazzlinggleam","calmmind","psyshock","substitute"],"nature":"Calm","evs":{"hp":248,"atk":0,"def":200,"spa":0,"spd":60,"spe":0},"ivs":{"hp":31,"atk":0,"def":31,"spa":31,"spd":31,"spe":31}}],"log":["|player|p1|Inferno DPX|52","|player|p2|Knight Bronze <3|287","|gametype|singles","|gen|6","|tier|Monotype","|rated","|rule|Baton Pass Clause: Limit one Baton Passer, can't pass Spe and other stats simultaneously","|rule|Swagger Clause: Swagger is banned","|rule|Same Type Clause: Pokémon in a team must share a type","|clearpoke","|poke|p1|Rotom-Heat","|poke|p1|Camerupt, F","|poke|p1|Ninetales, M","|poke|p1|Arcanine, F","|poke|p1|Entei, shiny","|poke|p1|Darmanitan, M","|poke|p2|Victini","|poke|p2|Gallade, M","|poke|p2|Hoopa-Unbound","|poke|p2|Mew","|poke|p2|Slowbro, M","|poke|p2|Meloetta","|rule|Sleep Clause Mod: Limit one foe put to sleep","|rule|Species Clause: Limit one of each Pokémon","|rule|OHKO Clause: OHKO moves are banned","|rule|Moody Clause: Moody is banned","|rule|Evasion Moves Clause: Evasion moves are banned","|rule|Endless Battle Clause: Forcing endless battles is banned","|rule|HP Percentage Mod: HP is shown in percentages","|teampreview","|","|start","|switch|p1a: Arcanine|Arcanine, F|321/321","|switch|p2a: Nyaaaaa~|Mew|403/403","|-ability|p1a: Arcanine|Intimidate","|-unboost|p2a: Nyaaaaa~|atk|1","|turn|1","|","|move|p2a: Nyaaaaa~|Roost|p2a: Nyaaaaa~","|-fail|p2a: Nyaaaaa~","|move|p1a: Arcanine|Crunch|p2a: Nyaaaaa~","|-supereffective|p2a: Nyaaaaa~","|-damage|p2a: Nyaaaaa~|218/403","|-damage|p1a: Arcanine|289/321|[from] item: Life Orb","|","|-heal|p2a: Nyaaaaa~|243/403|[from] item: Leftovers","|turn|2","|","|switch|p2a: Y U UNBAN!!!!!|Gallade, M|277/277","|switch|p1a: Ninetales|Ninetales, M|287/287","|-weather|SunnyDay","|-item|p1a: Ninetales|Air Balloon","|","|-weather|SunnyDay|[upkeep]","|turn|3","|","|switch|p2a: Poopface|Slowbro, M|394/394","|move|p1a: Ninetales|Calm Mind|p1a: Ninetales","|-boost|p1a: Ninetales|spa|1","|-boost|p1a: Ninetales|spd|1","|","|-weather|SunnyDay|[upkeep]","|turn|4","|","|switch|p2a: Melody|Meloetta|403/403","|move|p1a: Ninetales|Calm Mind|p1a: Ninetales","|-boost|p1a: Ninetales|spa|1","|-boost|p1a: Ninetales|spd|1","|","|-weather|SunnyDay|[upkeep]","|turn|5","|","|move|p1a: Ninetales|Dark Pulse|p2a: Melody","|-supereffective|p2a: Melody","|-damage|p2a: Melody|205/403","|move|p2a: Melody|Calm Mind|p2a: Melody","|-boost|p2a: Melody|spa|1","|-boost|p2a: Melody|spd|1","|","|-weather|SunnyDay|[upkeep]","|-heal|p2a: Melody|230/403|[from] item: Leftovers","|turn|6","|","|move|p1a: Ninetales|Calm Mind|p1a: Ninetales","|-boost|p1a: Ninetales|spa|1","|-boost|p1a: Ninetales|spd|1","|move|p2a: Melody|Calm Mind|p2a: Melody","|-boost|p2a: Melody|spa|1","|-boost|p2a: Melody|spd|1","|","|-weather|none","|-heal|p2a: Melody|255/403|[from] item: Leftovers","|turn|7","|","|move|p1a: Ninetales|Calm Mind|p1a: Ninetales","|-boost|p1a: Ninetales|spa|1","|-boost|p1a: Ninetales|spd|1","|move|p2a: Melody|Calm Mind|p2a: Melody","|-boost|p2a: Melody|spa|1","|-boost|p2a: Melody|spd|1","|","|-heal|p2a: Melody|280/403|[from] item: Leftovers","|turn|8","|","|move|p1a: Ninetales|Calm Mind|p1a: Ninetales","|-boost|p1a: Ninetales|spa|1","|-boost|p1a: Ninetales|spd|1","|move|p2a: Melody|Psyshock|p1a: Ninetales","|-damage|p1a: Ninetales|0 fnt","|-enditem|p1a: Ninetales|Air Balloon","|faint|p1a: Ninetales","|","|-heal|p2a: Melody|305/403|[from] item: Leftovers","|","|switch|p1a: Darmanitan|Darmanitan, M|351/351","|turn|9","|","|switch|p2a: Poopface|Slowbro, M|394/394","|move|p1a: Darmanitan|Fire Punch|p2a: Poopface","|-resisted|p2a: Poopface","|-damage|p2a: Poopface|337/394","|","|-heal|p2a: Poopface|361/394|[from] item: Leftovers","|turn|10","|","|switch|p1a: Rotom-Heat|Rotom-Heat|304/304","|move|p2a: Poopface|Scald|p1a: Rotom-Heat","|-supereffective|p1a: Rotom-Heat","|-damage|p1a: Rotom-Heat|176/304","|","|-heal|p1a: Rotom-Heat|195/304|[from] item: Leftovers","|-heal|p2a: Poopface|385/394|[from] item: Leftovers","|turn|11","|","|switch|p2a: Melody|Meloetta|305/403","|move|p1a: Rotom-Heat|Confuse Ray|p2a: Melody","|-start|p2a: Melody|confusion","|","|-heal|p2a: Melody|330/403|[from] item: Leftovers","|-heal|p1a: Rotom-Heat|214/304|[from] item: Leftovers","|turn|12","|","|-activate|p2a: Melody|confusion","|-damage|p2a: Melody|310/403|[from] confusion","|move|p1a: Rotom-Heat|Will-O-Wisp|p2a: Melody","|-status|p2a: Melody|brn","|","|-heal|p2a: Melody|335/403 brn|[from] item: Leftovers","|-heal|p1a: Rotom-Heat|233/304|[from] item: Leftovers","|-damage|p2a: Melody|285/403 brn|[from] brn","|turn|13","|","|-activate|p2a: Melody|confusion","|-damage|p2a: Melody|276/403 brn|[from] confusion","|move|p1a: Rotom-Heat|Volt Switch|p2a: Melody","|-damage|p2a: Melody|212/403 brn","|","|switch|p1a: Arcanine|Arcanine, F|289/321","|-ability|p1a: Arcanine|Intimidate","|-unboost|p2a: Melody|atk|1","|","|-heal|p2a: Melody|237/403 brn|[from] item: Leftovers","|-damage|p2a: Melody|187/403 brn|[from] brn","|turn|14","|","|switch|p2a: Y U UNBAN!!!!!|Gallade, M|277/277","|move|p1a: Arcanine|Crunch|p2a: Y U UNBAN!!!!!","|-damage|p2a: Y U UNBAN!!!!!|159/277","|-boost|p2a: Y U UNBAN!!!!!|atk|1|[from] ability: Justified","|-damage|p1a: Arcanine|257/321|[from] item: Life Orb","|","|turn|15","|","|detailschange|p2a: Y U UNBAN!!!!!|Gallade-Mega, M","|-mega|p2a: Y U UNBAN!!!!!|Gallade|Galladite","|move|p2a: Y U UNBAN!!!!!|Drain Punch|p1a: Arcanine","|-damage|p1a: Arcanine|0 fnt","|-heal|p2a: Y U UNBAN!!!!!|277/277|[from] drain|[of] p1a: Arcanine","|faint|p1a: Arcanine","|","|","|switch|p1a: Rotom-Heat|Rotom-Heat|233/304","|turn|16","|","|switch|p2a: GENERICTINI|Victini|341/341","|move|p1a: Rotom-Heat|Will-O-Wisp|p2a: GENERICTINI","|-immune|p2a: GENERICTINI|[msg]","|","|-heal|p1a: Rotom-Heat|252/304|[from] item: Leftovers","|turn|17","|","|move|p2a: GENERICTINI|U-turn|p1a: Rotom-Heat","|-resisted|p1a: Rotom-Heat","|-damage|p1a: Rotom-Heat|220/304","|","|switch|p2a: Melody|Meloetta|187/403 brn","|move|p1a: Rotom-Heat|Volt Switch|p2a: Melody","|-damage|p2a: Melody|130/403 brn","|","|switch|p1a: Entei|Entei, shiny|371/371","|-ability|p1a: Entei|Pressure","|","|-heal|p2a: Melody|155/403 brn|[from] item: Leftovers","|-damage|p2a: Melody|105/403 brn|[from] brn","|turn|18","|","|move|p1a: Entei|Sacred Fire|p2a: Melody","|-damage|p2a: Melody|0 fnt","|faint|p2a: Melody","|","|","|switch|p2a: Poopface|Slowbro, M|394/394","|turn|19","|","|switch|p1a: Rotom-Heat|Rotom-Heat|220/304","|move|p2a: Poopface|Scald|p1a: Rotom-Heat","|-crit|p1a: Rotom-Heat","|-supereffective|p1a: Rotom-Heat","|-damage|p1a: Rotom-Heat|32/304","|","|-heal|p1a: Rotom-Heat|51/304|[from] item: Leftovers","|turn|20","|","|move|p1a: Rotom-Heat|Volt Switch|p2a: Poopface","|-supereffective|p2a: Poopface","|-damage|p2a: Poopface|188/394","|","|switch|p1a: Darmanitan|Darmanitan, M|351/351","|move|p2a: Poopface|Scald|p1a: Darmanitan","|-supereffective|p1a: Darmanitan","|-damage|p1a: Darmanitan|37/351","|","|-heal|p2a: Poopface|212/394|[from] item: Leftovers","|turn|21","|","|switch|p2a: Nyaaaaa~|Mew|243/403","|move|p1a: Darmanitan|Stone Edge|p2a: Nyaaaaa~","|-damage|p2a: Nyaaaaa~|124/403","|","|-heal|p2a: Nyaaaaa~|149/403|[from] item: Leftovers","|turn|22","|","|move|p1a: Darmanitan|Stone Edge|p2a: Nyaaaaa~","|-damage|p2a: Nyaaaaa~|20/403","|move|p2a: Nyaaaaa~|Roost|p2a: Nyaaaaa~","|-heal|p2a: Nyaaaaa~|222/403","|","|-heal|p2a: Nyaaaaa~|247/403|[from] item: Leftovers","|turn|23","|","|switch|p1a: Camerupt|Camerupt, F|343/343","|move|p2a: Nyaaaaa~|Rock Slide|p1a: Camerupt","|-damage|p1a: Camerupt|268/343","|","|-heal|p2a: Nyaaaaa~|272/403|[from] item: Leftovers","|turn|24","|","|detailschange|p1a: Camerupt|Camerupt-Mega, F","|-mega|p1a: Camerupt|Camerupt|Cameruptite","|move|p2a: Nyaaaaa~|Rock Slide|p1a: Camerupt","|-damage|p1a: Camerupt|203/343","|move|p1a: Camerupt|Hidden Power|p2a: Nyaaaaa~","|-damage|p2a: Nyaaaaa~|215/403","|","|-heal|p2a: Nyaaaaa~|240/403|[from] item: Leftovers","|turn|25","|","|switch|p2a: Poopface|Slowbro, M|343/394","|move|p1a: Camerupt|Lava Plume|p2a: Poopface","|-resisted|p2a: Poopface","|-damage|p2a: Poopface|209/394","|","|-heal|p2a: Poopface|233/394|[from] item: Leftovers","|turn|26","|","|move|p2a: Poopface|Scald|p1a: Camerupt","|-supereffective|p1a: Camerupt","|-damage|p1a: Camerupt|0 fnt","|faint|p1a: Camerupt","|","|-heal|p2a: Poopface|257/394|[from] item: Leftovers","|","|switch|p1a: Rotom-Heat|Rotom-Heat|51/304","|turn|27","|","|switch|p2a: Nyaaaaa~|Mew|240/403","|move|p1a: Rotom-Heat|Confuse Ray|p2a: Nyaaaaa~","|-start|p2a: Nyaaaaa~|confusion","|","|-heal|p2a: Nyaaaaa~|265/403|[from] item: Leftovers","|-heal|p1a: Rotom-Heat|70/304|[from] item: Leftovers","|turn|28","|","|-activate|p2a: Nyaaaaa~|confusion","|move|p2a: Nyaaaaa~|Rock Slide|p1a: Rotom-Heat","|-supereffective|p1a: Rotom-Heat","|-damage|p1a: Rotom-Heat|0 fnt","|faint|p1a: Rotom-Heat","|","|-heal|p2a: Nyaaaaa~|290/403|[from] item: Leftovers","|","|switch|p1a: Entei|Entei, shiny|371/371","|-ability|p1a: Entei|Pressure","|turn|29","|","|move|p1a: Entei|Sacred Fire|p2a: Nyaaaaa~","|-damage|p2a: Nyaaaaa~|29/403","|-status|p2a: Nyaaaaa~|brn","|-activate|p2a: Nyaaaaa~|confusion","|-damage|p2a: Nyaaaaa~|14/403 brn|[from] confusion","|","|-heal|p2a: Nyaaaaa~|39/403 brn|[from] item: Leftovers","|-damage|p2a: Nyaaaaa~|0 fnt|[from] brn","|faint|p2a: Nyaaaaa~","|","|switch|p2a: Poopface|Slowbro, M|388/394","|turn|30","|","|switch|p1a: Darmanitan|Darmanitan, M|37/351","|move|p2a: Poopface|Scald|p1a: Darmanitan","|-supereffective|p1a: Darmanitan","|-damage|p1a: Darmanitan|0 fnt","|faint|p1a: Darmanitan","|","|-heal|p2a: Poopface|394/394|[from] item: Leftovers","|","|switch|p1a: Entei|Entei, shiny|371/371","|-ability|p1a: Entei|Pressure","|turn|31","|","|move|p1a: Entei|Stone Edge|p2a: Poopface|[miss]","|-miss|p1a: Entei|p2a: Poopface","|move|p2a: Poopface|Scald|p1a: Entei","|-supereffective|p1a: Entei","|-damage|p1a: Entei|137/371","|","|turn|32","|","|move|p1a: Entei|Stone Edge|p2a: Poopface","|-damage|p2a: Poopface|279/394","|move|p2a: Poopface|Scald|p1a: Entei","|-supereffective|p1a: Entei","|-damage|p1a: Entei|0 fnt","|faint|p1a: Entei","|","|win|Knight Bronze <3"],"p1rating":{"entryid":"190539","serverid":"eos","formatid":"monotype","userid":"infernodpx","username":"Inferno DPX","w":"4","l":8,"t":"0","gxe":40.4,"r":"1485.2090143947","rd":"91.608201791207","sigma":"0","rptime":"1440406800","rpr":1425.0772460664,"rprd":84.000680087644,"rpsigma":"0","acre":1053.9347410796,"lacre":1053.9347410796,"oldacre":"1075.721316076"},"p2rating":{"entryid":"405536","serverid":"eos","formatid":"monotype","userid":"knightbronze3","username":"Knight Bronze <3","w":3,"l":"1","t":"0","gxe":56.4,"r":"1500","rd":"130","sigma":"0","rptime":"1440406800","rpr":1550.5010165062,"rprd":106.24433113617,"rpsigma":"0","acre":1099.0345694191,"lacre":1099.0345694191,"oldacre":"1068.7519273941"},"endType":"normal"}