{"seed":[41046,51068,9904,45135],"turns":30,"p1":"slakingdra","p2":"Knight Bronze <3","p1team":[{"name":"Gengar","species":"Gengar","item":"focussash","ability":"Levitate","moves":["taunt","shadowball","destinybond","dazzlinggleam"],"nature":"Timid","evs":{"hp":0,"atk":0,"def":0,"spa":252,"spd":4,"spe":0},"ivs":{"hp":31,"atk":31,"def":31,"spa":31,"spd":31,"spe":31}},{"name":"Chandelure","species":"Chandelure","item":"choicescarf","ability":"Flash Fire","moves":["flamethrower","shadowball","energyball","darkpulse"],"nature":"Timid","evs":{"hp":0,"atk":0,"def":0,"spa":252,"spd":4,"spe":252},"ivs":{"hp":31,"atk":31,"def":31,"spa":31,"spd":31,"spe":31}},{"name":"I hate this guy","species":"sableye","item":"sablenite","ability":"Prankster","moves":["willowisp","calmmind","recover","darkpulse"],"nature":"Modest","evs":{"hp":248,"atk":0,"def":0,"spa":252,"spd":8,"spe":0},"ivs":{"hp":31,"atk":31,"def":31,"spa":31,"spd":31,"spe":31}},{"name":"Golurk","species":"Golurk","item":"focussash","ability":"No Guard","moves":["dynamicpunch","stealthrock","stoneedge","earthquake"],"nature":"Adamant","evs":{"hp":248,"atk":252,"def":0,"spa":0,"spd":8,"spe":0},"ivs":{"hp":31,"atk":31,"def":31,"spa":31,"spd":31,"spe":31}},{"name":"Aegislash","species":"Aegislash","item":"weaknesspolicy","ability":"Stance Change","moves":["kingsshield","swordsdance","shadowsneak","ironhead"],"nature":"Adamant","evs":{"hp":248,"atk":252,"def":0,"spa":0,"spd":8,"spe":0},"ivs":{"hp":31,"atk":31,"def":31,"spa":31,"spd":31,"spe":31}},{"name":"Jellicent","species":"Jellicent","item":"leftovers","ability":"Water Absorb","moves":["scald","willowisp","recover","shadowball"],"nature":"Calm","evs":{"hp":248,"atk":0,"def":252,"spa":8,"spd":0,"spe":0},"ivs":{"hp":31,"atk":31,"def":31,"spa":31,"spd":31,"spe":31}}],"p2team":[{"name":"GENERICTINI","species":"victini","item":"choicescarf","ability":"Victory Star","moves":["vcreate","boltstrike","uturn","zenheadbutt"],"nature":"Jolly","evs":{"hp":0,"atk":252,"def":0,"spa":0,"spd":4,"spe":252},"ivs":{"hp":31,"atk":31,"def":31,"spa":31,"spd":31,"spe":31}},{"name":"Y U UNBAN!!!!!","species":"gallade","item":"galladite","ability":"Justified","moves":["drainpunch","bulkup","shadowsneak","knockoff"],"nature":"Jolly","evs":{"hp":0,"atk":176,"def":80,"spa":0,"spd":0,"spe":252},"ivs":{"hp":31,"atk":31,"def":31,"spa":31,"spd":31,"spe":31}},{"name":"STICK IT IN","species":"hoopaunbound","item":"choicescarf","ability":"Magician","moves":["drainpunch","gunkshot","hyperspacefury","firepunch"],"nature":"Jolly","evs":{"hp":0,"atk":252,"def":0,"spa":0,"spd":4,"spe":252},"ivs":{"hp":31,"atk":31,"def":31,"spa":31,"spd":31,"spe":31}},{"name":"Nyaaaaa~","species":"mew","item":"leftovers","ability":"Synchronize","moves":["roost","defog","rockslide","willowisp"],"nature":"Careful","evs":{"hp":248,"atk":8,"def":0,"spa":0,"spd":252,"spe":0},"ivs":{"hp":31,"atk":31,"def":31,"spa":31,"spd":31,"spe":31}},{"name":"Poopface","species":"slowbro","item":"leftovers","ability":"Regenerator","moves":["scald","grassknot","slackoff","thunderwave"],"nature":"Bold","evs":{"hp":252,"atk":0,"def":252,"spa":4,"spd":0,"spe":0},"ivs":{"hp":31,"atk":31,"def":31,"spa":31,"spd":31,"spe":31}},{"name":"Melody","species":"meloetta","item":"leftovers","ability":"Serene Grace","moves":["dazzlinggleam","calmmind","psyshock","substitute"],"nature":"Calm","evs":{"hp":248,"atk":0,"def":200,"spa":0,"spd":60,"spe":0},"ivs":{"hp":31,"atk":0,"def":31,"spa":31,"spd":31,"spe":31}}],"log":["|player|p1|slakingdra|269","|player|p2|Knight Bronze <3|287","|gametype|singles","|gen|6","|tier|Monotype","|rated","|rule|Baton Pass Clause: Limit one Baton Passer, can't pass Spe and other stats simultaneously","|rule|Swagger Clause: Swagger is banned","|rule|Same Type Clause: Pokémon in a team must share a type","|clearpoke","|poke|p1|Gengar, F","|poke|p1|Chandelure, F","|poke|p1|Sableye, F","|poke|p1|Golurk","|poke|p1|Aegislash, F","|poke|p1|Jellicent, F","|poke|p2|Victini","|poke|p2|Gallade, M","|poke|p2|Hoopa-Unbound","|poke|p2|Mew","|poke|p2|Slowbro, F","|poke|p2|Meloetta","|rule|Sleep Clause Mod: Limit one foe put to sleep","|rule|Species Clause: Limit one of each Pokémon","|rule|OHKO Clause: OHKO moves are banned","|rule|Moody Clause: Moody is banned","|rule|Evasion Moves Clause: Evasion moves are banned","|rule|Endless Battle Clause: Forcing endless battles is banned","|rule|HP Percentage Mod: HP is shown in percentages","|teampreview","|","|start","|switch|p1a: Gengar|Gengar, F|261/261","|switch|p2a: Nyaaaaa~|Mew|403/403","|turn|1","|","|move|p1a: Gengar|Taunt|p2a: Nyaaaaa~","|-start|p2a: Nyaaaaa~|move: Taunt","|move|p2a: Nyaaaaa~|Rock Slide|p1a: Gengar","|-damage|p1a: Gengar|177/261","|","|turn|2","|","|switch|p2a: Melody|Meloetta|403/403","|move|p1a: Gengar|Shadow Ball|p2a: Melody","|-immune|p2a: Melody|[msg]","|","|turn|3","|","|move|p1a: Gengar|Taunt|p2a: Melody","|-start|p2a: Melody|move: Taunt","|cant|p2a: Melody|move: Taunt|Substitute","|","|turn|4","|","|switch|p1a: I hate this guy|Sableye, F|303/303","|move|p2a: Melody|Psyshock|p1a: I hate this guy","|-immune|p1a: I hate this guy|[msg]","|","|turn|5","|","|detailschange|p1a: I hate this guy|Sableye-Mega, F","|-mega|p1a: I hate this guy|Sableye|Sablenite","|move|p1a: I hate this guy|Calm Mind|p1a: I hate this guy","|-boost|p1a: I hate this guy|spa|1","|-boost|p1a: I hate this guy|spd|1","|move|p2a: Melody|Dazzling Gleam|p1a: I hate this guy","|-supereffective|p1a: I hate this guy","|-damage|p1a: I hate this guy|217/303","|","|-end|p2a: Melody|move: Taunt","|turn|6","|","|move|p2a: Melody|Substitute|p2a: Melody","|-start|p2a: Melody|Substitute","|-damage|p2a: Melody|303/403","|move|p1a: I hate this guy|Will-O-Wisp|p2a: Melody","|-fail|p2a: Melody","|","|-heal|p2a: Melody|328/403|[from] item: Leftovers","|turn|7","|","|move|p2a: Melody|Calm Mind|p2a: Melody","|-boost|p2a: Melody|spa|1","|-boost|p2a: Melody|spd|1","|move|p1a: I hate this guy|Calm Mind|p1a: I hate this guy","|-boost|p1a: I hate this guy|spa|1","|-boost|p1a: I hate this guy|spd|1","|","|-heal|p2a: Melody|353/403|[from] item: Leftovers","|turn|8","|","|move|p2a: Melody|Calm Mind|p2a: Melody","|-boost|p2a: Melody|spa|1","|-boost|p2a: Melody|spd|1","|move|p1a: I hate this guy|Dark Pulse|p2a: Melody","|-supereffective|p2a: Melody","|-end|p2a: Melody|Substitute","|","|-heal|p2a: Melody|378/403|[from] item: Leftovers","|turn|9","|","|move|p2a: Melody|Dazzling Gleam|p1a: I hate this guy","|-supereffective|p1a: I hate this guy","|-damage|p1a: I hate this guy|87/303","|move|p1a: I hate this guy|Calm Mind|p1a: I hate this guy","|-boost|p1a: I hate this guy|spa|1","|-boost|p1a: I hate this guy|spd|1","|","|-heal|p2a: Melody|403/403|[from] item: Leftovers","|turn|10","|","|move|p2a: Melody|Substitute|p2a: Melody","|-start|p2a: Melody|Substitute","|-damage|p2a: Melody|303/403","|move|p1a: I hate this guy|Dark Pulse|p2a: Melody","|-supereffective|p2a: Melody","|-end|p2a: Melody|Substitute","|","|-heal|p2a: Melody|328/403|[from] item: Leftovers","|turn|11","|","|move|p2a: Melody|Dazzling Gleam|p1a: I hate this guy","|-supereffective|p1a: I hate this guy","|-damage|p1a: I hate this guy|0 fnt","|faint|p1a: I hate this guy","|","|-heal|p2a: Melody|353/403|[from] item: Leftovers","|","|switch|p1a: Gengar|Gengar, F|177/261","|turn|12","|","|move|p1a: Gengar|Destiny Bond|p1a: Gengar","|-singlemove|p1a: Gengar|Destiny Bond","|move|p2a: Melody|Psyshock|p1a: Gengar","|-supereffective|p1a: Gengar","|-damage|p1a: Gengar|0 fnt","|faint|p1a: Gengar","|-activate|p1a: Gengar|Destiny Bond","|faint|p2a: Melody","|","|","|switch|p2a: GENERICTINI|Victini|341/341","|switch|p1a: Aegislash|Aegislash, F|323/323","|turn|13","|","|switch|p1a: Jellicent|Jellicent, F|403/403","|move|p2a: GENERICTINI|U-turn|p1a: Jellicent","|-resisted|p1a: Jellicent","|-damage|p1a: Jellicent|372/403","|","|switch|p2a: Y U UNBAN!!!!!|Gallade, M|277/277","|","|-heal|p1a: Jellicent|397/403|[from] item: Leftovers","|turn|14","|","|detailschange|p2a: Y U UNBAN!!!!!|Gallade-Mega, M","|-mega|p2a: Y U UNBAN!!!!!|Gallade|Galladite","|move|p2a: Y U UNBAN!!!!!|Knock Off|p1a: Jellicent","|-supereffective|p1a: Jellicent","|-damage|p1a: Jellicent|159/403","|-enditem|p1a: Jellicent|Leftovers|[from] move: Knock Off|[of] p2a: Y U UNBAN!!!!!","|move|p1a: Jellicent|Will-O-Wisp|p2a: Y U UNBAN!!!!!|[miss]","|-miss|p1a: Jellicent|p2a: Y U UNBAN!!!!!","|","|turn|15","|","|switch|p2a: GENERICTINI|Victini|341/341","|move|p1a: Jellicent|Will-O-Wisp|p2a: GENERICTINI","|-immune|p2a: GENERICTINI|[msg]","|","|turn|16","|","|move|p2a: GENERICTINI|U-turn|p1a: Jellicent","|-resisted|p1a: Jellicent","|-damage|p1a: Jellicent|123/403","|","|switch|p2a: Poopface|Slowbro, F|394/394","|move|p1a: Jellicent|Will-O-Wisp|p2a: Poopface","|-status|p2a: Poopface|brn","|","|-damage|p2a: Poopface|345/394 brn|[from] brn","|turn|17","|","|move|p1a: Jellicent|Recover|p1a: Jellicent","|-heal|p1a: Jellicent|325/403","|move|p2a: Poopface|Grass Knot|p1a: Jellicent","|-supereffective|p1a: Jellicent","|-damage|p1a: Jellicent|189/403","|","|-heal|p2a: Poopface|369/394 brn|[from] item: Leftovers","|-damage|p2a: Poopface|320/394 brn|[from] brn","|turn|18","|","|move|p1a: Jellicent|Shadow Ball|p2a: Poopface","|-supereffective|p2a: Poopface","|-damage|p2a: Poopface|134/394 brn","|move|p2a: Poopface|Grass Knot|p1a: Jellicent","|-supereffective|p1a: Jellicent","|-damage|p1a: Jellicent|41/403","|","|-heal|p2a: Poopface|158/394 brn|[from] item: Leftovers","|-damage|p2a: Poopface|109/394 brn|[from] brn","|turn|19","|","|switch|p2a: GENERICTINI|Victini|341/341","|move|p1a: Jellicent|Shadow Ball|p2a: GENERICTINI","|-supereffective|p2a: GENERICTINI","|-damage|p2a: GENERICTINI|177/341","|","|turn|20","|","|switch|p1a: Chandelure|Chandelure, F|261/261","|move|p2a: GENERICTINI|V-create|p1a: Chandelure","|-start|p1a: Chandelure|ability: Flash Fire","|","|turn|21","|","|switch|p2a: Poopface|Slowbro, F|240/394 brn","|move|p1a: Chandelure|Shadow Ball|p2a: Poopface","|-crit|p2a: Poopface","|-supereffective|p2a: Poopface","|-damage|p2a: Poopface|0 fnt","|faint|p2a: Poopface","|","|","|switch|p2a: Y U UNBAN!!!!!|Gallade-Mega, M|277/277","|turn|22","|","|move|p1a: Chandelure|Shadow Ball|p2a: Y U UNBAN!!!!!","|-supereffective|p2a: Y U UNBAN!!!!!","|-damage|p2a: Y U UNBAN!!!!!|0 fnt","|faint|p2a: Y U UNBAN!!!!!","|","|","|switch|p2a: STICK IT IN|Hoopa-Unbound|301/301","|turn|23","|","|move|p2a: STICK IT IN|Hyperspace Fury|p1a: Chandelure","|-supereffective|p1a: Chandelure","|-damage|p1a: Chandelure|0 fnt","|-unboost|p2a: STICK IT IN|def|1","|faint|p1a: Chandelure","|","|","|switch|p1a: Aegislash|Aegislash, F|323/323","|turn|24","|","|switch|p2a: Nyaaaaa~|Mew|403/403","|move|p1a: Aegislash|Swords Dance|p1a: Aegislash","|-boost|p1a: Aegislash|atk|2","|","|turn|25","|","|-formechange|p1a: Aegislash|Aegislash-Blade","|move|p1a: Aegislash|Shadow Sneak|p2a: Nyaaaaa~","|-supereffective|p2a: Nyaaaaa~","|-damage|p2a: Nyaaaaa~|65/403","|move|p2a: Nyaaaaa~|Will-O-Wisp|p1a: Aegislash","|-status|p1a: Aegislash|brn","|","|-heal|p2a: Nyaaaaa~|90/403|[from] item: Leftovers","|-damage|p1a: Aegislash|283/323 brn|[from] brn","|turn|26","|","|move|p1a: Aegislash|Shadow Sneak|p2a: Nyaaaaa~","|-supereffective|p2a: Nyaaaaa~","|-damage|p2a: Nyaaaaa~|0 fnt","|faint|p2a: Nyaaaaa~","|","|-damage|p1a: Aegislash|243/323 brn|[from] brn","|","|switch|p2a: STICK IT IN|Hoopa-Unbound|301/301","|turn|27","|","|-formechange|p1a: Aegislash|Aegislash","|move|p1a: Aegislash|King's Shield|p1a: Aegislash","|-singleturn|p1a: Aegislash|Protect","|move|p2a: STICK IT IN|Hyperspace Fury|p1a: Aegislash","|-activate|p1a: Aegislash|move: Hyperspace Fury|[broken]","|-supereffective|p1a: Aegislash","|-damage|p1a: Aegislash|0 fnt","|-unboost|p2a: STICK IT IN|def|1","|faint|p1a: Aegislash","|","|","|switch|p1a: Golurk|Golurk|381/381","|turn|28","|","|move|p2a: STICK IT IN|Hyperspace Fury|p1a: Golurk","|-supereffective|p1a: Golurk","|-enditem|p1a: Golurk|Focus Sash","|-damage|p1a: Golurk|1/381","|-unboost|p2a: STICK IT IN|def|1","|move|p1a: Golurk|Earthquake|p2a: STICK IT IN","|-damage|p2a: STICK IT IN|0 fnt","|faint|p2a: STICK IT IN","|","|","|switch|p2a: GENERICTINI|Victini|177/341","|turn|29","|","|move|p2a: GENERICTINI|Zen Headbutt|p1a: Golurk","|-damage|p1a: Golurk|0 fnt","|faint|p1a: Golurk","|","|","|switch|p1a: Jellicent|Jellicent, F|41/403","|turn|30","|","|move|p2a: GENERICTINI|Zen Headbutt|p1a: Jellicent","|-damage|p1a: Jellicent|0 fnt","|faint|p1a: Jellicent","|","|win|Knight Bronze <3"],"p1rating":{"entryid":"357838","serverid":"eos","formatid":"monotype","userid":"slakingdra","username":"slakingdra","w":"9","l":5,"t":"0","gxe":58.2,"r":"1592.4180693694","rd":"93.089246667293","sigma":"0","rptime":"1440406800","rpr":1563.5116699991,"rprd":80.148616506113,"rpsigma":"0","acre":1117.2555843373,"lacre":1117.2555843373,"oldacre":"1141.7867577884"},"p2rating":{"entryid":"405536","serverid":"eos","formatid":"monotype","userid":"knightbronze3","username":"Knight Bronze <3","w":6,"l":"1","t":"0","gxe":65.3,"r":"1500","rd":"130","sigma":"0","rptime":"1440406800","rpr":1623.6343736529,"rprd":94.967049519367,"rpsigma":"0","acre":1172.8341762437,"lacre":1172.8341762437,"oldacre":"1148.3030027926"},"endType":"normal"}