{"seed":[17975,59197,40112,28457],"turns":48,"p1":"Neowulfy","p2":"Crystal Giigan","p1team":[{"name":"Lopunny","species":"Lopunny","item":"lopunnite","ability":"Limber","moves":["fakeout","return","icepunch","highjumpkick"],"nature":"Jolly","evs":{"hp":0,"atk":252,"def":0,"spa":0,"spd":4,"spe":252},"ivs":{"hp":31,"atk":31,"def":31,"spa":31,"spd":31,"spe":31}},{"name":"Chansey","species":"Chansey","item":"eviolite","ability":"Natural Cure","moves":["aromatherapy","thunderwave","seismictoss","softboiled"],"nature":"Bold","evs":{"hp":224,"atk":0,"def":252,"spa":0,"spd":32,"spe":0},"ivs":{"hp":31,"atk":31,"def":31,"spa":31,"spd":31,"spe":31}},{"name":"Porygon2","species":"Porygon2","item":"eviolite","ability":"Download","moves":["thunderwave","icebeam","recover","triattack"],"nature":"Bold","evs":{"hp":236,"atk":0,"def":252,"spa":0,"spd":20,"spe":0},"ivs":{"hp":31,"atk":31,"def":31,"spa":31,"spd":31,"spe":31}},{"name":"Swellow","species":"Swellow","item":"flameorb","ability":"Guts","moves":["bravebird","uturn","roost","return"],"nature":"Jolly","evs":{"hp":0,"atk":252,"def":0,"spa":0,"spd":4,"spe":252},"ivs":{"hp":31,"atk":31,"def":31,"spa":31,"spd":31,"spe":31}},{"name":"Ditto","species":"Ditto","item":"choicescarf","ability":"Imposter","moves":["transform"],"nature":"Serious","evs":{"hp":252,"atk":0,"def":0,"spa":0,"spd":4,"spe":252},"ivs":{"hp":31,"atk":31,"def":31,"spa":31,"spd":31,"spe":31}},{"name":"Heliolisk","species":"Heliolisk","item":"choicespecs","ability":"Dry Skin","moves":["thunderbolt","voltswitch","surf","hypervoice"],"nature":"Timid","evs":{"hp":0,"atk":0,"def":0,"spa":252,"spd":4,"spe":252},"ivs":{"hp":31,"atk":31,"def":31,"spa":31,"spd":31,"spe":31}}],"p2team":[{"name":"Valtyra","species":"celebi","item":"leftovers","ability":"Natural Cure","moves":["gigadrain","recover","psychic","nastyplot"],"nature":"Modest","evs":{"hp":220,"atk":0,"def":0,"spa":252,"spd":0,"spe":36},"ivs":{"hp":31,"atk":31,"def":31,"spa":31,"spd":31,"spe":31}},{"name":"Kalin","species":"breloom","item":"focussash","ability":"Technician","moves":["bulletseed","spore","machpunch","swordsdance"],"nature":"Jolly","evs":{"hp":0,"atk":252,"def":0,"spa":0,"spd":4,"spe":252},"gender":"M","shiny":true,"ivs":{"hp":31,"atk":31,"def":31,"spa":31,"spd":31,"spe":31}},{"name":"Kyur","species":"ferrothorn","item":"rockyhelmet","ability":"Iron Barbs","moves":["leechseed","stealthrock","knockoff","gyroball"],"nature":"Relaxed","evs":{"hp":248,"atk":8,"def":252,"spa":0,"spd":0,"spe":0},"gender":"M","ivs":{"hp":31,"atk":31,"def":31,"spa":31,"spd":31,"spe":0},"shiny":true},{"name":"Regal","species":"serperior","item":"expertbelt","ability":"Contrary","moves":["leafstorm","dragonpulse","synthesis","hiddenpowerground"],"nature":"Timid","evs":{"hp":0,"atk":0,"def":0,"spa":252,"spd":4,"spe":252},"gender":"M","ivs":{"hp":31,"atk":31,"def":31,"spa":30,"spd":30,"spe":31},"shiny":true},{"name":"Landon","species":"trevenant","item":"sitrusberry","ability":"Harvest","moves":["shadowclaw","willowisp","woodhammer","leechseed"],"nature":"Careful","evs":{"hp":248,"atk":252,"def":0,"spa":0,"spd":8,"spe":0},"gender":"M","shiny":true,"ivs":{"hp":31,"atk":31,"def":31,"spa":31,"spd":31,"spe":31}},{"name":"Yggdrasil","species":"venusaur","item":"venusaurite","ability":"Overgrow","moves":["gigadrain","earthquake","sludgebomb","synthesis"],"nature":"Mild","evs":{"hp":248,"atk":8,"def":0,"spa":252,"spd":0,"spe":0},"shiny":true,"ivs":{"hp":31,"atk":31,"def":31,"spa":31,"spd":31,"spe":31}}],"log":["|player|p1|Neowulfy|143","|player|p2|Crystal Giigan|crystalgiigan.png","|gametype|singles","|gen|6","|tier|Monotype","|rated","|rule|Baton Pass Clause: Limit one Baton Passer, can't pass Spe and other stats simultaneously","|rule|Swagger Clause: Swagger is banned","|rule|Same Type Clause: Pokémon in a team must share a type","|clearpoke","|poke|p1|Lopunny, F","|poke|p1|Chansey, F","|poke|p1|Porygon2","|poke|p1|Swellow, M","|poke|p1|Ditto","|poke|p1|Heliolisk, F","|poke|p2|Celebi","|poke|p2|Breloom, M, shiny","|poke|p2|Ferrothorn, M, shiny","|poke|p2|Serperior, M, shiny","|poke|p2|Trevenant, M, shiny","|poke|p2|Venusaur, M, shiny","|rule|Sleep Clause Mod: Limit one foe put to sleep","|rule|Species Clause: Limit one of each Pokémon","|rule|OHKO Clause: OHKO moves are banned","|rule|Moody Clause: Moody is banned","|rule|Evasion Moves Clause: Evasion moves are banned","|rule|Endless Battle Clause: Forcing endless battles is banned","|rule|HP Percentage Mod: HP is shown in percentages","|teampreview","|","|start","|switch|p1a: Heliolisk|Heliolisk, F|265/265","|switch|p2a: Kalin|Breloom, M, shiny|261/261","|turn|1","|","|move|p1a: Heliolisk|Volt Switch|p2a: Kalin","|-resisted|p2a: Kalin","|-damage|p2a: Kalin|142/261","|","|switch|p1a: Ditto|Ditto|300/300","|-transform|p1a: Ditto|p2a: Kalin","|move|p2a: Kalin|Spore|p1a: Ditto","|-immune|p1a: Ditto|[msg]","|","|turn|2","|","|switch|p2a: Landon|Trevenant, M, shiny|373/373","|move|p1a: Ditto|Mach Punch|p2a: Landon","|-immune|p2a: Landon|[msg]","|","|turn|3","|","|switch|p1a: Swellow|Swellow, M|261/261","|move|p2a: Landon|Will-O-Wisp|p1a: Swellow","|-status|p1a: Swellow|brn","|","|-damage|p1a: Swellow|229/261 brn|[from] brn","|turn|4","|","|switch|p1a: Lopunny|Lopunny, F|271/271","|switch|p2a: Kyur|Ferrothorn, M, shiny|351/351","|","|turn|5","|","|detailschange|p1a: Lopunny|Lopunny-Mega, F","|-mega|p1a: Lopunny|Lopunny|Lopunnite","|move|p1a: Lopunny|High Jump Kick|p2a: Kyur","|-supereffective|p2a: Kyur","|-damage|p2a: Kyur|79/351","|-damage|p1a: Lopunny|238/271|[from] ability: Iron Barbs|[of] p2a: Kyur","|-damage|p1a: Lopunny|193/271|[from] item: Rocky Helmet|[of] p2a: Kyur","|move|p2a: Kyur|Stealth Rock|p1a: Lopunny","|-sidestart|p1: Neowulfy|move: Stealth Rock","|","|turn|6","|","|move|p1a: Lopunny|Ice Punch|p2a: Kyur","|-damage|p2a: Kyur|24/351","|-damage|p1a: Lopunny|160/271|[from] ability: Iron Barbs|[of] p2a: Kyur","|-damage|p1a: Lopunny|115/271|[from] item: Rocky Helmet|[of] p2a: Kyur","|move|p2a: Kyur|Gyro Ball|p1a: Lopunny","|-damage|p1a: Lopunny|0 fnt","|faint|p1a: Lopunny","|","|","|switch|p1a: Heliolisk|Heliolisk, F|265/265","|-damage|p1a: Heliolisk|232/265|[from] Stealth Rock","|turn|7","|","|move|p1a: Heliolisk|Volt Switch|p2a: Kyur","|-resisted|p2a: Kyur","|-damage|p2a: Kyur|0 fnt","|faint|p2a: Kyur","|","|switch|p1a: Porygon2|Porygon2|370/370","|-damage|p1a: Porygon2|324/370|[from] Stealth Rock","|","|","|switch|p2a: Regal|Serperior, M, shiny|291/291","|turn|8","|","|move|p2a: Regal|Leaf Storm|p1a: Porygon2","|-damage|p1a: Porygon2|218/370","|-boost|p2a: Regal|spa|2","|move|p1a: Porygon2|Thunder Wave|p2a: Regal","|-status|p2a: Regal|par","|","|turn|9","|","|move|p1a: Porygon2|Ice Beam|p2a: Regal","|-supereffective|p2a: Regal","|-damage|p2a: Regal|139/291 par","|move|p2a: Regal|Leaf Storm|p1a: Porygon2","|-damage|p1a: Porygon2|5/370","|-boost|p2a: Regal|spa|2","|","|turn|10","|","|switch|p2a: Kalin|Breloom, M, shiny|142/261","|move|p1a: Porygon2|Ice Beam|p2a: Kalin","|-supereffective|p2a: Kalin","|-damage|p2a: Kalin|0 fnt","|faint|p2a: Kalin","|","|","|switch|p2a: Yggdrasil|Venusaur, M, shiny|363/363","|turn|11","|","|move|p2a: Yggdrasil|Sludge Bomb|p1a: Porygon2","|-damage|p1a: Porygon2|0 fnt","|faint|p1a: Porygon2","|","|","|switch|p1a: Chansey|Chansey, F|697/697","|-damage|p1a: Chansey|610/697|[from] Stealth Rock","|turn|12","|","|switch|p2a: Landon|Trevenant, M, shiny|373/373","|move|p1a: Chansey|Thunder Wave|p2a: Landon","|-status|p2a: Landon|par","|","|turn|13","|","|switch|p1a: Swellow|Swellow, M|229/261 brn","|-damage|p1a: Swellow|164/261 brn|[from] Stealth Rock","|move|p2a: Landon|Leech Seed|p1a: Swellow","|-start|p1a: Swellow|move: Leech Seed","|","|-damage|p1a: Swellow|132/261 brn|[from] Leech Seed|[of] p2a: Landon","|-damage|p1a: Swellow|100/261 brn|[from] brn","|turn|14","|","|move|p1a: Swellow|Brave Bird|p2a: Landon","|-supereffective|p2a: Landon","|-damage|p2a: Landon|0 fnt","|-damage|p1a: Swellow|0 fnt|[from] recoil|[of] p2a: Landon","|faint|p2a: Landon","|faint|p1a: Swellow","|","|","|switch|p1a: Heliolisk|Heliolisk, F|232/265","|switch|p2a: Regal|Serperior, M, shiny|139/291 par","|-damage|p1a: Heliolisk|199/265|[from] Stealth Rock","|turn|15","|","|move|p1a: Heliolisk|Hyper Voice|p2a: Regal","|-damage|p2a: Regal|0 fnt","|faint|p2a: Regal","|","|","|switch|p2a: Yggdrasil|Venusaur, M, shiny|363/363","|turn|16","|","|detailschange|p2a: Yggdrasil|Venusaur-Mega, M, shiny","|-mega|p2a: Yggdrasil|Venusaur|Venusaurite","|move|p1a: Heliolisk|Hyper Voice|p2a: Yggdrasil","|-damage|p2a: Yggdrasil|165/363","|move|p2a: Yggdrasil|Earthquake|p1a: Heliolisk","|-supereffective|p1a: Heliolisk","|-damage|p1a: Heliolisk|0 fnt","|faint|p1a: Heliolisk","|","|","|switch|p1a: Chansey|Chansey, F|610/697","|-damage|p1a: Chansey|523/697|[from] Stealth Rock","|turn|17","|","|move|p2a: Yggdrasil|Sludge Bomb|p1a: Chansey","|-damage|p1a: Chansey|417/697","|move|p1a: Chansey|Thunder Wave|p2a: Yggdrasil","|-status|p2a: Yggdrasil|par","|","|turn|18","|","|move|p1a: Chansey|Seismic Toss|p2a: Yggdrasil","|-damage|p2a: Yggdrasil|65/363 par","|move|p2a: Yggdrasil|Synthesis|p2a: Yggdrasil","|-heal|p2a: Yggdrasil|246/363 par","|","|turn|19","|","|move|p1a: Chansey|Seismic Toss|p2a: Yggdrasil","|-damage|p2a: Yggdrasil|146/363 par","|move|p2a: Yggdrasil|Synthesis|p2a: Yggdrasil","|-heal|p2a: Yggdrasil|327/363 par","|","|turn|20","|","|move|p1a: Chansey|Seismic Toss|p2a: Yggdrasil","|-damage|p2a: Yggdrasil|227/363 par","|move|p2a: Yggdrasil|Sludge Bomb|p1a: Chansey","|-damage|p1a: Chansey|321/697","|","|turn|21","|","|move|p1a: Chansey|Seismic Toss|p2a: Yggdrasil","|-damage|p2a: Yggdrasil|127/363 par","|move|p2a: Yggdrasil|Sludge Bomb|p1a: Chansey","|-damage|p1a: Chansey|209/697","|-status|p1a: Chansey|psn","|","|-damage|p1a: Chansey|122/697 psn|[from] psn","|turn|22","|","|move|p1a: Chansey|Aromatherapy|p1a: Chansey","|-cureteam|p1a: Chansey|[from] move: Aromatherapy","|cant|p2a: Yggdrasil|par","|","|turn|23","|","|move|p1a: Chansey|Soft-Boiled|p1a: Chansey","|-heal|p1a: Chansey|471/697","|move|p2a: Yggdrasil|Synthesis|p2a: Yggdrasil","|-heal|p2a: Yggdrasil|308/363 par","|","|turn|24","|","|switch|p1a: Ditto|Ditto|300/300","|-damage|p1a: Ditto|263/300|[from] Stealth Rock","|-transform|p1a: Ditto|p2a: Yggdrasil","|cant|p2a: Yggdrasil|par","|","|turn|25","|","|move|p1a: Ditto|Sludge Bomb|p2a: Yggdrasil","|-damage|p2a: Yggdrasil|169/363 par","|move|p2a: Yggdrasil|Earthquake|p1a: Ditto","|-damage|p1a: Ditto|190/300","|","|turn|26","|","|move|p1a: Ditto|Sludge Bomb|p2a: Yggdrasil","|-damage|p2a: Yggdrasil|28/363 par","|move|p2a: Yggdrasil|Sludge Bomb|p1a: Ditto","|-damage|p1a: Ditto|40/300","|","|turn|27","|","|move|p1a: Ditto|Sludge Bomb|p2a: Yggdrasil","|-damage|p2a: Yggdrasil|0 fnt","|faint|p2a: Yggdrasil","|","|","|switch|p2a: Valtyra|Celebi|396/396","|turn|28","|","|move|p1a: Ditto|Sludge Bomb|p2a: Valtyra","|-supereffective|p2a: Valtyra","|-damage|p2a: Valtyra|54/396","|move|p2a: Valtyra|Psychic|p1a: Ditto","|-supereffective|p1a: Ditto","|-damage|p1a: Ditto|0 fnt","|faint|p1a: Ditto","|","|-heal|p2a: Valtyra|78/396|[from] item: Leftovers","|","|switch|p1a: Chansey|Chansey, F|471/697","|-damage|p1a: Chansey|384/697|[from] Stealth Rock","|turn|29","|","|move|p2a: Valtyra|Recover|p2a: Valtyra","|-heal|p2a: Valtyra|276/396","|move|p1a: Chansey|Thunder Wave|p2a: Valtyra","|-status|p2a: Valtyra|par","|","|-heal|p2a: Valtyra|300/396 par|[from] item: Leftovers","|turn|30","|","|move|p1a: Chansey|Seismic Toss|p2a: Valtyra","|-damage|p2a: Valtyra|200/396 par","|move|p2a: Valtyra|Nasty Plot|p2a: Valtyra","|-boost|p2a: Valtyra|spa|2","|","|-heal|p2a: Valtyra|224/396 par|[from] item: Leftovers","|turn|31","|","|move|p1a: Chansey|Seismic Toss|p2a: Valtyra","|-damage|p2a: Valtyra|124/396 par","|cant|p2a: Valtyra|par","|","|-heal|p2a: Valtyra|148/396 par|[from] item: Leftovers","|turn|32","|","|move|p1a: Chansey|Seismic Toss|p2a: Valtyra","|-damage|p2a: Valtyra|48/396 par","|move|p2a: Valtyra|Recover|p2a: Valtyra","|-heal|p2a: Valtyra|246/396 par","|","|-heal|p2a: Valtyra|270/396 par|[from] item: Leftovers","|turn|33","|","|move|p1a: Chansey|Seismic Toss|p2a: Valtyra","|-damage|p2a: Valtyra|170/396 par","|cant|p2a: Valtyra|par","|","|-heal|p2a: Valtyra|194/396 par|[from] item: Leftovers","|turn|34","|","|move|p1a: Chansey|Seismic Toss|p2a: Valtyra","|-damage|p2a: Valtyra|94/396 par","|move|p2a: Valtyra|Recover|p2a: Valtyra","|-heal|p2a: Valtyra|292/396 par","|","|-heal|p2a: Valtyra|316/396 par|[from] item: Leftovers","|turn|35","|","|move|p1a: Chansey|Seismic Toss|p2a: Valtyra","|-damage|p2a: Valtyra|216/396 par","|cant|p2a: Valtyra|par","|","|-heal|p2a: Valtyra|240/396 par|[from] item: Leftovers","|turn|36","|","|move|p1a: Chansey|Soft-Boiled|p1a: Chansey","|-heal|p1a: Chansey|697/697","|move|p2a: Valtyra|Recover|p2a: Valtyra","|-heal|p2a: Valtyra|396/396 par","|","|turn|37","|","|move|p1a: Chansey|Seismic Toss|p2a: Valtyra","|-damage|p2a: Valtyra|296/396 par","|cant|p2a: Valtyra|par","|","|-heal|p2a: Valtyra|320/396 par|[from] item: Leftovers","|turn|38","|","|move|p1a: Chansey|Seismic Toss|p2a: Valtyra","|-damage|p2a: Valtyra|220/396 par","|cant|p2a: Valtyra|par","|","|-heal|p2a: Valtyra|244/396 par|[from] item: Leftovers","|turn|39","|","|move|p1a: Chansey|Seismic Toss|p2a: Valtyra","|-damage|p2a: Valtyra|144/396 par","|move|p2a: Valtyra|Recover|p2a: Valtyra","|-heal|p2a: Valtyra|342/396 par","|","|-heal|p2a: Valtyra|366/396 par|[from] item: Leftovers","|turn|40","|","|move|p1a: Chansey|Aromatherapy|p1a: Chansey","|-cureteam|p1a: Chansey|[from] move: Aromatherapy","|cant|p2a: Valtyra|par","|","|-heal|p2a: Valtyra|390/396 par|[from] item: Leftovers","|turn|41","|","|move|p1a: Chansey|Seismic Toss|p2a: Valtyra","|-damage|p2a: Valtyra|290/396 par","|move|p2a: Valtyra|Nasty Plot|p2a: Valtyra","|-boost|p2a: Valtyra|spa|2","|","|-heal|p2a: Valtyra|314/396 par|[from] item: Leftovers","|turn|42","|","|move|p1a: Chansey|Seismic Toss|p2a: Valtyra","|-damage|p2a: Valtyra|214/396 par","|move|p2a: Valtyra|Psychic|p1a: Chansey","|-damage|p1a: Chansey|444/697","|","|-heal|p2a: Valtyra|238/396 par|[from] item: Leftovers","|turn|43","|","|move|p1a: Chansey|Seismic Toss|p2a: Valtyra","|-damage|p2a: Valtyra|138/396 par","|move|p2a: Valtyra|Recover|p2a: Valtyra","|-heal|p2a: Valtyra|336/396 par","|","|-heal|p2a: Valtyra|360/396 par|[from] item: Leftovers","|turn|44","|","|move|p1a: Chansey|Seismic Toss|p2a: Valtyra","|-damage|p2a: Valtyra|260/396 par","|move|p2a: Valtyra|Nasty Plot|p2a: Valtyra","|-boost|p2a: Valtyra|spa|2","|","|-heal|p2a: Valtyra|284/396 par|[from] item: Leftovers","|turn|45","|","|move|p1a: Chansey|Seismic Toss|p2a: Valtyra","|-damage|p2a: Valtyra|184/396 par","|cant|p2a: Valtyra|par","|","|-heal|p2a: Valtyra|208/396 par|[from] item: Leftovers","|turn|46","|","|move|p1a: Chansey|Seismic Toss|p2a: Valtyra","|-damage|p2a: Valtyra|108/396 par","|move|p2a: Valtyra|Recover|p2a: Valtyra","|-heal|p2a: Valtyra|306/396 par","|","|-heal|p2a: Valtyra|330/396 par|[from] item: Leftovers","|turn|47","|","|move|p1a: Chansey|Seismic Toss|p2a: Valtyra","|-damage|p2a: Valtyra|230/396 par","|move|p2a: Valtyra|Psychic|p1a: Chansey","|-damage|p1a: Chansey|80/697","|","|-heal|p2a: Valtyra|254/396 par|[from] item: Leftovers","|turn|48","|","|move|p1a: Chansey|Seismic Toss|p2a: Valtyra","|-damage|p2a: Valtyra|154/396 par","|move|p2a: Valtyra|Psychic|p1a: Chansey","|-damage|p1a: Chansey|0 fnt","|faint|p1a: Chansey","|","|win|Crystal Giigan"],"p1rating":{"entryid":"313690","serverid":"eos","formatid":"monotype","userid":"neowulfy","username":"Neowulfy","w":"3","l":1,"t":"0","gxe":56.1,"r":"1587.115371181","rd":"111.72306162267","sigma":"0","rptime":"1440406800","rpr":1548.4805665506,"rprd":106.87297093694,"rpsigma":"0","acre":1081.8886176369,"lacre":1081.8886176369,"oldacre":"1106.7463227167"},"p2rating":{"entryid":"80850","serverid":"eos","formatid":"monotype","userid":"crystalgiigan","username":"Crystal Giigan","w":9,"l":"8","t":"0","gxe":53.6,"r":"1509.9168284476","rd":"79.618034646372","sigma":"0","rptime":"1440406800","rpr":1528.0494320693,"rprd":74.611825042413,"rpsigma":"0","acre":1133.5815819089,"lacre":1133.5815819089,"oldacre":"1108.7238768291"},"endType":"normal"}