{"seed":[50655,59737,20708,9076],"turns":25,"p1":"Sable and ed","p2":"Gym Ldr Mitsuka∆","p1team":[{"name":"Diancie","species":"Diancie","item":"leftovers","ability":"Clear Body","moves":["stealthrock","trickroom","diamondstorm","explosion"],"nature":"Brave","evs":{"hp":248,"atk":252,"def":8,"spa":0,"spd":0,"spe":0},"ivs":{"hp":31,"atk":31,"def":31,"spa":31,"spd":31,"spe":0}},{"name":"Sylveon","species":"Sylveon","item":"choicespecs","ability":"Pixilate","moves":["hypervoice","hiddenpowerfire","psyshock","shadowball"],"nature":"Quiet","evs":{"hp":248,"atk":0,"def":8,"spa":252,"spd":0,"spe":0},"gender":"M","ivs":{"hp":31,"atk":0,"def":31,"spa":30,"spd":31,"spe":0}},{"name":"Azumarill","species":"Azumarill","item":"lifeorb","ability":"Huge Power","moves":["playrough","waterfall","superpower","aquajet"],"nature":"Brave","evs":{"hp":248,"atk":252,"def":0,"spa":0,"spd":8,"spe":0},"gender":"M","ivs":{"hp":31,"atk":31,"def":31,"spa":31,"spd":31,"spe":0}},{"name":"Gardevoir","species":"Gardevoir","item":"gardevoirite","ability":"Trace","moves":["hypervoice","focusblast","trickroom","healingwish"],"nature":"Quiet","evs":{"hp":248,"atk":0,"def":8,"spa":252,"spd":0,"spe":0},"gender":"M","ivs":{"hp":31,"atk":0,"def":31,"spa":31,"spd":31,"spe":0},"shiny":true},{"name":"Klefki","species":"Klefki","item":"lightclay","ability":"Prankster","moves":["reflect","lightscreen","foulplay","spikes"],"nature":"Bold","evs":{"hp":248,"atk":0,"def":252,"spa":0,"spd":8,"spe":0},"ivs":{"hp":31,"atk":0,"def":31,"spa":31,"spd":31,"spe":31}},{"name":"Togekiss","species":"Togekiss","item":"choicescarf","ability":"Serene Grace","moves":["airslash","fireblast","dazzlinggleam","trick"],"nature":"Timid","evs":{"hp":0,"atk":0,"def":0,"spa":252,"spd":4,"spe":252},"ivs":{"hp":31,"atk":0,"def":31,"spa":31,"spd":31,"spe":31}}],"p2team":[{"name":"Bellossom","species":"Bellossom","item":"rockyhelmet","ability":"Chlorophyll","moves":["sleeppowder","gigadrain","moonblast","teeterdance"],"nature":"Bold","evs":{"hp":252,"atk":0,"def":224,"spa":0,"spd":32,"spe":0},"ivs":{"hp":31,"atk":30,"def":31,"spa":30,"spd":31,"spe":30}},{"name":"Abomasnow","species":"Abomasnow","item":"abomasite","ability":"Soundproof","moves":["iceshard","blizzard","hiddenpowerfire","gigadrain"],"nature":"Timid","evs":{"hp":4,"atk":0,"def":0,"spa":252,"spd":0,"spe":252},"ivs":{"hp":31,"atk":30,"def":31,"spa":30,"spd":31,"spe":30}},{"name":"Roserade","species":"Roserade","item":"choicescarf","ability":"Technician","moves":["hiddenpowerrock","extrasensory","sludgebomb","gigadrain"],"nature":"Timid","evs":{"hp":0,"atk":0,"def":0,"spa":252,"spd":4,"spe":252},"ivs":{"hp":31,"atk":31,"def":30,"spa":31,"spd":30,"spe":30}},{"name":"Leavanny","species":"Leavanny","item":"focussash","ability":"Swarm","moves":["stickyweb","leafblade","knockoff","xscissor"],"nature":"Adamant","evs":{"hp":4,"atk":252,"def":0,"spa":0,"spd":0,"spe":252},"ivs":{"hp":31,"atk":31,"def":31,"spa":31,"spd":31,"spe":31}},{"name":"Ferrothorn","species":"Ferrothorn","item":"occaberry","ability":"Iron Barbs","moves":["stealthrock","thunderwave","knockoff","ironhead"],"nature":"Impish","evs":{"hp":252,"atk":0,"def":128,"spa":0,"spd":128,"spe":0},"ivs":{"hp":31,"atk":31,"def":31,"spa":31,"spd":31,"spe":31}},{"name":"Breloom","species":"Breloom","item":"focussash","ability":"Technician","moves":["spore","machpunch","bulletseed","rocktomb"],"nature":"Jolly","evs":{"hp":0,"atk":252,"def":0,"spa":0,"spd":4,"spe":252},"ivs":{"hp":31,"atk":31,"def":31,"spa":31,"spd":31,"spe":31}}],"log":["|player|p1|Sable and ed|102","|player|p2|Gym Ldr Mitsuka∆|265","|gametype|singles","|gen|6","|tier|Monotype","|rated","|rule|Baton Pass Clause: Limit one Baton Passer, can't pass Spe and other stats simultaneously","|rule|Swagger Clause: Swagger is banned","|rule|Same Type Clause: Pokémon in a team must share a type","|clearpoke","|poke|p1|Diancie","|poke|p1|Sylveon, M","|poke|p1|Azumarill, M","|poke|p1|Gardevoir, M, shiny","|poke|p1|Klefki, F","|poke|p1|Togekiss, M","|poke|p2|Bellossom, M","|poke|p2|Abomasnow, F","|poke|p2|Roserade, M","|poke|p2|Leavanny, F","|poke|p2|Ferrothorn, M","|poke|p2|Breloom, M","|rule|Sleep Clause Mod: Limit one foe put to sleep","|rule|Species Clause: Limit one of each Pokémon","|rule|OHKO Clause: OHKO moves are banned","|rule|Moody Clause: Moody is banned","|rule|Evasion Moves Clause: Evasion moves are banned","|rule|Endless Battle Clause: Forcing endless battles is banned","|rule|HP Percentage Mod: HP is shown in percentages","|teampreview","|","|start","|switch|p1a: Togekiss|Togekiss, M|311/311","|switch|p2a: Ferrothorn|Ferrothorn, M|352/352","|turn|1","|","|move|p1a: Togekiss|Fire Blast|p2a: Ferrothorn","|-supereffective|p2a: Ferrothorn","|-enditem|p2a: Ferrothorn|Occa Berry|[eat]","|-damage|p2a: Ferrothorn|152/352","|move|p2a: Ferrothorn|Iron Head|p1a: Togekiss","|-supereffective|p1a: Togekiss","|-damage|p1a: Togekiss|129/311","|","|turn|2","|","|move|p1a: Togekiss|Fire Blast|p2a: Ferrothorn|[miss]","|-miss|p1a: Togekiss|p2a: Ferrothorn","|move|p2a: Ferrothorn|Stealth Rock|p1a: Togekiss","|-sidestart|p1: Sable and ed|move: Stealth Rock","|","|turn|3","|","|move|p1a: Togekiss|Fire Blast|p2a: Ferrothorn","|-supereffective|p2a: Ferrothorn","|-damage|p2a: Ferrothorn|0 fnt","|faint|p2a: Ferrothorn","|","|","|switch|p2a: Roserade|Roserade, M|261/261","|turn|4","|","|switch|p1a: Klefki|Klefki, F|317/317","|-damage|p1a: Klefki|298/317|[from] Stealth Rock","|move|p2a: Roserade|Hidden Power|p1a: Klefki","|-resisted|p1a: Klefki","|-damage|p1a: Klefki|241/317","|","|turn|5","|","|switch|p2a: Leavanny|Leavanny, F|292/292","|move|p1a: Klefki|Light Screen|p1a: Klefki","|-sidestart|p1: Sable and ed|move: Light Screen","|","|turn|6","|","|switch|p1a: Diancie|Diancie|303/303","|-damage|p1a: Diancie|266/303|[from] Stealth Rock","|move|p2a: Leavanny|Knock Off|p1a: Diancie","|-resisted|p1a: Diancie","|-damage|p1a: Diancie|226/303","|-enditem|p1a: Diancie|Leftovers|[from] move: Knock Off|[of] p2a: Leavanny","|","|turn|7","|","|move|p2a: Leavanny|Leaf Blade|p1a: Diancie","|-crit|p1a: Diancie","|-supereffective|p1a: Diancie","|-damage|p1a: Diancie|0 fnt","|faint|p1a: Diancie","|","|","|switch|p1a: Klefki|Klefki, F|241/317","|-damage|p1a: Klefki|222/317|[from] Stealth Rock","|turn|8","|","|move|p1a: Klefki|Reflect|p1a: Klefki","|-sidestart|p1: Sable and ed|Reflect","|move|p2a: Leavanny|Knock Off|p1a: Klefki","|-resisted|p1a: Klefki","|-damage|p1a: Klefki|203/317","|-enditem|p1a: Klefki|Light Clay|[from] move: Knock Off|[of] p2a: Leavanny","|","|turn|9","|","|move|p1a: Klefki|Spikes|p2a: Leavanny","|-sidestart|p2: Gym Ldr Mitsuka∆|Spikes","|move|p2a: Leavanny|Sticky Web|p1a: Klefki","|-sidestart|p1: Sable and ed|move: Sticky Web","|","|turn|10","|","|move|p2a: Leavanny|Leaf Blade|p1a: Klefki","|-resisted|p1a: Klefki","|-damage|p1a: Klefki|177/317","|move|p1a: Klefki|Foul Play|p2a: Leavanny","|-damage|p2a: Leavanny|171/292","|","|turn|11","|","|switch|p2a: Bellossom|Bellossom, M|354/354","|-damage|p2a: Bellossom|310/354|[from] Spikes","|move|p1a: Klefki|Foul Play|p2a: Bellossom","|-damage|p2a: Bellossom|264/354","|-damage|p1a: Klefki|125/317|[from] item: Rocky Helmet|[of] p2a: Bellossom","|","|turn|12","|","|switch|p1a: Togekiss|Togekiss, M|129/311","|-damage|p1a: Togekiss|52/311|[from] Stealth Rock","|move|p2a: Bellossom|Teeter Dance|p1a: Togekiss","|-start|p1a: Togekiss|confusion","|","|-sideend|p1: Sable and ed|move: Light Screen","|turn|13","|","|-activate|p1a: Togekiss|confusion","|-damage|p1a: Togekiss|39/311|[from] confusion","|move|p2a: Bellossom|Moonblast|p1a: Togekiss","|-damage|p1a: Togekiss|0 fnt","|faint|p1a: Togekiss","|","|","|switch|p1a: Sylveon|Sylveon, M|393/393","|-activate|p1a: Sylveon|move: Sticky Web","|-unboost|p1a: Sylveon|spe|1","|-damage|p1a: Sylveon|344/393|[from] Stealth Rock","|turn|14","|","|move|p2a: Bellossom|Sleep Powder|p1a: Sylveon","|-status|p1a: Sylveon|slp","|cant|p1a: Sylveon|slp","|","|turn|15","|","|move|p2a: Bellossom|Teeter Dance|p1a: Sylveon","|-start|p1a: Sylveon|confusion","|cant|p1a: Sylveon|slp","|","|-sideend|p1: Sable and ed|Reflect","|turn|16","|","|move|p2a: Bellossom|Moonblast|p1a: Sylveon","|-damage|p1a: Sylveon|290/393 slp","|-curestatus|p1a: Sylveon|slp","|-activate|p1a: Sylveon|confusion","|-damage|p1a: Sylveon|262/393|[from] confusion","|","|turn|17","|","|move|p2a: Bellossom|Sleep Powder|p1a: Sylveon","|-status|p1a: Sylveon|slp","|cant|p1a: Sylveon|slp","|","|turn|18","|","|move|p2a: Bellossom|Moonblast|p1a: Sylveon","|-damage|p1a: Sylveon|212/393 slp","|-unboost|p1a: Sylveon|spa|1","|-curestatus|p1a: Sylveon|slp","|-end|p1a: Sylveon|confusion","|move|p1a: Sylveon|Hyper Voice|p2a: Bellossom","|-damage|p2a: Bellossom|56/354","|","|turn|19","|","|move|p2a: Bellossom|Sleep Powder|p1a: Sylveon","|-status|p1a: Sylveon|slp","|cant|p1a: Sylveon|slp","|","|turn|20","|","|move|p2a: Bellossom|Teeter Dance|p1a: Sylveon","|-start|p1a: Sylveon|confusion","|cant|p1a: Sylveon|slp","|","|turn|21","|","|move|p2a: Bellossom|Moonblast|p1a: Sylveon","|-damage|p1a: Sylveon|155/393 slp","|-unboost|p1a: Sylveon|spa|1","|-curestatus|p1a: Sylveon|slp","|-activate|p1a: Sylveon|confusion","|move|p1a: Sylveon|Hyper Voice|p2a: Bellossom","|-damage|p2a: Bellossom|0 fnt","|faint|p2a: Bellossom","|","|","|switch|p2a: Breloom|Breloom, M|261/261","|-damage|p2a: Breloom|229/261|[from] Spikes","|turn|22","|","|move|p2a: Breloom|Bullet Seed|p1a: Sylveon","|-damage|p1a: Sylveon|67/393","|-damage|p1a: Sylveon|0 fnt","|-hitcount|p1a: Sylveon|2","|faint|p1a: Sylveon","|","|","|switch|p1a: Klefki|Klefki, F|125/317","|-damage|p1a: Klefki|106/317|[from] Stealth Rock","|-activate|p1a: Klefki|move: Sticky Web","|-unboost|p1a: Klefki|spe|1","|turn|23","|","|move|p2a: Breloom|Mach Punch|p1a: Klefki","|-damage|p1a: Klefki|19/317","|move|p1a: Klefki|Reflect|p1a: Klefki","|-sidestart|p1: Sable and ed|Reflect","|","|turn|24","|","|switch|p1a: Gardevoir|Gardevoir, M, shiny|339/339","|-activate|p1a: Gardevoir|move: Sticky Web","|-unboost|p1a: Gardevoir|spe|1","|-damage|p1a: Gardevoir|297/339|[from] Stealth Rock","|-ability|p1a: Gardevoir|Technician|[from] ability: Trace|[of] p2a: Breloom","|move|p2a: Breloom|Mach Punch|p1a: Gardevoir","|-resisted|p1a: Gardevoir","|-damage|p1a: Gardevoir|278/339","|","|turn|25","|","|move|p2a: Breloom|Bullet Seed|p1a: Gardevoir","|-damage|p1a: Gardevoir|231/339","|-damage|p1a: Gardevoir|181/339","|-crit|p1a: Gardevoir","|-damage|p1a: Gardevoir|42/339","|-damage|p1a: Gardevoir|0 fnt","|-hitcount|p1a: Gardevoir|4","|faint|p1a: Gardevoir","|","|","|win|Gym Ldr Mitsuka∆"],"p1rating":{"entryid":"422954","serverid":"eos","formatid":"monotype","userid":"sableanded","username":"Sable and ed","w":"2","l":3,"t":"0","gxe":44.6,"r":"1500","rd":"130","sigma":"0","rptime":"1440406800","rpr":1457.7220126719,"rprd":102.34991001396,"rpsigma":"0","acre":1044.6522585441,"lacre":1044.6522585441,"oldacre":"1057.6722900071"},"p2rating":{"entryid":"379503","serverid":"eos","formatid":"monotype","userid":"gymldrmitsuka","username":"Gym Ldr Mitsuka∆","w":9,"l":"11","t":"0","gxe":46.4,"r":"1441.313944946","rd":"103.46670437715","sigma":"0","rptime":"1440406800","rpr":1472.252882971,"rprd":70.795533937098,"rpsigma":"0","acre":1183.3911300325,"lacre":1183.3911300325,"oldacre":"1165.9387940801"},"endType":"forfeit"}