{"seed":[46454,44611,52987,15025],"turns":36,"p1":"Carnie Red","p2":"Gym Ldr Mitsuka∆","p1team":[{"name":"Bisharp","species":"Bisharp","item":"lifeorb","ability":"Defiant","moves":["ironhead","knockoff","swordsdance","suckerpunch"],"nature":"Jolly","evs":{"hp":0,"atk":252,"def":0,"spa":0,"spd":4,"spe":252},"shiny":true,"ivs":{"hp":31,"atk":31,"def":31,"spa":31,"spd":31,"spe":31}},{"name":"Mandibuzz","species":"Mandibuzz","item":"rockyhelmet","ability":"Overcoat","moves":["foulplay","roost","defog","toxic"],"nature":"Bold","evs":{"hp":248,"atk":0,"def":252,"spa":0,"spd":8,"spe":0},"ivs":{"hp":31,"atk":31,"def":31,"spa":31,"spd":31,"spe":31}},{"name":"Umbreon","species":"Umbreon","item":"leftovers","ability":"Synchronize","moves":["foulplay","toxic","moonlight","protect"],"nature":"Calm","evs":{"hp":252,"atk":0,"def":4,"spa":0,"spd":252,"spe":0},"shiny":true,"ivs":{"hp":31,"atk":31,"def":31,"spa":31,"spd":31,"spe":31}},{"name":"Hoopa-Unbound","species":"Hoopa-Unbound","item":"assaultvest","ability":"Magician","moves":["hyperspacefury","firepunch","gunkshot","grassknot"],"nature":"Lonely","evs":{"hp":248,"atk":252,"def":0,"spa":8,"spd":0,"spe":0},"ivs":{"hp":31,"atk":31,"def":31,"spa":31,"spd":31,"spe":31}},{"name":"Hydreigon","species":"Hydreigon","item":"choicescarf","ability":"Levitate","moves":["dracometeor","darkpulse","earthpower","uturn"],"nature":"Timid","evs":{"hp":0,"atk":0,"def":0,"spa":252,"spd":4,"spe":252},"ivs":{"hp":31,"atk":31,"def":31,"spa":31,"spd":31,"spe":31}},{"name":"Absol","species":"Absol","item":"absolite","ability":"Pressure","moves":["knockoff","playrough","swordsdance","suckerpunch"],"nature":"Jolly","evs":{"hp":0,"atk":252,"def":0,"spa":0,"spd":4,"spe":252},"ivs":{"hp":31,"atk":31,"def":31,"spa":31,"spd":31,"spe":31}}],"p2team":[{"name":"Celebi","species":"Celebi","item":"choicescarf","ability":"Natural Cure","moves":["uturn","leafstorm","psychic","trick"],"nature":"Timid","evs":{"hp":4,"atk":0,"def":0,"spa":252,"spd":0,"spe":252},"ivs":{"hp":31,"atk":31,"def":31,"spa":31,"spd":31,"spe":31}},{"name":"Abomasnow","species":"Abomasnow","item":"abomasite","ability":"Soundproof","moves":["swordsdance","iceshard","earthquake","seedbomb"],"nature":"Adamant","evs":{"hp":76,"atk":200,"def":0,"spa":0,"spd":0,"spe":180},"ivs":{"hp":31,"atk":31,"def":31,"spa":31,"spd":31,"spe":31}},{"name":"Shiftry","species":"Shiftry","item":"lifeorb","ability":"Chlorophyll","moves":["fakeout","knockoff","suckerpunch","rockslide"],"nature":"Timid","evs":{"hp":4,"atk":0,"def":0,"spa":252,"spd":0,"spe":252},"ivs":{"hp":31,"atk":30,"def":31,"spa":30,"spd":31,"spe":30}},{"name":"Cradily","species":"Cradily","item":"leftovers","ability":"Suction Cups","moves":["rocktomb","toxic","recover","curse"],"nature":"Careful","evs":{"hp":252,"atk":4,"def":20,"spa":0,"spd":232,"spe":0},"ivs":{"hp":31,"atk":31,"def":31,"spa":31,"spd":31,"spe":31}},{"name":"Vileplume","species":"Vileplume","item":"rockyhelmet","ability":"Effect Spore","moves":["sleeppowder","moonblast","sludgebomb","gigadrain"],"nature":"Bold","evs":{"hp":252,"atk":0,"def":252,"spa":0,"spd":4,"spe":0},"ivs":{"hp":31,"atk":31,"def":31,"spa":31,"spd":31,"spe":31}},{"name":"Shaymin","species":"Shaymin","item":"choicespecs","ability":"Natural Cure","moves":["seedflare","airslash","hiddenpowerfire","earthpower"],"nature":"Timid","evs":{"hp":0,"atk":0,"def":0,"spa":252,"spd":4,"spe":252},"ivs":{"hp":31,"atk":30,"def":31,"spa":30,"spd":31,"spe":30}}],"log":["|player|p1|Carnie Red|162","|player|p2|Gym Ldr Mitsuka∆|265","|gametype|singles","|gen|6","|tier|Monotype","|rated","|rule|Baton Pass Clause: Limit one Baton Passer, can't pass Spe and other stats simultaneously","|rule|Swagger Clause: Swagger is banned","|rule|Same Type Clause: Pokémon in a team must share a type","|clearpoke","|poke|p1|Bisharp, F, shiny","|poke|p1|Mandibuzz, F","|poke|p1|Umbreon, F, shiny","|poke|p1|Hoopa-Unbound","|poke|p1|Hydreigon, M","|poke|p1|Absol, M","|poke|p2|Celebi","|poke|p2|Abomasnow, M","|poke|p2|Shiftry, F","|poke|p2|Cradily, F","|poke|p2|Vileplume, F","|poke|p2|Shaymin","|rule|Sleep Clause Mod: Limit one foe put to sleep","|rule|Species Clause: Limit one of each Pokémon","|rule|OHKO Clause: OHKO moves are banned","|rule|Moody Clause: Moody is banned","|rule|Evasion Moves Clause: Evasion moves are banned","|rule|Endless Battle Clause: Forcing endless battles is banned","|rule|HP Percentage Mod: HP is shown in percentages","|teampreview","|","|start","|switch|p1a: Absol|Absol, M|271/271","|switch|p2a: Celebi|Celebi|342/342","|-ability|p1a: Absol|Pressure","|turn|1","|","|detailschange|p1a: Absol|Absol-Mega, M","|-mega|p1a: Absol|Absol|Absolite","|move|p2a: Celebi|U-turn|p1a: Absol","|-supereffective|p1a: Absol","|-damage|p1a: Absol|135/271","|","|switch|p2a: Shiftry|Shiftry, F|322/322","|move|p1a: Absol|Knock Off|p2a: Shiftry","|-resisted|p2a: Shiftry","|-damage|p2a: Shiftry|173/322","|-enditem|p2a: Shiftry|Life Orb|[from] move: Knock Off|[of] p1a: Absol","|","|turn|2","|","|move|p2a: Shiftry|Fake Out|p1a: Absol","|-crit|p1a: Absol","|-damage|p1a: Absol|70/271","|cant|p1a: Absol|flinch","|","|turn|3","|","|move|p2a: Shiftry|Sucker Punch|p1a: Absol","|-resisted|p1a: Absol","|-damage|p1a: Absol|10/271","|move|p1a: Absol|Play Rough|p2a: Shiftry","|-supereffective|p2a: Shiftry","|-damage|p2a: Shiftry|0 fnt","|faint|p2a: Shiftry","|","|","|switch|p2a: Abomasnow|Abomasnow, M|340/340","|turn|4","|","|switch|p1a: Bisharp|Bisharp, F, shiny|271/271","|detailschange|p2a: Abomasnow|Abomasnow-Mega, M","|-mega|p2a: Abomasnow|Abomasnow|Abomasite","|-weather|Hail","|move|p2a: Abomasnow|Swords Dance|p2a: Abomasnow","|-boost|p2a: Abomasnow|atk|2","|","|-weather|Hail|[upkeep]","|-damage|p1a: Bisharp|255/271|[from] hail","|turn|5","|","|move|p1a: Bisharp|Iron Head|p2a: Abomasnow","|-supereffective|p2a: Abomasnow","|-damage|p2a: Abomasnow|0 fnt","|-damage|p1a: Bisharp|228/271|[from] item: Life Orb","|faint|p2a: Abomasnow","|","|-weather|Hail|[upkeep]","|-damage|p1a: Bisharp|212/271|[from] hail","|","|switch|p2a: Shaymin|Shaymin|341/341","|turn|6","|","|move|p2a: Shaymin|Earth Power|p1a: Bisharp","|-supereffective|p1a: Bisharp","|-damage|p1a: Bisharp|0 fnt","|faint|p1a: Bisharp","|","|-weather|Hail|[upkeep]","|-damage|p2a: Shaymin|320/341|[from] hail","|","|switch|p1a: Hoopa-Unbound|Hoopa-Unbound|363/363","|turn|7","|","|switch|p2a: Cradily|Cradily, F|376/376","|move|p1a: Hoopa-Unbound|Fire Punch|p2a: Cradily","|-damage|p2a: Cradily|251/376","|","|-weather|Hail|[upkeep]","|-damage|p1a: Hoopa-Unbound|341/363|[from] hail","|-damage|p2a: Cradily|228/376|[from] hail","|-heal|p2a: Cradily|251/376|[from] item: Leftovers","|turn|8","|","|switch|p1a: Absol|Absol-Mega, M|10/271","|move|p2a: Cradily|Curse|p2a: Cradily","|-unboost|p2a: Cradily|spe|1","|-boost|p2a: Cradily|atk|1","|-boost|p2a: Cradily|def|1","|","|-weather|none","|-heal|p2a: Cradily|274/376|[from] item: Leftovers","|turn|9","|","|move|p1a: Absol|Knock Off|p2a: Cradily","|-damage|p2a: Cradily|150/376","|-enditem|p2a: Cradily|Leftovers|[from] move: Knock Off|[of] p1a: Absol","|move|p2a: Cradily|Curse|p2a: Cradily","|-unboost|p2a: Cradily|spe|1","|-boost|p2a: Cradily|atk|1","|-boost|p2a: Cradily|def|1","|","|turn|10","|","|move|p1a: Absol|Swords Dance|p1a: Absol","|-boost|p1a: Absol|atk|2","|move|p2a: Cradily|Recover|p2a: Cradily","|-heal|p2a: Cradily|338/376","|","|turn|11","|","|move|p1a: Absol|Play Rough|p2a: Cradily","|-damage|p2a: Cradily|214/376","|move|p2a: Cradily|Rock Tomb|p1a: Absol","|-damage|p1a: Absol|0 fnt","|faint|p1a: Absol","|","|","|switch|p1a: Umbreon|Umbreon, F, shiny|394/394","|turn|12","|","|move|p1a: Umbreon|Toxic|p2a: Cradily","|-status|p2a: Cradily|tox","|move|p2a: Cradily|Rock Tomb|p1a: Umbreon","|-damage|p1a: Umbreon|289/394","|-unboost|p1a: Umbreon|spe|1","|","|-heal|p1a: Umbreon|313/394|[from] item: Leftovers","|-damage|p2a: Cradily|191/376 tox|[from] psn","|turn|13","|","|move|p1a: Umbreon|Foul Play|p2a: Cradily","|-damage|p2a: Cradily|92/376 tox","|move|p2a: Cradily|Recover|p2a: Cradily","|-heal|p2a: Cradily|280/376 tox","|","|-heal|p1a: Umbreon|337/394|[from] item: Leftovers","|-damage|p2a: Cradily|234/376 tox|[from] psn","|turn|14","|","|switch|p2a: Shaymin|Shaymin|320/341","|move|p1a: Umbreon|Foul Play|p2a: Shaymin","|-damage|p2a: Shaymin|221/341","|","|-heal|p1a: Umbreon|361/394|[from] item: Leftovers","|turn|15","|","|move|p1a: Umbreon|Protect|p1a: Umbreon","|-singleturn|p1a: Umbreon|Protect","|move|p2a: Shaymin|Seed Flare|p1a: Umbreon","|-activate|p1a: Umbreon|Protect","|","|-heal|p1a: Umbreon|385/394|[from] item: Leftovers","|turn|16","|","|switch|p1a: Mandibuzz|Mandibuzz, F|423/423","|move|p2a: Shaymin|Seed Flare|p1a: Mandibuzz|[miss]","|-miss|p2a: Shaymin|p1a: Mandibuzz","|","|turn|17","|","|move|p2a: Shaymin|Seed Flare|p1a: Mandibuzz","|-resisted|p1a: Mandibuzz","|-damage|p1a: Mandibuzz|288/423","|-unboost|p1a: Mandibuzz|spd|2","|move|p1a: Mandibuzz|Foul Play|p2a: Shaymin","|-damage|p2a: Shaymin|116/341","|","|turn|18","|","|move|p2a: Shaymin|Seed Flare|p1a: Mandibuzz","|-resisted|p1a: Mandibuzz","|-damage|p1a: Mandibuzz|6/423","|move|p1a: Mandibuzz|Foul Play|p2a: Shaymin","|-damage|p2a: Shaymin|22/341","|","|turn|19","|","|move|p2a: Shaymin|Seed Flare|p1a: Mandibuzz","|-resisted|p1a: Mandibuzz","|-damage|p1a: Mandibuzz|0 fnt","|faint|p1a: Mandibuzz","|","|","|switch|p1a: Hydreigon|Hydreigon, M|325/325","|turn|20","|","|switch|p2a: Cradily|Cradily, F|234/376 tox","|move|p1a: Hydreigon|U-turn|p2a: Cradily","|-supereffective|p2a: Cradily","|-damage|p2a: Cradily|130/376 tox","|","|switch|p1a: Hoopa-Unbound|Hoopa-Unbound|341/363","|","|-damage|p2a: Cradily|107/376 tox|[from] psn","|turn|21","|","|move|p1a: Hoopa-Unbound|Hyperspace Fury|p2a: Cradily","|-damage|p2a: Cradily|0 fnt","|-unboost|p1a: Hoopa-Unbound|def|1","|faint|p2a: Cradily","|","|","|switch|p2a: Celebi|Celebi|342/342","|turn|22","|","|switch|p1a: Umbreon|Umbreon, F, shiny|385/394","|move|p2a: Celebi|U-turn|p1a: Umbreon","|-supereffective|p1a: Umbreon","|-damage|p1a: Umbreon|297/394","|","|switch|p2a: Vileplume|Vileplume, F|354/354","|","|-heal|p1a: Umbreon|321/394|[from] item: Leftovers","|turn|23","|","|move|p1a: Umbreon|Foul Play|p2a: Vileplume","|-damage|p2a: Vileplume|285/354","|-damage|p1a: Umbreon|256/394|[from] item: Rocky Helmet|[of] p2a: Vileplume","|move|p2a: Vileplume|Sleep Powder|p1a: Umbreon|[miss]","|-miss|p2a: Vileplume|p1a: Umbreon","|","|-heal|p1a: Umbreon|280/394|[from] item: Leftovers","|turn|24","|","|move|p1a: Umbreon|Protect|p1a: Umbreon","|-singleturn|p1a: Umbreon|Protect","|move|p2a: Vileplume|Sleep Powder|p1a: Umbreon","|-activate|p1a: Umbreon|Protect","|","|-heal|p1a: Umbreon|304/394|[from] item: Leftovers","|turn|25","|","|move|p1a: Umbreon|Foul Play|p2a: Vileplume","|-damage|p2a: Vileplume|213/354","|-damage|p1a: Umbreon|239/394|[from] item: Rocky Helmet|[of] p2a: Vileplume","|move|p2a: Vileplume|Moonblast|p1a: Umbreon","|-supereffective|p1a: Umbreon","|-damage|p1a: Umbreon|143/394","|","|-heal|p1a: Umbreon|167/394|[from] item: Leftovers","|turn|26","|","|move|p1a: Umbreon|Moonlight|p1a: Umbreon","|-heal|p1a: Umbreon|364/394","|move|p2a: Vileplume|Sleep Powder|p1a: Umbreon|[miss]","|-miss|p2a: Vileplume|p1a: Umbreon","|","|-heal|p1a: Umbreon|388/394|[from] item: Leftovers","|turn|27","|","|move|p1a: Umbreon|Foul Play|p2a: Vileplume","|-damage|p2a: Vileplume|149/354","|-damage|p1a: Umbreon|323/394|[from] item: Rocky Helmet|[of] p2a: Vileplume","|move|p2a: Vileplume|Giga Drain|p1a: Umbreon","|-damage|p1a: Umbreon|269/394","|-heal|p2a: Vileplume|176/354|[from] drain|[of] p1a: Umbreon","|","|-heal|p1a: Umbreon|293/394|[from] item: Leftovers","|turn|28","|","|move|p1a: Umbreon|Protect|p1a: Umbreon","|-singleturn|p1a: Umbreon|Protect","|move|p2a: Vileplume|Sleep Powder|p1a: Umbreon","|-activate|p1a: Umbreon|Protect","|","|-heal|p1a: Umbreon|317/394|[from] item: Leftovers","|turn|29","|","|move|p1a: Umbreon|Foul Play|p2a: Vileplume","|-damage|p2a: Vileplume|112/354","|-status|p1a: Umbreon|slp","|-damage|p1a: Umbreon|252/394 slp|[from] item: Rocky Helmet|[of] p2a: Vileplume","|move|p2a: Vileplume|Sleep Powder|p1a: Umbreon","|-fail|p1a: Umbreon|slp","|","|-heal|p1a: Umbreon|276/394 slp|[from] item: Leftovers","|turn|30","|","|cant|p1a: Umbreon|slp","|move|p2a: Vileplume|Moonblast|p1a: Umbreon","|-supereffective|p1a: Umbreon","|-damage|p1a: Umbreon|180/394 slp","|","|-heal|p1a: Umbreon|204/394 slp|[from] item: Leftovers","|turn|31","|","|switch|p2a: Celebi|Celebi|342/342","|-curestatus|p1a: Umbreon|slp","|move|p1a: Umbreon|Protect|p1a: Umbreon","|-fail|p1a: Umbreon","|","|-heal|p1a: Umbreon|228/394|[from] item: Leftovers","|turn|32","|","|move|p2a: Celebi|Trick|p1a: Umbreon","|-activate|p2a: Celebi|move: Trick|[of] p1a: Umbreon","|-item|p1a: Umbreon|Choice Scarf|[from] move: Trick","|-item|p2a: Celebi|Leftovers|[from] move: Trick","|move|p1a: Umbreon|Foul Play|p2a: Celebi","|-supereffective|p2a: Celebi","|-damage|p2a: Celebi|142/342","|","|-heal|p2a: Celebi|163/342|[from] item: Leftovers","|turn|33","|","|move|p2a: Celebi|Leaf Storm|p1a: Umbreon","|-damage|p1a: Umbreon|111/394","|-unboost|p2a: Celebi|spa|2","|move|p1a: Umbreon|Foul Play|p2a: Celebi","|-supereffective|p2a: Celebi","|-damage|p2a: Celebi|0 fnt","|faint|p2a: Celebi","|","|","|switch|p2a: Shaymin|Shaymin|22/341","|turn|34","|","|move|p2a: Shaymin|Seed Flare|p1a: Umbreon","|-damage|p1a: Umbreon|0 fnt","|faint|p1a: Umbreon","|","|","|switch|p1a: Hydreigon|Hydreigon, M|325/325","|turn|35","|","|move|p1a: Hydreigon|Dark Pulse|p2a: Shaymin","|-damage|p2a: Shaymin|0 fnt","|faint|p2a: Shaymin","|","|","|switch|p2a: Vileplume|Vileplume, F|112/354","|turn|36","|","|move|p1a: Hydreigon|Dark Pulse|p2a: Vileplume","|-damage|p2a: Vileplume|0 fnt","|faint|p2a: Vileplume","|","|win|Carnie Red"],"p1rating":{"entryid":"272068","serverid":"eos","formatid":"monotype","userid":"carniered","username":"Carnie Red","w":17,"l":"5","t":"0","gxe":67.3,"r":"1606.4584837125","rd":"87.917289443417","sigma":"0","rptime":"1440406800","rpr":1637.9988182512,"rprd":69.164989149385,"rpsigma":"0","acre":1241.5322674762,"lacre":1241.5322674762,"oldacre":"1230.6919683298"},"p2rating":{"entryid":"379503","serverid":"eos","formatid":"monotype","userid":"gymldrmitsuka","username":"Gym Ldr Mitsuka∆","w":"1","l":5,"t":"0","gxe":40.6,"r":"1441.313944946","rd":"103.46670437715","sigma":"0","rptime":"1440406800","rpr":1425.4152619799,"rprd":100.15687820537,"rpsigma":"0","acre":1002.7440654086,"lacre":1002.7440654086,"oldacre":"1007.5727289502"},"endType":"normal"}