{"seed":[19609,33856,61851,44442],"turns":30,"p1":"Guard Wanderer","p2":"Neowulfy","p1team":[{"name":"Ferrothorn","species":"Ferrothorn","item":"rockyhelmet","ability":"Iron Barbs","moves":["knockoff","stealthrock","thunderwave","sunnyday"],"nature":"Relaxed","evs":{"hp":248,"atk":8,"def":252,"spa":0,"spd":0,"spe":0},"ivs":{"hp":31,"atk":31,"def":31,"spa":31,"spd":31,"spe":0}},{"name":"Rotom-Mow","species":"Rotom-Mow","item":"choicescarf","ability":"Levitate","moves":["trick","willowisp","discharge","voltswitch"],"nature":"Timid","evs":{"hp":0,"atk":0,"def":0,"spa":252,"spd":4,"spe":252},"ivs":{"hp":31,"atk":31,"def":31,"spa":31,"spd":31,"spe":31}},{"name":"Ludicolo","species":"Ludicolo","item":"bindingband","ability":"Swift Swim","moves":["raindance","scald","leechseed","whirlpool"],"nature":"Modest","evs":{"hp":248,"atk":0,"def":0,"spa":252,"spd":8,"spe":0},"ivs":{"hp":31,"atk":31,"def":31,"spa":31,"spd":31,"spe":31}},{"name":"Sawsbuck","species":"Sawsbuck","item":"silkscarf","ability":"Chlorophyll","moves":["return","attract","retaliate","thunderwave"],"nature":"Adamant","evs":{"hp":0,"atk":252,"def":0,"spa":0,"spd":4,"spe":252},"gender":"F","ivs":{"hp":31,"atk":31,"def":31,"spa":31,"spd":31,"spe":31}},{"name":"Serperior","species":"Serperior","item":"miracleseed","ability":"Contrary","moves":["substitute","dragonpulse","leafstorm","hiddenpowerrock"],"nature":"Timid","evs":{"hp":0,"atk":0,"def":0,"spa":252,"spd":4,"spe":252},"ivs":{"hp":31,"atk":31,"def":30,"spa":31,"spd":30,"spe":30}},{"name":"Cacturne","species":"Cacturne","item":"focussash","ability":"Sand Veil","moves":["suckerpunch","spikyshield","swordsdance","drainpunch"],"nature":"Adamant","evs":{"hp":248,"atk":252,"def":0,"spa":0,"spd":8,"spe":0},"ivs":{"hp":31,"atk":31,"def":31,"spa":31,"spd":31,"spe":31}}],"p2team":[{"name":"Lopunny","species":"Lopunny","item":"lopunnite","ability":"Limber","moves":["fakeout","return","icepunch","highjumpkick"],"nature":"Jolly","evs":{"hp":0,"atk":252,"def":0,"spa":0,"spd":4,"spe":252},"ivs":{"hp":31,"atk":31,"def":31,"spa":31,"spd":31,"spe":31}},{"name":"Chansey","species":"Chansey","item":"eviolite","ability":"Natural Cure","moves":["aromatherapy","thunderwave","seismictoss","softboiled"],"nature":"Bold","evs":{"hp":224,"atk":0,"def":252,"spa":0,"spd":32,"spe":0},"ivs":{"hp":31,"atk":31,"def":31,"spa":31,"spd":31,"spe":31}},{"name":"Porygon2","species":"Porygon2","item":"eviolite","ability":"Download","moves":["thunderwave","icebeam","recover","triattack"],"nature":"Bold","evs":{"hp":236,"atk":0,"def":252,"spa":0,"spd":20,"spe":0},"ivs":{"hp":31,"atk":31,"def":31,"spa":31,"spd":31,"spe":31}},{"name":"Swellow","species":"Swellow","item":"flameorb","ability":"Guts","moves":["bravebird","uturn","roost","return"],"nature":"Jolly","evs":{"hp":0,"atk":252,"def":0,"spa":0,"spd":4,"spe":252},"ivs":{"hp":31,"atk":31,"def":31,"spa":31,"spd":31,"spe":31}},{"name":"Ditto","species":"Ditto","item":"choicescarf","ability":"Imposter","moves":["transform"],"nature":"Serious","evs":{"hp":252,"atk":0,"def":0,"spa":0,"spd":4,"spe":252},"ivs":{"hp":31,"atk":31,"def":31,"spa":31,"spd":31,"spe":31}},{"name":"Heliolisk","species":"Heliolisk","item":"choicespecs","ability":"Dry Skin","moves":["thunderbolt","voltswitch","surf","hypervoice"],"nature":"Timid","evs":{"hp":0,"atk":0,"def":0,"spa":252,"spd":4,"spe":252},"ivs":{"hp":31,"atk":31,"def":31,"spa":31,"spd":31,"spe":31}}],"log":["|player|p1|Guard Wanderer|235","|player|p2|Neowulfy|143","|gametype|singles","|gen|6","|tier|Monotype","|rated","|rule|Baton Pass Clause: Limit one Baton Passer, can't pass Spe and other stats simultaneously","|rule|Swagger Clause: Swagger is banned","|rule|Same Type Clause: Pokémon in a team must share a type","|clearpoke","|poke|p1|Ferrothorn, F","|poke|p1|Rotom-Mow","|poke|p1|Ludicolo, F","|poke|p1|Sawsbuck, F","|poke|p1|Serperior, M","|poke|p1|Cacturne, M","|poke|p2|Lopunny, M","|poke|p2|Chansey, F","|poke|p2|Porygon2","|poke|p2|Swellow, M","|poke|p2|Ditto","|poke|p2|Heliolisk, M","|rule|Sleep Clause Mod: Limit one foe put to sleep","|rule|Species Clause: Limit one of each Pokémon","|rule|OHKO Clause: OHKO moves are banned","|rule|Moody Clause: Moody is banned","|rule|Evasion Moves Clause: Evasion moves are banned","|rule|Endless Battle Clause: Forcing endless battles is banned","|rule|HP Percentage Mod: HP is shown in percentages","|teampreview","|","|start","|switch|p1a: Ferrothorn|Ferrothorn, F|351/351","|switch|p2a: Lopunny|Lopunny, M|271/271","|turn|1","|","|move|p2a: Lopunny|High Jump Kick|p1a: Ferrothorn","|-supereffective|p1a: Ferrothorn","|-damage|p1a: Ferrothorn|215/351","|-damage|p2a: Lopunny|238/271|[from] ability: Iron Barbs|[of] p1a: Ferrothorn","|-damage|p2a: Lopunny|193/271|[from] item: Rocky Helmet|[of] p1a: Ferrothorn","|move|p1a: Ferrothorn|Knock Off|p2a: Lopunny","|-crit|p2a: Lopunny","|-damage|p2a: Lopunny|103/271","|","|turn|2","|","|detailschange|p2a: Lopunny|Lopunny-Mega, M","|-mega|p2a: Lopunny|Lopunny|Lopunnite","|move|p2a: Lopunny|High Jump Kick|p1a: Ferrothorn","|-supereffective|p1a: Ferrothorn","|-damage|p1a: Ferrothorn|0 fnt","|-damage|p2a: Lopunny|70/271|[from] ability: Iron Barbs|[of] p1a: Ferrothorn","|-damage|p2a: Lopunny|25/271|[from] item: Rocky Helmet|[of] p1a: Ferrothorn","|faint|p1a: Ferrothorn","|","|","|switch|p1a: Cacturne|Cacturne, M|343/343","|turn|3","|","|move|p1a: Cacturne|Spiky Shield|p1a: Cacturne","|-singleturn|p1a: Cacturne|move: Protect","|move|p2a: Lopunny|High Jump Kick|p1a: Cacturne","|-activate|p1a: Cacturne|Protect","|-damage|p2a: Lopunny|0 fnt|[from] Spiky Shield|[of] p1a: Cacturne","|faint|p2a: Lopunny","|","|","|switch|p2a: Heliolisk|Heliolisk, M|265/265","|turn|4","|","|move|p2a: Heliolisk|Hyper Voice|p1a: Cacturne","|-damage|p1a: Cacturne|39/343","|move|p1a: Cacturne|Swords Dance|p1a: Cacturne","|-boost|p1a: Cacturne|atk|2","|","|turn|5","|","|switch|p2a: Porygon2|Porygon2|370/370","|-boost|p2a: Porygon2|atk|1|[from] ability: Download","|move|p1a: Cacturne|Sucker Punch|p2a: Porygon2","|-fail|p1a: Cacturne","|","|turn|6","|","|move|p2a: Porygon2|Ice Beam|p1a: Cacturne","|-supereffective|p1a: Cacturne","|-damage|p1a: Cacturne|0 fnt","|faint|p1a: Cacturne","|","|","|switch|p1a: Ludicolo|Ludicolo, F|363/363","|turn|7","|","|move|p1a: Ludicolo|Whirlpool|p2a: Porygon2","|-damage|p2a: Porygon2|333/370","|-activate|p2a: Porygon2|move: Whirlpool|[of] p1a: Ludicolo","|move|p2a: Porygon2|Thunder Wave|p1a: Ludicolo","|-status|p1a: Ludicolo|par","|","|-damage|p2a: Porygon2|272/370|[from] move: Whirlpool|[partiallytrapped]","|turn|8","|","|move|p2a: Porygon2|Tri Attack|p1a: Ludicolo","|-damage|p1a: Ludicolo|257/363 par","|move|p1a: Ludicolo|Leech Seed|p2a: Porygon2","|-start|p2a: Porygon2|move: Leech Seed","|","|-damage|p2a: Porygon2|226/370|[from] Leech Seed|[of] p1a: Ludicolo","|-heal|p1a: Ludicolo|303/363 par|[silent]","|-damage|p2a: Porygon2|165/370|[from] move: Whirlpool|[partiallytrapped]","|turn|9","|","|move|p2a: Porygon2|Recover|p2a: Porygon2","|-heal|p2a: Porygon2|350/370","|move|p1a: Ludicolo|Rain Dance|p1a: Ludicolo","|-weather|RainDance","|","|-weather|RainDance|[upkeep]","|-damage|p2a: Porygon2|304/370|[from] Leech Seed|[of] p1a: Ludicolo","|-heal|p1a: Ludicolo|349/363 par|[silent]","|-damage|p2a: Porygon2|243/370|[from] move: Whirlpool|[partiallytrapped]","|turn|10","|","|move|p2a: Porygon2|Recover|p2a: Porygon2","|-heal|p2a: Porygon2|370/370","|move|p1a: Ludicolo|Scald|p2a: Porygon2","|-damage|p2a: Porygon2|249/370","|","|-weather|RainDance|[upkeep]","|-damage|p2a: Porygon2|203/370|[from] Leech Seed|[of] p1a: Ludicolo","|-heal|p1a: Ludicolo|363/363 par|[silent]","|-damage|p2a: Porygon2|142/370|[from] move: Whirlpool|[partiallytrapped]","|turn|11","|","|move|p2a: Porygon2|Recover|p2a: Porygon2","|-heal|p2a: Porygon2|327/370","|cant|p1a: Ludicolo|par","|","|-weather|RainDance|[upkeep]","|-damage|p2a: Porygon2|281/370|[from] Leech Seed|[of] p1a: Ludicolo","|-damage|p2a: Porygon2|220/370|[from] move: Whirlpool|[partiallytrapped]","|turn|12","|","|move|p2a: Porygon2|Recover|p2a: Porygon2","|-heal|p2a: Porygon2|370/370","|move|p1a: Ludicolo|Scald|p2a: Porygon2","|-damage|p2a: Porygon2|243/370","|","|-weather|RainDance|[upkeep]","|-damage|p2a: Porygon2|197/370|[from] Leech Seed|[of] p1a: Ludicolo","|-end|p2a: Porygon2|Whirlpool|[partiallytrapped]","|turn|13","|","|switch|p2a: Heliolisk|Heliolisk, M|265/265","|move|p1a: Ludicolo|Leech Seed|p2a: Heliolisk","|-start|p2a: Heliolisk|move: Leech Seed","|","|-weather|none","|-damage|p2a: Heliolisk|232/265|[from] Leech Seed|[of] p1a: Ludicolo","|turn|14","|","|switch|p1a: Rotom-Mow|Rotom-Mow|241/241","|move|p2a: Heliolisk|Hyper Voice|p1a: Rotom-Mow","|-damage|p1a: Rotom-Mow|51/241","|","|-damage|p2a: Heliolisk|199/265|[from] Leech Seed|[of] p1a: Rotom-Mow","|-heal|p1a: Rotom-Mow|84/241|[silent]","|turn|15","|","|switch|p2a: Ditto|Ditto|300/300","|-transform|p2a: Ditto|p1a: Rotom-Mow","|move|p1a: Rotom-Mow|Will-O-Wisp|p2a: Ditto","|-status|p2a: Ditto|brn","|","|-damage|p2a: Ditto|263/300 brn|[from] brn","|turn|16","|","|switch|p1a: Ludicolo|Ludicolo, F|363/363 par","|move|p2a: Ditto|Will-O-Wisp|p1a: Ludicolo","|-fail|p1a: Ludicolo","|","|-damage|p2a: Ditto|226/300 brn|[from] brn","|turn|17","|","|switch|p2a: Heliolisk|Heliolisk, M|199/265","|cant|p1a: Ludicolo|par","|","|turn|18","|","|move|p2a: Heliolisk|Hyper Voice|p1a: Ludicolo","|-damage|p1a: Ludicolo|155/363 par","|cant|p1a: Ludicolo|par","|","|turn|19","|","|move|p2a: Heliolisk|Hyper Voice|p1a: Ludicolo","|-damage|p1a: Ludicolo|0 fnt","|faint|p1a: Ludicolo","|","|","|switch|p1a: Sawsbuck|Sawsbuck, F|301/301","|turn|20","|","|move|p2a: Heliolisk|Hyper Voice|p1a: Sawsbuck","|-damage|p1a: Sawsbuck|27/301","|move|p1a: Sawsbuck|Retaliate|p2a: Heliolisk","|-crit|p2a: Heliolisk","|-damage|p2a: Heliolisk|0 fnt","|faint|p2a: Heliolisk","|","|","|switch|p2a: Swellow|Swellow, M|261/261","|turn|21","|","|move|p2a: Swellow|Return|p1a: Sawsbuck","|-damage|p1a: Sawsbuck|0 fnt","|faint|p1a: Sawsbuck","|","|-status|p2a: Swellow|brn|[from] item: Flame Orb","|","|switch|p1a: Rotom-Mow|Rotom-Mow|84/241","|turn|22","|","|switch|p2a: Ditto|Ditto|226/300 brn","|-transform|p2a: Ditto|p1a: Rotom-Mow","|move|p1a: Rotom-Mow|Discharge|p2a: Ditto","|-resisted|p2a: Ditto","|-damage|p2a: Ditto|198/300 brn","|","|-damage|p2a: Ditto|161/300 brn|[from] brn","|turn|23","|","|switch|p1a: Serperior|Serperior, M|291/291","|move|p2a: Ditto|Will-O-Wisp|p1a: Serperior","|-status|p1a: Serperior|brn","|","|-damage|p2a: Ditto|124/300 brn|[from] brn","|-damage|p1a: Serperior|255/291 brn|[from] brn","|turn|24","|","|switch|p2a: Chansey|Chansey, F|697/697","|move|p1a: Serperior|Substitute|p1a: Serperior","|-start|p1a: Serperior|Substitute","|-damage|p1a: Serperior|183/291 brn","|","|-damage|p1a: Serperior|147/291 brn|[from] brn","|turn|25","|","|move|p1a: Serperior|Leaf Storm|p2a: Chansey|[miss]","|-miss|p1a: Serperior|p2a: Chansey","|move|p2a: Chansey|Seismic Toss|p1a: Serperior","|-end|p1a: Serperior|Substitute","|","|-damage|p1a: Serperior|111/291 brn|[from] brn","|turn|26","|","|move|p1a: Serperior|Leaf Storm|p2a: Chansey","|-damage|p2a: Chansey|577/697","|-boost|p1a: Serperior|spa|2","|move|p2a: Chansey|Seismic Toss|p1a: Serperior","|-damage|p1a: Serperior|11/291 brn","|","|-damage|p1a: Serperior|0 fnt|[from] brn","|faint|p1a: Serperior","|","|switch|p1a: Rotom-Mow|Rotom-Mow|84/241","|turn|27","|","|switch|p2a: Ditto|Ditto|124/300 brn","|-transform|p2a: Ditto|p1a: Rotom-Mow","|move|p1a: Rotom-Mow|Trick|p2a: Ditto","|-activate|p1a: Rotom-Mow|move: Trick|[of] p2a: Ditto","|-item|p2a: Ditto|Choice Scarf|[from] move: Trick","|-item|p1a: Rotom-Mow|Choice Scarf|[from] move: Trick","|","|-damage|p2a: Ditto|87/300 brn|[from] brn","|turn|28","|","|move|p2a: Ditto|Will-O-Wisp|p1a: Rotom-Mow","|-status|p1a: Rotom-Mow|brn","|move|p1a: Rotom-Mow|Trick|p2a: Ditto","|-activate|p1a: Rotom-Mow|move: Trick|[of] p2a: Ditto","|-item|p2a: Ditto|Choice Scarf|[from] move: Trick","|-item|p1a: Rotom-Mow|Choice Scarf|[from] move: Trick","|","|-damage|p1a: Rotom-Mow|54/241 brn|[from] brn","|-damage|p2a: Ditto|50/300 brn|[from] brn","|turn|29","|","|switch|p2a: Chansey|Chansey, F|577/697","|move|p1a: Rotom-Mow|Trick|p2a: Chansey","|-activate|p1a: Rotom-Mow|move: Trick|[of] p2a: Chansey","|-item|p2a: Chansey|Choice Scarf|[from] move: Trick","|-item|p1a: Rotom-Mow|Eviolite|[from] move: Trick","|","|-damage|p1a: Rotom-Mow|24/241 brn|[from] brn","|turn|30","|","|move|p1a: Rotom-Mow|Will-O-Wisp|p2a: Chansey","|-status|p2a: Chansey|brn","|move|p2a: Chansey|Seismic Toss|p1a: Rotom-Mow","|-damage|p1a: Rotom-Mow|0 fnt","|faint|p1a: Rotom-Mow","|","|win|Neowulfy"],"p1rating":{"entryid":"9966","serverid":"eos","formatid":"monotype","userid":"guardwanderer","username":"Guard Wanderer","w":"20","l":37,"t":"0","gxe":37.5,"r":"1460.2300294704","rd":"51.851987647183","sigma":"0","rptime":"1440406800","rpr":1403.4830797393,"rprd":46.426646826374,"rpsigma":"0","acre":1000,"lacre":1000,"oldacre":"1000"},"p2rating":{"entryid":"313690","serverid":"eos","formatid":"monotype","userid":"neowulfy","username":"Neowulfy","w":7,"l":"2","t":"0","gxe":60.9,"r":"1587.115371181","rd":"111.72306162267","sigma":"0","rptime":"1440406800","rpr":1586.284006466,"rprd":90.86261561763,"rpsigma":"0","acre":1153.2683201442,"lacre":1153.2683201442,"oldacre":"1137.6877249618"},"endType":"normal"}