{"seed":[22696,25749,34861,12312],"turns":40,"p1":"jackker","p2":"Union Wevrm","p1team":[{"name":"toges.copy","species":"cobalion","item":"leftovers","ability":"Justified","moves":["stealthrock","taunt","ironhead","thunderwave"],"nature":"Impish","evs":{"hp":252,"atk":0,"def":212,"spa":0,"spd":0,"spe":44},"ivs":{"hp":31,"atk":31,"def":31,"spa":31,"spd":31,"spe":31}},{"name":"beyblade","species":"hitmontop","item":"assaultvest","ability":"Intimidate","moves":["endeavor","seismictoss","suckerpunch","rapidspin"],"nature":"Careful","evs":{"hp":252,"atk":0,"def":16,"spa":0,"spd":240,"spe":0},"ivs":{"hp":31,"atk":31,"def":31,"spa":31,"spd":31,"spe":31}},{"name":"the.punk","species":"scrafty","item":"leftovers","ability":"Shed Skin","moves":["crunch","drainpunch","bulkup","icepunch"],"nature":"Careful","evs":{"hp":252,"atk":4,"def":0,"spa":0,"spd":252,"spe":0},"ivs":{"hp":31,"atk":31,"def":31,"spa":31,"spd":31,"spe":31}},{"name":"diddy.kong","species":"infernape","item":"focussash","ability":"Blaze","moves":["flamethrower","vacuumwave","encore","nastyplot"],"nature":"Timid","evs":{"hp":0,"atk":0,"def":0,"spa":252,"spd":0,"spe":252},"ivs":{"hp":31,"atk":31,"def":31,"spa":31,"spd":31,"spe":31}},{"name":"beetle.juice","species":"heracross","item":"heracronite","ability":"Moxie","moves":["bulletseed","rockblast","closecombat","pinmissile"],"nature":"Adamant","evs":{"hp":252,"atk":232,"def":24,"spa":0,"spd":0,"spe":0},"ivs":{"hp":31,"atk":31,"def":31,"spa":31,"spd":31,"spe":31}},{"name":"doggy","species":"terrakion","item":"choicescarf","ability":"Justified","moves":["earthquake","ironhead","stoneedge","closecombat"],"nature":"Adamant","evs":{"hp":0,"atk":252,"def":0,"spa":0,"spd":0,"spe":252},"ivs":{"hp":31,"atk":31,"def":31,"spa":31,"spd":31,"spe":31}}],"p2team":[{"name":"Flygon","species":"Flygon","item":"choiceband","ability":"Levitate","moves":["earthquake","stoneedge","outrage","superpower"],"nature":"Jolly","evs":{"hp":0,"atk":252,"def":0,"spa":0,"spd":4,"spe":252},"ivs":{"hp":31,"atk":31,"def":31,"spa":31,"spd":31,"spe":31}},{"name":"Zygarde","species":"Zygarde","item":"leftovers","ability":"Aura Break","moves":["dragondance","extremespeed","rockslide","substitute"],"nature":"Adamant","evs":{"hp":0,"atk":252,"def":0,"spa":0,"spd":4,"spe":252},"ivs":{"hp":31,"atk":31,"def":31,"spa":31,"spd":31,"spe":31}},{"name":"Latios","species":"Latios","item":"latiosite","ability":"Levitate","moves":["dracometeor","psychic","thunderbolt","dragonpulse"],"nature":"Timid","evs":{"hp":0,"atk":0,"def":0,"spa":252,"spd":4,"spe":252},"ivs":{"hp":31,"atk":31,"def":31,"spa":31,"spd":31,"spe":31}},{"name":"Noivern","species":"Noivern","item":"choicespecs","ability":"Frisk","moves":["airslash","boomburst","dracometeor","flamethrower"],"nature":"Timid","evs":{"hp":0,"atk":0,"def":0,"spa":252,"spd":4,"spe":252},"ivs":{"hp":31,"atk":31,"def":31,"spa":31,"spd":31,"spe":31}},{"name":"Kingdra","species":"Kingdra","item":"leftovers","ability":"Sniper","moves":["dragondance","outrage","bounce","waterfall"],"nature":"Adamant","evs":{"hp":0,"atk":0,"def":0,"spa":0,"spd":4,"spe":252},"ivs":{"hp":31,"atk":31,"def":31,"spa":31,"spd":31,"spe":31}},{"name":"Hydreigon","species":"Hydreigon","item":"lifeorb","ability":"Levitate","moves":["crunch","dragonrush","flamethrower","steelwing"],"nature":"Hasty","evs":{"hp":0,"atk":252,"def":0,"spa":4,"spd":0,"spe":252},"ivs":{"hp":31,"atk":31,"def":31,"spa":31,"spd":31,"spe":31}}],"log":["|player|p1|jackker|196","|player|p2|Union Wevrm|unionwevrm.png","|gametype|singles","|gen|6","|tier|Monotype","|rated","|rule|Baton Pass Clause: Limit one Baton Passer, can't pass Spe and other stats simultaneously","|rule|Swagger Clause: Swagger is banned","|rule|Same Type Clause: Pokémon in a team must share a type","|clearpoke","|poke|p1|Cobalion","|poke|p1|Hitmontop, M","|poke|p1|Scrafty, M","|poke|p1|Infernape, M","|poke|p1|Heracross, F","|poke|p1|Terrakion","|poke|p2|Flygon, F","|poke|p2|Zygarde","|poke|p2|Latios, M","|poke|p2|Noivern, M","|poke|p2|Kingdra, F","|poke|p2|Hydreigon, M","|rule|Sleep Clause Mod: Limit one foe put to sleep","|rule|Species Clause: Limit one of each Pokémon","|rule|OHKO Clause: OHKO moves are banned","|rule|Moody Clause: Moody is banned","|rule|Evasion Moves Clause: Evasion moves are banned","|rule|Endless Battle Clause: Forcing endless battles is banned","|rule|HP Percentage Mod: HP is shown in percentages","|teampreview","|","|start","|switch|p1a: doggy|Terrakion|323/323","|switch|p2a: Flygon|Flygon, F|301/301","|turn|1","|","|switch|p1a: beetle.juice|Heracross, F|364/364","|move|p2a: Flygon|Earthquake|p1a: beetle.juice","|-resisted|p1a: beetle.juice","|-damage|p1a: beetle.juice|226/364","|","|turn|2","|","|switch|p2a: Zygarde|Zygarde|357/357","|-ability|p2a: Zygarde|Aura Break","|detailschange|p1a: beetle.juice|Heracross-Mega, F","|-mega|p1a: beetle.juice|Heracross|Heracronite","|move|p1a: beetle.juice|Rock Blast|p2a: Zygarde","|-resisted|p2a: Zygarde","|-damage|p2a: Zygarde|339/357","|-resisted|p2a: Zygarde","|-damage|p2a: Zygarde|319/357","|-resisted|p2a: Zygarde","|-damage|p2a: Zygarde|302/357","|-resisted|p2a: Zygarde","|-damage|p2a: Zygarde|283/357","|-resisted|p2a: Zygarde","|-damage|p2a: Zygarde|266/357","|-hitcount|p2a: Zygarde|5","|","|-heal|p2a: Zygarde|288/357|[from] item: Leftovers","|turn|3","|","|move|p2a: Zygarde|Substitute|p2a: Zygarde","|-start|p2a: Zygarde|Substitute","|-damage|p2a: Zygarde|199/357","|move|p1a: beetle.juice|Bullet Seed|p2a: Zygarde","|-activate|p2a: Zygarde|Substitute|[damage]","|-activate|p2a: Zygarde|Substitute|[damage]","|-end|p2a: Zygarde|Substitute","|-crit|p2a: Zygarde","|-damage|p2a: Zygarde|141/357","|-damage|p2a: Zygarde|107/357","|-hitcount|p2a: Zygarde|5","|","|-heal|p2a: Zygarde|129/357|[from] item: Leftovers","|turn|4","|","|move|p2a: Zygarde|Rock Slide|p1a: beetle.juice","|-damage|p1a: beetle.juice|157/364","|move|p1a: beetle.juice|Bullet Seed|p2a: Zygarde","|-damage|p2a: Zygarde|94/357","|-damage|p2a: Zygarde|58/357","|-damage|p2a: Zygarde|22/357","|-damage|p2a: Zygarde|0 fnt","|-hitcount|p2a: Zygarde|4","|faint|p2a: Zygarde","|","|","|switch|p2a: Kingdra|Kingdra, F|291/291","|turn|5","|","|switch|p1a: beyblade|Hitmontop, M|304/304","|-ability|p1a: beyblade|Intimidate","|-unboost|p2a: Kingdra|atk|1","|move|p2a: Kingdra|Dragon Dance|p2a: Kingdra","|-boost|p2a: Kingdra|atk|1","|-boost|p2a: Kingdra|spe|1","|","|turn|6","|","|move|p2a: Kingdra|Bounce|p1a: beyblade|[still]","|-prepare|p2a: Kingdra|Bounce|p1a: beyblade","|move|p1a: beyblade|Seismic Toss|p2a: Kingdra|[miss]","|-miss|p1a: beyblade|p2a: Kingdra","|","|turn|7","|","|switch|p1a: toges.copy|Cobalion|386/386","|move|p2a: Kingdra|Bounce|p1a: toges.copy|[from]lockedmove","|-damage|p1a: toges.copy|339/386","|","|-heal|p1a: toges.copy|363/386|[from] item: Leftovers","|turn|8","|","|move|p2a: Kingdra|Waterfall|p1a: toges.copy","|-crit|p1a: toges.copy","|-damage|p1a: toges.copy|233/386","|cant|p1a: toges.copy|flinch","|","|-heal|p1a: toges.copy|257/386|[from] item: Leftovers","|turn|9","|","|move|p2a: Kingdra|Waterfall|p1a: toges.copy","|-damage|p1a: toges.copy|196/386","|cant|p1a: toges.copy|flinch","|","|-heal|p1a: toges.copy|220/386|[from] item: Leftovers","|turn|10","|","|switch|p2a: Flygon|Flygon, F|301/301","|move|p1a: toges.copy|Stealth Rock|p2a: Flygon","|-sidestart|p2: Union Wevrm|move: Stealth Rock","|","|-heal|p1a: toges.copy|244/386|[from] item: Leftovers","|turn|11","|","|switch|p1a: beetle.juice|Heracross-Mega, F|157/364","|move|p2a: Flygon|Earthquake|p1a: beetle.juice","|-resisted|p1a: beetle.juice","|-damage|p1a: beetle.juice|57/364","|","|turn|12","|","|move|p2a: Flygon|Earthquake|p1a: beetle.juice","|-resisted|p1a: beetle.juice","|-damage|p1a: beetle.juice|0 fnt","|faint|p1a: beetle.juice","|","|","|switch|p1a: the.punk|Scrafty, M|334/334","|turn|13","|","|move|p2a: Flygon|Earthquake|p1a: the.punk","|-damage|p1a: the.punk|127/334","|move|p1a: the.punk|Bulk Up|p1a: the.punk","|-boost|p1a: the.punk|atk|1","|-boost|p1a: the.punk|def|1","|","|-heal|p1a: the.punk|147/334|[from] item: Leftovers","|turn|14","|","|move|p2a: Flygon|Earthquake|p1a: the.punk","|-damage|p1a: the.punk|26/334","|move|p1a: the.punk|Ice Punch|p2a: Flygon","|-supereffective|p2a: Flygon","|-damage|p2a: Flygon|0 fnt","|faint|p2a: Flygon","|","|-heal|p1a: the.punk|46/334|[from] item: Leftovers","|","|switch|p2a: Kingdra|Kingdra, F|291/291","|-damage|p2a: Kingdra|255/291|[from] Stealth Rock","|turn|15","|","|switch|p1a: toges.copy|Cobalion|244/386","|move|p2a: Kingdra|Bounce|p1a: toges.copy|[still]","|-prepare|p2a: Kingdra|Bounce|p1a: toges.copy","|","|-heal|p2a: Kingdra|273/291|[from] item: Leftovers","|-heal|p1a: toges.copy|268/386|[from] item: Leftovers","|turn|16","|","|move|p2a: Kingdra|Bounce|p1a: toges.copy|[from]lockedmove","|-damage|p1a: toges.copy|224/386","|move|p1a: toges.copy|Thunder Wave|p2a: Kingdra","|-status|p2a: Kingdra|par","|","|-heal|p1a: toges.copy|248/386|[from] item: Leftovers","|-heal|p2a: Kingdra|291/291 par|[from] item: Leftovers","|turn|17","|","|move|p1a: toges.copy|Taunt|p2a: Kingdra","|-start|p2a: Kingdra|move: Taunt","|move|p2a: Kingdra|Waterfall|p1a: toges.copy","|-damage|p1a: toges.copy|187/386","|","|-heal|p1a: toges.copy|211/386|[from] item: Leftovers","|turn|18","|","|move|p1a: toges.copy|Iron Head|p2a: Kingdra","|-resisted|p2a: Kingdra","|-damage|p2a: Kingdra|246/291 par","|move|p2a: Kingdra|Waterfall|p1a: toges.copy","|-damage|p1a: toges.copy|153/386","|","|-heal|p1a: toges.copy|177/386|[from] item: Leftovers","|-heal|p2a: Kingdra|264/291 par|[from] item: Leftovers","|turn|19","|","|move|p1a: toges.copy|Iron Head|p2a: Kingdra","|-crit|p2a: Kingdra","|-resisted|p2a: Kingdra","|-damage|p2a: Kingdra|193/291 par","|cant|p2a: Kingdra|flinch","|","|-heal|p1a: toges.copy|201/386|[from] item: Leftovers","|-heal|p2a: Kingdra|211/291 par|[from] item: Leftovers","|-end|p2a: Kingdra|move: Taunt","|turn|20","|","|move|p1a: toges.copy|Iron Head|p2a: Kingdra","|-resisted|p2a: Kingdra","|-damage|p2a: Kingdra|166/291 par","|move|p2a: Kingdra|Waterfall|p1a: toges.copy","|-damage|p1a: toges.copy|137/386","|","|-heal|p1a: toges.copy|161/386|[from] item: Leftovers","|-heal|p2a: Kingdra|184/291 par|[from] item: Leftovers","|turn|21","|","|move|p1a: toges.copy|Iron Head|p2a: Kingdra","|-resisted|p2a: Kingdra","|-damage|p2a: Kingdra|138/291 par","|move|p2a: Kingdra|Dragon Dance|p2a: Kingdra","|-boost|p2a: Kingdra|atk|1","|-boost|p2a: Kingdra|spe|1","|","|-heal|p1a: toges.copy|185/386|[from] item: Leftovers","|-heal|p2a: Kingdra|156/291 par|[from] item: Leftovers","|turn|22","|","|move|p1a: toges.copy|Iron Head|p2a: Kingdra","|-resisted|p2a: Kingdra","|-damage|p2a: Kingdra|114/291 par","|move|p2a: Kingdra|Waterfall|p1a: toges.copy","|-damage|p1a: toges.copy|85/386","|","|-heal|p1a: toges.copy|109/386|[from] item: Leftovers","|-heal|p2a: Kingdra|132/291 par|[from] item: Leftovers","|turn|23","|","|move|p1a: toges.copy|Iron Head|p2a: Kingdra","|-resisted|p2a: Kingdra","|-damage|p2a: Kingdra|88/291 par","|move|p2a: Kingdra|Waterfall|p1a: toges.copy","|-damage|p1a: toges.copy|9/386","|","|-heal|p1a: toges.copy|33/386|[from] item: Leftovers","|-heal|p2a: Kingdra|106/291 par|[from] item: Leftovers","|turn|24","|","|move|p1a: toges.copy|Iron Head|p2a: Kingdra","|-resisted|p2a: Kingdra","|-damage|p2a: Kingdra|60/291 par","|cant|p2a: Kingdra|flinch","|","|-heal|p1a: toges.copy|57/386|[from] item: Leftovers","|-heal|p2a: Kingdra|78/291 par|[from] item: Leftovers","|turn|25","|","|move|p1a: toges.copy|Iron Head|p2a: Kingdra","|-resisted|p2a: Kingdra","|-damage|p2a: Kingdra|35/291 par","|cant|p2a: Kingdra|flinch","|","|-heal|p1a: toges.copy|81/386|[from] item: Leftovers","|-heal|p2a: Kingdra|53/291 par|[from] item: Leftovers","|turn|26","|","|move|p1a: toges.copy|Iron Head|p2a: Kingdra","|-resisted|p2a: Kingdra","|-damage|p2a: Kingdra|11/291 par","|move|p2a: Kingdra|Waterfall|p1a: toges.copy","|-damage|p1a: toges.copy|0 fnt","|faint|p1a: toges.copy","|","|-heal|p2a: Kingdra|29/291 par|[from] item: Leftovers","|","|switch|p1a: the.punk|Scrafty, M|46/334","|turn|27","|","|move|p1a: the.punk|Crunch|p2a: Kingdra","|-damage|p2a: Kingdra|0 fnt","|faint|p2a: Kingdra","|","|-heal|p1a: the.punk|66/334|[from] item: Leftovers","|","|switch|p2a: Hydreigon|Hydreigon, M|325/325","|-damage|p2a: Hydreigon|285/325|[from] Stealth Rock","|turn|28","|","|move|p2a: Hydreigon|Steel Wing|p1a: the.punk","|-damage|p1a: the.punk|0 fnt","|-damage|p2a: Hydreigon|253/325|[from] item: Life Orb","|faint|p1a: the.punk","|","|","|switch|p1a: diddy.kong|Infernape, M|293/293","|turn|29","|","|move|p1a: diddy.kong|Encore|p2a: Hydreigon","|-start|p2a: Hydreigon|Encore","|move|p2a: Hydreigon|Steel Wing|p1a: diddy.kong|[miss]","|-miss|p2a: Hydreigon|p1a: diddy.kong","|","|turn|30","|","|switch|p2a: Latios|Latios, M|301/301","|-damage|p2a: Latios|264/301|[from] Stealth Rock","|move|p1a: diddy.kong|Nasty Plot|p1a: diddy.kong","|-boost|p1a: diddy.kong|spa|2","|","|turn|31","|","|detailschange|p2a: Latios|Latios-Mega, M","|-mega|p2a: Latios|Latios|Latiosite","|move|p2a: Latios|Psychic|p1a: diddy.kong","|-supereffective|p1a: diddy.kong","|-enditem|p1a: diddy.kong|Focus Sash","|-damage|p1a: diddy.kong|1/293","|move|p1a: diddy.kong|Flamethrower|p2a: Latios","|-resisted|p2a: Latios","|-damage|p2a: Latios|79/301","|","|turn|32","|","|move|p1a: diddy.kong|Vacuum Wave|p2a: Latios","|-resisted|p2a: Latios","|-damage|p2a: Latios|28/301","|move|p2a: Latios|Dragon Pulse|p1a: diddy.kong","|-damage|p1a: diddy.kong|0 fnt","|faint|p1a: diddy.kong","|","|","|switch|p1a: doggy|Terrakion|323/323","|turn|33","|","|move|p1a: doggy|Stone Edge|p2a: Latios","|-damage|p2a: Latios|0 fnt","|faint|p2a: Latios","|","|","|switch|p2a: Hydreigon|Hydreigon, M|253/325","|-damage|p2a: Hydreigon|213/325|[from] Stealth Rock","|turn|34","|","|switch|p1a: beyblade|Hitmontop, M|304/304","|-ability|p1a: beyblade|Intimidate","|-unboost|p2a: Hydreigon|atk|1","|move|p2a: Hydreigon|Dragon Rush|p1a: beyblade|[miss]","|-miss|p2a: Hydreigon|p1a: beyblade","|","|turn|35","|","|move|p2a: Hydreigon|Dragon Rush|p1a: beyblade","|-damage|p1a: beyblade|178/304","|-damage|p2a: Hydreigon|181/325|[from] item: Life Orb","|cant|p1a: beyblade|flinch","|","|turn|36","|","|switch|p2a: Noivern|Noivern, M|311/311","|-damage|p2a: Noivern|234/311|[from] Stealth Rock","|-item|p1a: beyblade|Assault Vest|[from] ability: Frisk|[of] p2a: Noivern|[identify]","|move|p1a: beyblade|Endeavor|p2a: Noivern","|-damage|p2a: Noivern|178/311","|","|turn|37","|","|move|p1a: beyblade|Sucker Punch|p2a: Noivern","|-damage|p2a: Noivern|102/311","|move|p2a: Noivern|Air Slash|p1a: beyblade","|-supereffective|p1a: beyblade","|-damage|p1a: beyblade|28/304","|","|turn|38","|","|move|p1a: beyblade|Sucker Punch|p2a: Noivern","|-damage|p2a: Noivern|26/311","|move|p2a: Noivern|Air Slash|p1a: beyblade","|-supereffective|p1a: beyblade","|-damage|p1a: beyblade|0 fnt","|faint|p1a: beyblade","|","|","|switch|p1a: doggy|Terrakion|323/323","|turn|39","|","|move|p1a: doggy|Close Combat|p2a: Noivern","|-resisted|p2a: Noivern","|-damage|p2a: Noivern|0 fnt","|-unboost|p1a: doggy|def|1","|-unboost|p1a: doggy|spd|1","|faint|p2a: Noivern","|","|","|switch|p2a: Hydreigon|Hydreigon, M|181/325","|-damage|p2a: Hydreigon|141/325|[from] Stealth Rock","|turn|40","|","|move|p1a: doggy|Close Combat|p2a: Hydreigon","|-supereffective|p2a: Hydreigon","|-damage|p2a: Hydreigon|0 fnt","|-unboost|p1a: doggy|def|1","|-unboost|p1a: doggy|spd|1","|faint|p2a: Hydreigon","|","|win|jackker"],"p1rating":{"entryid":"395291","serverid":"eos","formatid":"monotype","userid":"jackker","username":"jackker","w":2,"l":"0","t":"0","gxe":60.7,"r":"1500","rd":"130","sigma":"0","rptime":"1440406800","rpr":1585.9081193152,"rprd":116.25470068662,"rpsigma":"0","acre":1096.5550127035,"lacre":1096.5550127035,"oldacre":"1060.0625591241"},"p2rating":{"entryid":"373318","serverid":"eos","formatid":"monotype","userid":"unionwevrm","username":"Union Wevrm","w":"5","l":4,"t":"0","gxe":52.6,"r":"1498.8010721827","rd":"98.297024950931","sigma":"0","rptime":"1440406800","rpr":1520.3362666191,"rprd":89.538656527796,"rpsigma":"0","acre":1092.9658650878,"lacre":1092.9658650878,"oldacre":"1122.404174272"},"endType":"normal"}