{"seed":[49757,38869,53478,7035],"turns":28,"p1":"Cryѕtаl Rain","p2":"Rain Ӝ̵̨̄ Zeref","p1team":[{"name":"Heatran","species":"Heatran","item":"leftovers","ability":"Flash Fire","moves":["lavaplume","stealthrock","earthpower","toxic"],"nature":"Calm","evs":{"hp":252,"atk":0,"def":0,"spa":0,"spd":176,"spe":80},"ivs":{"hp":31,"atk":31,"def":31,"spa":31,"spd":31,"spe":31}},{"name":"Bisharp","species":"Bisharp","item":"lifeorb","ability":"Defiant","moves":["knockoff","swordsdance","suckerpunch","ironhead"],"nature":"Adamant","evs":{"hp":0,"atk":252,"def":0,"spa":0,"spd":4,"spe":252},"shiny":true,"ivs":{"hp":31,"atk":31,"def":31,"spa":31,"spd":31,"spe":31}},{"name":"Skarmory","species":"Skarmory","item":"rockyhelmet","ability":"Sturdy","moves":["bravebird","spikes","roost","whirlwind"],"nature":"Impish","evs":{"hp":252,"atk":0,"def":252,"spa":0,"spd":4,"spe":0},"ivs":{"hp":31,"atk":31,"def":31,"spa":31,"spd":31,"spe":31}},{"name":"Doublade","species":"Doublade","item":"eviolite","ability":"No Guard","moves":["swordsdance","shadowclaw","shadowsneak","sacredsword"],"nature":"Adamant","evs":{"hp":248,"atk":252,"def":0,"spa":0,"spd":8,"spe":0},"shiny":true,"ivs":{"hp":31,"atk":31,"def":31,"spa":31,"spd":31,"spe":31}},{"name":"Excadrill","species":"Excadrill","item":"choicescarf","ability":"Mold Breaker","moves":["earthquake","rapidspin","rockslide","ironhead"],"nature":"Jolly","evs":{"hp":0,"atk":252,"def":0,"spa":0,"spd":4,"spe":252},"ivs":{"hp":31,"atk":31,"def":31,"spa":31,"spd":31,"spe":31}},{"name":"Magnezone","species":"Magnezone","item":"choicescarf","ability":"Magnet Pull","moves":["voltswitch","hiddenpowerice","flashcannon","thunderbolt"],"nature":"Timid","evs":{"hp":0,"atk":0,"def":0,"spa":252,"spd":4,"spe":252},"ivs":{"hp":31,"atk":30,"def":30,"spa":31,"spd":31,"spe":31}}],"p2team":[{"name":"Latias","species":"Latias","item":"lightclay","ability":"Levitate","moves":["thunderwave","lightscreen","reflect","healingwish"],"nature":"Timid","evs":{"hp":248,"atk":0,"def":0,"spa":0,"spd":8,"spe":252},"ivs":{"hp":31,"atk":31,"def":31,"spa":31,"spd":31,"spe":31}},{"name":"Goodra","species":"Goodra","item":"assaultvest","ability":"Gooey","moves":["muddywater","flamethrower","dracometeor","sludgewave"],"nature":"Modest","evs":{"hp":248,"atk":0,"def":0,"spa":252,"spd":8,"spe":0},"ivs":{"hp":31,"atk":31,"def":31,"spa":31,"spd":31,"spe":31}},{"name":"Zygarde","species":"Zygarde","item":"leftovers","ability":"Aura Break","moves":["coil","extremespeed","earthquake","dragontail"],"nature":"Adamant","evs":{"hp":252,"atk":252,"def":0,"spa":0,"spd":4,"spe":0},"ivs":{"hp":31,"atk":31,"def":31,"spa":31,"spd":31,"spe":31}},{"name":"Latios","species":"Latios","item":"choicescarf","ability":"Levitate","moves":["trick","energyball","dracometeor","icebeam"],"nature":"Timid","evs":{"hp":0,"atk":0,"def":0,"spa":252,"spd":4,"spe":252},"ivs":{"hp":31,"atk":31,"def":31,"spa":31,"spd":31,"spe":31}},{"name":"Salamence","species":"Salamence","item":"choicescarf","ability":"Moxie","moves":["crunch","outrage","earthquake","stoneedge"],"nature":"Jolly","evs":{"hp":0,"atk":252,"def":0,"spa":0,"spd":4,"spe":252},"ivs":{"hp":31,"atk":31,"def":31,"spa":31,"spd":31,"spe":31}},{"name":"Kyurem-Black","species":"Kyurem-Black","item":"choiceband","ability":"Teravolt","moves":["outrage","ironhead","fusionbolt","icebeam"],"nature":"Adamant","evs":{"hp":0,"atk":252,"def":0,"spa":0,"spd":4,"spe":252},"ivs":{"hp":31,"atk":31,"def":31,"spa":31,"spd":31,"spe":31}}],"log":["|player|p1|Cryѕtаl Rain|crystalraichu.png","|player|p2|Rain Ӝ̵̨̄ Zeref|rainzeref.png","|gametype|singles","|gen|6","|tier|Monotype","|rated","|rule|Baton Pass Clause: Limit one Baton Passer, can't pass Spe and other stats simultaneously","|rule|Swagger Clause: Swagger is banned","|rule|Same Type Clause: Pokémon in a team must share a type","|clearpoke","|poke|p1|Heatran, F","|poke|p1|Bisharp, F, shiny","|poke|p1|Skarmory, M","|poke|p1|Doublade, M, shiny","|poke|p1|Excadrill, F","|poke|p1|Magnezone","|poke|p2|Latias, F","|poke|p2|Goodra, M","|poke|p2|Zygarde","|poke|p2|Latios, M","|poke|p2|Salamence, F","|poke|p2|Kyurem-Black","|rule|Sleep Clause Mod: Limit one foe put to sleep","|rule|Species Clause: Limit one of each Pokémon","|rule|OHKO Clause: OHKO moves are banned","|rule|Moody Clause: Moody is banned","|rule|Evasion Moves Clause: Evasion moves are banned","|rule|Endless Battle Clause: Forcing endless battles is banned","|rule|HP Percentage Mod: HP is shown in percentages","|teampreview","|","|start","|switch|p1a: Doublade|Doublade, M, shiny|321/321","|switch|p2a: Goodra|Goodra, M|383/383","|turn|1","|","|switch|p1a: Heatran|Heatran, F|386/386","|move|p2a: Goodra|Flamethrower|p1a: Heatran","|-start|p1a: Heatran|ability: Flash Fire","|","|turn|2","|","|move|p1a: Heatran|Stealth Rock|p2a: Goodra","|-sidestart|p2: Rain Ӝ̵̨̄ Zeref|move: Stealth Rock","|move|p2a: Goodra|Muddy Water|p1a: Heatran","|-crit|p1a: Heatran","|-supereffective|p1a: Heatran","|-damage|p1a: Heatran|160/386","|","|-heal|p1a: Heatran|184/386|[from] item: Leftovers","|turn|3","|","|move|p1a: Heatran|Toxic|p2a: Goodra","|-status|p2a: Goodra|tox","|move|p2a: Goodra|Muddy Water|p1a: Heatran","|-supereffective|p1a: Heatran","|-damage|p1a: Heatran|22/386","|","|-heal|p1a: Heatran|46/386|[from] item: Leftovers","|-damage|p2a: Goodra|360/383 tox|[from] psn","|turn|4","|","|move|p1a: Heatran|Earth Power|p2a: Goodra","|-damage|p2a: Goodra|317/383 tox","|move|p2a: Goodra|Muddy Water|p1a: Heatran","|-supereffective|p1a: Heatran","|-damage|p1a: Heatran|0 fnt","|faint|p1a: Heatran","|","|-damage|p2a: Goodra|271/383 tox|[from] psn","|","|switch|p1a: Bisharp|Bisharp, F, shiny|271/271","|turn|5","|","|move|p1a: Bisharp|Sucker Punch|p2a: Goodra","|-damage|p2a: Goodra|28/383 tox","|-unboost|p1a: Bisharp|spe|1","|-boost|p1a: Bisharp|atk|2|[from] ability: Defiant","|-damage|p1a: Bisharp|244/271|[from] item: Life Orb","|move|p2a: Goodra|Flamethrower|p1a: Bisharp","|-crit|p1a: Bisharp","|-supereffective|p1a: Bisharp","|-damage|p1a: Bisharp|0 fnt","|faint|p1a: Bisharp","|","|-damage|p2a: Goodra|0 fnt|[from] psn","|faint|p2a: Goodra","|","|switch|p2a: Latias|Latias, F|363/363","|switch|p1a: Doublade|Doublade, M, shiny|321/321","|-damage|p2a: Latias|318/363|[from] Stealth Rock","|turn|6","|","|move|p2a: Latias|Reflect|p2a: Latias","|-sidestart|p2: Rain Ӝ̵̨̄ Zeref|Reflect","|move|p1a: Doublade|Swords Dance|p1a: Doublade","|-boost|p1a: Doublade|atk|2","|","|turn|7","|","|move|p2a: Latias|Thunder Wave|p1a: Doublade","|-status|p1a: Doublade|par","|move|p1a: Doublade|Swords Dance|p1a: Doublade","|-boost|p1a: Doublade|atk|2","|","|turn|8","|","|switch|p2a: Zygarde|Zygarde|420/420","|-damage|p2a: Zygarde|394/420|[from] Stealth Rock","|-ability|p2a: Zygarde|Aura Break","|cant|p1a: Doublade|par","|","|-heal|p2a: Zygarde|420/420|[from] item: Leftovers","|turn|9","|","|move|p1a: Doublade|Shadow Claw|p2a: Zygarde","|-damage|p2a: Zygarde|266/420","|move|p2a: Zygarde|Dragon Tail|p1a: Doublade","|-resisted|p1a: Doublade","|-damage|p1a: Doublade|298/321 par","|drag|p1a: Excadrill|Excadrill, F|361/361","|-ability|p1a: Excadrill|Mold Breaker","|","|-heal|p2a: Zygarde|292/420|[from] item: Leftovers","|turn|10","|","|switch|p1a: Magnezone|Magnezone|281/281","|move|p2a: Zygarde|Coil|p2a: Zygarde","|-boost|p2a: Zygarde|atk|1","|-boost|p2a: Zygarde|def|1","|-boost|p2a: Zygarde|accuracy|1","|","|-heal|p2a: Zygarde|318/420|[from] item: Leftovers","|turn|11","|","|move|p1a: Magnezone|Hidden Power|p2a: Zygarde","|-supereffective|p2a: Zygarde","|-damage|p2a: Zygarde|42/420","|move|p2a: Zygarde|Earthquake|p1a: Magnezone","|-supereffective|p1a: Magnezone","|-damage|p1a: Magnezone|0 fnt","|faint|p1a: Magnezone","|","|-heal|p2a: Zygarde|68/420|[from] item: Leftovers","|","|switch|p1a: Skarmory|Skarmory, M|334/334","|turn|12","|","|move|p2a: Zygarde|Coil|p2a: Zygarde","|-boost|p2a: Zygarde|atk|1","|-boost|p2a: Zygarde|def|1","|-boost|p2a: Zygarde|accuracy|1","|move|p1a: Skarmory|Whirlwind|p2a: Zygarde","|drag|p2a: Kyurem-Black|Kyurem-Black|391/391","|-damage|p2a: Kyurem-Black|294/391|[from] Stealth Rock","|-ability|p2a: Kyurem-Black|Teravolt","|","|turn|13","|","|switch|p1a: Excadrill|Excadrill, F|361/361","|-ability|p1a: Excadrill|Mold Breaker","|move|p2a: Kyurem-Black|Fusion Bolt|p1a: Excadrill","|-immune|p1a: Excadrill|[msg]","|","|-sideend|p2: Rain Ӝ̵̨̄ Zeref|Reflect","|turn|14","|","|switch|p2a: Latias|Latias, F|318/363","|-damage|p2a: Latias|273/363|[from] Stealth Rock","|move|p1a: Excadrill|Iron Head|p2a: Latias","|-damage|p2a: Latias|102/363","|","|turn|15","|","|move|p1a: Excadrill|Iron Head|p2a: Latias","|-damage|p2a: Latias|0 fnt","|faint|p2a: Latias","|","|","|switch|p2a: Latios|Latios, M|301/301","|-damage|p2a: Latios|264/301|[from] Stealth Rock","|turn|16","|","|move|p2a: Latios|Ice Beam|p1a: Excadrill","|-damage|p1a: Excadrill|220/361","|move|p1a: Excadrill|Iron Head|p2a: Latios","|-damage|p2a: Latios|95/301","|","|turn|17","|","|switch|p1a: Doublade|Doublade, M, shiny|298/321 par","|move|p2a: Latios|Ice Beam|p1a: Doublade","|-crit|p1a: Doublade","|-resisted|p1a: Doublade","|-damage|p1a: Doublade|205/321 par","|","|turn|18","|","|switch|p2a: Zygarde|Zygarde|68/420","|-damage|p2a: Zygarde|42/420|[from] Stealth Rock","|-ability|p2a: Zygarde|Aura Break","|cant|p1a: Doublade|par","|","|-heal|p2a: Zygarde|68/420|[from] item: Leftovers","|turn|19","|","|move|p1a: Doublade|Shadow Sneak|p2a: Zygarde","|-damage|p2a: Zygarde|8/420","|move|p2a: Zygarde|Earthquake|p1a: Doublade","|-supereffective|p1a: Doublade","|-damage|p1a: Doublade|53/321 par","|","|-heal|p2a: Zygarde|34/420|[from] item: Leftovers","|turn|20","|","|cant|p1a: Doublade|par","|move|p2a: Zygarde|Coil|p2a: Zygarde","|-boost|p2a: Zygarde|atk|1","|-boost|p2a: Zygarde|def|1","|-boost|p2a: Zygarde|accuracy|1","|","|-heal|p2a: Zygarde|60/420|[from] item: Leftovers","|turn|21","|","|move|p2a: Zygarde|Earthquake|p1a: Doublade","|-supereffective|p1a: Doublade","|-damage|p1a: Doublade|0 fnt","|faint|p1a: Doublade","|","|-heal|p2a: Zygarde|86/420|[from] item: Leftovers","|","|switch|p1a: Skarmory|Skarmory, M|334/334","|turn|22","|","|move|p2a: Zygarde|Coil|p2a: Zygarde","|-boost|p2a: Zygarde|atk|1","|-boost|p2a: Zygarde|def|1","|-boost|p2a: Zygarde|accuracy|1","|move|p1a: Skarmory|Whirlwind|p2a: Zygarde","|drag|p2a: Kyurem-Black|Kyurem-Black|294/391","|-damage|p2a: Kyurem-Black|197/391|[from] Stealth Rock","|-ability|p2a: Kyurem-Black|Teravolt","|","|turn|23","|","|move|p2a: Kyurem-Black|Ice Beam|p1a: Skarmory","|-damage|p1a: Skarmory|186/334","|move|p1a: Skarmory|Whirlwind|p2a: Kyurem-Black","|drag|p2a: Salamence|Salamence, F|331/331","|-damage|p2a: Salamence|249/331|[from] Stealth Rock","|","|turn|24","|","|move|p2a: Salamence|Crunch|p1a: Skarmory","|-damage|p1a: Skarmory|131/334","|-damage|p2a: Salamence|194/331|[from] item: Rocky Helmet|[of] p1a: Skarmory","|move|p1a: Skarmory|Whirlwind|p2a: Salamence","|drag|p2a: Kyurem-Black|Kyurem-Black|197/391","|-damage|p2a: Kyurem-Black|100/391|[from] Stealth Rock","|-ability|p2a: Kyurem-Black|Teravolt","|","|turn|25","|","|move|p2a: Kyurem-Black|Ice Beam|p1a: Skarmory","|-damage|p1a: Skarmory|0 fnt","|faint|p1a: Skarmory","|","|","|switch|p1a: Excadrill|Excadrill, F|220/361","|-ability|p1a: Excadrill|Mold Breaker","|turn|26","|","|move|p1a: Excadrill|Iron Head|p2a: Kyurem-Black","|-supereffective|p2a: Kyurem-Black","|-damage|p2a: Kyurem-Black|0 fnt","|faint|p2a: Kyurem-Black","|","|","|switch|p2a: Zygarde|Zygarde|86/420","|-damage|p2a: Zygarde|60/420|[from] Stealth Rock","|-ability|p2a: Zygarde|Aura Break","|turn|27","|","|move|p2a: Zygarde|Extreme Speed|p1a: Excadrill","|-crit|p1a: Excadrill","|-resisted|p1a: Excadrill","|-damage|p1a: Excadrill|126/361","|move|p1a: Excadrill|Iron Head|p2a: Zygarde","|-damage|p2a: Zygarde|0 fnt","|faint|p2a: Zygarde","|","|","|switch|p2a: Latios|Latios, M|95/301","|-damage|p2a: Latios|58/301|[from] Stealth Rock","|turn|28","|","|move|p2a: Latios|Ice Beam|p1a: Excadrill","|-damage|p1a: Excadrill|0 fnt","|faint|p1a: Excadrill","|","|win|Rain Ӝ̵̨̄ Zeref"],"p1rating":{"entryid":"372740","serverid":"eos","formatid":"monotype","userid":"crytlrain","username":"Cryѕtаl Rain","w":"11","l":3,"t":"0","gxe":64,"r":"1528.1162292296","rd":"98.62203470296","sigma":"0","rptime":"1440406800","rpr":1611.354433037,"rprd":79.235418067584,"rpsigma":"0","acre":1207.6585820859,"lacre":1207.6585820859,"oldacre":"1247.9842508799"},"p2rating":{"entryid":"191502","serverid":"eos","formatid":"monotype","userid":"rainzeref","username":"Rain Zeref","w":4,"l":"17","t":"0","gxe":31.9,"r":"1340.3474674425","rd":"73.425000627431","sigma":"0","rptime":"1440406800","rpr":1354.4528951119,"rprd":71.329397532739,"rpsigma":"0","acre":1064.5210700703,"lacre":1064.5210700703,"oldacre":"1000"},"endType":"normal"}