{"seed":[59363,65321,20016,14165],"turns":20,"p1":"Guard Wanderer","p2":"Crystal Mafetan","p1team":[{"name":"Ferrothorn","species":"Ferrothorn","item":"rockyhelmet","ability":"Iron Barbs","moves":["knockoff","stealthrock","thunderwave","sunnyday"],"nature":"Relaxed","evs":{"hp":248,"atk":8,"def":252,"spa":0,"spd":0,"spe":0},"ivs":{"hp":31,"atk":31,"def":31,"spa":31,"spd":31,"spe":0}},{"name":"Rotom-Mow","species":"Rotom-Mow","item":"choicescarf","ability":"Levitate","moves":["trick","willowisp","discharge","voltswitch"],"nature":"Timid","evs":{"hp":0,"atk":0,"def":0,"spa":252,"spd":4,"spe":252},"ivs":{"hp":31,"atk":31,"def":31,"spa":31,"spd":31,"spe":31}},{"name":"Ludicolo","species":"Ludicolo","item":"bindingband","ability":"Swift Swim","moves":["raindance","scald","leechseed","whirlpool"],"nature":"Modest","evs":{"hp":248,"atk":0,"def":0,"spa":252,"spd":8,"spe":0},"ivs":{"hp":31,"atk":31,"def":31,"spa":31,"spd":31,"spe":31}},{"name":"Sawsbuck","species":"Sawsbuck","item":"silkscarf","ability":"Chlorophyll","moves":["return","attract","retaliate","thunderwave"],"nature":"Adamant","evs":{"hp":0,"atk":252,"def":0,"spa":0,"spd":4,"spe":252},"gender":"F","ivs":{"hp":31,"atk":31,"def":31,"spa":31,"spd":31,"spe":31}},{"name":"Serperior","species":"Serperior","item":"miracleseed","ability":"Contrary","moves":["substitute","dragonpulse","leafstorm","hiddenpowerrock"],"nature":"Timid","evs":{"hp":0,"atk":0,"def":0,"spa":252,"spd":4,"spe":252},"ivs":{"hp":31,"atk":31,"def":30,"spa":31,"spd":30,"spe":30}},{"name":"Cacturne","species":"Cacturne","item":"focussash","ability":"Sand Veil","moves":["suckerpunch","spikyshield","swordsdance","drainpunch"],"nature":"Adamant","evs":{"hp":248,"atk":252,"def":0,"spa":0,"spd":8,"spe":0},"ivs":{"hp":31,"atk":31,"def":31,"spa":31,"spd":31,"spe":31}}],"p2team":[{"name":"Spanish","species":"articuno","item":"widelens","ability":"Pressure","moves":["roost","healbell","hurricane","extrasensory"],"nature":"Modest","evs":{"hp":248,"atk":0,"def":0,"spa":60,"spd":200,"spe":0},"shiny":true,"ivs":{"hp":31,"atk":31,"def":31,"spa":31,"spd":31,"spe":31}},{"name":"Snow Peas","species":"abomasnow","item":"abomasite","ability":"Snow Warning","moves":["gigadrain","toxic","leechseed","icebeam"],"nature":"Modest","evs":{"hp":248,"atk":0,"def":0,"spa":8,"spd":252,"spe":0},"gender":"M","shiny":true,"ivs":{"hp":31,"atk":31,"def":31,"spa":31,"spd":31,"spe":31}},{"name":"Clitoris","species":"cloyster","item":"lifeorb","ability":"Skill Link","moves":["shellsmash","clamp","iciclespear","razorshell"],"nature":"Adamant","evs":{"hp":0,"atk":252,"def":0,"spa":0,"spd":4,"spe":252},"gender":"F","ivs":{"hp":31,"atk":31,"def":31,"spa":31,"spd":31,"spe":31}},{"name":"Snuffaluffagus","species":"mamoswine","item":"leftovers","ability":"Snow Cloak","moves":["stealthrock","ironhead","earthquake","stoneedge"],"nature":"Adamant","evs":{"hp":168,"atk":168,"def":0,"spa":0,"spd":0,"spe":172},"gender":"M","ivs":{"hp":31,"atk":31,"def":31,"spa":31,"spd":31,"spe":31}},{"name":"PopGoesTheWeasel","species":"weavile","item":"leftovers","ability":"Pressure","moves":["fakeout","knockoff","icepunch","poisonjab"],"nature":"Jolly","evs":{"hp":0,"atk":252,"def":0,"spa":0,"spd":4,"spe":252},"gender":"F","ivs":{"hp":31,"atk":31,"def":31,"spa":31,"spd":31,"spe":31}},{"name":"Watermelon","species":"rotomfrost","item":"leftovers","ability":"Levitate","moves":["painsplit","shadowball","voltswitch","confuseray"],"nature":"Modest","evs":{"hp":248,"atk":0,"def":0,"spa":8,"spd":252,"spe":0},"shiny":true,"ivs":{"hp":31,"atk":31,"def":31,"spa":31,"spd":31,"spe":31}}],"log":["|player|p1|Guard Wanderer|235","|player|p2|Crystal Mafetan|92","|gametype|singles","|gen|6","|tier|Monotype","|rated","|rule|Baton Pass Clause: Limit one Baton Passer, can't pass Spe and other stats simultaneously","|rule|Swagger Clause: Swagger is banned","|rule|Same Type Clause: Pokémon in a team must share a type","|clearpoke","|poke|p1|Ferrothorn, F","|poke|p1|Rotom-Mow","|poke|p1|Ludicolo, M","|poke|p1|Sawsbuck, F","|poke|p1|Serperior, F","|poke|p1|Cacturne, F","|poke|p2|Articuno, shiny","|poke|p2|Abomasnow, M, shiny","|poke|p2|Cloyster, F","|poke|p2|Mamoswine, M","|poke|p2|Weavile, F","|poke|p2|Rotom-Frost, shiny","|rule|Sleep Clause Mod: Limit one foe put to sleep","|rule|Species Clause: Limit one of each Pokémon","|rule|OHKO Clause: OHKO moves are banned","|rule|Moody Clause: Moody is banned","|rule|Evasion Moves Clause: Evasion moves are banned","|rule|Endless Battle Clause: Forcing endless battles is banned","|rule|HP Percentage Mod: HP is shown in percentages","|teampreview","|","|start","|switch|p1a: Ferrothorn|Ferrothorn, F|351/351","|switch|p2a: Snuffaluffagus|Mamoswine, M|403/403","|turn|1","|","|move|p2a: Snuffaluffagus|Stealth Rock|p1a: Ferrothorn","|-sidestart|p1: Guard Wanderer|move: Stealth Rock","|move|p1a: Ferrothorn|Stealth Rock|p2a: Snuffaluffagus","|-sidestart|p2: Crystal Mafetan|move: Stealth Rock","|","|turn|2","|","|switch|p2a: Snow Peas|Abomasnow, M, shiny|383/383","|-damage|p2a: Snow Peas|288/383|[from] Stealth Rock","|-weather|Hail","|move|p1a: Ferrothorn|Knock Off|p2a: Snow Peas","|-damage|p2a: Snow Peas|231/383","|","|-weather|Hail|[upkeep]","|-damage|p1a: Ferrothorn|330/351|[from] hail","|turn|3","|","|detailschange|p2a: Snow Peas|Abomasnow-Mega, M, shiny","|-mega|p2a: Snow Peas|Abomasnow|Abomasite","|move|p2a: Snow Peas|Ice Beam|p1a: Ferrothorn","|-damage|p1a: Ferrothorn|203/351","|move|p1a: Ferrothorn|Sunny Day|p1a: Ferrothorn","|-weather|SunnyDay","|","|-weather|SunnyDay|[upkeep]","|turn|4","|","|switch|p2a: Snuffaluffagus|Mamoswine, M|403/403","|-damage|p2a: Snuffaluffagus|353/403|[from] Stealth Rock","|switch|p1a: Ludicolo|Ludicolo, M|363/363","|-damage|p1a: Ludicolo|318/363|[from] Stealth Rock","|","|-weather|SunnyDay|[upkeep]","|-heal|p2a: Snuffaluffagus|378/403|[from] item: Leftovers","|turn|5","|","|switch|p2a: Spanish|Articuno, shiny|383/383","|-damage|p2a: Spanish|192/383|[from] Stealth Rock","|-ability|p2a: Spanish|Pressure","|move|p1a: Ludicolo|Rain Dance|p1a: Ludicolo","|-weather|RainDance","|","|-weather|RainDance|[upkeep]","|turn|6","|","|move|p1a: Ludicolo|Scald|p2a: Spanish","|-damage|p2a: Spanish|62/383","|move|p2a: Spanish|Hurricane|p1a: Ludicolo","|-supereffective|p1a: Ludicolo","|-damage|p1a: Ludicolo|54/363","|","|-weather|RainDance|[upkeep]","|turn|7","|","|move|p1a: Ludicolo|Scald|p2a: Spanish","|-damage|p2a: Spanish|0 fnt","|faint|p2a: Spanish","|","|-weather|RainDance|[upkeep]","|","|switch|p2a: Snow Peas|Abomasnow-Mega, M, shiny|231/383","|-damage|p2a: Snow Peas|136/383|[from] Stealth Rock","|-weather|Hail","|turn|8","|","|move|p1a: Ludicolo|Rain Dance|p1a: Ludicolo","|-weather|RainDance","|move|p2a: Snow Peas|Ice Beam|p1a: Ludicolo","|-damage|p1a: Ludicolo|0 fnt","|faint|p1a: Ludicolo","|","|-weather|RainDance|[upkeep]","|","|switch|p1a: Sawsbuck|Sawsbuck, F|301/301","|-damage|p1a: Sawsbuck|264/301|[from] Stealth Rock","|turn|9","|","|move|p1a: Sawsbuck|Retaliate|p2a: Snow Peas","|-crit|p2a: Snow Peas","|-damage|p2a: Snow Peas|0 fnt","|faint|p2a: Snow Peas","|","|-weather|RainDance|[upkeep]","|","|switch|p2a: PopGoesTheWeasel|Weavile, F|281/281","|-damage|p2a: PopGoesTheWeasel|211/281|[from] Stealth Rock","|-ability|p2a: PopGoesTheWeasel|Pressure","|turn|10","|","|move|p2a: PopGoesTheWeasel|Fake Out|p1a: Sawsbuck","|-damage|p1a: Sawsbuck|206/301","|cant|p1a: Sawsbuck|flinch","|","|-weather|RainDance|[upkeep]","|-heal|p2a: PopGoesTheWeasel|228/281|[from] item: Leftovers","|turn|11","|","|move|p2a: PopGoesTheWeasel|Ice Punch|p1a: Sawsbuck","|-supereffective|p1a: Sawsbuck","|-damage|p1a: Sawsbuck|0 fnt","|faint|p1a: Sawsbuck","|","|-weather|RainDance|[upkeep]","|-heal|p2a: PopGoesTheWeasel|245/281|[from] item: Leftovers","|","|switch|p1a: Ferrothorn|Ferrothorn, F|203/351","|-damage|p1a: Ferrothorn|182/351|[from] Stealth Rock","|turn|12","|","|move|p2a: PopGoesTheWeasel|Knock Off|p1a: Ferrothorn","|-damage|p1a: Ferrothorn|91/351","|-damage|p2a: PopGoesTheWeasel|210/281|[from] ability: Iron Barbs|[of] p1a: Ferrothorn","|-damage|p2a: PopGoesTheWeasel|164/281|[from] item: Rocky Helmet|[of] p1a: Ferrothorn","|-enditem|p1a: Ferrothorn|Rocky Helmet|[from] move: Knock Off|[of] p2a: PopGoesTheWeasel","|move|p1a: Ferrothorn|Thunder Wave|p2a: PopGoesTheWeasel","|-status|p2a: PopGoesTheWeasel|par","|","|-weather|none","|-heal|p2a: PopGoesTheWeasel|181/281 par|[from] item: Leftovers","|turn|13","|","|move|p2a: PopGoesTheWeasel|Ice Punch|p1a: Ferrothorn","|-damage|p1a: Ferrothorn|12/351","|-damage|p2a: PopGoesTheWeasel|146/281 par|[from] ability: Iron Barbs|[of] p1a: Ferrothorn","|move|p1a: Ferrothorn|Knock Off|p2a: PopGoesTheWeasel","|-crit|p2a: PopGoesTheWeasel","|-resisted|p2a: PopGoesTheWeasel","|-damage|p2a: PopGoesTheWeasel|69/281 par","|-enditem|p2a: PopGoesTheWeasel|Leftovers|[from] move: Knock Off|[of] p1a: Ferrothorn","|","|turn|14","|","|move|p2a: PopGoesTheWeasel|Ice Punch|p1a: Ferrothorn","|-damage|p1a: Ferrothorn|0 fnt","|-damage|p2a: PopGoesTheWeasel|34/281 par|[from] ability: Iron Barbs|[of] p1a: Ferrothorn","|faint|p1a: Ferrothorn","|","|","|switch|p1a: Cacturne|Cacturne, F|343/343","|-damage|p1a: Cacturne|301/343|[from] Stealth Rock","|turn|15","|","|move|p1a: Cacturne|Spiky Shield|p1a: Cacturne","|-singleturn|p1a: Cacturne|move: Protect","|move|p2a: PopGoesTheWeasel|Ice Punch|p1a: Cacturne","|-activate|p1a: Cacturne|Protect","|-damage|p2a: PopGoesTheWeasel|0 fnt|[from] Spiky Shield|[of] p1a: Cacturne","|faint|p2a: PopGoesTheWeasel","|","|","|switch|p2a: Clitoris|Cloyster, F|241/241","|-damage|p2a: Clitoris|181/241|[from] Stealth Rock","|turn|16","|","|move|p2a: Clitoris|Icicle Spear|p1a: Cacturne","|-supereffective|p1a: Cacturne","|-damage|p1a: Cacturne|137/343","|-supereffective|p1a: Cacturne","|-damage|p1a: Cacturne|0 fnt","|-hitcount|p1a: Cacturne|2","|-damage|p2a: Clitoris|157/241|[from] item: Life Orb","|faint|p1a: Cacturne","|","|","|switch|p1a: Serperior|Serperior, F|291/291","|-damage|p1a: Serperior|255/291|[from] Stealth Rock","|turn|17","|","|move|p1a: Serperior|Leaf Storm|p2a: Clitoris|[miss]","|-miss|p1a: Serperior|p2a: Clitoris","|move|p2a: Clitoris|Icicle Spear|p1a: Serperior","|-supereffective|p1a: Serperior","|-damage|p1a: Serperior|151/291","|-supereffective|p1a: Serperior","|-damage|p1a: Serperior|39/291","|-supereffective|p1a: Serperior","|-damage|p1a: Serperior|0 fnt","|-hitcount|p1a: Serperior|3","|-damage|p2a: Clitoris|133/241|[from] item: Life Orb","|faint|p1a: Serperior","|","|","|switch|p1a: Rotom-Mow|Rotom-Mow|241/241","|-damage|p1a: Rotom-Mow|211/241|[from] Stealth Rock","|turn|18","|","|move|p1a: Rotom-Mow|Discharge|p2a: Clitoris","|-supereffective|p2a: Clitoris","|-damage|p2a: Clitoris|0 fnt","|faint|p2a: Clitoris","|","|","|switch|p2a: Snuffaluffagus|Mamoswine, M|378/403","|-damage|p2a: Snuffaluffagus|328/403|[from] Stealth Rock","|turn|19","|","|move|p1a: Rotom-Mow|Discharge|p2a: Snuffaluffagus","|-immune|p2a: Snuffaluffagus|[msg]","|move|p2a: Snuffaluffagus|Stone Edge|p1a: Rotom-Mow","|-crit|p1a: Rotom-Mow","|-damage|p1a: Rotom-Mow|49/241","|","|-heal|p2a: Snuffaluffagus|353/403|[from] item: Leftovers","|turn|20","|","|move|p1a: Rotom-Mow|Discharge|p2a: Snuffaluffagus","|-immune|p2a: Snuffaluffagus|[msg]","|move|p2a: Snuffaluffagus|Stone Edge|p1a: Rotom-Mow","|-damage|p1a: Rotom-Mow|0 fnt","|faint|p1a: Rotom-Mow","|","|win|Crystal Mafetan"],"p1rating":{"entryid":"9966","serverid":"eos","formatid":"monotype","userid":"guardwanderer","username":"Guard Wanderer","w":"20","l":38,"t":"0","gxe":36.9,"r":"1460.2300294704","rd":"51.851987647183","sigma":"0","rptime":"1440406800","rpr":1398.0156385335,"rprd":46.048341103365,"rpsigma":"0","acre":1000,"lacre":1000,"oldacre":"1000"},"p2rating":{"entryid":"171443","serverid":"eos","formatid":"monotype","userid":"crystalmafetan","username":"Crystal Mafetan","w":6,"l":"9","t":"0","gxe":43.5,"r":"1429.5336371852","rd":"85.987057761471","sigma":"0","rptime":"1440406800","rpr":1449.5813050498,"rprd":78.384295072067,"rpsigma":"0","acre":1088.3906974639,"lacre":1088.3906974639,"oldacre":"1063.4044990241"},"endType":"normal"}