{"seed":[25733,5511,46382,28270],"turns":29,"p1":"Arcade Twizzler","p2":"SWL Jyph","p1team":[{"name":"0.F.U","species":"magnezone","item":"leftovers","ability":"Sturdy","moves":["flashcannon","thunderbolt","protect","hiddenpowerice"],"nature":"Modest","evs":{"hp":76,"atk":0,"def":180,"spa":252,"spd":0,"spe":0},"ivs":{"hp":31,"atk":30,"def":30,"spa":31,"spd":31,"spe":31}},{"name":"Nope","species":"zapdos","item":"leftovers","ability":"Pressure","moves":["discharge","heatwave","toxic","roost"],"nature":"Bold","evs":{"hp":4,"atk":0,"def":252,"spa":56,"spd":196,"spe":0},"ivs":{"hp":31,"atk":31,"def":31,"spa":31,"spd":31,"spe":31}},{"name":"Amphabulous","species":"ampharos","item":"ampharosite","ability":"Static","moves":["cottonguard","rest","sleeptalk","dragonpulse"],"nature":"Bold","evs":{"hp":0,"atk":0,"def":252,"spa":136,"spd":120,"spe":0},"ivs":{"hp":31,"atk":31,"def":31,"spa":31,"spd":31,"spe":31}},{"name":"Raikou","species":"Raikou","item":"leftovers","ability":"Pressure","moves":["calmmind","substitute","thunderbolt","extrasensory"],"nature":"Timid","evs":{"hp":0,"atk":0,"def":0,"spa":252,"spd":4,"spe":252},"ivs":{"hp":31,"atk":30,"def":30,"spa":31,"spd":31,"spe":31}},{"name":"Fuck you","species":"rotomwash","item":"choicescarf","ability":"Levitate","moves":["voltswitch","hydropump","willowisp","trick"],"nature":"Timid","evs":{"hp":0,"atk":0,"def":0,"spa":252,"spd":4,"spe":252},"ivs":{"hp":31,"atk":31,"def":31,"spa":31,"spd":31,"spe":31}},{"name":"Thundurus","species":"Thundurus","item":"lifeorb","ability":"Prankster","moves":["thunderwave","thunderbolt","uturn","psychic"],"nature":"Serious","evs":{"hp":4,"atk":96,"def":0,"spa":156,"spd":0,"spe":252},"ivs":{"hp":31,"atk":31,"def":31,"spa":31,"spd":31,"spe":31}}],"p2team":[{"name":"Excadrill","species":"Excadrill","item":"lifeorb","ability":"Mold Breaker","moves":["earthquake","ironhead","rapidspin","rockslide"],"nature":"Jolly","evs":{"hp":0,"atk":252,"def":0,"spa":0,"spd":4,"spe":252},"ivs":{"hp":31,"atk":31,"def":31,"spa":31,"spd":31,"spe":31}},{"name":"Garchomp","species":"Garchomp","item":"choicescarf","ability":"Rough Skin","moves":["earthquake","stoneedge","dragonclaw","fireblast"],"nature":"Naive","evs":{"hp":0,"atk":252,"def":0,"spa":4,"spd":0,"spe":252},"ivs":{"hp":31,"atk":31,"def":31,"spa":31,"spd":31,"spe":31}},{"name":"Camerupt","species":"Camerupt","item":"cameruptite","ability":"Solid Rock","moves":["toxic","stealthrock","flamethrower","earthpower"],"nature":"Calm","evs":{"hp":248,"atk":0,"def":0,"spa":8,"spd":252,"spe":0},"ivs":{"hp":31,"atk":31,"def":31,"spa":31,"spd":31,"spe":31}},{"name":"Seismitoad","species":"Seismitoad","item":"assaultvest","ability":"Water Absorb","moves":["earthpower","grassknot","knockoff","scald"],"nature":"Modest","evs":{"hp":248,"atk":0,"def":132,"spa":128,"spd":0,"spe":0},"ivs":{"hp":31,"atk":31,"def":31,"spa":31,"spd":31,"spe":31}},{"name":"Landorus","species":"Landorus","item":"lifeorb","ability":"Sheer Force","moves":["earthpower","rockslide","focusblast","psychic"],"nature":"Naive","evs":{"hp":0,"atk":4,"def":0,"spa":252,"spd":0,"spe":252},"ivs":{"hp":31,"atk":31,"def":31,"spa":31,"spd":31,"spe":31}},{"name":"Mamoswine","species":"Mamoswine","item":"focussash","ability":"Thick Fat","moves":["iciclecrash","iceshard","earthquake","endeavor"],"nature":"Jolly","evs":{"hp":0,"atk":252,"def":0,"spa":0,"spd":4,"spe":252},"ivs":{"hp":31,"atk":31,"def":31,"spa":31,"spd":31,"spe":31}}],"log":["|player|p1|Arcade Twizzler|264","|player|p2|SWL Jyph|swljyph.png","|gametype|singles","|gen|6","|tier|Monotype","|rated","|rule|Baton Pass Clause: Limit one Baton Passer, can't pass Spe and other stats simultaneously","|rule|Swagger Clause: Swagger is banned","|rule|Same Type Clause: Pokémon in a team must share a type","|clearpoke","|poke|p1|Magnezone","|poke|p1|Zapdos","|poke|p1|Ampharos, F","|poke|p1|Raikou","|poke|p1|Rotom-Wash","|poke|p1|Thundurus, M","|poke|p2|Excadrill, M","|poke|p2|Garchomp, F","|poke|p2|Camerupt, F","|poke|p2|Seismitoad, M","|poke|p2|Landorus, M","|poke|p2|Mamoswine, F","|rule|Sleep Clause Mod: Limit one foe put to sleep","|rule|Species Clause: Limit one of each Pokémon","|rule|OHKO Clause: OHKO moves are banned","|rule|Moody Clause: Moody is banned","|rule|Evasion Moves Clause: Evasion moves are banned","|rule|Endless Battle Clause: Forcing endless battles is banned","|rule|HP Percentage Mod: HP is shown in percentages","|teampreview","|","|start","|switch|p1a: Fuck you|Rotom-Wash|241/241","|switch|p2a: Seismitoad|Seismitoad, M|413/413","|turn|1","|","|move|p1a: Fuck you|Will-O-Wisp|p2a: Seismitoad","|-status|p2a: Seismitoad|brn","|move|p2a: Seismitoad|Knock Off|p1a: Fuck you","|-damage|p1a: Fuck you|212/241","|-enditem|p1a: Fuck you|Choice Scarf|[from] move: Knock Off|[of] p2a: Seismitoad","|","|-damage|p2a: Seismitoad|362/413 brn|[from] brn","|turn|2","|","|move|p1a: Fuck you|Trick|p2a: Seismitoad","|-activate|p1a: Fuck you|move: Trick|[of] p2a: Seismitoad","|-item|p1a: Fuck you|Assault Vest|[from] move: Trick","|move|p2a: Seismitoad|Scald|p1a: Fuck you","|-crit|p1a: Fuck you","|-resisted|p1a: Fuck you","|-damage|p1a: Fuck you|161/241","|","|-damage|p2a: Seismitoad|311/413 brn|[from] brn","|turn|3","|","|switch|p1a: Nope|Zapdos|322/322","|-ability|p1a: Nope|Pressure","|move|p2a: Seismitoad|Knock Off|p1a: Nope","|-damage|p1a: Nope|296/322","|-enditem|p1a: Nope|Leftovers|[from] move: Knock Off|[of] p2a: Seismitoad","|","|-damage|p2a: Seismitoad|260/413 brn|[from] brn","|turn|4","|","|switch|p1a: Thundurus|Thundurus, M|300/300","|switch|p2a: Camerupt|Camerupt, F|343/343","|","|turn|5","|","|detailschange|p2a: Camerupt|Camerupt-Mega, F","|-mega|p2a: Camerupt|Camerupt|Cameruptite","|move|p1a: Thundurus|U-turn|p2a: Camerupt","|-resisted|p2a: Camerupt","|-damage|p2a: Camerupt|298/343","|-damage|p1a: Thundurus|270/300|[from] item: Life Orb","|","|switch|p1a: Fuck you|Rotom-Wash|161/241","|move|p2a: Camerupt|Flamethrower|p1a: Fuck you","|-resisted|p1a: Fuck you","|-damage|p1a: Fuck you|99/241","|","|turn|6","|","|switch|p2a: Seismitoad|Seismitoad, M|260/413 brn","|move|p1a: Fuck you|Hydro Pump|p2a: Seismitoad","|-heal|p2a: Seismitoad|363/413 brn|[from] ability: Water Absorb|[of] p1a: Fuck you","|","|-damage|p2a: Seismitoad|312/413 brn|[from] brn","|turn|7","|","|switch|p1a: Thundurus|Thundurus, M|270/300","|move|p2a: Seismitoad|Scald|p1a: Thundurus","|-damage|p1a: Thundurus|150/300","|","|-damage|p2a: Seismitoad|261/413 brn|[from] brn","|turn|8","|","|switch|p2a: Camerupt|Camerupt-Mega, F|298/343","|move|p1a: Thundurus|U-turn|p2a: Camerupt","|-resisted|p2a: Camerupt","|-damage|p2a: Camerupt|258/343","|-damage|p1a: Thundurus|120/300|[from] item: Life Orb","|","|switch|p1a: Nope|Zapdos|296/322","|-ability|p1a: Nope|Pressure","|","|turn|9","|","|move|p1a: Nope|Toxic|p2a: Camerupt","|-status|p2a: Camerupt|tox","|move|p2a: Camerupt|Toxic|p1a: Nope","|-status|p1a: Nope|tox","|","|-damage|p1a: Nope|276/322 tox|[from] psn","|-damage|p2a: Camerupt|237/343 tox|[from] psn","|turn|10","|","|switch|p1a: Fuck you|Rotom-Wash|99/241","|move|p2a: Camerupt|Stealth Rock|p1a: Fuck you","|-sidestart|p1: Arcade Twizzler|move: Stealth Rock","|","|-damage|p2a: Camerupt|195/343 tox|[from] psn","|turn|11","|","|switch|p1a: 0.F.U|Magnezone|300/300","|-damage|p1a: 0.F.U|282/300|[from] Stealth Rock","|switch|p2a: Seismitoad|Seismitoad, M|261/413 brn","|","|-heal|p1a: 0.F.U|300/300|[from] item: Leftovers","|-damage|p2a: Seismitoad|210/413 brn|[from] brn","|turn|12","|","|move|p1a: 0.F.U|Protect|p1a: 0.F.U","|-singleturn|p1a: 0.F.U|Protect","|move|p2a: Seismitoad|Earth Power|p1a: 0.F.U","|-activate|p1a: 0.F.U|Protect","|","|-damage|p2a: Seismitoad|159/413 brn|[from] brn","|turn|13","|","|move|p2a: Seismitoad|Scald|p1a: 0.F.U","|-damage|p1a: 0.F.U|183/300","|move|p1a: 0.F.U|Hidden Power|p2a: Seismitoad","|-crit|p2a: Seismitoad","|-damage|p2a: Seismitoad|19/413 brn","|","|-heal|p1a: 0.F.U|201/300|[from] item: Leftovers","|-damage|p2a: Seismitoad|0 fnt|[from] brn","|faint|p2a: Seismitoad","|","|switch|p2a: Landorus|Landorus, M|319/319","|turn|14","|","|move|p2a: Landorus|Earth Power|p1a: 0.F.U","|-supereffective|p1a: 0.F.U","|-damage|p1a: 0.F.U|0 fnt","|faint|p1a: 0.F.U","|","|","|switch|p1a: Fuck you|Rotom-Wash|99/241","|-damage|p1a: Fuck you|69/241|[from] Stealth Rock","|turn|15","|","|switch|p2a: Camerupt|Camerupt-Mega, F|195/343 tox","|move|p1a: Fuck you|Hydro Pump|p2a: Camerupt|[miss]","|-miss|p1a: Fuck you|p2a: Camerupt","|","|-damage|p2a: Camerupt|174/343 tox|[from] psn","|turn|16","|","|move|p1a: Fuck you|Hydro Pump|p2a: Camerupt","|-supereffective|p2a: Camerupt","|-damage|p2a: Camerupt|0 fnt","|faint|p2a: Camerupt","|","|","|switch|p2a: Excadrill|Excadrill, M|361/361","|-ability|p2a: Excadrill|Mold Breaker","|turn|17","|","|move|p2a: Excadrill|Earthquake|p1a: Fuck you","|-supereffective|p1a: Fuck you","|-damage|p1a: Fuck you|0 fnt","|-damage|p2a: Excadrill|325/361|[from] item: Life Orb","|faint|p1a: Fuck you","|","|","|switch|p1a: Thundurus|Thundurus, M|120/300","|-damage|p1a: Thundurus|45/300|[from] Stealth Rock","|turn|18","|","|switch|p2a: Garchomp|Garchomp, F|357/357","|move|p1a: Thundurus|U-turn|p2a: Garchomp","|-damage|p2a: Garchomp|258/357","|-damage|p1a: Thundurus|8/300|[from] ability: Rough Skin|[of] p2a: Garchomp","|-damage|p1a: Thundurus|0 fnt|[from] item: Life Orb","|faint|p1a: Thundurus","|","|","|switch|p1a: Amphabulous|Ampharos, F|321/321","|-damage|p1a: Amphabulous|281/321|[from] Stealth Rock","|turn|19","|","|move|p2a: Garchomp|Earthquake|p1a: Amphabulous","|-supereffective|p1a: Amphabulous","|-damage|p1a: Amphabulous|11/321","|move|p1a: Amphabulous|Dragon Pulse|p2a: Garchomp","|-supereffective|p2a: Garchomp","|-damage|p2a: Garchomp|58/357","|","|turn|20","|","|switch|p2a: Excadrill|Excadrill, M|325/361","|-ability|p2a: Excadrill|Mold Breaker","|detailschange|p1a: Amphabulous|Ampharos-Mega, F","|-mega|p1a: Amphabulous|Ampharos|Ampharosite","|-ability|p1a: Amphabulous|Mold Breaker","|move|p1a: Amphabulous|Dragon Pulse|p2a: Excadrill","|-resisted|p2a: Excadrill","|-damage|p2a: Excadrill|214/361","|","|turn|21","|","|move|p2a: Excadrill|Iron Head|p1a: Amphabulous","|-resisted|p1a: Amphabulous","|-damage|p1a: Amphabulous|0 fnt","|-damage|p2a: Excadrill|178/361|[from] item: Life Orb","|faint|p1a: Amphabulous","|","|","|switch|p1a: Raikou|Raikou|321/321","|-damage|p1a: Raikou|281/321|[from] Stealth Rock","|-ability|p1a: Raikou|Pressure","|turn|22","|","|move|p1a: Raikou|Substitute|p1a: Raikou","|-start|p1a: Raikou|Substitute","|-damage|p1a: Raikou|201/321","|move|p2a: Excadrill|Earthquake|p1a: Raikou","|-supereffective|p1a: Raikou","|-end|p1a: Raikou|Substitute","|-damage|p2a: Excadrill|142/361|[from] item: Life Orb","|","|-heal|p1a: Raikou|221/321|[from] item: Leftovers","|turn|23","|","|move|p1a: Raikou|Substitute|p1a: Raikou","|-start|p1a: Raikou|Substitute","|-damage|p1a: Raikou|141/321","|move|p2a: Excadrill|Earthquake|p1a: Raikou","|-crit|p1a: Raikou","|-supereffective|p1a: Raikou","|-end|p1a: Raikou|Substitute","|-damage|p2a: Excadrill|106/361|[from] item: Life Orb","|","|-heal|p1a: Raikou|161/321|[from] item: Leftovers","|turn|24","|","|move|p1a: Raikou|Substitute|p1a: Raikou","|-start|p1a: Raikou|Substitute","|-damage|p1a: Raikou|81/321","|move|p2a: Excadrill|Earthquake|p1a: Raikou","|-supereffective|p1a: Raikou","|-end|p1a: Raikou|Substitute","|-damage|p2a: Excadrill|70/361|[from] item: Life Orb","|","|-heal|p1a: Raikou|101/321|[from] item: Leftovers","|turn|25","|","|move|p1a: Raikou|Substitute|p1a: Raikou","|-start|p1a: Raikou|Substitute","|-damage|p1a: Raikou|21/321","|move|p2a: Excadrill|Earthquake|p1a: Raikou","|-supereffective|p1a: Raikou","|-end|p1a: Raikou|Substitute","|-damage|p2a: Excadrill|34/361|[from] item: Life Orb","|","|-heal|p1a: Raikou|41/321|[from] item: Leftovers","|turn|26","|","|move|p1a: Raikou|Extrasensory|p2a: Excadrill","|-resisted|p2a: Excadrill","|-damage|p2a: Excadrill|0 fnt","|faint|p2a: Excadrill","|","|-heal|p1a: Raikou|61/321|[from] item: Leftovers","|","|switch|p2a: Mamoswine|Mamoswine, F|361/361","|turn|27","|","|move|p1a: Raikou|Extrasensory|p2a: Mamoswine","|-damage|p2a: Mamoswine|237/361","|cant|p2a: Mamoswine|flinch","|","|-heal|p1a: Raikou|81/321|[from] item: Leftovers","|turn|28","|","|move|p1a: Raikou|Extrasensory|p2a: Mamoswine","|-damage|p2a: Mamoswine|104/361","|move|p2a: Mamoswine|Earthquake|p1a: Raikou","|-supereffective|p1a: Raikou","|-damage|p1a: Raikou|0 fnt","|faint|p1a: Raikou","|","|","|switch|p1a: Nope|Zapdos|276/322 tox","|-damage|p1a: Nope|196/322 tox|[from] Stealth Rock","|-ability|p1a: Nope|Pressure","|turn|29","|","|move|p2a: Mamoswine|Icicle Crash|p1a: Nope","|-supereffective|p1a: Nope","|-damage|p1a: Nope|0 fnt","|faint|p1a: Nope","|","|win|SWL Jyph"],"p1rating":{"entryid":"396552","serverid":"eos","formatid":"monotype","userid":"arcadetwizzler","username":"Arcade Twizzler","w":"7","l":2,"t":"0","gxe":63.7,"r":"1500","rd":"130","sigma":"0","rptime":"1440406800","rpr":1609.684875223,"rprd":89.614766634535,"rpsigma":"0","acre":1138.3639884334,"lacre":1138.3639884334,"oldacre":"1167.2578228925"},"p2rating":{"entryid":"10848","serverid":"eos","formatid":"monotype","userid":"swljyph","username":"SWL Jyph","w":8,"l":"5","t":"0","gxe":58.3,"r":"1562.4638760459","rd":"85.873762312218","sigma":"0","rptime":"1440406800","rpr":1564.6371675438,"rprd":81.737207061278,"rpsigma":"0","acre":1141.5933212849,"lacre":1141.5933212849,"oldacre":"1112.6994868258"},"endType":"normal"}