{"seed":[64385,20138,14986,35385],"turns":22,"p1":"Void Wiley","p2":"GL♅Reshiram","p1team":[{"name":"Tuba","species":"slurpuff","item":"sitrusberry","ability":"Unburden","moves":["bellydrum","drainpunch","playrough","aromatherapy"],"nature":"Jolly","evs":{"hp":4,"atk":252,"def":0,"spa":0,"spd":0,"spe":252},"ivs":{"hp":31,"atk":31,"def":31,"spa":31,"spd":31,"spe":31}},{"name":"Clarinet","species":"azumarill","item":"sitrusberry","ability":"Huge Power","moves":["bellydrum","aquajet","brickbreak","playrough"],"nature":"Adamant","evs":{"hp":252,"atk":252,"def":0,"spa":0,"spd":4,"spe":0},"ivs":{"hp":31,"atk":31,"def":31,"spa":31,"spd":31,"spe":31}},{"name":"Flute","species":"gardevoir","item":"gardevoirite","ability":"Synchronize","moves":["psyshock","hypervoice","energyball","focusblast"],"nature":"Timid","evs":{"hp":4,"atk":0,"def":0,"spa":252,"spd":0,"spe":252},"ivs":{"hp":31,"atk":31,"def":31,"spa":31,"spd":31,"spe":31}},{"name":"Alto","species":"togekiss","item":"choicescarf","ability":"Serene Grace","moves":["airslash","flamethrower","aurasphere","dazzlinggleam"],"nature":"Timid","evs":{"hp":0,"atk":0,"def":0,"spa":252,"spd":4,"spe":252},"ivs":{"hp":31,"atk":31,"def":31,"spa":31,"spd":31,"spe":31}},{"name":"Sax","species":"klefki","item":"lightclay","ability":"Prankster","moves":["thunderwave","lightscreen","reflect","foulplay"],"nature":"Bold","evs":{"hp":248,"atk":0,"def":252,"spa":0,"spd":8,"spe":0},"ivs":{"hp":31,"atk":31,"def":31,"spa":31,"spd":31,"spe":31}},{"name":"Trumpet","species":"sylveon","item":"leftovers","ability":"Pixilate","moves":["hypervoice","wish","protect","calmmind"],"nature":"Bold","evs":{"hp":252,"atk":0,"def":252,"spa":4,"spd":0,"spe":0},"ivs":{"hp":31,"atk":31,"def":31,"spa":31,"spd":31,"spe":31}}],"p2team":[{"name":"Politoed","species":"Politoed","item":"ejectbutton","ability":"Drizzle","moves":["scald","hiddenpowerground","icywind","raindance"],"nature":"Calm","evs":{"hp":252,"atk":0,"def":4,"spa":0,"spd":252,"spe":0},"ivs":{"spa":30,"spd":30,"hp":31,"atk":31,"def":31,"spe":31}},{"name":"Azumarill","species":"Azumarill","item":"sitrusberry","ability":"Huge Power","moves":["bellydrum","aquajet","playrough","knockoff"],"nature":"Adamant","evs":{"hp":92,"atk":252,"def":0,"spa":0,"spd":0,"spe":164},"ivs":{"hp":31,"atk":31,"def":31,"spa":31,"spd":31,"spe":31}},{"name":"Empoleon","species":"Empoleon","item":"leftovers","ability":"Torrent","moves":["stealthrock","scald","raindance","toxic"],"nature":"Bold","evs":{"hp":248,"atk":0,"def":252,"spa":0,"spd":8,"spe":0},"ivs":{"hp":31,"atk":31,"def":31,"spa":31,"spd":31,"spe":31}},{"name":"Slowbro","species":"Slowbro","item":"leftovers","ability":"Regenerator","moves":["scald","slackoff","thunderwave","psyshock"],"nature":"Bold","evs":{"hp":252,"atk":0,"def":232,"spa":0,"spd":24,"spe":0},"ivs":{"hp":31,"atk":31,"def":31,"spa":31,"spd":31,"spe":31}},{"name":"Rotom-Wash","species":"Rotom-Wash","item":"lightclay","ability":"Levitate","moves":["voltswitch","painsplit","reflect","lightscreen"],"nature":"Serious","evs":{"hp":248,"atk":0,"def":120,"spa":0,"spd":120,"spe":20},"ivs":{"hp":31,"atk":31,"def":31,"spa":31,"spd":31,"spe":31}},{"name":"Swampert","species":"Swampert","item":"swampertite","ability":"Damp","moves":["protect","earthquake","waterfall","icepunch"],"nature":"Adamant","evs":{"hp":0,"atk":252,"def":0,"spa":0,"spd":0,"spe":252},"ivs":{"hp":31,"atk":31,"def":31,"spa":31,"spd":31,"spe":31}}],"log":["|player|p1|Void Wiley|voidwiley.png","|player|p2|GL♅Reshiram|163","|gametype|singles","|gen|6","|tier|Monotype","|rated","|rule|Baton Pass Clause: Limit one Baton Passer, can't pass Spe and other stats simultaneously","|rule|Swagger Clause: Swagger is banned","|rule|Same Type Clause: Pokémon in a team must share a type","|clearpoke","|poke|p1|Slurpuff, M","|poke|p1|Azumarill, M","|poke|p1|Gardevoir, F","|poke|p1|Togekiss, M","|poke|p1|Klefki, M","|poke|p1|Sylveon, F","|poke|p2|Politoed, F","|poke|p2|Azumarill, F","|poke|p2|Empoleon, M","|poke|p2|Slowbro, M","|poke|p2|Rotom-Wash","|poke|p2|Swampert, M","|rule|Sleep Clause Mod: Limit one foe put to sleep","|rule|Species Clause: Limit one of each Pokémon","|rule|OHKO Clause: OHKO moves are banned","|rule|Moody Clause: Moody is banned","|rule|Evasion Moves Clause: Evasion moves are banned","|rule|Endless Battle Clause: Forcing endless battles is banned","|rule|HP Percentage Mod: HP is shown in percentages","|teampreview","|","|start","|switch|p1a: Sax|Klefki, M|317/317","|switch|p2a: Rotom-Wash|Rotom-Wash|303/303","|turn|1","|","|move|p1a: Sax|Light Screen|p1a: Sax","|-sidestart|p1: Void Wiley|move: Light Screen","|move|p2a: Rotom-Wash|Light Screen|p2a: Rotom-Wash","|-sidestart|p2: GL♅Reshiram|move: Light Screen","|","|turn|2","|","|switch|p1a: Clarinet|Azumarill, M|404/404","|move|p2a: Rotom-Wash|Reflect|p2a: Rotom-Wash","|-sidestart|p2: GL♅Reshiram|Reflect","|","|turn|3","|","|move|p2a: Rotom-Wash|Volt Switch|p1a: Clarinet","|-supereffective|p1a: Clarinet","|-damage|p1a: Clarinet|305/404","|","|switch|p2a: Empoleon|Empoleon, M|371/371","|move|p1a: Clarinet|Belly Drum|p1a: Clarinet","|-damage|p1a: Clarinet|103/404","|-setboost|p1a: Clarinet|atk|6|[from] move: Belly Drum","|-enditem|p1a: Clarinet|Sitrus Berry|[eat]","|-heal|p1a: Clarinet|204/404|[from] item: Sitrus Berry","|","|turn|4","|","|move|p2a: Empoleon|Toxic|p1a: Clarinet|[miss]","|-miss|p2a: Empoleon|p1a: Clarinet","|move|p1a: Clarinet|Brick Break|p2a: Empoleon","|-sideend|p2: GL♅Reshiram|Reflect","|-sideend|p2: GL♅Reshiram|move: Light Screen","|-supereffective|p2a: Empoleon","|-damage|p2a: Empoleon|0 fnt","|faint|p2a: Empoleon","|","|","|switch|p2a: Politoed|Politoed, F|384/384","|-weather|RainDance","|turn|5","|","|move|p2a: Politoed|Icy Wind|p1a: Clarinet","|-resisted|p1a: Clarinet","|-damage|p1a: Clarinet|192/404","|-unboost|p1a: Clarinet|spe|1","|move|p1a: Clarinet|Play Rough|p2a: Politoed","|-damage|p2a: Politoed|0 fnt","|faint|p2a: Politoed","|","|-weather|RainDance|[upkeep]","|","|switch|p2a: Rotom-Wash|Rotom-Wash|303/303","|turn|6","|","|move|p2a: Rotom-Wash|Reflect|p2a: Rotom-Wash","|-sidestart|p2: GL♅Reshiram|Reflect","|move|p1a: Clarinet|Play Rough|p2a: Rotom-Wash","|-damage|p2a: Rotom-Wash|0 fnt","|faint|p2a: Rotom-Wash","|","|-weather|RainDance|[upkeep]","|","|switch|p2a: Swampert|Swampert, M|341/341","|turn|7","|","|detailschange|p2a: Swampert|Swampert-Mega, M","|-mega|p2a: Swampert|Swampert|Swampertite","|move|p2a: Swampert|Protect|p2a: Swampert","|-singleturn|p2a: Swampert|Protect","|move|p1a: Clarinet|Play Rough|p2a: Swampert","|-activate|p2a: Swampert|Protect","|","|-weather|RainDance|[upkeep]","|turn|8","|","|move|p2a: Swampert|Earthquake|p1a: Clarinet","|-damage|p1a: Clarinet|0 fnt","|faint|p1a: Clarinet","|","|-weather|RainDance|[upkeep]","|-sideend|p1: Void Wiley|move: Light Screen","|","|switch|p1a: Sax|Klefki, M|317/317","|turn|9","|","|move|p1a: Sax|Reflect|p1a: Sax","|-sidestart|p1: Void Wiley|Reflect","|move|p2a: Swampert|Earthquake|p1a: Sax","|-supereffective|p1a: Sax","|-damage|p1a: Sax|152/317","|","|-weather|none","|turn|10","|","|switch|p2a: Slowbro|Slowbro, M|394/394","|move|p1a: Sax|Foul Play|p2a: Slowbro","|-supereffective|p2a: Slowbro","|-damage|p2a: Slowbro|360/394","|","|-heal|p2a: Slowbro|384/394|[from] item: Leftovers","|turn|11","|","|move|p1a: Sax|Thunder Wave|p2a: Slowbro","|-status|p2a: Slowbro|par","|move|p2a: Slowbro|Thunder Wave|p1a: Sax","|-status|p1a: Sax|par","|","|-heal|p2a: Slowbro|394/394 par|[from] item: Leftovers","|turn|12","|","|switch|p1a: Trumpet|Sylveon, F|394/394","|switch|p2a: Swampert|Swampert-Mega, M|341/341","|","|turn|13","|","|move|p2a: Swampert|Waterfall|p1a: Trumpet","|-damage|p1a: Trumpet|308/394","|move|p1a: Trumpet|Hyper Voice|p2a: Swampert","|-damage|p2a: Swampert|200/341","|","|-heal|p1a: Trumpet|332/394|[from] item: Leftovers","|-sideend|p2: GL♅Reshiram|Reflect","|turn|14","|","|switch|p2a: Slowbro|Slowbro, M|394/394 par","|move|p1a: Trumpet|Wish|p1a: Trumpet","|","|-heal|p1a: Trumpet|356/394|[from] item: Leftovers","|turn|15","|","|move|p1a: Trumpet|Calm Mind|p1a: Trumpet","|-boost|p1a: Trumpet|spa|1","|-boost|p1a: Trumpet|spd|1","|move|p2a: Slowbro|Psyshock|p1a: Trumpet","|-damage|p1a: Trumpet|266/394","|","|-heal|p1a: Trumpet|394/394|[from] move: Wish|[wisher] Trumpet","|turn|16","|","|move|p1a: Trumpet|Calm Mind|p1a: Trumpet","|-boost|p1a: Trumpet|spa|1","|-boost|p1a: Trumpet|spd|1","|move|p2a: Slowbro|Scald|p1a: Trumpet","|-damage|p1a: Trumpet|355/394","|-status|p1a: Trumpet|brn","|","|-heal|p1a: Trumpet|379/394 brn|[from] item: Leftovers","|-damage|p1a: Trumpet|330/394 brn|[from] brn","|-sideend|p1: Void Wiley|Reflect","|turn|17","|","|move|p1a: Trumpet|Calm Mind|p1a: Trumpet","|-boost|p1a: Trumpet|spa|1","|-boost|p1a: Trumpet|spd|1","|move|p2a: Slowbro|Psyshock|p1a: Trumpet","|-damage|p1a: Trumpet|236/394 brn","|","|-heal|p1a: Trumpet|260/394 brn|[from] item: Leftovers","|-damage|p1a: Trumpet|211/394 brn|[from] brn","|turn|18","|","|move|p1a: Trumpet|Wish|p1a: Trumpet","|move|p2a: Slowbro|Psyshock|p1a: Trumpet","|-damage|p1a: Trumpet|121/394 brn","|","|-heal|p1a: Trumpet|145/394 brn|[from] item: Leftovers","|-damage|p1a: Trumpet|96/394 brn|[from] brn","|turn|19","|","|move|p1a: Trumpet|Protect|p1a: Trumpet","|-singleturn|p1a: Trumpet|Protect","|move|p2a: Slowbro|Psyshock|p1a: Trumpet","|-activate|p1a: Trumpet|Protect","|","|-heal|p1a: Trumpet|293/394 brn|[from] move: Wish|[wisher] Trumpet","|-heal|p1a: Trumpet|317/394 brn|[from] item: Leftovers","|-damage|p1a: Trumpet|268/394 brn|[from] brn","|turn|20","|","|move|p1a: Trumpet|Hyper Voice|p2a: Slowbro","|-damage|p2a: Slowbro|0 fnt","|faint|p2a: Slowbro","|","|-heal|p1a: Trumpet|292/394 brn|[from] item: Leftovers","|-damage|p1a: Trumpet|243/394 brn|[from] brn","|","|switch|p2a: Azumarill|Azumarill, F|364/364","|turn|21","|","|move|p2a: Azumarill|Belly Drum|p2a: Azumarill","|-damage|p2a: Azumarill|182/364","|-setboost|p2a: Azumarill|atk|6|[from] move: Belly Drum","|-enditem|p2a: Azumarill|Sitrus Berry|[eat]","|-heal|p2a: Azumarill|273/364|[from] item: Sitrus Berry","|move|p1a: Trumpet|Hyper Voice|p2a: Azumarill","|-damage|p2a: Azumarill|0 fnt","|faint|p2a: Azumarill","|","|-heal|p1a: Trumpet|267/394 brn|[from] item: Leftovers","|-damage|p1a: Trumpet|218/394 brn|[from] brn","|","|switch|p2a: Swampert|Swampert-Mega, M|200/341","|turn|22","|","|move|p2a: Swampert|Waterfall|p1a: Trumpet","|-damage|p1a: Trumpet|56/394 brn","|move|p1a: Trumpet|Hyper Voice|p2a: Swampert","|-damage|p2a: Swampert|0 fnt","|faint|p2a: Swampert","|","|win|Void Wiley"],"p1rating":{"entryid":"91212","serverid":"eos","formatid":"monotype","userid":"voidwiley","username":"Void Wiley","w":40,"l":"17","t":"0","gxe":70.2,"r":"1657.2125065675","rd":"48.168472020212","sigma":"0","rptime":"1440406800","rpr":1662.5509767593,"rprd":47.613524503034,"rpsigma":"0","acre":1286.5843236185,"lacre":1286.5843236185,"oldacre":"1275.708617108"},"p2rating":{"entryid":"319032","serverid":"eos","formatid":"monotype","userid":"glreshiram","username":"GL♅Reshiram","w":"5","l":7,"t":"0","gxe":43.9,"r":"1462.1417078885","rd":"85.163986727153","sigma":"0","rptime":"1440406800","rpr":1452.3409538952,"rprd":83.358695693218,"rpsigma":"0","acre":1045.483823373,"lacre":1045.483823373,"oldacre":"1053.3130055891"},"endType":"normal"}