{"seed":[30394,38208,28250,61367],"turns":20,"p1":"Void Who","p2":"willwolf","p1team":[{"name":"Gallade","species":"Gallade","item":"galladite","ability":"Justified","moves":["closecombat","knockoff","psychocut","thunderwave"],"nature":"Adamant","evs":{"hp":248,"atk":252,"def":0,"spa":0,"spd":8,"spe":0},"ivs":{"hp":31,"atk":31,"def":31,"spa":31,"spd":31,"spe":31}},{"name":"Mew","species":"Mew","item":"leftovers","ability":"Synchronize","moves":["defog","stealthrock","knockoff","roost"],"nature":"Careful","evs":{"hp":252,"atk":4,"def":0,"spa":0,"spd":252,"spe":0},"ivs":{"hp":31,"atk":31,"def":31,"spa":31,"spd":31,"spe":31}},{"name":"Hoopa-Unbound","species":"Hoopa-Unbound","item":"choicescarf","ability":"Magician","moves":["drainpunch","hyperspacehole","hyperspacefury","firepunch"],"nature":"","evs":{"hp":0,"atk":0,"def":0,"spa":0,"spd":0,"spe":0},"ivs":{"hp":31,"atk":31,"def":31,"spa":31,"spd":31,"spe":31}},{"name":"Jirachi","species":"Jirachi","item":"assaultvest","ability":"Serene Grace","moves":["drainpunch","bodyslam","ironhead","zenheadbutt"],"nature":"Adamant","evs":{"hp":224,"atk":252,"def":0,"spa":0,"spd":0,"spe":32},"ivs":{"hp":31,"atk":31,"def":31,"spa":31,"spd":31,"spe":31}},{"name":"Slowbro","species":"Slowbro","item":"rockyhelmet","ability":"Regenerator","moves":["calmmind","slackoff","flamethrower","scald"],"nature":"Bold","evs":{"hp":252,"atk":0,"def":252,"spa":4,"spd":0,"spe":0},"ivs":{"hp":31,"atk":31,"def":31,"spa":31,"spd":31,"spe":31}},{"name":"Meloetta","species":"Meloetta","item":"choicespecs","ability":"Serene Grace","moves":["focusblast","shadowball","hypervoice","psychic"],"nature":"Modest","evs":{"hp":248,"atk":0,"def":0,"spa":252,"spd":8,"spe":0},"ivs":{"hp":31,"atk":31,"def":31,"spa":31,"spd":31,"spe":31}}],"p2team":[{"name":"Rotom-Wash","species":"Rotom-Wash","item":"chestoberry","ability":"Levitate","moves":["rest","willowisp","hydropump","voltswitch"],"nature":"Bold","evs":{"hp":252,"atk":0,"def":252,"spa":4,"spd":0,"spe":0},"ivs":{"hp":31,"atk":31,"def":31,"spa":31,"spd":31,"spe":31}},{"name":"Luxray","species":"Luxray","item":"toxicorb","ability":"Guts","moves":["protect","wildcharge","superpower","icefang"],"nature":"Adamant","evs":{"hp":0,"atk":252,"def":4,"spa":0,"spd":0,"spe":252},"ivs":{"hp":31,"atk":31,"def":31,"spa":31,"spd":31,"spe":31}},{"name":"Galvantula","species":"Galvantula","item":"lifeorb","ability":"Compound Eyes","moves":["thunder","bugbuzz","gigadrain","stickyweb"],"nature":"Timid","evs":{"hp":0,"atk":0,"def":0,"spa":252,"spd":4,"spe":252},"ivs":{"hp":31,"atk":31,"def":31,"spa":31,"spd":31,"spe":31}},{"name":"Jolteon","species":"Jolteon","item":"lifeorb","ability":"Volt Absorb","moves":["thunderbolt","hiddenpowerice","shadowball","voltswitch"],"nature":"Timid","evs":{"hp":0,"atk":0,"def":0,"spa":252,"spd":4,"spe":252},"ivs":{"hp":31,"atk":30,"def":30,"spa":31,"spd":31,"spe":31}},{"name":"Electivire","species":"Electivire","item":"lifeorb","ability":"Motor Drive","moves":["wildcharge","icepunch","crosschop","firepunch"],"nature":"Jolly","evs":{"hp":0,"atk":252,"def":0,"spa":0,"spd":4,"spe":252},"ivs":{"hp":31,"atk":31,"def":31,"spa":31,"spd":31,"spe":31}},{"name":"Raikou","species":"Raikou","item":"choicescarf","ability":"Pressure","moves":["hiddenpowerice","aurasphere","thunderbolt","voltswitch"],"nature":"Rash","evs":{"hp":0,"atk":0,"def":0,"spa":252,"spd":4,"spe":252},"ivs":{"hp":31,"atk":30,"def":30,"spa":31,"spd":31,"spe":31},"shiny":true}],"log":["|player|p1|Void Who|voidwho.gif","|player|p2|willwolf|54","|gametype|singles","|gen|6","|tier|Monotype","|rated","|rule|Baton Pass Clause: Limit one Baton Passer, can't pass Spe and other stats simultaneously","|rule|Swagger Clause: Swagger is banned","|rule|Same Type Clause: Pokémon in a team must share a type","|clearpoke","|poke|p1|Gallade, M","|poke|p1|Mew","|poke|p1|Hoopa-Unbound","|poke|p1|Jirachi","|poke|p1|Slowbro, F","|poke|p1|Meloetta","|poke|p2|Rotom-Wash","|poke|p2|Luxray, F","|poke|p2|Galvantula, M","|poke|p2|Jolteon, M","|poke|p2|Electivire, F","|poke|p2|Raikou, shiny","|rule|Sleep Clause Mod: Limit one foe put to sleep","|rule|Species Clause: Limit one of each Pokémon","|rule|OHKO Clause: OHKO moves are banned","|rule|Moody Clause: Moody is banned","|rule|Evasion Moves Clause: Evasion moves are banned","|rule|Endless Battle Clause: Forcing endless battles is banned","|rule|HP Percentage Mod: HP is shown in percentages","|teampreview","|","|start","|switch|p1a: Mew|Mew|404/404","|switch|p2a: Raikou|Raikou, shiny|321/321","|-ability|p2a: Raikou|Pressure","|turn|1","|","|move|p2a: Raikou|Volt Switch|p1a: Mew","|-damage|p1a: Mew|307/404","|","|switch|p2a: Galvantula|Galvantula, M|281/281","|move|p1a: Mew|Knock Off|p2a: Galvantula","|-damage|p2a: Galvantula|168/281","|-enditem|p2a: Galvantula|Life Orb|[from] move: Knock Off|[of] p1a: Mew","|","|-heal|p1a: Mew|332/404|[from] item: Leftovers","|turn|2","|","|move|p2a: Galvantula|Bug Buzz|p1a: Mew","|-supereffective|p1a: Mew","|-damage|p1a: Mew|156/404","|move|p1a: Mew|Stealth Rock|p2a: Galvantula","|-sidestart|p2: willwolf|move: Stealth Rock","|","|-heal|p1a: Mew|181/404|[from] item: Leftovers","|turn|3","|","|move|p2a: Galvantula|Sticky Web|p1a: Mew","|-sidestart|p1: Void Who|move: Sticky Web","|move|p1a: Mew|Roost|p1a: Mew","|-heal|p1a: Mew|383/404","|","|-heal|p1a: Mew|404/404|[from] item: Leftovers","|turn|4","|","|move|p2a: Galvantula|Thunder|p1a: Mew","|-damage|p1a: Mew|295/404","|move|p1a: Mew|Defog|p2a: Galvantula","|-unboost|p2a: Galvantula|evasion|1","|-sideend|p2: willwolf|Stealth Rock|[from] move: Defog|[of] p2a: Galvantula","|-sideend|p1: Void Who|Sticky Web|[from] move: Defog|[of] p1a: Mew","|","|-heal|p1a: Mew|320/404|[from] item: Leftovers","|turn|5","|","|move|p2a: Galvantula|Bug Buzz|p1a: Mew","|-supereffective|p1a: Mew","|-damage|p1a: Mew|126/404","|move|p1a: Mew|Knock Off|p2a: Galvantula","|-damage|p2a: Galvantula|93/281","|","|-heal|p1a: Mew|151/404|[from] item: Leftovers","|turn|6","|","|move|p2a: Galvantula|Bug Buzz|p1a: Mew","|-supereffective|p1a: Mew","|-damage|p1a: Mew|0 fnt","|faint|p1a: Mew","|","|","|switch|p1a: Hoopa-Unbound|Hoopa-Unbound|301/301","|turn|7","|","|switch|p2a: Rotom-Wash|Rotom-Wash|304/304","|move|p1a: Hoopa-Unbound|Hyperspace Hole|p2a: Rotom-Wash","|-damage|p2a: Rotom-Wash|169/304","|","|turn|8","|","|switch|p1a: Meloetta|Meloetta|403/403","|move|p2a: Rotom-Wash|Volt Switch|p1a: Meloetta","|-damage|p1a: Meloetta|337/403","|","|switch|p2a: Galvantula|Galvantula, M|93/281","|","|turn|9","|","|move|p2a: Galvantula|Bug Buzz|p1a: Meloetta","|-supereffective|p1a: Meloetta","|-damage|p1a: Meloetta|133/403","|move|p1a: Meloetta|Hyper Voice|p2a: Galvantula","|-damage|p2a: Galvantula|0 fnt","|faint|p2a: Galvantula","|","|","|switch|p2a: Raikou|Raikou, shiny|321/321","|-ability|p2a: Raikou|Pressure","|turn|10","|","|move|p2a: Raikou|Volt Switch|p1a: Meloetta","|-damage|p1a: Meloetta|31/403","|","|switch|p2a: Rotom-Wash|Rotom-Wash|169/304","|move|p1a: Meloetta|Hyper Voice|p2a: Rotom-Wash","|-damage|p2a: Rotom-Wash|0 fnt","|faint|p2a: Rotom-Wash","|","|","|switch|p2a: Jolteon|Jolteon, M|271/271","|turn|11","|","|move|p2a: Jolteon|Volt Switch|p1a: Meloetta","|-damage|p1a: Meloetta|0 fnt","|-damage|p2a: Jolteon|244/271|[from] item: Life Orb","|faint|p1a: Meloetta","|","|switch|p2a: Luxray|Luxray, F|301/301","|","|-status|p2a: Luxray|tox|[from] item: Toxic Orb","|","|switch|p1a: Gallade|Gallade, M|339/339","|turn|12","|","|detailschange|p1a: Gallade|Gallade-Mega, M","|-mega|p1a: Gallade|Gallade|Galladite","|move|p2a: Luxray|Wild Charge|p1a: Gallade","|-damage|p1a: Gallade|60/339","|-damage|p2a: Luxray|231/301 tox|[from] recoil|[of] p1a: Gallade","|move|p1a: Gallade|Close Combat|p2a: Luxray","|-damage|p2a: Luxray|0 fnt","|-unboost|p1a: Gallade|def|1","|-unboost|p1a: Gallade|spd|1","|faint|p2a: Luxray","|","|","|switch|p2a: Raikou|Raikou, shiny|321/321","|-ability|p2a: Raikou|Pressure","|turn|13","|","|move|p2a: Raikou|Volt Switch|p1a: Gallade","|-damage|p1a: Gallade|0 fnt","|faint|p1a: Gallade","|","|switch|p2a: Electivire|Electivire, F|291/291","|","|","|switch|p1a: Jirachi|Jirachi|397/397","|turn|14","|","|switch|p1a: Slowbro|Slowbro, F|394/394","|move|p2a: Electivire|Wild Charge|p1a: Slowbro","|-supereffective|p1a: Slowbro","|-damage|p1a: Slowbro|137/394","|-damage|p2a: Electivire|243/291|[from] item: Rocky Helmet|[of] p1a: Slowbro","|-damage|p2a: Electivire|179/291|[from] recoil|[of] p1a: Slowbro","|-damage|p2a: Electivire|150/291|[from] item: Life Orb","|","|turn|15","|","|switch|p1a: Jirachi|Jirachi|397/397","|move|p2a: Electivire|Wild Charge|p1a: Jirachi","|-damage|p1a: Jirachi|194/397","|-damage|p2a: Electivire|99/291|[from] recoil|[of] p1a: Jirachi","|-damage|p2a: Electivire|70/291|[from] item: Life Orb","|","|turn|16","|","|move|p2a: Electivire|Wild Charge|p1a: Jirachi","|-crit|p1a: Jirachi","|-damage|p1a: Jirachi|0 fnt","|-damage|p2a: Electivire|21/291|[from] recoil|[of] p1a: Jirachi","|-damage|p2a: Electivire|0 fnt|[from] item: Life Orb","|faint|p1a: Jirachi","|faint|p2a: Electivire","|","|","|switch|p2a: Jolteon|Jolteon, M|244/271","|switch|p1a: Hoopa-Unbound|Hoopa-Unbound|301/301","|turn|17","|","|move|p2a: Jolteon|Volt Switch|p1a: Hoopa-Unbound","|-damage|p1a: Hoopa-Unbound|191/301","|-damage|p2a: Jolteon|217/271|[from] item: Life Orb","|","|switch|p2a: Raikou|Raikou, shiny|321/321","|-ability|p2a: Raikou|Pressure","|move|p1a: Hoopa-Unbound|Hyperspace Fury|p2a: Raikou","|-damage|p2a: Raikou|104/321","|-unboost|p1a: Hoopa-Unbound|def|1","|","|turn|18","|","|move|p2a: Raikou|Thunderbolt|p1a: Hoopa-Unbound","|-damage|p1a: Hoopa-Unbound|56/301","|move|p1a: Hoopa-Unbound|Hyperspace Fury|p2a: Raikou","|-damage|p2a: Raikou|0 fnt","|-unboost|p1a: Hoopa-Unbound|def|1","|faint|p2a: Raikou","|","|","|switch|p2a: Jolteon|Jolteon, M|217/271","|turn|19","|","|move|p2a: Jolteon|Volt Switch|p1a: Hoopa-Unbound","|-damage|p1a: Hoopa-Unbound|0 fnt","|-damage|p2a: Jolteon|190/271|[from] item: Life Orb","|faint|p1a: Hoopa-Unbound","|","|","|switch|p1a: Slowbro|Slowbro, F|268/394","|turn|20","|","|move|p2a: Jolteon|Thunderbolt|p1a: Slowbro","|-supereffective|p1a: Slowbro","|-damage|p1a: Slowbro|0 fnt","|-damage|p2a: Jolteon|163/271|[from] item: Life Orb","|faint|p1a: Slowbro","|","|win|willwolf"],"p1rating":{"entryid":"114352","serverid":"eos","formatid":"monotype","userid":"voidwho","username":"Void Who","w":"17","l":12,"t":"0","gxe":55.9,"r":"1550.2422625244","rd":"66.623910946599","sigma":"0","rptime":"1440406800","rpr":1545.0367448418,"rprd":61.035094990914,"rpsigma":"0","acre":1110.2853134078,"lacre":1110.2853134078,"oldacre":"1142.4208980395"},"p2rating":{"entryid":"414338","serverid":"eos","formatid":"monotype","userid":"willwolf","username":"willwolf","w":3,"l":"3","t":"0","gxe":49,"r":"1500","rd":"130","sigma":"0","rptime":"1440406800","rpr":1492.2670163117,"rprd":99.420032188948,"rpsigma":"0","acre":1084.0449786698,"lacre":1084.0449786698,"oldacre":"1040.4219391355"},"endType":"normal"}