{"seed":[21404,63763,48258,49332],"turns":27,"p1":"Cryѕtаl Rain","p2":"inferno sasuke","p1team":[{"name":"Diancie","species":"Diancie","item":"diancite","ability":"Clear Body","moves":["moonblast","rockpolish","diamondstorm","earthpower"],"nature":"Naive","evs":{"hp":0,"atk":4,"def":0,"spa":252,"spd":0,"spe":252},"ivs":{"hp":31,"atk":31,"def":31,"spa":31,"spd":31,"spe":31}},{"name":"Sylveon","species":"Sylveon","item":"choicespecs","ability":"Pixilate","moves":["hypervoice","psyshock","hyperbeam","hiddenpowerfire"],"nature":"Modest","evs":{"hp":248,"atk":0,"def":0,"spa":252,"spd":8,"spe":0},"ivs":{"hp":31,"atk":30,"def":31,"spa":30,"spd":31,"spe":30}},{"name":"Azumarill","species":"Azumarill","item":"assaultvest","ability":"Huge Power","moves":["poweruppunch","playrough","knockoff","aquajet"],"nature":"Adamant","evs":{"hp":248,"atk":252,"def":0,"spa":0,"spd":8,"spe":0},"ivs":{"hp":31,"atk":31,"def":31,"spa":31,"spd":31,"spe":31}},{"name":"Klefki","species":"Klefki","item":"lightclay","ability":"Prankster","moves":["reflect","lightscreen","thunderwave","playrough"],"nature":"Impish","evs":{"hp":248,"atk":8,"def":252,"spa":0,"spd":0,"spe":0},"ivs":{"hp":31,"atk":31,"def":31,"spa":31,"spd":31,"spe":31}},{"name":"Togekiss","species":"Togekiss","item":"choicescarf","ability":"Serene Grace","moves":["aurasphere","dazzlinggleam","flamethrower","airslash"],"nature":"Timid","evs":{"hp":4,"atk":0,"def":0,"spa":252,"spd":0,"spe":252},"ivs":{"hp":31,"atk":31,"def":31,"spa":31,"spd":31,"spe":31}},{"name":"Granbull","species":"Granbull","item":"leftovers","ability":"Intimidate","moves":["thunderwave","playrough","bulkup","icepunch"],"nature":"Impish","evs":{"hp":252,"atk":0,"def":252,"spa":0,"spd":0,"spe":0},"ivs":{"hp":31,"atk":31,"def":31,"spa":31,"spd":31,"spe":31}}],"p2team":[{"name":"磁遁・砂金大葬","species":"skarmory","item":"shedshell","ability":"Sturdy","moves":["roost","defog","stealthrock","whirlwind"],"nature":"Bold","evs":{"hp":252,"atk":0,"def":252,"spa":0,"spd":0,"spe":4},"ivs":{"hp":31,"atk":31,"def":31,"spa":31,"spd":31,"spe":31}},{"name":"Charizard","species":"Charizard","item":"charizarditey","ability":"Blaze","moves":["flamethrower","solarbeam","earthquake","airslash"],"nature":"Hasty","evs":{"hp":0,"atk":4,"def":0,"spa":252,"spd":0,"spe":252},"ivs":{"hp":31,"atk":31,"def":31,"spa":31,"spd":31,"spe":31}},{"name":"Evangelion","species":"thundurus","item":"lifeorb","ability":"Prankster","moves":["thunderbolt","thunderwave","knockoff","superpower"],"nature":"Naive","evs":{"hp":4,"atk":252,"def":0,"spa":0,"spd":0,"spe":252},"ivs":{"hp":31,"atk":31,"def":31,"spa":31,"spd":31,"spe":31}},{"name":"God eater","species":"landorus","item":"lifeorb","ability":"Sheer Force","moves":["earthpower","sludgebomb","focusblast","rockpolish"],"nature":"Timid","evs":{"hp":0,"atk":0,"def":0,"spa":252,"spd":4,"spe":252},"ivs":{"hp":31,"atk":31,"def":31,"spa":31,"spd":31,"spe":31}},{"name":"Attack on Fighting","species":"gyarados","item":"choicescarf","ability":"Moxie","moves":["earthquake","waterfall","icefang","bounce"],"nature":"Adamant","evs":{"hp":0,"atk":252,"def":4,"spa":0,"spd":0,"spe":252},"ivs":{"hp":31,"atk":31,"def":31,"spa":31,"spd":31,"spe":31}},{"name":"7 deadly sins","species":"dragonite","item":"weaknesspolicy","ability":"Multiscale","moves":["dragonclaw","extremespeed","firepunch","dragondance"],"nature":"Adamant","evs":{"hp":4,"atk":252,"def":0,"spa":0,"spd":0,"spe":252},"ivs":{"hp":31,"atk":31,"def":31,"spa":31,"spd":31,"spe":31}}],"log":["|player|p1|Cryѕtаl Rain|crystalraichu.png","|player|p2|inferno sasuke|infernosasuke.png","|gametype|singles","|gen|6","|tier|Monotype","|rated","|rule|Baton Pass Clause: Limit one Baton Passer, can't pass Spe and other stats simultaneously","|rule|Swagger Clause: Swagger is banned","|rule|Same Type Clause: Pokémon in a team must share a type","|clearpoke","|poke|p1|Diancie","|poke|p1|Sylveon, M","|poke|p1|Azumarill, M","|poke|p1|Klefki, M","|poke|p1|Togekiss, F","|poke|p1|Granbull, F","|poke|p2|Skarmory, F","|poke|p2|Charizard, F","|poke|p2|Thundurus, M","|poke|p2|Landorus, M","|poke|p2|Gyarados, M","|poke|p2|Dragonite, F","|rule|Sleep Clause Mod: Limit one foe put to sleep","|rule|Species Clause: Limit one of each Pokémon","|rule|OHKO Clause: OHKO moves are banned","|rule|Moody Clause: Moody is banned","|rule|Evasion Moves Clause: Evasion moves are banned","|rule|Endless Battle Clause: Forcing endless battles is banned","|rule|HP Percentage Mod: HP is shown in percentages","|teampreview","|","|start","|switch|p1a: Klefki|Klefki, M|317/317","|switch|p2a: God eater|Landorus, M|319/319","|turn|1","|","|move|p1a: Klefki|Light Screen|p1a: Klefki","|-sidestart|p1: Cryѕtаl Rain|move: Light Screen","|move|p2a: God eater|Earth Power|p1a: Klefki","|-supereffective|p1a: Klefki","|-damage|p1a: Klefki|62/317","|","|turn|2","|","|switch|p1a: Togekiss|Togekiss, F|312/312","|move|p2a: God eater|Earth Power|p1a: Togekiss","|-immune|p1a: Togekiss|[msg]","|","|turn|3","|","|move|p1a: Togekiss|Air Slash|p2a: God eater","|-damage|p2a: God eater|159/319","|cant|p2a: God eater|flinch","|","|turn|4","|","|move|p1a: Togekiss|Air Slash|p2a: God eater","|-damage|p2a: God eater|9/319","|cant|p2a: God eater|flinch","|","|turn|5","|","|switch|p2a: 磁遁・砂金大葬|Skarmory, F|334/334","|move|p1a: Togekiss|Air Slash|p2a: 磁遁・砂金大葬","|-resisted|p2a: 磁遁・砂金大葬","|-damage|p2a: 磁遁・砂金大葬|256/334","|","|turn|6","|","|switch|p1a: Klefki|Klefki, M|62/317","|move|p2a: 磁遁・砂金大葬|Whirlwind|p1a: Klefki","|drag|p1a: Granbull|Granbull, F|384/384","|-ability|p1a: Granbull|Intimidate","|-unboost|p2a: 磁遁・砂金大葬|atk|1","|","|turn|7","|","|move|p2a: 磁遁・砂金大葬|Stealth Rock|p1a: Granbull","|-sidestart|p1: Cryѕtаl Rain|move: Stealth Rock","|move|p1a: Granbull|Thunder Wave|p2a: 磁遁・砂金大葬","|-status|p2a: 磁遁・砂金大葬|par","|","|turn|8","|","|switch|p1a: Togekiss|Togekiss, F|312/312","|-damage|p1a: Togekiss|234/312|[from] Stealth Rock","|move|p2a: 磁遁・砂金大葬|Whirlwind|p1a: Togekiss","|drag|p1a: Granbull|Granbull, F|384/384","|-damage|p1a: Granbull|336/384|[from] Stealth Rock","|-ability|p1a: Granbull|Intimidate","|-unboost|p2a: 磁遁・砂金大葬|atk|1","|","|-heal|p1a: Granbull|360/384|[from] item: Leftovers","|-sideend|p1: Cryѕtаl Rain|move: Light Screen","|turn|9","|","|switch|p2a: Charizard|Charizard, F|297/297","|move|p1a: Granbull|Ice Punch|p2a: Charizard","|-damage|p2a: Charizard|205/297","|","|-heal|p1a: Granbull|384/384|[from] item: Leftovers","|turn|10","|","|detailschange|p2a: Charizard|Charizard-Mega-Y, F","|-mega|p2a: Charizard|Charizard|Charizardite Y","|-weather|SunnyDay","|move|p2a: Charizard|Flamethrower|p1a: Granbull","|-damage|p1a: Granbull|0 fnt","|faint|p1a: Granbull","|","|-weather|SunnyDay|[upkeep]","|","|switch|p1a: Togekiss|Togekiss, F|234/312","|-damage|p1a: Togekiss|156/312|[from] Stealth Rock","|turn|11","|","|move|p1a: Togekiss|Air Slash|p2a: Charizard","|-damage|p2a: Charizard|97/297","|cant|p2a: Charizard|flinch","|","|-weather|SunnyDay|[upkeep]","|turn|12","|","|switch|p2a: 磁遁・砂金大葬|Skarmory, F|256/334 par","|move|p1a: Togekiss|Air Slash|p2a: 磁遁・砂金大葬","|-crit|p2a: 磁遁・砂金大葬","|-resisted|p2a: 磁遁・砂金大葬","|-damage|p2a: 磁遁・砂金大葬|133/334 par","|","|-weather|SunnyDay|[upkeep]","|turn|13","|","|move|p1a: Togekiss|Air Slash|p2a: 磁遁・砂金大葬","|-resisted|p2a: 磁遁・砂金大葬","|-damage|p2a: 磁遁・砂金大葬|51/334 par","|cant|p2a: 磁遁・砂金大葬|flinch","|","|-weather|SunnyDay|[upkeep]","|turn|14","|","|move|p1a: Togekiss|Air Slash|p2a: 磁遁・砂金大葬","|-resisted|p2a: 磁遁・砂金大葬","|-damage|p2a: 磁遁・砂金大葬|0 fnt","|faint|p2a: 磁遁・砂金大葬","|","|-weather|none","|","|switch|p2a: Evangelion|Thundurus, M|300/300","|turn|15","|","|switch|p1a: Klefki|Klefki, M|62/317","|-damage|p1a: Klefki|43/317|[from] Stealth Rock","|move|p2a: Evangelion|Thunderbolt|p1a: Klefki","|-damage|p1a: Klefki|0 fnt","|-damage|p2a: Evangelion|270/300|[from] item: Life Orb","|faint|p1a: Klefki","|","|","|switch|p1a: Diancie|Diancie|241/241","|-damage|p1a: Diancie|211/241|[from] Stealth Rock","|turn|16","|","|detailschange|p1a: Diancie|Diancie-Mega","|-mega|p1a: Diancie|Diancie|Diancite","|move|p2a: Evangelion|Thunderbolt|p1a: Diancie","|-damage|p1a: Diancie|36/241","|-status|p1a: Diancie|par","|-damage|p2a: Evangelion|240/300|[from] item: Life Orb","|cant|p1a: Diancie|par","|","|turn|17","|","|move|p2a: Evangelion|Thunderbolt|p1a: Diancie","|-damage|p1a: Diancie|0 fnt","|-damage|p2a: Evangelion|210/300|[from] item: Life Orb","|faint|p1a: Diancie","|","|","|switch|p1a: Sylveon|Sylveon, M|393/393","|-damage|p1a: Sylveon|344/393|[from] Stealth Rock","|turn|18","|","|move|p2a: Evangelion|Thunderbolt|p1a: Sylveon","|-damage|p1a: Sylveon|223/393","|-damage|p2a: Evangelion|180/300|[from] item: Life Orb","|move|p1a: Sylveon|Hyper Voice|p2a: Evangelion","|-damage|p2a: Evangelion|0 fnt","|faint|p2a: Evangelion","|","|","|switch|p2a: Charizard|Charizard-Mega-Y, F|97/297","|-weather|SunnyDay","|turn|19","|","|move|p2a: Charizard|Earthquake|p1a: Sylveon","|-damage|p1a: Sylveon|111/393","|move|p1a: Sylveon|Hyper Voice|p2a: Charizard","|-resisted|p2a: Charizard","|-damage|p2a: Charizard|0 fnt","|faint|p2a: Charizard","|","|-weather|SunnyDay|[upkeep]","|","|switch|p2a: God eater|Landorus, M|9/319","|turn|20","|","|move|p2a: God eater|Sludge Bomb|p1a: Sylveon","|-supereffective|p1a: Sylveon","|-damage|p1a: Sylveon|0 fnt","|faint|p1a: Sylveon","|","|-weather|SunnyDay|[upkeep]","|","|switch|p1a: Azumarill|Azumarill, M|403/403","|-damage|p1a: Azumarill|353/403|[from] Stealth Rock","|turn|21","|","|switch|p2a: Attack on Fighting|Gyarados, M|331/331","|move|p1a: Azumarill|Aqua Jet|p2a: Attack on Fighting","|-resisted|p2a: Attack on Fighting","|-damage|p2a: Attack on Fighting|304/331","|","|-weather|SunnyDay|[upkeep]","|turn|22","|","|move|p2a: Attack on Fighting|Bounce|p1a: Azumarill|[still]","|-prepare|p2a: Attack on Fighting|Bounce|p1a: Azumarill","|move|p1a: Azumarill|Play Rough|p2a: Attack on Fighting|[miss]","|-miss|p1a: Azumarill|p2a: Attack on Fighting","|","|-weather|SunnyDay|[upkeep]","|turn|23","|","|move|p2a: Attack on Fighting|Bounce|p1a: Azumarill|[from]lockedmove","|-damage|p1a: Azumarill|160/403","|move|p1a: Azumarill|Play Rough|p2a: Attack on Fighting","|-damage|p2a: Attack on Fighting|87/331","|","|-weather|none","|turn|24","|","|move|p1a: Azumarill|Aqua Jet|p2a: Attack on Fighting","|-resisted|p2a: Attack on Fighting","|-damage|p2a: Attack on Fighting|30/331","|move|p2a: Attack on Fighting|Bounce|p1a: Azumarill|[still]","|-prepare|p2a: Attack on Fighting|Bounce|p1a: Azumarill","|","|turn|25","|","|move|p2a: Attack on Fighting|Bounce|p1a: Azumarill|[from]lockedmove","|-damage|p1a: Azumarill|0 fnt","|faint|p1a: Azumarill","|-boost|p2a: Attack on Fighting|atk|1|[from] ability: Moxie","|","|","|switch|p1a: Togekiss|Togekiss, F|156/312","|-damage|p1a: Togekiss|78/312|[from] Stealth Rock","|turn|26","|","|move|p1a: Togekiss|Air Slash|p2a: Attack on Fighting","|-damage|p2a: Attack on Fighting|0 fnt","|faint|p2a: Attack on Fighting","|","|","|switch|p2a: 7 deadly sins|Dragonite, F|324/324","|turn|27","|","|move|p2a: 7 deadly sins|Extreme Speed|p1a: Togekiss","|-damage|p1a: Togekiss|0 fnt","|faint|p1a: Togekiss","|","|win|inferno sasuke"],"p1rating":{"entryid":"372740","serverid":"eos","formatid":"monotype","userid":"crytlrain","username":"Cryѕtаl Rain","w":"11","l":4,"t":"0","gxe":60.8,"r":"1528.1162292296","rd":"98.62203470296","sigma":"0","rptime":"1440406800","rpr":1584.2077358537,"rprd":77.571687265567,"rpsigma":"0","acre":1174.8742144473,"lacre":1174.8742144473,"oldacre":"1207.6585820859"},"p2rating":{"entryid":"45674","serverid":"eos","formatid":"monotype","userid":"infernosasuke","username":"Inferno Sasuke","w":23,"l":"44","t":"0","gxe":37.2,"r":"1386.0823869338","rd":"48.002750918871","sigma":"0","rptime":"1440406800","rpr":1400.7762494984,"rprd":44.563674269356,"rpsigma":"0","acre":1129.3792450182,"lacre":1129.3792450182,"oldacre":"1095.7610495125"},"endType":"normal"}