{"seed":[26467,52903,47898,21624],"turns":34,"p1":"Inferno Sableye","p2":"LightOfAKnowing","p1team":[{"name":"Not op","species":"sableye","item":"sablenite","ability":"Prankster","moves":["shadowball","recover","calmmind","willowisp"],"nature":"Bold","evs":{"hp":248,"atk":0,"def":252,"spa":0,"spd":8,"spe":0},"ivs":{"hp":31,"atk":0,"def":31,"spa":31,"spd":31,"spe":31}},{"name":"Rawwrrrr","species":"tyranitar","item":"chopleberry","ability":"Sand Stream","moves":["stealthrock","thunderwave","rockslide","earthquake"],"nature":"Impish","evs":{"hp":252,"atk":0,"def":80,"spa":0,"spd":176,"spe":0},"ivs":{"hp":31,"atk":31,"def":31,"spa":31,"spd":31,"spe":31}},{"name":"Bish Plz","species":"bisharp","item":"lumberry","ability":"Defiant","moves":["knockoff","suckerpunch","ironhead","swordsdance"],"nature":"Adamant","evs":{"hp":0,"atk":252,"def":4,"spa":0,"spd":0,"spe":252},"gender":"M","shiny":true,"ivs":{"hp":31,"atk":31,"def":31,"spa":31,"spd":31,"spe":31}},{"name":"Oit of this world","species":"hoopaunbound","item":"choicescarf","ability":"Magician","moves":["gunkshot","psychic","hyperspacefury","drainpunch"],"nature":"Hasty","evs":{"hp":0,"atk":252,"def":0,"spa":4,"spd":0,"spe":252},"ivs":{"hp":31,"atk":31,"def":31,"spa":31,"spd":31,"spe":31}},{"name":"No pressure","species":"weavile","item":"lifeorb","ability":"Pressure","moves":["iciclecrash","iceshard","knockoff","lowkick"],"nature":"Jolly","evs":{"hp":0,"atk":252,"def":0,"spa":0,"spd":4,"spe":252},"ivs":{"hp":31,"atk":31,"def":31,"spa":31,"spd":31,"spe":31}},{"name":"Buzz off bitch","species":"mandibuzz","item":"rockyhelmet","ability":"Overcoat","moves":["roost","defog","whirlwind","foulplay"],"nature":"Bold","evs":{"hp":176,"atk":0,"def":252,"spa":0,"spd":80,"spe":0},"ivs":{"hp":31,"atk":31,"def":31,"spa":31,"spd":31,"spe":31}}],"p2team":[{"name":"Sharpedo","species":"Sharpedo","item":"sharpedonite","ability":"Speed Boost","moves":["protect","substitute","crunch","waterfall"],"nature":"Adamant","evs":{"hp":0,"atk":252,"def":0,"spa":0,"spd":4,"spe":252},"ivs":{"hp":31,"atk":31,"def":31,"spa":31,"spd":31,"spe":31}},{"name":"Starmie","species":"Starmie","item":"lightclay","ability":"Natural Cure","moves":["rapidspin","scald","lightscreen","reflect"],"nature":"Timid","evs":{"hp":252,"atk":0,"def":0,"spa":4,"spd":0,"spe":252},"ivs":{"hp":31,"atk":31,"def":31,"spa":31,"spd":31,"spe":31}},{"name":"Azumarill","species":"Azumarill","item":"sitrusberry","ability":"Huge Power","moves":["bellydrum","aquajet","playrough","bodyslam"],"nature":"Adamant","evs":{"hp":252,"atk":252,"def":0,"spa":0,"spd":4,"spe":0},"ivs":{"hp":31,"atk":31,"def":31,"spa":31,"spd":31,"spe":31}},{"name":"Poliwrath","species":"Poliwrath","item":"leftovers","ability":"Water Absorb","moves":["substitute","focuspunch","poisonjab","waterfall"],"nature":"Adamant","evs":{"hp":252,"atk":252,"def":0,"spa":0,"spd":4,"spe":0},"ivs":{"hp":31,"atk":31,"def":31,"spa":31,"spd":31,"spe":31}},{"name":"Milotic","species":"Milotic","item":"leftovers","ability":"Competitive","moves":["mirrorcoat","scald","recover","magiccoat"],"nature":"Bold","evs":{"hp":248,"atk":0,"def":252,"spa":0,"spd":8,"spe":0},"ivs":{"hp":31,"atk":31,"def":31,"spa":31,"spd":31,"spe":31}},{"name":"Clawitzer","species":"Clawitzer","item":"choicescarf","ability":"Mega Launcher","moves":["waterpulse","aurasphere","darkpulse","dragonpulse"],"nature":"Timid","evs":{"hp":0,"atk":0,"def":0,"spa":252,"spd":4,"spe":252},"ivs":{"hp":31,"atk":31,"def":31,"spa":31,"spd":31,"spe":31}}],"log":["|player|p1|Inferno Sableye|infernosableye.gif","|player|p2|LightOfAKnowing|lightofaknowing.png","|gametype|singles","|gen|6","|tier|Monotype","|rated","|rule|Baton Pass Clause: Limit one Baton Passer, can't pass Spe and other stats simultaneously","|rule|Swagger Clause: Swagger is banned","|rule|Same Type Clause: Pokémon in a team must share a type","|clearpoke","|poke|p1|Sableye, M","|poke|p1|Tyranitar, F","|poke|p1|Bisharp, M, shiny","|poke|p1|Hoopa-Unbound","|poke|p1|Weavile, F","|poke|p1|Mandibuzz, F","|poke|p2|Sharpedo, M","|poke|p2|Starmie","|poke|p2|Azumarill, M","|poke|p2|Poliwrath, M","|poke|p2|Milotic, M","|poke|p2|Clawitzer, F","|rule|Sleep Clause Mod: Limit one foe put to sleep","|rule|Species Clause: Limit one of each Pokémon","|rule|OHKO Clause: OHKO moves are banned","|rule|Moody Clause: Moody is banned","|rule|Evasion Moves Clause: Evasion moves are banned","|rule|Endless Battle Clause: Forcing endless battles is banned","|rule|HP Percentage Mod: HP is shown in percentages","|teampreview","|","|start","|switch|p1a: Oit of this world|Hoopa-Unbound|301/301","|switch|p2a: Starmie|Starmie|324/324","|turn|1","|","|move|p1a: Oit of this world|Gunk Shot|p2a: Starmie","|-damage|p2a: Starmie|124/324","|move|p2a: Starmie|Reflect|p2a: Starmie","|-sidestart|p2: LightOfAKnowing|Reflect","|","|turn|2","|","|switch|p1a: Buzz off bitch|Mandibuzz, F|405/405","|move|p2a: Starmie|Scald|p1a: Buzz off bitch","|-damage|p1a: Buzz off bitch|306/405","|-status|p1a: Buzz off bitch|brn","|","|-damage|p1a: Buzz off bitch|256/405 brn|[from] brn","|turn|3","|","|move|p2a: Starmie|Light Screen|p2a: Starmie","|-sidestart|p2: LightOfAKnowing|move: Light Screen","|move|p1a: Buzz off bitch|Defog|p2a: Starmie","|-unboost|p2a: Starmie|evasion|1","|-sideend|p2: LightOfAKnowing|Reflect","|-sideend|p2: LightOfAKnowing|move: Light Screen","|","|-damage|p1a: Buzz off bitch|206/405 brn|[from] brn","|turn|4","|","|move|p2a: Starmie|Scald|p1a: Buzz off bitch","|-damage|p1a: Buzz off bitch|110/405 brn","|move|p1a: Buzz off bitch|Roost|p1a: Buzz off bitch","|-heal|p1a: Buzz off bitch|313/405 brn","|","|-damage|p1a: Buzz off bitch|263/405 brn|[from] brn","|turn|5","|","|move|p2a: Starmie|Scald|p1a: Buzz off bitch","|-damage|p1a: Buzz off bitch|175/405 brn","|move|p1a: Buzz off bitch|Roost|p1a: Buzz off bitch","|-heal|p1a: Buzz off bitch|378/405 brn","|","|-damage|p1a: Buzz off bitch|328/405 brn|[from] brn","|turn|6","|","|move|p2a: Starmie|Reflect|p2a: Starmie","|-sidestart|p2: LightOfAKnowing|Reflect","|move|p1a: Buzz off bitch|Roost|p1a: Buzz off bitch","|-heal|p1a: Buzz off bitch|405/405 brn","|","|-damage|p1a: Buzz off bitch|355/405 brn|[from] brn","|turn|7","|","|move|p2a: Starmie|Scald|p1a: Buzz off bitch","|-damage|p1a: Buzz off bitch|262/405 brn","|move|p1a: Buzz off bitch|Defog|p2a: Starmie","|-unboost|p2a: Starmie|evasion|1","|-sideend|p2: LightOfAKnowing|Reflect","|","|-damage|p1a: Buzz off bitch|212/405 brn|[from] brn","|turn|8","|","|move|p2a: Starmie|Light Screen|p2a: Starmie","|-sidestart|p2: LightOfAKnowing|move: Light Screen","|move|p1a: Buzz off bitch|Roost|p1a: Buzz off bitch","|-heal|p1a: Buzz off bitch|405/405 brn","|","|-damage|p1a: Buzz off bitch|355/405 brn|[from] brn","|turn|9","|","|move|p2a: Starmie|Scald|p1a: Buzz off bitch","|-damage|p1a: Buzz off bitch|256/405 brn","|move|p1a: Buzz off bitch|Foul Play|p2a: Starmie","|-supereffective|p2a: Starmie","|-damage|p2a: Starmie|25/324","|","|-damage|p1a: Buzz off bitch|206/405 brn|[from] brn","|turn|10","|","|move|p2a: Starmie|Scald|p1a: Buzz off bitch","|-damage|p1a: Buzz off bitch|107/405 brn","|move|p1a: Buzz off bitch|Roost|p1a: Buzz off bitch","|-heal|p1a: Buzz off bitch|310/405 brn","|","|-damage|p1a: Buzz off bitch|260/405 brn|[from] brn","|turn|11","|","|move|p2a: Starmie|Scald|p1a: Buzz off bitch","|-damage|p1a: Buzz off bitch|167/405 brn","|move|p1a: Buzz off bitch|Roost|p1a: Buzz off bitch","|-heal|p1a: Buzz off bitch|370/405 brn","|","|-damage|p1a: Buzz off bitch|320/405 brn|[from] brn","|turn|12","|","|move|p2a: Starmie|Scald|p1a: Buzz off bitch","|-damage|p1a: Buzz off bitch|224/405 brn","|move|p1a: Buzz off bitch|Roost|p1a: Buzz off bitch","|-heal|p1a: Buzz off bitch|405/405 brn","|","|-damage|p1a: Buzz off bitch|355/405 brn|[from] brn","|turn|13","|","|move|p2a: Starmie|Scald|p1a: Buzz off bitch","|-damage|p1a: Buzz off bitch|262/405 brn","|move|p1a: Buzz off bitch|Foul Play|p2a: Starmie","|-supereffective|p2a: Starmie","|-damage|p2a: Starmie|0 fnt","|faint|p2a: Starmie","|","|-damage|p1a: Buzz off bitch|212/405 brn|[from] brn","|","|switch|p2a: Azumarill|Azumarill, M|404/404","|turn|14","|","|move|p1a: Buzz off bitch|Roost|p1a: Buzz off bitch","|-heal|p1a: Buzz off bitch|405/405 brn","|move|p2a: Azumarill|Play Rough|p1a: Buzz off bitch","|-supereffective|p1a: Buzz off bitch","|-damage|p1a: Buzz off bitch|115/405 brn","|-damage|p2a: Azumarill|337/404|[from] item: Rocky Helmet|[of] p1a: Buzz off bitch","|","|-damage|p1a: Buzz off bitch|65/405 brn|[from] brn","|turn|15","|","|switch|p2a: Sharpedo|Sharpedo, M|281/281","|move|p1a: Buzz off bitch|Roost|p1a: Buzz off bitch","|-heal|p1a: Buzz off bitch|268/405 brn","|","|-damage|p1a: Buzz off bitch|218/405 brn|[from] brn","|-sideend|p2: LightOfAKnowing|move: Light Screen","|turn|16","|","|move|p2a: Sharpedo|Protect|p2a: Sharpedo","|-singleturn|p2a: Sharpedo|Protect","|move|p1a: Buzz off bitch|Roost|p1a: Buzz off bitch","|-heal|p1a: Buzz off bitch|405/405 brn","|","|-damage|p1a: Buzz off bitch|355/405 brn|[from] brn","|-boost|p2a: Sharpedo|spe|1|[from] ability: Speed Boost","|turn|17","|","|switch|p1a: Rawwrrrr|Tyranitar, F|404/404","|-weather|Sandstorm","|move|p2a: Sharpedo|Substitute|p2a: Sharpedo","|-start|p2a: Sharpedo|Substitute","|-damage|p2a: Sharpedo|211/281","|","|-weather|Sandstorm|[upkeep]","|-damage|p2a: Sharpedo|194/281|[from] sandstorm","|-boost|p2a: Sharpedo|spe|1|[from] ability: Speed Boost","|turn|18","|","|detailschange|p2a: Sharpedo|Sharpedo-Mega, M","|-mega|p2a: Sharpedo|Sharpedo|Sharpedonite","|move|p2a: Sharpedo|Waterfall|p1a: Rawwrrrr","|-supereffective|p1a: Rawwrrrr","|-damage|p1a: Rawwrrrr|164/404","|move|p1a: Rawwrrrr|Earthquake|p2a: Sharpedo","|-end|p2a: Sharpedo|Substitute","|","|-weather|Sandstorm|[upkeep]","|-damage|p2a: Sharpedo|177/281|[from] sandstorm","|turn|19","|","|move|p2a: Sharpedo|Waterfall|p1a: Rawwrrrr","|-supereffective|p1a: Rawwrrrr","|-damage|p1a: Rawwrrrr|0 fnt","|faint|p1a: Rawwrrrr","|","|-weather|Sandstorm|[upkeep]","|-damage|p2a: Sharpedo|160/281|[from] sandstorm","|","|switch|p1a: Not op|Sableye, M|303/303","|turn|20","|","|move|p2a: Sharpedo|Protect|p2a: Sharpedo","|-singleturn|p2a: Sharpedo|Protect","|move|p1a: Not op|Will-O-Wisp|p2a: Sharpedo","|-activate|p2a: Sharpedo|Protect","|","|-weather|Sandstorm|[upkeep]","|-damage|p2a: Sharpedo|143/281|[from] sandstorm","|-damage|p1a: Not op|285/303|[from] sandstorm","|turn|21","|","|move|p1a: Not op|Will-O-Wisp|p2a: Sharpedo","|-status|p2a: Sharpedo|brn","|move|p2a: Sharpedo|Waterfall|p1a: Not op","|-damage|p1a: Not op|218/303","|","|-weather|none","|-damage|p2a: Sharpedo|108/281 brn|[from] brn","|turn|22","|","|move|p1a: Not op|Recover|p1a: Not op","|-heal|p1a: Not op|303/303","|move|p2a: Sharpedo|Crunch|p1a: Not op","|-damage|p1a: Not op|192/303","|","|-damage|p2a: Sharpedo|73/281 brn|[from] brn","|turn|23","|","|move|p1a: Not op|Recover|p1a: Not op","|-heal|p1a: Not op|303/303","|move|p2a: Sharpedo|Crunch|p1a: Not op","|-damage|p1a: Not op|197/303","|","|-damage|p2a: Sharpedo|38/281 brn|[from] brn","|turn|24","|","|move|p1a: Not op|Recover|p1a: Not op","|-heal|p1a: Not op|303/303","|move|p2a: Sharpedo|Crunch|p1a: Not op","|-damage|p1a: Not op|205/303","|","|-damage|p2a: Sharpedo|3/281 brn|[from] brn","|turn|25","|","|move|p1a: Not op|Recover|p1a: Not op","|-heal|p1a: Not op|303/303","|move|p2a: Sharpedo|Crunch|p1a: Not op","|-damage|p1a: Not op|197/303","|-unboost|p1a: Not op|def|1","|","|-damage|p2a: Sharpedo|0 fnt|[from] brn","|faint|p2a: Sharpedo","|","|switch|p2a: Azumarill|Azumarill, M|337/404","|turn|26","|","|detailschange|p1a: Not op|Sableye-Mega, M","|-mega|p1a: Not op|Sableye|Sablenite","|move|p1a: Not op|Will-O-Wisp|p2a: Azumarill|[miss]","|-miss|p1a: Not op|p2a: Azumarill","|move|p2a: Azumarill|Play Rough|p1a: Not op","|-supereffective|p1a: Not op","|-damage|p1a: Not op|0 fnt","|faint|p1a: Not op","|","|","|switch|p1a: Oit of this world|Hoopa-Unbound|301/301","|turn|27","|","|move|p1a: Oit of this world|Psychic|p2a: Azumarill","|-damage|p2a: Azumarill|145/404","|-enditem|p2a: Azumarill|Sitrus Berry|[eat]","|-heal|p2a: Azumarill|246/404|[from] item: Sitrus Berry","|move|p2a: Azumarill|Play Rough|p1a: Oit of this world","|-supereffective|p1a: Oit of this world","|-damage|p1a: Oit of this world|0 fnt","|faint|p1a: Oit of this world","|","|","|switch|p1a: Bish Plz|Bisharp, M, shiny|271/271","|turn|28","|","|move|p1a: Bish Plz|Iron Head|p2a: Azumarill","|-damage|p2a: Azumarill|59/404","|move|p2a: Azumarill|Play Rough|p1a: Bish Plz","|-damage|p1a: Bish Plz|64/271","|","|turn|29","|","|move|p1a: Bish Plz|Sucker Punch|p2a: Azumarill","|-resisted|p2a: Azumarill","|-damage|p2a: Azumarill|0 fnt","|faint|p2a: Azumarill","|","|","|switch|p2a: Poliwrath|Poliwrath, M|384/384","|turn|30","|","|switch|p1a: Buzz off bitch|Mandibuzz, F|355/405 brn","|move|p2a: Poliwrath|Substitute|p2a: Poliwrath","|-start|p2a: Poliwrath|Substitute","|-damage|p2a: Poliwrath|288/384","|","|-heal|p2a: Poliwrath|312/384|[from] item: Leftovers","|-damage|p1a: Buzz off bitch|305/405 brn|[from] brn","|turn|31","|","|-singleturn|p2a: Poliwrath|move: Focus Punch","|move|p1a: Buzz off bitch|Foul Play|p2a: Poliwrath","|-resisted|p2a: Poliwrath","|-activate|p2a: Poliwrath|Substitute|[damage]","|move|p2a: Poliwrath|Focus Punch|p1a: Buzz off bitch","|-damage|p1a: Buzz off bitch|154/405 brn","|-damage|p2a: Poliwrath|248/384|[from] item: Rocky Helmet|[of] p1a: Buzz off bitch","|","|-heal|p2a: Poliwrath|272/384|[from] item: Leftovers","|-damage|p1a: Buzz off bitch|104/405 brn|[from] brn","|turn|32","|","|-singleturn|p2a: Poliwrath|move: Focus Punch","|move|p1a: Buzz off bitch|Roost|p1a: Buzz off bitch","|-heal|p1a: Buzz off bitch|307/405 brn","|move|p2a: Poliwrath|Focus Punch|p1a: Buzz off bitch","|-supereffective|p1a: Buzz off bitch","|-damage|p1a: Buzz off bitch|0 fnt","|-damage|p2a: Poliwrath|208/384|[from] item: Rocky Helmet|[of] p1a: Buzz off bitch","|faint|p1a: Buzz off bitch","|","|-heal|p2a: Poliwrath|232/384|[from] item: Leftovers","|","|switch|p1a: No pressure|Weavile, F|281/281","|-ability|p1a: No pressure|Pressure","|turn|33","|","|-singleturn|p2a: Poliwrath|move: Focus Punch","|move|p1a: No pressure|Knock Off|p2a: Poliwrath","|-resisted|p2a: Poliwrath","|-end|p2a: Poliwrath|Substitute","|-damage|p1a: No pressure|253/281|[from] item: Life Orb","|move|p2a: Poliwrath|Focus Punch|p1a: No pressure","|-supereffective|p1a: No pressure","|-damage|p1a: No pressure|0 fnt","|faint|p1a: No pressure","|","|-heal|p2a: Poliwrath|256/384|[from] item: Leftovers","|","|switch|p1a: Bish Plz|Bisharp, M, shiny|64/271","|turn|34","|","|move|p1a: Bish Plz|Knock Off|p2a: Poliwrath","|-resisted|p2a: Poliwrath","|-damage|p2a: Poliwrath|158/384","|-enditem|p2a: Poliwrath|Leftovers|[from] move: Knock Off|[of] p1a: Bish Plz","|move|p2a: Poliwrath|Waterfall|p1a: Bish Plz","|-damage|p1a: Bish Plz|0 fnt","|faint|p1a: Bish Plz","|","|win|LightOfAKnowing"],"p1rating":{"entryid":"83803","serverid":"eos","formatid":"monotype","userid":"infernosableye","username":"Inferno Sableye","w":"50","l":16,"t":"0","gxe":73,"r":"1684.0737894333","rd":"50.231927762125","sigma":"0","rptime":"1440406800","rpr":1688.5005921599,"rprd":46.005286586969,"rpsigma":"0","acre":1299.595062292,"lacre":1299.595062292,"oldacre":"1328.0983321005"},"p2rating":{"entryid":"386","serverid":"eos","formatid":"monotype","userid":"lightofaknowing","username":"LightOfAKnowing","w":32,"l":"40","t":"0","gxe":46.8,"r":"1416.9477002435","rd":"51.599175927199","sigma":"0","rptime":"1440406800","rpr":1475.7178951575,"rprd":43.012854056239,"rpsigma":"0","acre":1205.9992815713,"lacre":1205.9992815713,"oldacre":"1170.3701943107"},"endType":"normal"}