{"seed":[32396,52654,21558,7119],"turns":35,"p1":"jackker","p2":"Arcade Twizzler","p1team":[{"name":"toges.copy","species":"cobalion","item":"leftovers","ability":"Justified","moves":["stealthrock","taunt","ironhead","thunderwave"],"nature":"Impish","evs":{"hp":252,"atk":0,"def":212,"spa":0,"spd":0,"spe":44},"ivs":{"hp":31,"atk":31,"def":31,"spa":31,"spd":31,"spe":31}},{"name":"beyblade","species":"hitmontop","item":"assaultvest","ability":"Intimidate","moves":["endeavor","seismictoss","suckerpunch","rapidspin"],"nature":"Careful","evs":{"hp":252,"atk":0,"def":16,"spa":0,"spd":240,"spe":0},"ivs":{"hp":31,"atk":31,"def":31,"spa":31,"spd":31,"spe":31}},{"name":"the.punk","species":"scrafty","item":"leftovers","ability":"Shed Skin","moves":["crunch","drainpunch","bulkup","icepunch"],"nature":"Careful","evs":{"hp":252,"atk":4,"def":0,"spa":0,"spd":252,"spe":0},"ivs":{"hp":31,"atk":31,"def":31,"spa":31,"spd":31,"spe":31}},{"name":"diddy.kong","species":"infernape","item":"focussash","ability":"Blaze","moves":["flamethrower","vacuumwave","encore","nastyplot"],"nature":"Timid","evs":{"hp":0,"atk":0,"def":0,"spa":252,"spd":0,"spe":252},"ivs":{"hp":31,"atk":31,"def":31,"spa":31,"spd":31,"spe":31}},{"name":"beetle.juice","species":"heracross","item":"heracronite","ability":"Moxie","moves":["bulletseed","rockblast","closecombat","pinmissile"],"nature":"Adamant","evs":{"hp":252,"atk":232,"def":24,"spa":0,"spd":0,"spe":0},"ivs":{"hp":31,"atk":31,"def":31,"spa":31,"spd":31,"spe":31}},{"name":"doggy","species":"terrakion","item":"choicescarf","ability":"Justified","moves":["earthquake","ironhead","stoneedge","closecombat"],"nature":"Adamant","evs":{"hp":0,"atk":252,"def":0,"spa":0,"spd":0,"spe":252},"ivs":{"hp":31,"atk":31,"def":31,"spa":31,"spd":31,"spe":31}}],"p2team":[{"name":"Togekiss","species":"Togekiss","item":"assaultvest","ability":"Serene Grace","moves":["flamethrower","airslash","dazzlinggleam","aurasphere"],"nature":"Modest","evs":{"hp":4,"atk":0,"def":0,"spa":252,"spd":252,"spe":0},"ivs":{"hp":31,"atk":31,"def":31,"spa":31,"spd":31,"spe":31}},{"name":"Dragonite","species":"Dragonite","item":"weaknesspolicy","ability":"Multiscale","moves":["dragondance","dragonclaw","earthquake","extremespeed"],"nature":"Adamant","evs":{"hp":0,"atk":252,"def":0,"spa":0,"spd":4,"spe":252},"ivs":{"hp":31,"atk":31,"def":31,"spa":31,"spd":31,"spe":31}},{"name":"Fuck you","species":"skarmory","item":"rockyhelmet","ability":"Sturdy","moves":["defog","stealthrock","roost","whirlwind"],"nature":"Impish","evs":{"hp":248,"atk":0,"def":236,"spa":0,"spd":0,"spe":24},"ivs":{"hp":31,"atk":31,"def":31,"spa":31,"spd":31,"spe":31}},{"name":"Zapdos","species":"Zapdos","item":"leftovers","ability":"Pressure","moves":["roost","toxic","heatwave","discharge"],"nature":"Bold","evs":{"hp":0,"atk":0,"def":252,"spa":56,"spd":200,"spe":0},"ivs":{"hp":31,"atk":31,"def":31,"spa":31,"spd":31,"spe":31}},{"name":"Bops","species":"landorus","item":"lifeorb","ability":"Sheer Force","moves":["earthquake","knockoff","uturn","rockslide"],"nature":"Jolly","evs":{"hp":0,"atk":252,"def":0,"spa":0,"spd":4,"spe":252},"ivs":{"hp":31,"atk":31,"def":31,"spa":31,"spd":31,"spe":31}},{"name":"Jerry","species":"honchkrow","item":"lifeorb","ability":"Moxie","moves":["suckerpunch","heatwave","bravebird","nightslash"],"nature":"Hasty","evs":{"hp":0,"atk":252,"def":0,"spa":4,"spd":0,"spe":252},"ivs":{"hp":31,"atk":31,"def":31,"spa":31,"spd":31,"spe":31}}],"log":["|player|p1|jackker|196","|player|p2|Arcade Twizzler|264","|gametype|singles","|gen|6","|tier|Monotype","|rated","|rule|Baton Pass Clause: Limit one Baton Passer, can't pass Spe and other stats simultaneously","|rule|Swagger Clause: Swagger is banned","|rule|Same Type Clause: Pokémon in a team must share a type","|clearpoke","|poke|p1|Cobalion","|poke|p1|Hitmontop, M","|poke|p1|Scrafty, M","|poke|p1|Infernape, F","|poke|p1|Heracross, M","|poke|p1|Terrakion","|poke|p2|Togekiss, F","|poke|p2|Dragonite, F","|poke|p2|Skarmory, M","|poke|p2|Zapdos","|poke|p2|Landorus, M","|poke|p2|Honchkrow, M","|rule|Sleep Clause Mod: Limit one foe put to sleep","|rule|Species Clause: Limit one of each Pokémon","|rule|OHKO Clause: OHKO moves are banned","|rule|Moody Clause: Moody is banned","|rule|Evasion Moves Clause: Evasion moves are banned","|rule|Endless Battle Clause: Forcing endless battles is banned","|rule|HP Percentage Mod: HP is shown in percentages","|teampreview","|","|start","|switch|p1a: diddy.kong|Infernape, F|293/293","|switch|p2a: Fuck you|Skarmory, M|333/333","|turn|1","|","|switch|p2a: Togekiss|Togekiss, F|312/312","|move|p1a: diddy.kong|Flamethrower|p2a: Togekiss","|-crit|p2a: Togekiss","|-damage|p2a: Togekiss|213/312","|","|turn|2","|","|switch|p1a: the.punk|Scrafty, M|334/334","|move|p2a: Togekiss|Air Slash|p1a: the.punk","|-supereffective|p1a: the.punk","|-damage|p1a: the.punk|166/334","|","|-heal|p1a: the.punk|186/334|[from] item: Leftovers","|turn|3","|","|move|p2a: Togekiss|Dazzling Gleam|p1a: the.punk","|-supereffective|p1a: the.punk","|-damage|p1a: the.punk|0 fnt","|faint|p1a: the.punk","|","|","|switch|p1a: doggy|Terrakion|323/323","|turn|4","|","|switch|p2a: Fuck you|Skarmory, M|333/333","|move|p1a: doggy|Close Combat|p2a: Fuck you","|-damage|p2a: Fuck you|188/333","|-damage|p1a: doggy|270/323|[from] item: Rocky Helmet|[of] p2a: Fuck you","|-unboost|p1a: doggy|def|1","|-unboost|p1a: doggy|spd|1","|","|turn|5","|","|switch|p1a: diddy.kong|Infernape, F|293/293","|move|p2a: Fuck you|Stealth Rock|p1a: diddy.kong","|-sidestart|p1: jackker|move: Stealth Rock","|","|turn|6","|","|switch|p2a: Togekiss|Togekiss, F|213/312","|move|p1a: diddy.kong|Nasty Plot|p1a: diddy.kong","|-boost|p1a: diddy.kong|spa|2","|","|turn|7","|","|move|p1a: diddy.kong|Flamethrower|p2a: Togekiss","|-damage|p2a: Togekiss|77/312","|move|p2a: Togekiss|Dazzling Gleam|p1a: diddy.kong","|-damage|p1a: diddy.kong|110/293","|","|turn|8","|","|move|p1a: diddy.kong|Flamethrower|p2a: Togekiss","|-damage|p2a: Togekiss|0 fnt","|faint|p2a: Togekiss","|","|","|switch|p2a: Dragonite|Dragonite, F|323/323","|turn|9","|","|move|p1a: diddy.kong|Flamethrower|p2a: Dragonite","|-resisted|p2a: Dragonite","|-damage|p2a: Dragonite|250/323","|move|p2a: Dragonite|Dragon Dance|p2a: Dragonite","|-boost|p2a: Dragonite|atk|1","|-boost|p2a: Dragonite|spe|1","|","|turn|10","|","|move|p2a: Dragonite|Extreme Speed|p1a: diddy.kong","|-damage|p1a: diddy.kong|0 fnt","|faint|p1a: diddy.kong","|","|","|switch|p1a: toges.copy|Cobalion|386/386","|-damage|p1a: toges.copy|374/386|[from] Stealth Rock","|turn|11","|","|move|p2a: Dragonite|Earthquake|p1a: toges.copy","|-supereffective|p1a: toges.copy","|-damage|p1a: toges.copy|138/386","|move|p1a: toges.copy|Thunder Wave|p2a: Dragonite","|-status|p2a: Dragonite|par","|","|-heal|p1a: toges.copy|162/386|[from] item: Leftovers","|turn|12","|","|switch|p2a: Bops|Landorus, M|319/319","|move|p1a: toges.copy|Stealth Rock|p2a: Bops","|-sidestart|p2: Arcade Twizzler|move: Stealth Rock","|","|-heal|p1a: toges.copy|186/386|[from] item: Leftovers","|turn|13","|","|move|p2a: Bops|Earthquake|p1a: toges.copy","|-supereffective|p1a: toges.copy","|-damage|p1a: toges.copy|0 fnt","|-damage|p2a: Bops|288/319|[from] item: Life Orb","|faint|p1a: toges.copy","|","|","|switch|p1a: beyblade|Hitmontop, M|304/304","|-damage|p1a: beyblade|285/304|[from] Stealth Rock","|-ability|p1a: beyblade|Intimidate","|-unboost|p2a: Bops|atk|1","|turn|14","|","|move|p2a: Bops|U-turn|p1a: beyblade","|-resisted|p1a: beyblade","|-damage|p1a: beyblade|251/304","|-damage|p2a: Bops|257/319|[from] item: Life Orb","|","|switch|p2a: Fuck you|Skarmory, M|188/333","|-damage|p2a: Fuck you|147/333|[from] Stealth Rock","|move|p1a: beyblade|Rapid Spin|p2a: Fuck you","|-resisted|p2a: Fuck you","|-damage|p2a: Fuck you|142/333","|-damage|p1a: beyblade|201/304|[from] item: Rocky Helmet|[of] p2a: Fuck you","|-sideend|p1: jackker|Stealth Rock|[from] move: Rapid Spin|[of] p1a: beyblade","|","|turn|15","|","|move|p2a: Fuck you|Roost|p2a: Fuck you","|-heal|p2a: Fuck you|309/333","|move|p1a: beyblade|Seismic Toss|p2a: Fuck you","|-damage|p2a: Fuck you|209/333","|-damage|p1a: beyblade|151/304|[from] item: Rocky Helmet|[of] p2a: Fuck you","|","|turn|16","|","|move|p2a: Fuck you|Defog|p1a: beyblade","|-unboost|p1a: beyblade|evasion|1","|-sideend|p2: Arcade Twizzler|Stealth Rock|[from] move: Defog|[of] p2a: Fuck you","|move|p1a: beyblade|Seismic Toss|p2a: Fuck you","|-damage|p2a: Fuck you|109/333","|-damage|p1a: beyblade|101/304|[from] item: Rocky Helmet|[of] p2a: Fuck you","|","|turn|17","|","|move|p2a: Fuck you|Roost|p2a: Fuck you","|-heal|p2a: Fuck you|276/333","|move|p1a: beyblade|Endeavor|p2a: Fuck you","|-damage|p2a: Fuck you|101/333","|-damage|p1a: beyblade|51/304|[from] item: Rocky Helmet|[of] p2a: Fuck you","|","|turn|18","|","|move|p2a: Fuck you|Roost|p2a: Fuck you","|-heal|p2a: Fuck you|268/333","|move|p1a: beyblade|Endeavor|p2a: Fuck you","|-damage|p2a: Fuck you|51/333","|-damage|p1a: beyblade|1/304|[from] item: Rocky Helmet|[of] p2a: Fuck you","|","|turn|19","|","|move|p2a: Fuck you|Roost|p2a: Fuck you","|-heal|p2a: Fuck you|218/333","|move|p1a: beyblade|Endeavor|p2a: Fuck you","|-damage|p2a: Fuck you|1/333","|-damage|p1a: beyblade|0 fnt|[from] item: Rocky Helmet|[of] p2a: Fuck you","|faint|p1a: beyblade","|","|","|switch|p1a: doggy|Terrakion|270/323","|turn|20","|","|move|p1a: doggy|Stone Edge|p2a: Fuck you|[miss]","|-miss|p1a: doggy|p2a: Fuck you","|move|p2a: Fuck you|Roost|p2a: Fuck you","|-heal|p2a: Fuck you|168/333","|","|turn|21","|","|move|p1a: doggy|Stone Edge|p2a: Fuck you","|-damage|p2a: Fuck you|62/333","|move|p2a: Fuck you|Stealth Rock|p1a: doggy","|-sidestart|p1: jackker|move: Stealth Rock","|","|turn|22","|","|move|p1a: doggy|Stone Edge|p2a: Fuck you|[miss]","|-miss|p1a: doggy|p2a: Fuck you","|move|p2a: Fuck you|Roost|p2a: Fuck you","|-heal|p2a: Fuck you|229/333","|","|turn|23","|","|move|p1a: doggy|Stone Edge|p2a: Fuck you","|-damage|p2a: Fuck you|112/333","|move|p2a: Fuck you|Roost|p2a: Fuck you","|-heal|p2a: Fuck you|279/333","|","|turn|24","|","|move|p1a: doggy|Stone Edge|p2a: Fuck you|[miss]","|-miss|p1a: doggy|p2a: Fuck you","|move|p2a: Fuck you|Roost|p2a: Fuck you","|-heal|p2a: Fuck you|333/333","|","|turn|25","|","|move|p1a: doggy|Stone Edge|p2a: Fuck you|[miss]","|-miss|p1a: doggy|p2a: Fuck you","|move|p2a: Fuck you|Whirlwind|p1a: doggy","|drag|p1a: beetle.juice|Heracross, M|364/364","|-damage|p1a: beetle.juice|319/364|[from] Stealth Rock","|","|turn|26","|","|detailschange|p1a: beetle.juice|Heracross-Mega, M","|-mega|p1a: beetle.juice|Heracross|Heracronite","|move|p1a: beetle.juice|Close Combat|p2a: Fuck you","|-damage|p2a: Fuck you|168/333","|-damage|p1a: beetle.juice|259/364|[from] item: Rocky Helmet|[of] p2a: Fuck you","|-unboost|p1a: beetle.juice|def|1","|-unboost|p1a: beetle.juice|spd|1","|move|p2a: Fuck you|Whirlwind|p1a: beetle.juice","|drag|p1a: doggy|Terrakion|270/323","|-damage|p1a: doggy|250/323|[from] Stealth Rock","|","|turn|27","|","|move|p1a: doggy|Close Combat|p2a: Fuck you","|-damage|p2a: Fuck you|39/333","|-damage|p1a: doggy|197/323|[from] item: Rocky Helmet|[of] p2a: Fuck you","|-unboost|p1a: doggy|def|1","|-unboost|p1a: doggy|spd|1","|move|p2a: Fuck you|Roost|p2a: Fuck you","|-heal|p2a: Fuck you|206/333","|","|turn|28","|","|move|p1a: doggy|Close Combat|p2a: Fuck you","|-damage|p2a: Fuck you|65/333","|-damage|p1a: doggy|144/323|[from] item: Rocky Helmet|[of] p2a: Fuck you","|-unboost|p1a: doggy|def|1","|-unboost|p1a: doggy|spd|1","|move|p2a: Fuck you|Roost|p2a: Fuck you","|-heal|p2a: Fuck you|232/333","|","|turn|29","|","|move|p1a: doggy|Close Combat|p2a: Fuck you","|-damage|p2a: Fuck you|108/333","|-damage|p1a: doggy|91/323|[from] item: Rocky Helmet|[of] p2a: Fuck you","|-unboost|p1a: doggy|def|1","|-unboost|p1a: doggy|spd|1","|move|p2a: Fuck you|Roost|p2a: Fuck you","|-heal|p2a: Fuck you|275/333","|","|turn|30","|","|move|p1a: doggy|Close Combat|p2a: Fuck you","|-damage|p2a: Fuck you|136/333","|-damage|p1a: doggy|38/323|[from] item: Rocky Helmet|[of] p2a: Fuck you","|-unboost|p1a: doggy|def|1","|-unboost|p1a: doggy|spd|1","|move|p2a: Fuck you|Roost|p2a: Fuck you","|-heal|p2a: Fuck you|303/333","|","|turn|31","|","|move|p1a: doggy|Close Combat|p2a: Fuck you","|-damage|p2a: Fuck you|162/333","|-damage|p1a: doggy|0 fnt|[from] item: Rocky Helmet|[of] p2a: Fuck you","|faint|p1a: doggy","|move|p2a: Fuck you|Roost|p2a: Fuck you","|-heal|p2a: Fuck you|329/333","|","|","|switch|p1a: beetle.juice|Heracross-Mega, M|259/364","|-damage|p1a: beetle.juice|214/364|[from] Stealth Rock","|turn|32","|","|switch|p2a: Bops|Landorus, M|257/319","|move|p1a: beetle.juice|Rock Blast|p2a: Bops","|-crit|p2a: Bops","|-damage|p2a: Bops|185/319","|-crit|p2a: Bops","|-damage|p2a: Bops|113/319","|-damage|p2a: Bops|62/319","|-damage|p2a: Bops|19/319","|-damage|p2a: Bops|0 fnt","|-hitcount|p2a: Bops|5","|faint|p2a: Bops","|","|","|switch|p2a: Fuck you|Skarmory, M|329/333","|turn|33","|","|switch|p2a: Jerry|Honchkrow, M|341/341","|move|p1a: beetle.juice|Rock Blast|p2a: Jerry","|-supereffective|p2a: Jerry","|-damage|p2a: Jerry|183/341","|-supereffective|p2a: Jerry","|-damage|p2a: Jerry|33/341","|-supereffective|p2a: Jerry","|-damage|p2a: Jerry|0 fnt","|-hitcount|p2a: Jerry|3","|faint|p2a: Jerry","|","|","|switch|p2a: Zapdos|Zapdos|321/321","|-ability|p2a: Zapdos|Pressure","|turn|34","|","|move|p2a: Zapdos|Discharge|p1a: beetle.juice","|-damage|p1a: beetle.juice|99/364","|move|p1a: beetle.juice|Rock Blast|p2a: Zapdos","|-supereffective|p2a: Zapdos","|-damage|p2a: Zapdos|253/321","|-crit|p2a: Zapdos","|-supereffective|p2a: Zapdos","|-damage|p2a: Zapdos|157/321","|-supereffective|p2a: Zapdos","|-damage|p2a: Zapdos|83/321","|-supereffective|p2a: Zapdos","|-damage|p2a: Zapdos|15/321","|-supereffective|p2a: Zapdos","|-damage|p2a: Zapdos|0 fnt","|-hitcount|p2a: Zapdos|5","|faint|p2a: Zapdos","|","|","|switch|p2a: Dragonite|Dragonite, F|250/323 par","|turn|35","|","|move|p2a: Dragonite|Extreme Speed|p1a: beetle.juice","|-crit|p1a: beetle.juice","|-damage|p1a: beetle.juice|0 fnt","|faint|p1a: beetle.juice","|","|win|Arcade Twizzler"],"p1rating":{"entryid":"395291","serverid":"eos","formatid":"monotype","userid":"jackker","username":"jackker","w":"2","l":1,"t":"0","gxe":55.7,"r":"1500","rd":"130","sigma":"0","rptime":"1440406800","rpr":1545.5871278365,"rprd":111.06300537326,"rpsigma":"0","acre":1073.4007715748,"lacre":1073.4007715748,"oldacre":"1096.5550127035"},"p2rating":{"entryid":"396552","serverid":"eos","formatid":"monotype","userid":"arcadetwizzler","username":"Arcade Twizzler","w":4,"l":"0","t":"0","gxe":65.1,"r":"1500","rd":"130","sigma":"0","rptime":"1440406800","rpr":1622.4055184308,"rprd":106.22885912386,"rpsigma":"0","acre":1139.076161333,"lacre":1139.076161333,"oldacre":"1115.4332224599"},"endType":"normal"}