{"seed":[45466,13095,25676,8975],"turns":25,"p1":"willwolf","p2":"Neowulfy","p1team":[{"name":"Conkeldurr","species":"Conkeldurr","item":"leftovers","ability":"Guts","moves":["bulkup","drainpunch","knockoff","machpunch"],"nature":"Adamant","evs":{"hp":212,"atk":252,"def":40,"spa":0,"spd":4,"spe":0},"ivs":{"hp":31,"atk":31,"def":31,"spa":31,"spd":31,"spe":31}},{"name":"Lucario","species":"Lucario","item":"lifeorb","ability":"Steadfast","moves":["aurasphere","nastyplot","darkpulse","hiddenpowerice"],"nature":"Timid","evs":{"hp":0,"atk":0,"def":0,"spa":252,"spd":4,"spe":252},"ivs":{"hp":31,"atk":30,"def":30,"spa":31,"spd":31,"spe":31}},{"name":"Mienshao","species":"Mienshao","item":"lifeorb","ability":"Regenerator","moves":["hiddenpowerice","highjumpkick","fakeout","uturn"],"nature":"Hasty","evs":{"hp":0,"atk":252,"def":0,"spa":4,"spd":0,"spe":252},"ivs":{"hp":31,"atk":30,"def":30,"spa":31,"spd":31,"spe":31}},{"name":"Heracross","species":"Heracross","item":"salacberry","ability":"Guts","moves":["reversal","endure","stoneedge","megahorn"],"nature":"Adamant","evs":{"hp":0,"atk":252,"def":4,"spa":0,"spd":0,"spe":252},"ivs":{"hp":31,"atk":31,"def":31,"spa":31,"spd":31,"spe":31}},{"name":"Hitmonlee","species":"Hitmonlee","item":"liechiberry","ability":"Unburden","moves":["reversal","endure","stoneedge","knockoff"],"nature":"Adamant","evs":{"hp":0,"atk":252,"def":0,"spa":0,"spd":4,"spe":252},"ivs":{"hp":31,"atk":31,"def":31,"spa":31,"spd":31,"spe":31}},{"name":"Gallade","species":"Gallade","item":"galladite","ability":"Steadfast","moves":["knockoff","zenheadbutt","closecombat","shadowsneak"],"nature":"Jolly","evs":{"hp":0,"atk":252,"def":0,"spa":0,"spd":0,"spe":252},"ivs":{"hp":31,"atk":31,"def":31,"spa":31,"spd":31,"spe":31}}],"p2team":[{"name":"Lopunny","species":"Lopunny","item":"lopunnite","ability":"Limber","moves":["fakeout","return","icepunch","highjumpkick"],"nature":"Jolly","evs":{"hp":0,"atk":252,"def":0,"spa":0,"spd":4,"spe":252},"ivs":{"hp":31,"atk":31,"def":31,"spa":31,"spd":31,"spe":31}},{"name":"Chansey","species":"Chansey","item":"eviolite","ability":"Natural Cure","moves":["aromatherapy","thunderwave","seismictoss","softboiled"],"nature":"Bold","evs":{"hp":224,"atk":0,"def":252,"spa":0,"spd":32,"spe":0},"ivs":{"hp":31,"atk":31,"def":31,"spa":31,"spd":31,"spe":31}},{"name":"Porygon2","species":"Porygon2","item":"eviolite","ability":"Download","moves":["thunderwave","icebeam","recover","triattack"],"nature":"Bold","evs":{"hp":236,"atk":0,"def":252,"spa":0,"spd":20,"spe":0},"ivs":{"hp":31,"atk":31,"def":31,"spa":31,"spd":31,"spe":31}},{"name":"Swellow","species":"Swellow","item":"flameorb","ability":"Guts","moves":["bravebird","uturn","roost","return"],"nature":"Jolly","evs":{"hp":0,"atk":252,"def":0,"spa":0,"spd":4,"spe":252},"ivs":{"hp":31,"atk":31,"def":31,"spa":31,"spd":31,"spe":31}},{"name":"Ditto","species":"Ditto","item":"choicescarf","ability":"Imposter","moves":["transform"],"nature":"Serious","evs":{"hp":252,"atk":0,"def":0,"spa":0,"spd":4,"spe":252},"ivs":{"hp":31,"atk":31,"def":31,"spa":31,"spd":31,"spe":31}},{"name":"Heliolisk","species":"Heliolisk","item":"choicespecs","ability":"Dry Skin","moves":["thunderbolt","voltswitch","surf","hypervoice"],"nature":"Timid","evs":{"hp":0,"atk":0,"def":0,"spa":252,"spd":4,"spe":252},"ivs":{"hp":31,"atk":31,"def":31,"spa":31,"spd":31,"spe":31}}],"log":["|player|p1|willwolf|54","|player|p2|Neowulfy|143","|gametype|singles","|gen|6","|tier|Monotype","|rated","|rule|Baton Pass Clause: Limit one Baton Passer, can't pass Spe and other stats simultaneously","|rule|Swagger Clause: Swagger is banned","|rule|Same Type Clause: Pokémon in a team must share a type","|clearpoke","|poke|p1|Conkeldurr, F","|poke|p1|Lucario, F","|poke|p1|Mienshao, M","|poke|p1|Heracross, M","|poke|p1|Hitmonlee, M","|poke|p1|Gallade, M","|poke|p2|Lopunny, F","|poke|p2|Chansey, F","|poke|p2|Porygon2","|poke|p2|Swellow, F","|poke|p2|Ditto","|poke|p2|Heliolisk, M","|rule|Sleep Clause Mod: Limit one foe put to sleep","|rule|Species Clause: Limit one of each Pokémon","|rule|OHKO Clause: OHKO moves are banned","|rule|Moody Clause: Moody is banned","|rule|Evasion Moves Clause: Evasion moves are banned","|rule|Endless Battle Clause: Forcing endless battles is banned","|rule|HP Percentage Mod: HP is shown in percentages","|teampreview","|","|start","|switch|p1a: Mienshao|Mienshao, M|271/271","|switch|p2a: Heliolisk|Heliolisk, M|265/265","|turn|1","|","|move|p1a: Mienshao|Fake Out|p2a: Heliolisk","|-damage|p2a: Heliolisk|170/265","|-damage|p1a: Mienshao|244/271|[from] item: Life Orb","|cant|p2a: Heliolisk|flinch","|","|turn|2","|","|move|p2a: Heliolisk|Hyper Voice|p1a: Mienshao","|-damage|p1a: Mienshao|0 fnt","|faint|p1a: Mienshao","|","|","|switch|p1a: Heracross|Heracross, M|301/301","|turn|3","|","|move|p1a: Heracross|Endure|p1a: Heracross","|-singleturn|p1a: Heracross|move: Endure","|move|p2a: Heliolisk|Hyper Voice|p1a: Heracross","|-damage|p1a: Heracross|91/301","|","|turn|4","|","|switch|p1a: Lucario|Lucario, F|281/281","|move|p2a: Heliolisk|Hyper Voice|p1a: Lucario","|-resisted|p1a: Lucario","|-damage|p1a: Lucario|135/281","|","|turn|5","|","|move|p2a: Heliolisk|Hyper Voice|p1a: Lucario","|-resisted|p1a: Lucario","|-damage|p1a: Lucario|0 fnt","|faint|p1a: Lucario","|","|","|switch|p1a: Heracross|Heracross, M|91/301","|turn|6","|","|move|p1a: Heracross|Endure|p1a: Heracross","|-singleturn|p1a: Heracross|move: Endure","|move|p2a: Heliolisk|Hyper Voice|p1a: Heracross","|-activate|p1a: Heracross|move: Endure","|-damage|p1a: Heracross|1/301","|-enditem|p1a: Heracross|Salac Berry|[eat]","|-boost|p1a: Heracross|spe|1|[from] item: Salac Berry","|","|turn|7","|","|move|p1a: Heracross|Reversal|p2a: Heliolisk","|-supereffective|p2a: Heliolisk","|-damage|p2a: Heliolisk|0 fnt","|faint|p2a: Heliolisk","|","|","|switch|p2a: Lopunny|Lopunny, F|271/271","|turn|8","|","|detailschange|p2a: Lopunny|Lopunny-Mega, F","|-mega|p2a: Lopunny|Lopunny|Lopunnite","|move|p1a: Heracross|Endure|p1a: Heracross","|-singleturn|p1a: Heracross|move: Endure","|move|p2a: Lopunny|Fake Out|p1a: Heracross","|-crit|p1a: Heracross","|-activate|p1a: Heracross|move: Endure","|-damage|p1a: Heracross|1/301","|","|turn|9","|","|switch|p2a: Chansey|Chansey, F|697/697","|move|p1a: Heracross|Reversal|p2a: Chansey","|-supereffective|p2a: Chansey","|-damage|p2a: Chansey|0 fnt","|faint|p2a: Chansey","|","|","|switch|p2a: Ditto|Ditto|300/300","|-transform|p2a: Ditto|p1a: Heracross","|turn|10","|","|move|p2a: Ditto|Reversal|p1a: Heracross","|-resisted|p1a: Heracross","|-damage|p1a: Heracross|0 fnt","|faint|p1a: Heracross","|","|","|switch|p1a: Gallade|Gallade, M|277/277","|turn|11","|","|detailschange|p1a: Gallade|Gallade-Mega, M","|-mega|p1a: Gallade|Gallade|Galladite","|move|p2a: Ditto|Reversal|p1a: Gallade","|-resisted|p1a: Gallade","|-damage|p1a: Gallade|258/277","|move|p1a: Gallade|Zen Headbutt|p2a: Ditto","|-supereffective|p2a: Ditto","|-damage|p2a: Ditto|0 fnt","|faint|p2a: Ditto","|","|","|switch|p2a: Swellow|Swellow, F|261/261","|turn|12","|","|move|p2a: Swellow|Brave Bird|p1a: Gallade","|-supereffective|p1a: Gallade","|-damage|p1a: Gallade|0 fnt","|-damage|p2a: Swellow|176/261|[from] recoil|[of] p1a: Gallade","|faint|p1a: Gallade","|","|-status|p2a: Swellow|brn|[from] item: Flame Orb","|","|switch|p1a: Hitmonlee|Hitmonlee, M|241/241","|turn|13","|","|switch|p2a: Porygon2|Porygon2|370/370","|-boost|p2a: Porygon2|atk|1|[from] ability: Download","|move|p1a: Hitmonlee|Endure|p1a: Hitmonlee","|","|turn|14","|","|switch|p1a: Conkeldurr|Conkeldurr, F|404/404","|move|p2a: Porygon2|Thunder Wave|p1a: Conkeldurr","|-status|p1a: Conkeldurr|par","|","|turn|15","|","|switch|p2a: Swellow|Swellow, F|176/261 brn","|cant|p1a: Conkeldurr|par","|","|-damage|p2a: Swellow|144/261 brn|[from] brn","|turn|16","|","|move|p1a: Conkeldurr|Mach Punch|p2a: Swellow","|-damage|p2a: Swellow|0 fnt","|faint|p2a: Swellow","|","|","|switch|p2a: Lopunny|Lopunny-Mega, F|271/271","|turn|17","|","|move|p2a: Lopunny|Fake Out|p1a: Conkeldurr","|-damage|p1a: Conkeldurr|331/404 par","|cant|p1a: Conkeldurr|flinch","|","|-heal|p1a: Conkeldurr|356/404 par|[from] item: Leftovers","|turn|18","|","|move|p2a: Lopunny|High Jump Kick|p1a: Conkeldurr","|-damage|p1a: Conkeldurr|103/404 par","|move|p1a: Conkeldurr|Drain Punch|p2a: Lopunny","|-crit|p2a: Lopunny","|-supereffective|p2a: Lopunny","|-damage|p2a: Lopunny|0 fnt","|-heal|p1a: Conkeldurr|239/404 par|[from] drain|[of] p2a: Lopunny","|faint|p2a: Lopunny","|","|-heal|p1a: Conkeldurr|264/404 par|[from] item: Leftovers","|","|switch|p2a: Porygon2|Porygon2|370/370","|-boost|p2a: Porygon2|spa|1|[from] ability: Download","|turn|19","|","|move|p1a: Conkeldurr|Mach Punch|p2a: Porygon2","|-supereffective|p2a: Porygon2","|-damage|p2a: Porygon2|236/370","|move|p2a: Porygon2|Tri Attack|p1a: Conkeldurr","|-damage|p1a: Conkeldurr|48/404 par","|","|-heal|p1a: Conkeldurr|73/404 par|[from] item: Leftovers","|turn|20","|","|move|p1a: Conkeldurr|Mach Punch|p2a: Porygon2","|-supereffective|p2a: Porygon2","|-damage|p2a: Porygon2|98/370","|move|p2a: Porygon2|Tri Attack|p1a: Conkeldurr","|-damage|p1a: Conkeldurr|0 fnt","|faint|p1a: Conkeldurr","|","|","|switch|p1a: Hitmonlee|Hitmonlee, M|241/241","|turn|21","|","|move|p1a: Hitmonlee|Reversal|p2a: Porygon2","|-supereffective|p2a: Porygon2","|-damage|p2a: Porygon2|60/370","|move|p2a: Porygon2|Recover|p2a: Porygon2","|-heal|p2a: Porygon2|245/370","|","|turn|22","|","|move|p1a: Hitmonlee|Knock Off|p2a: Porygon2","|-damage|p2a: Porygon2|184/370","|-enditem|p2a: Porygon2|Eviolite|[from] move: Knock Off|[of] p1a: Hitmonlee","|move|p2a: Porygon2|Thunder Wave|p1a: Hitmonlee","|-status|p1a: Hitmonlee|par","|","|turn|23","|","|cant|p1a: Hitmonlee|par","|move|p2a: Porygon2|Recover|p2a: Porygon2","|-heal|p2a: Porygon2|369/370","|","|turn|24","|","|move|p1a: Hitmonlee|Endure|p1a: Hitmonlee","|-singleturn|p1a: Hitmonlee|move: Endure","|move|p2a: Porygon2|Tri Attack|p1a: Hitmonlee","|-damage|p1a: Hitmonlee|117/241 par","|","|turn|25","|","|move|p1a: Hitmonlee|Endure|p1a: Hitmonlee","|-fail|p1a: Hitmonlee","|move|p2a: Porygon2|Tri Attack|p1a: Hitmonlee","|-damage|p1a: Hitmonlee|0 fnt","|faint|p1a: Hitmonlee","|","|win|Neowulfy"],"p1rating":{"entryid":"414338","serverid":"eos","formatid":"monotype","userid":"willwolf","username":"willwolf","w":"5","l":6,"t":"0","gxe":46.2,"r":"1500","rd":"130","sigma":"0","rptime":"1440406800","rpr":1470.2102364168,"rprd":85.348177176573,"rpsigma":"0","acre":1061.960263444,"lacre":1061.960263444,"oldacre":"1084.3400032699"},"p2rating":{"entryid":"313690","serverid":"eos","formatid":"monotype","userid":"neowulfy","username":"Neowulfy","w":5,"l":"2","t":"0","gxe":56.8,"r":"1587.115371181","rd":"111.72306162267","sigma":"0","rptime":"1440406800","rpr":1553.7269128722,"rprd":96.395997327603,"rpsigma":"0","acre":1114.9057787865,"lacre":1114.9057787865,"oldacre":"1088.5009723934"},"endType":"normal"}