{"seed":[8447,33023,41682,5001],"turns":22,"p1":"slakingdra","p2":"jam3rs18","p1team":[{"name":"Gengar","species":"Gengar","item":"focussash","ability":"Levitate","moves":["taunt","shadowball","destinybond","dazzlinggleam"],"nature":"Timid","evs":{"hp":0,"atk":0,"def":0,"spa":252,"spd":4,"spe":0},"ivs":{"hp":31,"atk":31,"def":31,"spa":31,"spd":31,"spe":31}},{"name":"Chandelure","species":"Chandelure","item":"choicescarf","ability":"Flash Fire","moves":["flamethrower","shadowball","energyball","darkpulse"],"nature":"Timid","evs":{"hp":0,"atk":0,"def":0,"spa":252,"spd":4,"spe":252},"ivs":{"hp":31,"atk":31,"def":31,"spa":31,"spd":31,"spe":31}},{"name":"I hate this guy","species":"sableye","item":"sablenite","ability":"Prankster","moves":["willowisp","calmmind","recover","darkpulse"],"nature":"Modest","evs":{"hp":248,"atk":0,"def":0,"spa":252,"spd":8,"spe":0},"ivs":{"hp":31,"atk":31,"def":31,"spa":31,"spd":31,"spe":31}},{"name":"Golurk","species":"Golurk","item":"focussash","ability":"No Guard","moves":["dynamicpunch","stealthrock","stoneedge","earthquake"],"nature":"Adamant","evs":{"hp":248,"atk":252,"def":0,"spa":0,"spd":8,"spe":0},"ivs":{"hp":31,"atk":31,"def":31,"spa":31,"spd":31,"spe":31}},{"name":"Aegislash","species":"Aegislash","item":"weaknesspolicy","ability":"Stance Change","moves":["kingsshield","swordsdance","shadowsneak","ironhead"],"nature":"Adamant","evs":{"hp":248,"atk":252,"def":0,"spa":0,"spd":8,"spe":0},"ivs":{"hp":31,"atk":31,"def":31,"spa":31,"spd":31,"spe":31}},{"name":"Jellicent","species":"Jellicent","item":"leftovers","ability":"Water Absorb","moves":["scald","willowisp","recover","shadowball"],"nature":"Calm","evs":{"hp":248,"atk":0,"def":252,"spa":8,"spd":0,"spe":0},"ivs":{"hp":31,"atk":31,"def":31,"spa":31,"spd":31,"spe":31}}],"p2team":[{"name":"Hitmonchan","species":"Hitmonchan","item":"choiceband","ability":"Iron Fist","moves":["icepunch","thunderpunch","firepunch","drainpunch"],"nature":"Adamant","evs":{"hp":248,"atk":252,"def":0,"spa":0,"spd":8,"spe":0},"ivs":{"hp":31,"atk":31,"def":31,"spa":31,"spd":31,"spe":31}},{"name":"Hitmonlee","species":"Hitmonlee","item":"widelens","ability":"Reckless","moves":["fakeout","highjumpkick","blazekick","poisonjab"],"nature":"Jolly","evs":{"hp":0,"atk":252,"def":0,"spa":0,"spd":4,"spe":252},"ivs":{"hp":31,"atk":31,"def":31,"spa":31,"spd":31,"spe":31}},{"name":"Breloom","species":"Breloom","item":"toxicorb","ability":"Poison Heal","moves":["machpunch","seedbomb","superpower","spore"],"nature":"Adamant","evs":{"hp":248,"atk":252,"def":0,"spa":0,"spd":8,"spe":0},"ivs":{"hp":31,"atk":31,"def":31,"spa":31,"spd":31,"spe":31}},{"name":"Infernape","species":"Infernape","item":"lifeorb","ability":"Iron Fist","moves":["closecombat","machpunch","thunderpunch","fakeout"],"nature":"Jolly","evs":{"hp":0,"atk":252,"def":0,"spa":0,"spd":4,"spe":252},"ivs":{"hp":31,"atk":31,"def":31,"spa":31,"spd":31,"spe":31}},{"name":"Conkeldurr","species":"Conkeldurr","item":"leftovers","ability":"Iron Fist","moves":["bulkup","drainpunch","icepunch","thunderpunch"],"nature":"Adamant","evs":{"hp":252,"atk":252,"def":0,"spa":0,"spd":4,"spe":0},"ivs":{"hp":31,"atk":31,"def":31,"spa":31,"spd":31,"spe":31}},{"name":"Gallade","species":"Gallade","item":"galladite","ability":"Steadfast","moves":["closecombat","leafblade","nightslash","psychocut"],"nature":"Adamant","evs":{"hp":248,"atk":252,"def":0,"spa":0,"spd":8,"spe":0},"ivs":{"hp":31,"atk":31,"def":31,"spa":31,"spd":31,"spe":31}}],"log":["|player|p1|slakingdra|269","|player|p2|jam3rs18|290","|gametype|singles","|gen|6","|tier|Monotype","|rated","|rule|Baton Pass Clause: Limit one Baton Passer, can't pass Spe and other stats simultaneously","|rule|Swagger Clause: Swagger is banned","|rule|Same Type Clause: Pokémon in a team must share a type","|clearpoke","|poke|p1|Gengar, F","|poke|p1|Chandelure, F","|poke|p1|Sableye, F","|poke|p1|Golurk","|poke|p1|Aegislash, F","|poke|p1|Jellicent, F","|poke|p2|Hitmonchan, M","|poke|p2|Hitmonlee, M","|poke|p2|Breloom, M","|poke|p2|Infernape, M","|poke|p2|Conkeldurr, F","|poke|p2|Gallade, M","|rule|Sleep Clause Mod: Limit one foe put to sleep","|rule|Species Clause: Limit one of each Pokémon","|rule|OHKO Clause: OHKO moves are banned","|rule|Moody Clause: Moody is banned","|rule|Evasion Moves Clause: Evasion moves are banned","|rule|Endless Battle Clause: Forcing endless battles is banned","|rule|HP Percentage Mod: HP is shown in percentages","|teampreview","|","|start","|switch|p1a: Gengar|Gengar, F|261/261","|switch|p2a: Infernape|Infernape, M|293/293","|turn|1","|","|move|p2a: Infernape|Thunder Punch|p1a: Gengar","|-damage|p1a: Gengar|73/261","|-damage|p2a: Infernape|264/293|[from] item: Life Orb","|move|p1a: Gengar|Shadow Ball|p2a: Infernape","|-damage|p2a: Infernape|77/293","|","|turn|2","|","|move|p2a: Infernape|Thunder Punch|p1a: Gengar","|-damage|p1a: Gengar|0 fnt","|-damage|p2a: Infernape|48/293|[from] item: Life Orb","|faint|p1a: Gengar","|","|","|switch|p1a: I hate this guy|Sableye, F|303/303","|turn|3","|","|move|p1a: I hate this guy|Calm Mind|p1a: I hate this guy","|-boost|p1a: I hate this guy|spa|1","|-boost|p1a: I hate this guy|spd|1","|move|p2a: Infernape|Thunder Punch|p1a: I hate this guy","|-damage|p1a: I hate this guy|161/303","|-damage|p2a: Infernape|19/293|[from] item: Life Orb","|","|turn|4","|","|detailschange|p1a: I hate this guy|Sableye-Mega, F","|-mega|p1a: I hate this guy|Sableye|Sablenite","|move|p2a: Infernape|Thunder Punch|p1a: I hate this guy","|-damage|p1a: I hate this guy|70/303","|-damage|p2a: Infernape|0 fnt|[from] item: Life Orb","|faint|p2a: Infernape","|move|p1a: I hate this guy|Dark Pulse|p2: Infernape|[notarget]","|-notarget","|","|","|switch|p2a: Hitmonlee|Hitmonlee, M|241/241","|turn|5","|","|move|p2a: Hitmonlee|High Jump Kick|p1a: I hate this guy","|-immune|p1a: I hate this guy|[msg]","|-damage|p2a: Hitmonlee|121/241|[from] highjumpkick","|move|p1a: I hate this guy|Calm Mind|p1a: I hate this guy","|-boost|p1a: I hate this guy|spa|1","|-boost|p1a: I hate this guy|spd|1","|","|turn|6","|","|move|p2a: Hitmonlee|Blaze Kick|p1a: I hate this guy","|-damage|p1a: I hate this guy|0 fnt","|faint|p1a: I hate this guy","|","|","|switch|p1a: Chandelure|Chandelure, F|261/261","|turn|7","|","|move|p1a: Chandelure|Flamethrower|p2a: Hitmonlee","|-damage|p2a: Hitmonlee|0 fnt","|faint|p2a: Hitmonlee","|","|","|switch|p2a: Gallade|Gallade, M|339/339","|turn|8","|","|detailschange|p2a: Gallade|Gallade-Mega, M","|-mega|p2a: Gallade|Gallade|Galladite","|move|p1a: Chandelure|Flamethrower|p2a: Gallade","|-damage|p2a: Gallade|177/339","|move|p2a: Gallade|Night Slash|p1a: Chandelure","|-supereffective|p1a: Chandelure","|-damage|p1a: Chandelure|25/261","|","|turn|9","|","|move|p1a: Chandelure|Flamethrower|p2a: Gallade","|-damage|p2a: Gallade|29/339","|-status|p2a: Gallade|brn","|move|p2a: Gallade|Night Slash|p1a: Chandelure","|-supereffective|p1a: Chandelure","|-damage|p1a: Chandelure|0 fnt","|faint|p1a: Chandelure","|","|-damage|p2a: Gallade|0 fnt|[from] brn","|faint|p2a: Gallade","|","|switch|p1a: Aegislash|Aegislash, F|323/323","|switch|p2a: Conkeldurr|Conkeldurr, F|414/414","|turn|10","|","|move|p1a: Aegislash|Swords Dance|p1a: Aegislash","|-boost|p1a: Aegislash|atk|2","|move|p2a: Conkeldurr|Thunder Punch|p1a: Aegislash","|-damage|p1a: Aegislash|228/323","|","|turn|11","|","|move|p1a: Aegislash|Swords Dance|p1a: Aegislash","|-boost|p1a: Aegislash|atk|2","|move|p2a: Conkeldurr|Bulk Up|p2a: Conkeldurr","|-boost|p2a: Conkeldurr|atk|1","|-boost|p2a: Conkeldurr|def|1","|","|turn|12","|","|move|p1a: Aegislash|Swords Dance|p1a: Aegislash","|-boost|p1a: Aegislash|atk|2","|move|p2a: Conkeldurr|Bulk Up|p2a: Conkeldurr","|-boost|p2a: Conkeldurr|atk|1","|-boost|p2a: Conkeldurr|def|1","|","|turn|13","|","|-formechange|p1a: Aegislash|Aegislash-Blade","|move|p1a: Aegislash|Shadow Sneak|p2a: Conkeldurr","|-damage|p2a: Conkeldurr|240/414","|move|p2a: Conkeldurr|Bulk Up|p2a: Conkeldurr","|-boost|p2a: Conkeldurr|atk|1","|-boost|p2a: Conkeldurr|def|1","|","|-heal|p2a: Conkeldurr|265/414|[from] item: Leftovers","|turn|14","|","|-formechange|p1a: Aegislash|Aegislash","|move|p1a: Aegislash|King's Shield|p1a: Aegislash","|-singleturn|p1a: Aegislash|Protect","|move|p2a: Conkeldurr|Bulk Up|p2a: Conkeldurr","|-boost|p2a: Conkeldurr|atk|1","|-boost|p2a: Conkeldurr|def|1","|","|-heal|p2a: Conkeldurr|290/414|[from] item: Leftovers","|turn|15","|","|move|p1a: Aegislash|King's Shield|p1a: Aegislash","|-singleturn|p1a: Aegislash|Protect","|move|p2a: Conkeldurr|Thunder Punch|p1a: Aegislash","|-activate|p1a: Aegislash|Protect","|-unboost|p2a: Conkeldurr|atk|2","|","|-heal|p2a: Conkeldurr|315/414|[from] item: Leftovers","|turn|16","|","|move|p1a: Aegislash|King's Shield|p1a: Aegislash","|-fail|p1a: Aegislash","|move|p2a: Conkeldurr|Thunder Punch|p1a: Aegislash","|-damage|p1a: Aegislash|64/323","|","|-heal|p2a: Conkeldurr|340/414|[from] item: Leftovers","|turn|17","|","|move|p1a: Aegislash|King's Shield|p1a: Aegislash","|-singleturn|p1a: Aegislash|Protect","|move|p2a: Conkeldurr|Bulk Up|p2a: Conkeldurr","|-boost|p2a: Conkeldurr|atk|1","|-boost|p2a: Conkeldurr|def|1","|","|-heal|p2a: Conkeldurr|365/414|[from] item: Leftovers","|turn|18","|","|-formechange|p1a: Aegislash|Aegislash-Blade","|move|p1a: Aegislash|Shadow Sneak|p2a: Conkeldurr","|-damage|p2a: Conkeldurr|266/414","|move|p2a: Conkeldurr|Bulk Up|p2a: Conkeldurr","|-boost|p2a: Conkeldurr|atk|1","|-boost|p2a: Conkeldurr|def|1","|","|-heal|p2a: Conkeldurr|291/414|[from] item: Leftovers","|turn|19","|","|-formechange|p1a: Aegislash|Aegislash","|move|p1a: Aegislash|King's Shield|p1a: Aegislash","|-singleturn|p1a: Aegislash|Protect","|move|p2a: Conkeldurr|Thunder Punch|p1a: Aegislash","|-activate|p1a: Aegislash|Protect","|-unboost|p2a: Conkeldurr|atk|2","|","|-heal|p2a: Conkeldurr|316/414|[from] item: Leftovers","|turn|20","|","|-formechange|p1a: Aegislash|Aegislash-Blade","|move|p1a: Aegislash|Shadow Sneak|p2a: Conkeldurr","|-damage|p2a: Conkeldurr|226/414","|move|p2a: Conkeldurr|Thunder Punch|p1a: Aegislash","|-damage|p1a: Aegislash|0 fnt","|faint|p1a: Aegislash","|","|-heal|p2a: Conkeldurr|251/414|[from] item: Leftovers","|","|switch|p1a: Golurk|Golurk|381/381","|turn|21","|","|move|p1a: Golurk|Dynamic Punch|p2a: Conkeldurr","|-damage|p2a: Conkeldurr|214/414","|-start|p2a: Conkeldurr|confusion","|-activate|p2a: Conkeldurr|confusion","|move|p2a: Conkeldurr|Ice Punch|p1a: Golurk","|-supereffective|p1a: Golurk","|-enditem|p1a: Golurk|Focus Sash","|-damage|p1a: Golurk|1/381","|","|-heal|p2a: Conkeldurr|239/414|[from] item: Leftovers","|turn|22","|","|move|p1a: Golurk|Earthquake|p2a: Conkeldurr","|-damage|p2a: Conkeldurr|184/414","|-end|p2a: Conkeldurr|confusion","|move|p2a: Conkeldurr|Ice Punch|p1a: Golurk","|-supereffective|p1a: Golurk","|-damage|p1a: Golurk|0 fnt","|faint|p1a: Golurk","|","|-heal|p2a: Conkeldurr|209/414|[from] item: Leftovers","|","|win|jam3rs18"],"p1rating":{"entryid":"357838","serverid":"eos","formatid":"monotype","userid":"slakingdra","username":"slakingdra","w":"6","l":3,"t":"0","gxe":58.5,"r":"1592.4180693694","rd":"93.089246667293","sigma":"0","rptime":"1440406800","rpr":1567.1106071906,"rprd":90.379604981021,"rpsigma":"0","acre":1103.5212270347,"lacre":1103.5212270347,"oldacre":"1134.9183964426"},"p2rating":{"entryid":"372289","serverid":"eos","formatid":"monotype","userid":"jam3rs18","username":"jam3rs18","w":2,"l":"0","t":"0","gxe":59.6,"r":"1534.1861921012","rd":"122.53342613888","sigma":"0","rptime":"1440406800","rpr":1577.4154477745,"rprd":116.22547539287,"rpsigma":"0","acre":1085.9415947346,"lacre":1085.9415947346,"oldacre":"1043.9938103879"},"endType":"forfeit"}