{"seed":[25566,36004,57852,43954],"turns":53,"p1":"Inferno Sableye","p2":"Gym Ldr Mitsuka∆","p1team":[{"name":"Sableye","species":"Sableye","item":"sablenite","ability":"Prankster","moves":["recover","willowisp","calmmind","shadowball"],"nature":"Careful","evs":{"hp":248,"atk":0,"def":8,"spa":0,"spd":252,"spe":0},"ivs":{"hp":31,"atk":31,"def":31,"spa":31,"spd":31,"spe":31}},{"name":"Umbreon","species":"Umbreon","item":"leftovers","ability":"Synchronize","moves":["wish","protect","toxic","healbell"],"nature":"Calm","evs":{"hp":252,"atk":0,"def":4,"spa":0,"spd":252,"spe":0},"ivs":{"hp":31,"atk":31,"def":31,"spa":31,"spd":31,"spe":31}},{"name":"Tyranitar","species":"Tyranitar","item":"leftovers","ability":"Sand Stream","moves":["stealthrock","rockslide","earthquake","thunderwave"],"nature":"Careful","evs":{"hp":252,"atk":4,"def":0,"spa":0,"spd":252,"spe":0},"ivs":{"hp":31,"atk":31,"def":31,"spa":31,"spd":31,"spe":31}},{"name":"Mandibuzz","species":"Mandibuzz","item":"rockyhelmet","ability":"Overcoat","moves":["roost","defog","bravebird","foulplay"],"nature":"Impish","evs":{"hp":248,"atk":8,"def":252,"spa":0,"spd":0,"spe":0},"ivs":{"hp":31,"atk":31,"def":31,"spa":31,"spd":31,"spe":31}},{"name":"Bisharp","species":"Bisharp","item":"choicescarf","ability":"Defiant","moves":["ironhead","knockoff","psychocut","stoneedge"],"nature":"Jolly","evs":{"hp":0,"atk":252,"def":0,"spa":0,"spd":4,"spe":252},"ivs":{"hp":31,"atk":31,"def":31,"spa":31,"spd":31,"spe":31}},{"name":"Hydreigon","species":"Hydreigon","item":"leftovers","ability":"Levitate","moves":["taunt","roost","darkpulse","flamethrower"],"nature":"Calm","evs":{"hp":252,"atk":0,"def":0,"spa":0,"spd":210,"spe":48},"ivs":{"hp":31,"atk":31,"def":31,"spa":31,"spd":31,"spe":31}}],"p2team":[{"name":"Celebi","species":"Celebi","item":"choicescarf","ability":"Natural Cure","moves":["uturn","leafstorm","psychic","trick"],"nature":"Timid","evs":{"hp":0,"atk":0,"def":0,"spa":252,"spd":4,"spe":252},"ivs":{"hp":31,"atk":31,"def":31,"spa":31,"spd":31,"spe":31}},{"name":"Abomasnow","species":"Abomasnow","item":"abomasite","ability":"Soundproof","moves":["swordsdance","iceshard","earthquake","seedbomb"],"nature":"Adamant","evs":{"hp":76,"atk":200,"def":0,"spa":0,"spd":0,"spe":180},"ivs":{"hp":31,"atk":31,"def":31,"spa":31,"spd":31,"spe":31}},{"name":"Shiftry","species":"Shiftry","item":"choicespecs","ability":"Chlorophyll","moves":["focusblast","darkpulse","extrasensory","hiddenpowerfire"],"nature":"Timid","evs":{"hp":4,"atk":0,"def":0,"spa":252,"spd":0,"spe":252},"ivs":{"hp":31,"atk":30,"def":31,"spa":30,"spd":31,"spe":30}},{"name":"Cradily","species":"Cradily","item":"leftovers","ability":"Suction Cups","moves":["rocktomb","toxic","recover","curse"],"nature":"Careful","evs":{"hp":252,"atk":4,"def":20,"spa":0,"spd":232,"spe":0},"ivs":{"hp":31,"atk":31,"def":31,"spa":31,"spd":31,"spe":31}},{"name":"Vileplume","species":"Vileplume","item":"rockyhelmet","ability":"Effect Spore","moves":["sleeppowder","moonblast","sludgebomb","gigadrain"],"nature":"Bold","evs":{"hp":252,"atk":0,"def":252,"spa":0,"spd":4,"spe":0},"ivs":{"hp":31,"atk":31,"def":31,"spa":31,"spd":31,"spe":31}},{"name":"Shaymin","species":"Shaymin","item":"choicescarf","ability":"Natural Cure","moves":["seedflare","airslash","hiddenpowerrock","healingwish"],"nature":"Timid","evs":{"hp":0,"atk":0,"def":0,"spa":252,"spd":4,"spe":252},"ivs":{"hp":31,"atk":31,"def":30,"spa":31,"spd":30,"spe":30}}],"log":["|player|p1|Inferno Sableye|infernosableye.gif","|player|p2|Gym Ldr Mitsuka∆|1","|gametype|singles","|gen|6","|tier|Monotype","|rated","|rule|Baton Pass Clause: Limit one Baton Passer, can't pass Spe and other stats simultaneously","|rule|Swagger Clause: Swagger is banned","|rule|Same Type Clause: Pokémon in a team must share a type","|clearpoke","|poke|p1|Sableye, F","|poke|p1|Umbreon, M","|poke|p1|Tyranitar, M","|poke|p1|Mandibuzz, F","|poke|p1|Bisharp, M","|poke|p1|Hydreigon, M","|poke|p2|Celebi","|poke|p2|Abomasnow, F","|poke|p2|Shiftry, M","|poke|p2|Cradily, M","|poke|p2|Vileplume, M","|poke|p2|Shaymin","|rule|Sleep Clause Mod: Limit one foe put to sleep","|rule|Species Clause: Limit one of each Pokémon","|rule|OHKO Clause: OHKO moves are banned","|rule|Moody Clause: Moody is banned","|rule|Evasion Moves Clause: Evasion moves are banned","|rule|Endless Battle Clause: Forcing endless battles is banned","|rule|HP Percentage Mod: HP is shown in percentages","|teampreview","|","|start","|switch|p1a: Sableye|Sableye, F|303/303","|switch|p2a: Vileplume|Vileplume, M|354/354","|turn|1","|","|detailschange|p1a: Sableye|Sableye-Mega, F","|-mega|p1a: Sableye|Sableye|Sablenite","|move|p1a: Sableye|Will-O-Wisp|p2a: Vileplume|[miss]","|-miss|p1a: Sableye|p2a: Vileplume","|move|p2a: Vileplume|Moonblast|p1a: Sableye","|-supereffective|p1a: Sableye","|-damage|p1a: Sableye|195/303","|-unboost|p1a: Sableye|spa|1","|","|turn|2","|","|move|p2a: Vileplume|Moonblast|p1a: Sableye","|-supereffective|p1a: Sableye","|-damage|p1a: Sableye|83/303","|move|p1a: Sableye|Recover|p1a: Sableye","|-heal|p1a: Sableye|235/303","|","|turn|3","|","|move|p2a: Vileplume|Moonblast|p1a: Sableye","|-supereffective|p1a: Sableye","|-damage|p1a: Sableye|131/303","|move|p1a: Sableye|Recover|p1a: Sableye","|-heal|p1a: Sableye|283/303","|","|turn|4","|","|move|p2a: Vileplume|Sludge Bomb|p1a: Sableye","|-resisted|p1a: Sableye","|-damage|p1a: Sableye|244/303","|move|p1a: Sableye|Calm Mind|p1a: Sableye","|-boost|p1a: Sableye|spa|1","|-boost|p1a: Sableye|spd|1","|","|turn|5","|","|move|p2a: Vileplume|Sludge Bomb|p1a: Sableye","|-resisted|p1a: Sableye","|-damage|p1a: Sableye|218/303","|move|p1a: Sableye|Calm Mind|p1a: Sableye","|-boost|p1a: Sableye|spa|1","|-boost|p1a: Sableye|spd|1","|","|turn|6","|","|move|p2a: Vileplume|Sludge Bomb|p1a: Sableye","|-resisted|p1a: Sableye","|-damage|p1a: Sableye|200/303","|-status|p1a: Sableye|psn","|move|p1a: Sableye|Will-O-Wisp|p2a: Vileplume","|-status|p2a: Vileplume|brn","|","|-damage|p2a: Vileplume|310/354 brn|[from] brn","|-damage|p1a: Sableye|163/303 psn|[from] psn","|turn|7","|","|switch|p2a: Shaymin|Shaymin|341/341","|move|p1a: Sableye|Recover|p1a: Sableye","|-heal|p1a: Sableye|303/303 psn","|","|-damage|p1a: Sableye|266/303 psn|[from] psn","|turn|8","|","|move|p2a: Shaymin|Seed Flare|p1a: Sableye","|-damage|p1a: Sableye|202/303 psn","|-unboost|p1a: Sableye|spd|2","|move|p1a: Sableye|Will-O-Wisp|p2a: Shaymin","|-status|p2a: Shaymin|brn","|","|-damage|p2a: Shaymin|299/341 brn|[from] brn","|-damage|p1a: Sableye|165/303 psn|[from] psn","|turn|9","|","|switch|p1a: Hydreigon|Hydreigon, M|388/388","|move|p2a: Shaymin|Seed Flare|p1a: Hydreigon|[miss]","|-miss|p2a: Shaymin|p1a: Hydreigon","|","|-damage|p2a: Shaymin|257/341 brn|[from] brn","|turn|10","|","|switch|p2a: Cradily|Cradily, M|376/376","|move|p1a: Hydreigon|Flamethrower|p2a: Cradily","|-damage|p2a: Cradily|317/376","|","|-heal|p2a: Cradily|340/376|[from] item: Leftovers","|turn|11","|","|move|p1a: Hydreigon|Taunt|p2a: Cradily","|-start|p2a: Cradily|move: Taunt","|cant|p2a: Cradily|move: Taunt|Curse","|","|-heal|p2a: Cradily|363/376|[from] item: Leftovers","|turn|12","|","|switch|p1a: Umbreon|Umbreon, M|394/394","|move|p2a: Cradily|Rock Tomb|p1a: Umbreon","|-damage|p1a: Umbreon|336/394","|-unboost|p1a: Umbreon|spe|1","|","|-heal|p2a: Cradily|376/376|[from] item: Leftovers","|-heal|p1a: Umbreon|360/394|[from] item: Leftovers","|turn|13","|","|switch|p2a: Shiftry|Shiftry, M|322/322","|move|p1a: Umbreon|Heal Bell|p1a: Umbreon","|-cureteam|p1a: Umbreon|[from] move: HealBell","|","|-heal|p1a: Umbreon|384/394|[from] item: Leftovers","|turn|14","|","|switch|p1a: Mandibuzz|Mandibuzz, F|423/423","|move|p2a: Shiftry|Focus Blast|p1a: Mandibuzz","|-damage|p1a: Mandibuzz|259/423","|","|turn|15","|","|move|p2a: Shiftry|Focus Blast|p1a: Mandibuzz|[miss]","|-miss|p2a: Shiftry|p1a: Mandibuzz","|move|p1a: Mandibuzz|Roost|p1a: Mandibuzz","|-heal|p1a: Mandibuzz|423/423","|","|turn|16","|","|move|p2a: Shiftry|Focus Blast|p1a: Mandibuzz|[miss]","|-miss|p2a: Shiftry|p1a: Mandibuzz","|move|p1a: Mandibuzz|Brave Bird|p2a: Shiftry","|-supereffective|p2a: Shiftry","|-damage|p2a: Shiftry|32/322","|-damage|p1a: Mandibuzz|327/423|[from] recoil|[of] p2a: Shiftry","|","|turn|17","|","|switch|p2a: Cradily|Cradily, M|376/376","|move|p1a: Mandibuzz|Roost|p1a: Mandibuzz","|-heal|p1a: Mandibuzz|423/423","|","|turn|18","|","|switch|p1a: Hydreigon|Hydreigon, M|388/388","|move|p2a: Cradily|Curse|p2a: Cradily","|-unboost|p2a: Cradily|spe|1","|-boost|p2a: Cradily|atk|1","|-boost|p2a: Cradily|def|1","|","|turn|19","|","|move|p1a: Hydreigon|Taunt|p2a: Cradily","|-start|p2a: Cradily|move: Taunt","|move|p2a: Cradily|Rock Tomb|p1a: Hydreigon","|-damage|p1a: Hydreigon|282/388","|-unboost|p1a: Hydreigon|spe|1","|","|-heal|p1a: Hydreigon|306/388|[from] item: Leftovers","|turn|20","|","|switch|p1a: Umbreon|Umbreon, M|384/394","|move|p2a: Cradily|Rock Tomb|p1a: Umbreon","|-damage|p1a: Umbreon|306/394","|-unboost|p1a: Umbreon|spe|1","|","|-heal|p1a: Umbreon|330/394|[from] item: Leftovers","|turn|21","|","|move|p1a: Umbreon|Toxic|p2a: Cradily","|-status|p2a: Cradily|tox","|move|p2a: Cradily|Rock Tomb|p1a: Umbreon","|-damage|p1a: Umbreon|249/394","|-unboost|p1a: Umbreon|spe|1","|","|-heal|p1a: Umbreon|273/394|[from] item: Leftovers","|-damage|p2a: Cradily|353/376 tox|[from] psn","|-end|p2a: Cradily|move: Taunt","|turn|22","|","|switch|p1a: Hydreigon|Hydreigon, M|306/388","|switch|p2a: Celebi|Celebi|341/341","|","|-heal|p1a: Hydreigon|330/388|[from] item: Leftovers","|turn|23","|","|move|p2a: Celebi|U-turn|p1a: Hydreigon","|-supereffective|p1a: Hydreigon","|-damage|p1a: Hydreigon|216/388","|","|switch|p2a: Cradily|Cradily, M|353/376 tox","|move|p1a: Hydreigon|Dark Pulse|p2a: Cradily","|-damage|p2a: Cradily|275/376 tox","|","|-heal|p1a: Hydreigon|240/388|[from] item: Leftovers","|-heal|p2a: Cradily|298/376 tox|[from] item: Leftovers","|-damage|p2a: Cradily|275/376 tox|[from] psn","|turn|24","|","|move|p1a: Hydreigon|Taunt|p2a: Cradily","|-start|p2a: Cradily|move: Taunt","|move|p2a: Cradily|Rock Tomb|p1a: Hydreigon","|-damage|p1a: Hydreigon|170/388","|-unboost|p1a: Hydreigon|spe|1","|","|-heal|p1a: Hydreigon|194/388|[from] item: Leftovers","|-heal|p2a: Cradily|298/376 tox|[from] item: Leftovers","|-damage|p2a: Cradily|252/376 tox|[from] psn","|turn|25","|","|move|p1a: Hydreigon|Roost|p1a: Hydreigon","|-heal|p1a: Hydreigon|388/388","|move|p2a: Cradily|Rock Tomb|p1a: Hydreigon","|-damage|p1a: Hydreigon|325/388","|-unboost|p1a: Hydreigon|spe|1","|","|-heal|p2a: Cradily|275/376 tox|[from] item: Leftovers","|-heal|p1a: Hydreigon|349/388|[from] item: Leftovers","|-damage|p2a: Cradily|206/376 tox|[from] psn","|turn|26","|","|switch|p2a: Shaymin|Shaymin|257/341","|move|p1a: Hydreigon|Flamethrower|p2a: Shaymin","|-supereffective|p2a: Shaymin","|-damage|p2a: Shaymin|85/341","|","|-heal|p1a: Hydreigon|373/388|[from] item: Leftovers","|turn|27","|","|move|p2a: Shaymin|Healing Wish|p2a: Shaymin","|faint|p2a: Shaymin","|move|p1a: Hydreigon|Flamethrower|p2: Shaymin|[notarget]","|-notarget","|","|-heal|p1a: Hydreigon|388/388|[from] item: Leftovers","|","|switch|p2a: Cradily|Cradily, M|206/376 tox","|-heal|p2a: Cradily|376/376|[from] move: Healing Wish","|turn|28","|","|move|p2a: Cradily|Rock Tomb|p1a: Hydreigon","|-damage|p1a: Hydreigon|319/388","|-unboost|p1a: Hydreigon|spe|1","|move|p1a: Hydreigon|Taunt|p2a: Cradily","|-start|p2a: Cradily|move: Taunt","|","|-heal|p1a: Hydreigon|343/388|[from] item: Leftovers","|turn|29","|","|move|p2a: Cradily|Rock Tomb|p1a: Hydreigon","|-damage|p1a: Hydreigon|273/388","|-unboost|p1a: Hydreigon|spe|1","|move|p1a: Hydreigon|Dark Pulse|p2a: Cradily","|-damage|p2a: Cradily|292/376","|","|-heal|p2a: Cradily|315/376|[from] item: Leftovers","|-heal|p1a: Hydreigon|297/388|[from] item: Leftovers","|turn|30","|","|switch|p2a: Vileplume|Vileplume, M|310/354 brn","|switch|p1a: Bisharp|Bisharp, M|271/271","|","|-damage|p2a: Vileplume|266/354 brn|[from] brn","|turn|31","|","|move|p1a: Bisharp|Psycho Cut|p2a: Vileplume","|-supereffective|p2a: Vileplume","|-damage|p2a: Vileplume|138/354 brn","|move|p2a: Vileplume|Sleep Powder|p1a: Bisharp","|-status|p1a: Bisharp|slp","|","|-damage|p2a: Vileplume|94/354 brn|[from] brn","|turn|32","|","|switch|p1a: Umbreon|Umbreon, M|273/394","|move|p2a: Vileplume|Moonblast|p1a: Umbreon","|-supereffective|p1a: Umbreon","|-damage|p1a: Umbreon|177/394","|","|-heal|p1a: Umbreon|201/394|[from] item: Leftovers","|-damage|p2a: Vileplume|50/354 brn|[from] brn","|turn|33","|","|switch|p2a: Celebi|Celebi|341/341","|move|p1a: Umbreon|Heal Bell|p1a: Umbreon","|-cureteam|p1a: Umbreon|[from] move: HealBell","|","|-heal|p1a: Umbreon|225/394|[from] item: Leftovers","|turn|34","|","|move|p2a: Celebi|Trick|p1a: Umbreon","|-activate|p2a: Celebi|move: Trick|[of] p1a: Umbreon","|-item|p1a: Umbreon|Choice Scarf|[from] move: Trick","|-item|p2a: Celebi|Leftovers|[from] move: Trick","|move|p1a: Umbreon|Wish|p1a: Umbreon","|","|turn|35","|","|move|p2a: Celebi|U-turn|p1a: Umbreon","|-crit|p1a: Umbreon","|-supereffective|p1a: Umbreon","|-damage|p1a: Umbreon|81/394","|","|switch|p2a: Abomasnow|Abomasnow, F|340/340","|move|p1a: Umbreon|Wish|p1a: Umbreon","|-fail|p1a: Umbreon","|","|-heal|p1a: Umbreon|278/394|[from] move: Wish|[wisher] Umbreon","|turn|36","|","|switch|p1a: Tyranitar|Tyranitar, M|404/404","|-weather|Sandstorm","|detailschange|p2a: Abomasnow|Abomasnow-Mega, F","|-mega|p2a: Abomasnow|Abomasnow|Abomasite","|-weather|Hail","|move|p2a: Abomasnow|Swords Dance|p2a: Abomasnow","|-boost|p2a: Abomasnow|atk|2","|","|-weather|Hail|[upkeep]","|-damage|p1a: Tyranitar|379/404|[from] hail","|-heal|p1a: Tyranitar|404/404|[from] item: Leftovers","|turn|37","|","|move|p1a: Tyranitar|Rock Slide|p2a: Abomasnow","|-supereffective|p2a: Abomasnow","|-damage|p2a: Abomasnow|124/340","|cant|p2a: Abomasnow|flinch","|","|-weather|Hail|[upkeep]","|-damage|p1a: Tyranitar|379/404|[from] hail","|-heal|p1a: Tyranitar|404/404|[from] item: Leftovers","|turn|38","|","|switch|p2a: Celebi|Celebi|341/341","|move|p1a: Tyranitar|Rock Slide|p2a: Celebi","|-damage|p2a: Celebi|232/341","|","|-weather|Hail|[upkeep]","|-damage|p2a: Celebi|211/341|[from] hail","|-damage|p1a: Tyranitar|379/404|[from] hail","|-heal|p2a: Celebi|232/341|[from] item: Leftovers","|-heal|p1a: Tyranitar|404/404|[from] item: Leftovers","|turn|39","|","|switch|p1a: Umbreon|Umbreon, M|278/394","|move|p2a: Celebi|Leaf Storm|p1a: Umbreon","|-damage|p1a: Umbreon|166/394","|-unboost|p2a: Celebi|spa|2","|","|-weather|Hail|[upkeep]","|-damage|p2a: Celebi|211/341|[from] hail","|-damage|p1a: Umbreon|142/394|[from] hail","|-heal|p2a: Celebi|232/341|[from] item: Leftovers","|turn|40","|","|move|p2a: Celebi|U-turn|p1a: Umbreon","|-supereffective|p1a: Umbreon","|-damage|p1a: Umbreon|48/394","|","|switch|p2a: Abomasnow|Abomasnow-Mega, F|124/340","|move|p1a: Umbreon|Wish|p1a: Umbreon","|","|-weather|none","|turn|41","|","|switch|p1a: Hydreigon|Hydreigon, M|297/388","|move|p2a: Abomasnow|Seed Bomb|p1a: Hydreigon","|-resisted|p1a: Hydreigon","|-damage|p1a: Hydreigon|208/388","|","|-heal|p1a: Hydreigon|388/388|[from] move: Wish|[wisher] Umbreon","|turn|42","|","|move|p2a: Abomasnow|Ice Shard|p1a: Hydreigon","|-supereffective|p1a: Hydreigon","|-damage|p1a: Hydreigon|232/388","|move|p1a: Hydreigon|Flamethrower|p2a: Abomasnow","|-supereffective|p2a: Abomasnow","|-damage|p2a: Abomasnow|0 fnt","|faint|p2a: Abomasnow","|","|-heal|p1a: Hydreigon|256/388|[from] item: Leftovers","|","|switch|p2a: Celebi|Celebi|232/341","|turn|43","|","|move|p2a: Celebi|U-turn|p1a: Hydreigon","|-supereffective|p1a: Hydreigon","|-damage|p1a: Hydreigon|142/388","|","|switch|p2a: Vileplume|Vileplume, M|50/354 brn","|move|p1a: Hydreigon|Roost|p1a: Hydreigon","|-heal|p1a: Hydreigon|336/388","|","|-heal|p1a: Hydreigon|360/388|[from] item: Leftovers","|-damage|p2a: Vileplume|6/354 brn|[from] brn","|turn|44","|","|move|p1a: Hydreigon|Flamethrower|p2a: Vileplume","|-supereffective|p2a: Vileplume","|-damage|p2a: Vileplume|0 fnt","|faint|p2a: Vileplume","|","|-heal|p1a: Hydreigon|384/388|[from] item: Leftovers","|","|switch|p2a: Cradily|Cradily, M|315/376","|turn|45","|","|move|p1a: Hydreigon|Taunt|p2a: Cradily","|-start|p2a: Cradily|move: Taunt","|move|p2a: Cradily|Rock Tomb|p1a: Hydreigon","|-damage|p1a: Hydreigon|315/388","|-unboost|p1a: Hydreigon|spe|1","|","|-heal|p1a: Hydreigon|339/388|[from] item: Leftovers","|-heal|p2a: Cradily|338/376|[from] item: Leftovers","|turn|46","|","|move|p1a: Hydreigon|Dark Pulse|p2a: Cradily","|-damage|p2a: Cradily|260/376","|cant|p2a: Cradily|flinch","|","|-heal|p1a: Hydreigon|363/388|[from] item: Leftovers","|-heal|p2a: Cradily|283/376|[from] item: Leftovers","|turn|47","|","|move|p1a: Hydreigon|Dark Pulse|p2a: Cradily","|-damage|p2a: Cradily|201/376","|cant|p2a: Cradily|flinch","|","|-heal|p1a: Hydreigon|387/388|[from] item: Leftovers","|-heal|p2a: Cradily|224/376|[from] item: Leftovers","|-end|p2a: Cradily|move: Taunt","|turn|48","|","|move|p1a: Hydreigon|Taunt|p2a: Cradily","|-start|p2a: Cradily|move: Taunt","|move|p2a: Cradily|Rock Tomb|p1a: Hydreigon","|-damage|p1a: Hydreigon|321/388","|-unboost|p1a: Hydreigon|spe|1","|","|-heal|p2a: Cradily|247/376|[from] item: Leftovers","|-heal|p1a: Hydreigon|345/388|[from] item: Leftovers","|turn|49","|","|switch|p1a: Bisharp|Bisharp, M|271/271","|move|p2a: Cradily|Rock Tomb|p1a: Bisharp","|-resisted|p1a: Bisharp","|-damage|p1a: Bisharp|241/271","|-unboost|p1a: Bisharp|spe|1","|-boost|p1a: Bisharp|atk|2|[from] ability: Defiant","|","|-heal|p2a: Cradily|270/376|[from] item: Leftovers","|turn|50","|","|move|p1a: Bisharp|Iron Head|p2a: Cradily","|-supereffective|p2a: Cradily","|-damage|p2a: Cradily|0 fnt","|faint|p2a: Cradily","|","|","|switch|p2a: Shiftry|Shiftry, M|32/322","|turn|51","|","|switch|p1a: Umbreon|Umbreon, M|48/394","|move|p2a: Shiftry|Focus Blast|p1a: Umbreon","|-supereffective|p1a: Umbreon","|-damage|p1a: Umbreon|0 fnt","|faint|p1a: Umbreon","|","|","|switch|p1a: Bisharp|Bisharp, M|241/271","|turn|52","|","|switch|p2a: Celebi|Celebi|232/341","|move|p1a: Bisharp|Knock Off|p2a: Celebi","|-supereffective|p2a: Celebi","|-damage|p2a: Celebi|0 fnt","|-enditem|p2a: Celebi|Leftovers|[from] move: Knock Off|[of] p1a: Bisharp","|faint|p2a: Celebi","|","|","|switch|p2a: Shiftry|Shiftry, M|32/322","|turn|53","|","|move|p1a: Bisharp|Knock Off|p2a: Shiftry","|-resisted|p2a: Shiftry","|-damage|p2a: Shiftry|0 fnt","|-enditem|p2a: Shiftry|Choice Specs|[from] move: Knock Off|[of] p1a: Bisharp","|faint|p2a: Shiftry","|","|win|Inferno Sableye"],"p1rating":{"entryid":"83803","serverid":"eos","formatid":"monotype","userid":"infernosableye","username":"Inferno Sableye","w":39,"l":"13","t":"0","gxe":72.5,"r":"1675.2881867233","rd":"54.143270877787","sigma":"0","rptime":"1440320400","rpr":1684.0737894333,"rprd":50.231927762125,"rpsigma":"0","acre":1281.0919782583,"lacre":1281.0919782583,"oldacre":"1271.9488007679"},"p2rating":{"entryid":"379503","serverid":"eos","formatid":"monotype","userid":"gymldrmitsuka","username":"Gym Ldr Mitsuka∆","w":"1","l":4,"t":"0","gxe":42.6,"r":"1500","rd":"130","sigma":"0","rptime":"1440320400","rpr":1441.313944946,"rprd":103.46670437715,"rpsigma":"0","acre":1007.5727289502,"lacre":1007.5727289502,"oldacre":"1011.8818257995"},"endType":"normal"}