{"seed":[28404,55522,64145,25705],"turns":39,"p1":"Carnie Red","p2":"LightOfAKnowing","p1team":[{"name":"Trevenant","species":"Trevenant","item":"sitrusberry","ability":"Harvest","moves":["hornleech","leechseed","shadowclaw","willowisp"],"nature":"Careful","evs":{"hp":248,"atk":8,"def":0,"spa":0,"spd":252,"spe":0},"shiny":true,"ivs":{"hp":31,"atk":31,"def":31,"spa":31,"spd":31,"spe":31}},{"name":"Serperior","species":"Serperior","item":"lifeorb","ability":"Contrary","moves":["leafstorm","gigadrain","dragonpulse","glare"],"nature":"Timid","evs":{"hp":0,"atk":0,"def":0,"spa":252,"spd":4,"spe":252},"shiny":true,"ivs":{"hp":31,"atk":31,"def":31,"spa":31,"spd":31,"spe":31}},{"name":"Ludicolo","species":"Ludicolo","item":"leftovers","ability":"Swift Swim","moves":["gigadrain","scald","leechseed","icebeam"],"nature":"Timid","evs":{"hp":0,"atk":0,"def":0,"spa":252,"spd":4,"spe":252},"shiny":true,"ivs":{"hp":31,"atk":31,"def":31,"spa":31,"spd":31,"spe":31}},{"name":"Venusaur","species":"Venusaur","item":"venusaurite","ability":"Overgrow","moves":["gigadrain","leechseed","sleeppowder","synthesis"],"nature":"Bold","evs":{"hp":248,"atk":0,"def":252,"spa":8,"spd":0,"spe":0},"ivs":{"hp":31,"atk":31,"def":31,"spa":31,"spd":31,"spe":31}},{"name":"Breloom","species":"Breloom","item":"focussash","ability":"Technician","moves":["seedbomb","machpunch","rocktomb","spore"],"nature":"Jolly","evs":{"hp":0,"atk":252,"def":0,"spa":0,"spd":4,"spe":252},"ivs":{"hp":31,"atk":31,"def":31,"spa":31,"spd":31,"spe":31}},{"name":"Cradily","species":"Cradily","item":"leftovers","ability":"Storm Drain","moves":["gigadrain","stealthrock","toxic","recover"],"nature":"Calm","evs":{"hp":252,"atk":0,"def":0,"spa":4,"spd":252,"spe":0},"ivs":{"hp":31,"atk":31,"def":31,"spa":31,"spd":31,"spe":31}}],"p2team":[{"name":"DJ","species":"exploud","item":"wiseglasses","ability":"Scrappy","moves":["boomburst","icebeam","flamethrower","shadowball"],"nature":"Modest","evs":{"hp":248,"atk":0,"def":0,"spa":252,"spd":8,"spe":0},"gender":"M","ivs":{"hp":31,"atk":31,"def":31,"spa":31,"spd":31,"spe":31}},{"name":"Egg","species":"chansey","item":"eviolite","ability":"Natural Cure","moves":["healbell","wish","toxic","seismictoss"],"nature":"Bold","evs":{"hp":248,"atk":0,"def":252,"spa":0,"spd":8,"spe":0},"ivs":{"hp":31,"atk":31,"def":31,"spa":31,"spd":31,"spe":31}},{"name":"Merica","species":"braviary","item":"choicescarf","ability":"Sheer Force","moves":["bravebird","rockslide","thrash","steelwing"],"nature":"Jolly","evs":{"hp":0,"atk":252,"def":0,"spa":0,"spd":4,"spe":252},"shiny":true,"ivs":{"hp":31,"atk":31,"def":31,"spa":31,"spd":31,"spe":31}},{"name":"Melo","species":"meloetta","item":"assaultvest","ability":"Serene Grace","moves":["shadowball","psychic","energyball","hypervoice"],"nature":"Modest","evs":{"hp":248,"atk":0,"def":0,"spa":252,"spd":8,"spe":0},"ivs":{"hp":31,"atk":31,"def":31,"spa":31,"spd":31,"spe":31}},{"name":"FanService","species":"lopunny","item":"lopunnite","ability":"Cute Charm","moves":["fakeout","drainpunch","frustration","icepunch"],"nature":"Jolly","evs":{"hp":0,"atk":252,"def":0,"spa":0,"spd":4,"spe":252},"gender":"F","happiness":0,"ivs":{"hp":31,"atk":31,"def":31,"spa":31,"spd":31,"spe":31}},{"name":"Dough","species":"snorlax","item":"weaknesspolicy","ability":"Thick Fat","moves":["curse","rest","frustration","crunch"],"nature":"Adamant","evs":{"hp":248,"atk":252,"def":0,"spa":0,"spd":8,"spe":0},"gender":"M","happiness":0,"ivs":{"hp":31,"atk":31,"def":31,"spa":31,"spd":31,"spe":31}}],"log":["|player|p1|Carnie Red|162","|player|p2|LightOfAKnowing|lightofaknowing.png","|gametype|singles","|gen|6","|tier|Monotype","|rated","|rule|Baton Pass Clause: Limit one Baton Passer, can't pass Spe and other stats simultaneously","|rule|Swagger Clause: Swagger is banned","|rule|Same Type Clause: Pokémon in a team must share a type","|clearpoke","|poke|p1|Trevenant, M, shiny","|poke|p1|Serperior, F, shiny","|poke|p1|Ludicolo, M, shiny","|poke|p1|Venusaur, F","|poke|p1|Breloom, F","|poke|p1|Cradily, F","|poke|p2|Exploud, M","|poke|p2|Chansey, F","|poke|p2|Braviary, M, shiny","|poke|p2|Meloetta","|poke|p2|Lopunny, F","|poke|p2|Snorlax, M","|rule|Sleep Clause Mod: Limit one foe put to sleep","|rule|Species Clause: Limit one of each Pokémon","|rule|OHKO Clause: OHKO moves are banned","|rule|Moody Clause: Moody is banned","|rule|Evasion Moves Clause: Evasion moves are banned","|rule|Endless Battle Clause: Forcing endless battles is banned","|rule|HP Percentage Mod: HP is shown in percentages","|teampreview","|","|start","|switch|p1a: Cradily|Cradily, F|376/376","|switch|p2a: FanService|Lopunny, F|271/271","|turn|1","|","|switch|p1a: Trevenant|Trevenant, M, shiny|373/373","|detailschange|p2a: FanService|Lopunny-Mega, F","|-mega|p2a: FanService|Lopunny|Lopunnite","|move|p2a: FanService|Fake Out|p1a: Trevenant","|-damage|p1a: Trevenant|285/373","|","|turn|2","|","|move|p2a: FanService|Frustration|p1a: Trevenant","|-damage|p1a: Trevenant|45/373","|-enditem|p1a: Trevenant|Sitrus Berry|[eat]","|-heal|p1a: Trevenant|138/373|[from] item: Sitrus Berry","|move|p1a: Trevenant|Will-O-Wisp|p2a: FanService","|-status|p2a: FanService|brn","|","|-damage|p2a: FanService|238/271 brn|[from] brn","|turn|3","|","|switch|p1a: Cradily|Cradily, F|376/376","|move|p2a: FanService|Ice Punch|p1a: Cradily","|-supereffective|p1a: Cradily","|-damage|p1a: Cradily|279/376","|","|-heal|p1a: Cradily|302/376|[from] item: Leftovers","|-damage|p2a: FanService|205/271 brn|[from] brn","|turn|4","|","|move|p2a: FanService|Ice Punch|p1a: Cradily","|-supereffective|p1a: Cradily","|-damage|p1a: Cradily|215/376","|move|p1a: Cradily|Stealth Rock|p2a: FanService","|-sidestart|p2: LightOfAKnowing|move: Stealth Rock","|","|-heal|p1a: Cradily|238/376|[from] item: Leftovers","|-damage|p2a: FanService|172/271 brn|[from] brn","|turn|5","|","|move|p2a: FanService|Drain Punch|p1a: Cradily","|-supereffective|p1a: Cradily","|-damage|p1a: Cradily|100/376","|-heal|p2a: FanService|241/271 brn|[from] drain|[of] p1a: Cradily","|move|p1a: Cradily|Recover|p1a: Cradily","|-heal|p1a: Cradily|288/376","|","|-heal|p1a: Cradily|311/376|[from] item: Leftovers","|-damage|p2a: FanService|208/271 brn|[from] brn","|turn|6","|","|move|p2a: FanService|Drain Punch|p1a: Cradily","|-supereffective|p1a: Cradily","|-damage|p1a: Cradily|164/376","|-heal|p2a: FanService|271/271 brn|[from] drain|[of] p1a: Cradily","|move|p1a: Cradily|Giga Drain|p2a: FanService","|-damage|p2a: FanService|198/271 brn","|-heal|p1a: Cradily|201/376|[from] drain|[of] p2a: FanService","|","|-heal|p1a: Cradily|224/376|[from] item: Leftovers","|-damage|p2a: FanService|165/271 brn|[from] brn","|turn|7","|","|move|p2a: FanService|Drain Punch|p1a: Cradily","|-supereffective|p1a: Cradily","|-damage|p1a: Cradily|85/376","|-heal|p2a: FanService|235/271 brn|[from] drain|[of] p1a: Cradily","|move|p1a: Cradily|Recover|p1a: Cradily","|-heal|p1a: Cradily|273/376","|","|-heal|p1a: Cradily|296/376|[from] item: Leftovers","|-damage|p2a: FanService|202/271 brn|[from] brn","|turn|8","|","|switch|p1a: Venusaur|Venusaur, F|363/363","|move|p2a: FanService|Drain Punch|p1a: Venusaur","|-resisted|p1a: Venusaur","|-damage|p1a: Venusaur|337/363","|-heal|p2a: FanService|215/271 brn|[from] drain|[of] p1a: Venusaur","|","|-damage|p2a: FanService|182/271 brn|[from] brn","|turn|9","|","|detailschange|p1a: Venusaur|Venusaur-Mega, F","|-mega|p1a: Venusaur|Venusaur|Venusaurite","|move|p2a: FanService|Frustration|p1a: Venusaur","|-damage|p1a: Venusaur|280/363","|move|p1a: Venusaur|Leech Seed|p2a: FanService","|-start|p2a: FanService|move: Leech Seed","|","|-damage|p2a: FanService|149/271 brn|[from] Leech Seed|[of] p1a: Venusaur","|-heal|p1a: Venusaur|313/363|[silent]","|-damage|p2a: FanService|116/271 brn|[from] brn","|turn|10","|","|move|p2a: FanService|Ice Punch|p1a: Venusaur","|-supereffective|p1a: Venusaur","|-damage|p1a: Venusaur|284/363","|move|p1a: Venusaur|Giga Drain|p2a: FanService","|-damage|p2a: FanService|0 fnt","|-heal|p1a: Venusaur|342/363|[from] drain|[of] p2a: FanService","|faint|p2a: FanService","|","|","|switch|p2a: Melo|Meloetta|403/403","|-damage|p2a: Melo|353/403|[from] Stealth Rock","|turn|11","|","|move|p2a: Melo|Psychic|p1a: Venusaur","|-supereffective|p1a: Venusaur","|-damage|p1a: Venusaur|46/363","|move|p1a: Venusaur|Sleep Powder|p2a: Melo","|-status|p2a: Melo|slp","|","|turn|12","|","|cant|p2a: Melo|slp","|move|p1a: Venusaur|Synthesis|p1a: Venusaur","|-heal|p1a: Venusaur|227/363","|","|turn|13","|","|switch|p1a: Serperior|Serperior, F, shiny|291/291","|cant|p2a: Melo|slp","|","|turn|14","|","|move|p1a: Serperior|Leaf Storm|p2a: Melo","|-damage|p2a: Melo|239/403 slp","|-boost|p1a: Serperior|spa|2","|-damage|p1a: Serperior|262/291|[from] item: Life Orb","|-curestatus|p2a: Melo|slp","|move|p2a: Melo|Psychic|p1a: Serperior","|-damage|p1a: Serperior|90/291","|-boost|p1a: Serperior|spd|1","|","|turn|15","|","|move|p1a: Serperior|Giga Drain|p2a: Melo","|-damage|p2a: Melo|114/403","|-heal|p1a: Serperior|153/291|[from] drain|[of] p2a: Melo","|-damage|p1a: Serperior|124/291|[from] item: Life Orb","|move|p2a: Melo|Psychic|p1a: Serperior","|-damage|p1a: Serperior|4/291","|-boost|p1a: Serperior|spd|1","|","|turn|16","|","|move|p1a: Serperior|Giga Drain|p2a: Melo","|-damage|p2a: Melo|0 fnt","|-heal|p1a: Serperior|61/291|[from] drain|[of] p2a: Melo","|-damage|p1a: Serperior|32/291|[from] item: Life Orb","|faint|p2a: Melo","|","|","|switch|p2a: DJ|Exploud, M|411/411","|-damage|p2a: DJ|360/411|[from] Stealth Rock","|turn|17","|","|move|p1a: Serperior|Leaf Storm|p2a: DJ","|-crit|p2a: DJ","|-damage|p2a: DJ|0 fnt","|-boost|p1a: Serperior|spa|2","|-damage|p1a: Serperior|3/291|[from] item: Life Orb","|faint|p2a: DJ","|","|","|switch|p2a: Egg|Chansey, F|703/703","|-damage|p2a: Egg|616/703|[from] Stealth Rock","|turn|18","|","|move|p1a: Serperior|Leaf Storm|p2a: Egg","|-damage|p2a: Egg|213/703","|-boost|p1a: Serperior|spa|2","|-damage|p1a: Serperior|0 fnt|[from] item: Life Orb","|faint|p1a: Serperior","|move|p2a: Egg|Wish|p2a: Egg","|","|","|switch|p1a: Venusaur|Venusaur-Mega, F|227/363","|turn|19","|","|move|p1a: Venusaur|Synthesis|p1a: Venusaur","|-heal|p1a: Venusaur|363/363","|move|p2a: Egg|Seismic Toss|p1a: Venusaur","|-damage|p1a: Venusaur|263/363","|","|-heal|p2a: Egg|564/703|[from] move: Wish|[wisher] Egg","|turn|20","|","|move|p1a: Venusaur|Leech Seed|p2a: Egg","|-start|p2a: Egg|move: Leech Seed","|move|p2a: Egg|Seismic Toss|p1a: Venusaur","|-damage|p1a: Venusaur|163/363","|","|-damage|p2a: Egg|477/703|[from] Leech Seed|[of] p1a: Venusaur","|-heal|p1a: Venusaur|250/363|[silent]","|turn|21","|","|switch|p2a: Merica|Braviary, M, shiny|341/341","|-damage|p2a: Merica|256/341|[from] Stealth Rock","|move|p1a: Venusaur|Giga Drain|p2a: Merica","|-resisted|p2a: Merica","|-damage|p2a: Merica|185/341","|-heal|p1a: Venusaur|286/363|[from] drain|[of] p2a: Merica","|","|turn|22","|","|move|p2a: Merica|Brave Bird|p1a: Venusaur","|-supereffective|p1a: Venusaur","|-damage|p1a: Venusaur|28/363","|-damage|p2a: Merica|100/341|[from] recoil|[of] p1a: Venusaur","|move|p1a: Venusaur|Sleep Powder|p2a: Merica","|-status|p2a: Merica|slp","|","|turn|23","|","|switch|p2a: Dough|Snorlax, M|523/523","|-damage|p2a: Dough|458/523|[from] Stealth Rock","|move|p1a: Venusaur|Synthesis|p1a: Venusaur","|-heal|p1a: Venusaur|209/363","|","|turn|24","|","|move|p1a: Venusaur|Synthesis|p1a: Venusaur","|-heal|p1a: Venusaur|363/363","|move|p2a: Dough|Curse|p2a: Dough","|-unboost|p2a: Dough|spe|1","|-boost|p2a: Dough|atk|1","|-boost|p2a: Dough|def|1","|","|turn|25","|","|move|p1a: Venusaur|Leech Seed|p2a: Dough","|-start|p2a: Dough|move: Leech Seed","|move|p2a: Dough|Curse|p2a: Dough","|-unboost|p2a: Dough|spe|1","|-boost|p2a: Dough|atk|1","|-boost|p2a: Dough|def|1","|","|-damage|p2a: Dough|393/523|[from] Leech Seed|[of] p1a: Venusaur","|turn|26","|","|move|p1a: Venusaur|Giga Drain|p2a: Dough","|-crit|p2a: Dough","|-damage|p2a: Dough|240/523","|move|p2a: Dough|Curse|p2a: Dough","|-unboost|p2a: Dough|spe|1","|-boost|p2a: Dough|atk|1","|-boost|p2a: Dough|def|1","|","|-damage|p2a: Dough|175/523|[from] Leech Seed|[of] p1a: Venusaur","|turn|27","|","|move|p1a: Venusaur|Giga Drain|p2a: Dough","|-damage|p2a: Dough|78/523","|move|p2a: Dough|Rest|p2a: Dough","|-status|p2a: Dough|slp","|-heal|p2a: Dough|523/523 slp|[silent]","|-status|p2a: Dough|slp|[from] move: Rest","|","|-damage|p2a: Dough|458/523 slp|[from] Leech Seed|[of] p1a: Venusaur","|turn|28","|","|switch|p1a: Trevenant|Trevenant, M, shiny|138/373","|cant|p2a: Dough|slp","|","|-damage|p2a: Dough|393/523 slp|[from] Leech Seed|[of] p1a: Trevenant","|-heal|p1a: Trevenant|203/373|[silent]","|turn|29","|","|move|p1a: Trevenant|Horn Leech|p2a: Dough","|-damage|p2a: Dough|338/523 slp","|-heal|p1a: Trevenant|231/373|[from] drain|[of] p2a: Dough","|cant|p2a: Dough|slp","|","|-damage|p2a: Dough|273/523 slp|[from] Leech Seed|[of] p1a: Trevenant","|-heal|p1a: Trevenant|296/373|[silent]","|turn|30","|","|switch|p1a: Venusaur|Venusaur-Mega, F|363/363","|-curestatus|p2a: Dough|slp","|move|p2a: Dough|Crunch|p1a: Venusaur","|-damage|p1a: Venusaur|211/363","|","|-damage|p2a: Dough|208/523|[from] Leech Seed|[of] p1a: Venusaur","|-heal|p1a: Venusaur|276/363|[silent]","|turn|31","|","|move|p1a: Venusaur|Giga Drain|p2a: Dough","|-damage|p2a: Dough|106/523","|-heal|p1a: Venusaur|327/363|[from] drain|[of] p2a: Dough","|move|p2a: Dough|Rest|p2a: Dough","|-status|p2a: Dough|slp","|-heal|p2a: Dough|523/523 slp|[silent]","|-status|p2a: Dough|slp|[from] move: Rest","|","|-damage|p2a: Dough|458/523 slp|[from] Leech Seed|[of] p1a: Venusaur","|-heal|p1a: Venusaur|363/363|[silent]","|turn|32","|","|switch|p1a: Breloom|Breloom, F|261/261","|cant|p2a: Dough|slp","|","|-damage|p2a: Dough|393/523 slp|[from] Leech Seed|[of] p1a: Breloom","|turn|33","|","|move|p1a: Breloom|Mach Punch|p2a: Dough","|-supereffective|p2a: Dough","|-damage|p2a: Dough|273/523 slp","|-enditem|p2a: Dough|Weakness Policy","|-boost|p2a: Dough|atk|2|[from] item: Weakness Policy","|-boost|p2a: Dough|spa|2|[from] item: Weakness Policy","|cant|p2a: Dough|slp","|","|-damage|p2a: Dough|208/523 slp|[from] Leech Seed|[of] p1a: Breloom","|turn|34","|","|move|p1a: Breloom|Mach Punch|p2a: Dough","|-supereffective|p2a: Dough","|-damage|p2a: Dough|94/523 slp","|-curestatus|p2a: Dough|slp","|move|p2a: Dough|Rest|p2a: Dough","|-status|p2a: Dough|slp","|-heal|p2a: Dough|523/523 slp|[silent]","|-status|p2a: Dough|slp|[from] move: Rest","|","|-damage|p2a: Dough|458/523 slp|[from] Leech Seed|[of] p1a: Breloom","|turn|35","|","|move|p1a: Breloom|Mach Punch|p2a: Dough","|-supereffective|p2a: Dough","|-damage|p2a: Dough|330/523 slp","|cant|p2a: Dough|slp","|","|-damage|p2a: Dough|265/523 slp|[from] Leech Seed|[of] p1a: Breloom","|turn|36","|","|move|p1a: Breloom|Mach Punch|p2a: Dough","|-supereffective|p2a: Dough","|-damage|p2a: Dough|149/523 slp","|cant|p2a: Dough|slp","|","|-damage|p2a: Dough|84/523 slp|[from] Leech Seed|[of] p1a: Breloom","|turn|37","|","|move|p1a: Breloom|Mach Punch|p2a: Dough","|-supereffective|p2a: Dough","|-damage|p2a: Dough|0 fnt","|faint|p2a: Dough","|","|","|switch|p2a: Egg|Chansey, F|477/703","|-damage|p2a: Egg|390/703|[from] Stealth Rock","|turn|38","|","|move|p1a: Breloom|Mach Punch|p2a: Egg","|-supereffective|p2a: Egg","|-damage|p2a: Egg|112/703","|move|p2a: Egg|Seismic Toss|p1a: Breloom","|-damage|p1a: Breloom|161/261","|","|turn|39","|","|win|Carnie Red"],"p1rating":{"entryid":"272068","serverid":"eos","formatid":"monotype","userid":"carniered","username":"Carnie Red","w":12,"l":"3","t":"0","gxe":66.9,"r":"1606.4584837125","rd":"87.917289443417","sigma":"0","rptime":"1440406800","rpr":1635.5138366217,"rprd":78.339733418726,"rpsigma":"0","acre":1212.1885081334,"lacre":1212.1885081334,"oldacre":"1193.0784994346"},"p2rating":{"entryid":"386","serverid":"eos","formatid":"monotype","userid":"lightofaknowing","username":"LightOfAKnowing","w":"25","l":38,"t":"0","gxe":41.9,"r":"1416.9477002435","rd":"51.599175927199","sigma":"0","rptime":"1440406800","rpr":1438.3589956231,"rprd":45.544187635978,"rpsigma":"0","acre":1090.5457302321,"lacre":1090.5457302321,"oldacre":"1109.6557389309"},"endType":"forfeit"}