{"seed":[48581,41756,50821,18655],"turns":21,"p1":"SWL BLIZZ","p2":"TheAce22","p1team":[{"name":"Cloyster","species":"Cloyster","item":"focussash","ability":"Skill Link","moves":["shellsmash","razorshell","iciclespear","rockblast"],"nature":"Adamant","evs":{"hp":0,"atk":252,"def":0,"spa":0,"spd":4,"spe":252},"ivs":{"hp":31,"atk":31,"def":31,"spa":31,"spd":31,"spe":31}},{"name":"Kyurem-Black","species":"Kyurem-Black","item":"choiceband","ability":"Teravolt","moves":["dracometeor","outrage","flashcannon","fusionbolt"],"nature":"Naughty","evs":{"hp":248,"atk":252,"def":0,"spa":8,"spd":0,"spe":0},"ivs":{"hp":31,"atk":31,"def":31,"spa":31,"spd":31,"spe":31}},{"name":"Weavile","species":"Weavile","item":"lifeorb","ability":"Pressure","moves":["fakeout","iciclecrash","knockoff","iceshard"],"nature":"Jolly","evs":{"hp":0,"atk":252,"def":0,"spa":0,"spd":4,"spe":252},"ivs":{"hp":31,"atk":31,"def":31,"spa":31,"spd":31,"spe":31}},{"name":"Froslass","species":"Froslass","item":"focussash","ability":"Cursed Body","moves":["thunderwave","destinybond","crunch","avalanche"],"nature":"Jolly","evs":{"hp":0,"atk":252,"def":0,"spa":0,"spd":4,"spe":252},"ivs":{"hp":31,"atk":31,"def":31,"spa":31,"spd":31,"spe":31}},{"name":"Avalugg","species":"Avalugg","item":"leftovers","ability":"Sturdy","moves":["rapidspin","toxic","recover","avalanche"],"nature":"Impish","evs":{"hp":252,"atk":4,"def":252,"spa":0,"spd":0,"spe":0},"ivs":{"hp":31,"atk":31,"def":31,"spa":31,"spd":31,"spe":31}},{"name":"Glalie","species":"Glalie","item":"glalitite","ability":"Inner Focus","moves":["iceshard","headbutt","doubleedge","earthquake"],"nature":"Adamant","evs":{"hp":248,"atk":16,"def":0,"spa":0,"spd":8,"spe":0},"ivs":{"hp":31,"atk":31,"def":31,"spa":31,"spd":31,"spe":31}}],"p2team":[{"name":"Empoleon","species":"Empoleon","item":"leftovers","ability":"Torrent","moves":["scald","defog","roar","stealthrock"],"nature":"Calm","evs":{"hp":236,"atk":0,"def":0,"spa":4,"spd":252,"spe":16},"ivs":{"hp":31,"atk":31,"def":31,"spa":31,"spd":31,"spe":31}},{"name":"Cloyster","species":"Cloyster","item":"focussash","ability":"Skill Link","moves":["shellsmash","iciclespear","iceshard","rockblast"],"nature":"Jolly","evs":{"hp":0,"atk":252,"def":0,"spa":0,"spd":4,"spe":252},"ivs":{"hp":31,"atk":31,"def":31,"spa":31,"spd":31,"spe":31}},{"name":"Keldeo","species":"Keldeo","item":"leftovers","ability":"Justified","moves":["scald","secretsword","substitute","calmmind"],"nature":"Timid","evs":{"hp":0,"atk":0,"def":0,"spa":252,"spd":4,"spe":252},"ivs":{"hp":31,"atk":31,"def":31,"spa":31,"spd":31,"spe":31}},{"name":"Slowbro","species":"Slowbro","item":"rockyhelmet","ability":"Regenerator","moves":["scald","slackoff","fireblast","psyshock"],"nature":"Bold","evs":{"hp":248,"atk":0,"def":252,"spa":8,"spd":0,"spe":0},"ivs":{"hp":31,"atk":31,"def":31,"spa":31,"spd":31,"spe":31}},{"name":"Lanturn","species":"Lanturn","item":"leftovers","ability":"Volt Absorb","moves":["voltswitch","scald","toxic","healbell"],"nature":"Calm","evs":{"hp":252,"atk":0,"def":0,"spa":4,"spd":252,"spe":0},"ivs":{"hp":31,"atk":31,"def":31,"spa":31,"spd":31,"spe":31}},{"name":"Sharpedo","species":"Sharpedo","item":"sharpedonite","ability":"Speed Boost","moves":["hydropump","crunch","protect","icefang"],"nature":"Hasty","evs":{"hp":0,"atk":252,"def":0,"spa":4,"spd":0,"spe":252},"ivs":{"hp":31,"atk":31,"def":31,"spa":31,"spd":31,"spe":31}}],"log":["|player|p1|SWL BLIZZ|1","|player|p2|TheAce22|266","|gametype|singles","|gen|6","|tier|Monotype","|rated","|rule|Baton Pass Clause: Limit one Baton Passer, can't pass Spe and other stats simultaneously","|rule|Swagger Clause: Swagger is banned","|rule|Same Type Clause: Pokémon in a team must share a type","|clearpoke","|poke|p1|Cloyster, F","|poke|p1|Kyurem-Black","|poke|p1|Weavile, F","|poke|p1|Froslass, F","|poke|p1|Avalugg, F","|poke|p1|Glalie, M","|poke|p2|Empoleon, F","|poke|p2|Cloyster, F","|poke|p2|Keldeo","|poke|p2|Slowbro, F","|poke|p2|Lanturn, M","|poke|p2|Sharpedo, F","|rule|Sleep Clause Mod: Limit one foe put to sleep","|rule|Species Clause: Limit one of each Pokémon","|rule|OHKO Clause: OHKO moves are banned","|rule|Moody Clause: Moody is banned","|rule|Evasion Moves Clause: Evasion moves are banned","|rule|Endless Battle Clause: Forcing endless battles is banned","|rule|HP Percentage Mod: HP is shown in percentages","|teampreview","|","|start","|switch|p1a: Cloyster|Cloyster, F|241/241","|switch|p2a: Empoleon|Empoleon, F|368/368","|turn|1","|","|move|p1a: Cloyster|Shell Smash|p1a: Cloyster","|-unboost|p1a: Cloyster|def|1","|-unboost|p1a: Cloyster|spd|1","|-boost|p1a: Cloyster|atk|2","|-boost|p1a: Cloyster|spa|2","|-boost|p1a: Cloyster|spe|2","|move|p2a: Empoleon|Stealth Rock|p1a: Cloyster","|-sidestart|p1: SWL BLIZZ|move: Stealth Rock","|","|turn|2","|","|move|p1a: Cloyster|Rock Blast|p2a: Empoleon|[miss]","|-miss|p1a: Cloyster|p2a: Empoleon","|move|p2a: Empoleon|Scald|p1a: Cloyster","|-resisted|p1a: Cloyster","|-damage|p1a: Cloyster|85/241","|","|turn|3","|","|move|p1a: Cloyster|Rock Blast|p2a: Empoleon","|-resisted|p2a: Empoleon","|-damage|p2a: Empoleon|338/368","|-resisted|p2a: Empoleon","|-damage|p2a: Empoleon|309/368","|-resisted|p2a: Empoleon","|-damage|p2a: Empoleon|279/368","|-resisted|p2a: Empoleon","|-damage|p2a: Empoleon|247/368","|-crit|p2a: Empoleon","|-resisted|p2a: Empoleon","|-damage|p2a: Empoleon|204/368","|-hitcount|p2a: Empoleon|5","|move|p2a: Empoleon|Scald|p1a: Cloyster","|-resisted|p1a: Cloyster","|-damage|p1a: Cloyster|0 fnt","|faint|p1a: Cloyster","|","|-heal|p2a: Empoleon|227/368|[from] item: Leftovers","|","|switch|p1a: Glalie|Glalie, M|363/363","|-damage|p1a: Glalie|273/363|[from] Stealth Rock","|turn|4","|","|detailschange|p1a: Glalie|Glalie-Mega, M","|-mega|p1a: Glalie|Glalie|Glalitite","|move|p1a: Glalie|Earthquake|p2a: Empoleon","|-supereffective|p2a: Empoleon","|-damage|p2a: Empoleon|9/368","|move|p2a: Empoleon|Scald|p1a: Glalie","|-damage|p1a: Glalie|86/363","|","|-heal|p2a: Empoleon|32/368|[from] item: Leftovers","|turn|5","|","|move|p1a: Glalie|Ice Shard|p2a: Empoleon","|-resisted|p2a: Empoleon","|-damage|p2a: Empoleon|14/368","|move|p2a: Empoleon|Scald|p1a: Glalie","|-damage|p1a: Glalie|0 fnt","|faint|p1a: Glalie","|","|-heal|p2a: Empoleon|37/368|[from] item: Leftovers","|","|switch|p1a: Kyurem-Black|Kyurem-Black|453/453","|-damage|p1a: Kyurem-Black|340/453|[from] Stealth Rock","|-ability|p1a: Kyurem-Black|Teravolt","|turn|6","|","|move|p1a: Kyurem-Black|Outrage|p2a: Empoleon","|-resisted|p2a: Empoleon","|-damage|p2a: Empoleon|0 fnt","|faint|p2a: Empoleon","|","|","|switch|p2a: Cloyster|Cloyster, F|241/241","|turn|7","|","|move|p2a: Cloyster|Shell Smash|p2a: Cloyster","|-unboost|p2a: Cloyster|def|1","|-unboost|p2a: Cloyster|spd|1","|-boost|p2a: Cloyster|atk|2","|-boost|p2a: Cloyster|spa|2","|-boost|p2a: Cloyster|spe|2","|move|p1a: Kyurem-Black|Outrage|p2a: Cloyster|[from]lockedmove","|-enditem|p2a: Cloyster|Focus Sash","|-damage|p2a: Cloyster|1/241","|-start|p1a: Kyurem-Black|confusion|[fatigue]","|","|turn|8","|","|switch|p1a: Avalugg|Avalugg, F|394/394","|-damage|p1a: Avalugg|296/394|[from] Stealth Rock","|move|p2a: Cloyster|Icicle Spear|p1a: Avalugg","|-resisted|p1a: Avalugg","|-damage|p1a: Avalugg|278/394","|-resisted|p1a: Avalugg","|-damage|p1a: Avalugg|262/394","|-resisted|p1a: Avalugg","|-damage|p1a: Avalugg|244/394","|-resisted|p1a: Avalugg","|-damage|p1a: Avalugg|229/394","|-resisted|p1a: Avalugg","|-damage|p1a: Avalugg|214/394","|-hitcount|p1a: Avalugg|5","|","|-heal|p1a: Avalugg|238/394|[from] item: Leftovers","|turn|9","|","|move|p2a: Cloyster|Rock Blast|p1a: Avalugg","|-supereffective|p1a: Avalugg","|-damage|p1a: Avalugg|196/394","|-supereffective|p1a: Avalugg","|-damage|p1a: Avalugg|152/394","|-supereffective|p1a: Avalugg","|-damage|p1a: Avalugg|108/394","|-supereffective|p1a: Avalugg","|-damage|p1a: Avalugg|60/394","|-supereffective|p1a: Avalugg","|-damage|p1a: Avalugg|18/394","|-hitcount|p1a: Avalugg|5","|move|p1a: Avalugg|Rapid Spin|p2a: Cloyster","|-damage|p2a: Cloyster|0 fnt","|-sideend|p1: SWL BLIZZ|Stealth Rock|[from] move: Rapid Spin|[of] p1a: Avalugg","|faint|p2a: Cloyster","|","|-heal|p1a: Avalugg|42/394|[from] item: Leftovers","|","|switch|p2a: Keldeo|Keldeo|323/323","|turn|10","|","|move|p2a: Keldeo|Secret Sword|p1a: Avalugg","|-supereffective|p1a: Avalugg","|-damage|p1a: Avalugg|0 fnt","|faint|p1a: Avalugg","|","|","|switch|p1a: Froslass|Froslass, F|281/281","|turn|11","|","|move|p1a: Froslass|Thunder Wave|p2a: Keldeo","|-status|p2a: Keldeo|par","|move|p2a: Keldeo|Scald|p1a: Froslass","|-damage|p1a: Froslass|101/281","|-status|p1a: Froslass|brn","|","|-damage|p1a: Froslass|66/281 brn|[from] brn","|turn|12","|","|move|p1a: Froslass|Destiny Bond|p1a: Froslass","|-singlemove|p1a: Froslass|Destiny Bond","|cant|p2a: Keldeo|par","|","|-damage|p1a: Froslass|31/281 brn|[from] brn","|turn|13","|","|move|p1a: Froslass|Destiny Bond|p1a: Froslass","|-singlemove|p1a: Froslass|Destiny Bond","|move|p2a: Keldeo|Scald|p1a: Froslass","|-damage|p1a: Froslass|0 fnt","|faint|p1a: Froslass","|-activate|p1a: Froslass|Destiny Bond","|faint|p2a: Keldeo","|","|","|switch|p2a: Sharpedo|Sharpedo, F|281/281","|switch|p1a: Kyurem-Black|Kyurem-Black|340/453","|-ability|p1a: Kyurem-Black|Teravolt","|turn|14","|","|switch|p2a: Slowbro|Slowbro, F|393/393","|move|p1a: Kyurem-Black|Fusion Bolt|p2a: Slowbro","|-supereffective|p2a: Slowbro","|-damage|p2a: Slowbro|61/393","|","|turn|15","|","|switch|p1a: Weavile|Weavile, F|281/281","|-ability|p1a: Weavile|Pressure","|move|p2a: Slowbro|Fire Blast|p1a: Weavile","|-supereffective|p1a: Weavile","|-damage|p1a: Weavile|99/281","|","|turn|16","|","|move|p1a: Weavile|Fake Out|p2a: Slowbro","|-damage|p2a: Slowbro|19/393","|-damage|p1a: Weavile|53/281|[from] item: Rocky Helmet|[of] p2a: Slowbro","|-damage|p1a: Weavile|25/281|[from] item: Life Orb","|cant|p2a: Slowbro|flinch","|","|turn|17","|","|move|p1a: Weavile|Icicle Crash|p2a: Slowbro","|-resisted|p2a: Slowbro","|-damage|p2a: Slowbro|0 fnt","|-damage|p1a: Weavile|0 fnt|[from] item: Life Orb","|faint|p2a: Slowbro","|faint|p1a: Weavile","|","|","|switch|p1a: Kyurem-Black|Kyurem-Black|340/453","|switch|p2a: Lanturn|Lanturn, M|454/454","|-ability|p1a: Kyurem-Black|Teravolt","|turn|18","|","|move|p1a: Kyurem-Black|Outrage|p2a: Lanturn","|-damage|p2a: Lanturn|0 fnt","|faint|p2a: Lanturn","|","|","|switch|p2a: Sharpedo|Sharpedo, F|281/281","|turn|19","|","|move|p2a: Sharpedo|Protect|p2a: Sharpedo","|-singleturn|p2a: Sharpedo|Protect","|move|p1a: Kyurem-Black|Outrage|p2a: Sharpedo|[from]lockedmove","|-activate|p2a: Sharpedo|Protect","|-start|p1a: Kyurem-Black|confusion|[fatigue]","|","|-boost|p2a: Sharpedo|spe|1|[from] ability: Speed Boost","|turn|20","|","|move|p2a: Sharpedo|Protect|p2a: Sharpedo","|-fail|p2a: Sharpedo","|-activate|p1a: Kyurem-Black|confusion","|-damage|p1a: Kyurem-Black|241/453|[from] confusion","|","|-boost|p2a: Sharpedo|spe|1|[from] ability: Speed Boost","|turn|21","|","|detailschange|p2a: Sharpedo|Sharpedo-Mega, F","|-mega|p2a: Sharpedo|Sharpedo|Sharpedonite","|move|p2a: Sharpedo|Crunch|p1a: Kyurem-Black","|-damage|p1a: Kyurem-Black|3/453","|-activate|p1a: Kyurem-Black|confusion","|move|p1a: Kyurem-Black|Outrage|p2a: Sharpedo","|-damage|p2a: Sharpedo|0 fnt","|faint|p2a: Sharpedo","|","|win|SWL BLIZZ"],"p1rating":{"entryid":"400111","serverid":"eos","formatid":"monotype","userid":"swlblizz","username":"SWL BLIZZ","w":1,"l":"6","t":"0","gxe":35.8,"r":"1500","rd":"130","sigma":"0","rptime":"1440406800","rpr":1385.5776539693,"rprd":95.933830668821,"rpsigma":"0","acre":1057.6257943405,"lacre":1057.6257943405,"oldacre":"1000"},"p2rating":{"entryid":"301730","serverid":"eos","formatid":"monotype","userid":"theace22","username":"theace22","w":"12","l":5,"t":"0","gxe":65.7,"r":"1644.9205759815","rd":"75.831399073493","sigma":"0","rptime":"1440406800","rpr":1624.7088071181,"rprd":74.530683199653,"rpsigma":"0","acre":1128.3315982327,"lacre":1128.3315982327,"oldacre":"1164.3477196955"},"endType":"normal"}