{"seed":[55328,58749,56223,36923],"turns":26,"p1":"ApexProf SMogOn","p2":"Alliance - Asurax","p1team":[{"name":"Landorus-Therian","species":"Landorus-Therian","item":"choicescarf","ability":"Intimidate","moves":["stoneedge","earthquake","knockoff","uturn"],"nature":"Jolly","evs":{"hp":0,"atk":252,"def":0,"spa":0,"spd":4,"spe":252},"ivs":{"hp":31,"atk":31,"def":31,"spa":31,"spd":31,"spe":31}},{"name":"Garchomp","species":"Garchomp","item":"choicescarf","ability":"Rough Skin","moves":["outrage","earthquake","stoneedge","fireblast"],"nature":"Naive","evs":{"hp":0,"atk":252,"def":0,"spa":4,"spd":0,"spe":252},"ivs":{"hp":31,"atk":31,"def":31,"spa":31,"spd":31,"spe":31}},{"name":"Gliscor","species":"Gliscor","item":"toxicorb","ability":"Poison Heal","moves":["swordsdance","knockoff","earthquake","roost"],"nature":"Adamant","evs":{"hp":184,"atk":252,"def":0,"spa":0,"spd":0,"spe":72},"gender":"M","ivs":{"hp":31,"atk":31,"def":31,"spa":31,"spd":31,"spe":31}},{"name":"Gastrodon","species":"Gastrodon","item":"leftovers","ability":"Storm Drain","moves":["toxic","stockpile","scald","recover"],"nature":"Bold","evs":{"hp":252,"atk":0,"def":252,"spa":0,"spd":4,"spe":0},"gender":"M","ivs":{"hp":31,"atk":31,"def":31,"spa":31,"spd":31,"spe":31}},{"name":"Mamoswine","species":"Mamoswine","item":"focussash","ability":"Oblivious","moves":["stealthrock","earthquake","iceshard","knockoff"],"nature":"Adamant","evs":{"hp":248,"atk":252,"def":0,"spa":0,"spd":8,"spe":0},"gender":"M","ivs":{"hp":31,"atk":31,"def":31,"spa":31,"spd":31,"spe":31}},{"name":"Zygarde","species":"Zygarde","item":"lumberry","ability":"Aura Break","moves":["dragondance","outrage","earthquake","extremespeed"],"nature":"Adamant","evs":{"hp":0,"atk":252,"def":0,"spa":0,"spd":4,"spe":252},"ivs":{"hp":31,"atk":31,"def":31,"spa":31,"spd":31,"spe":31}}],"p2team":[{"name":"Skarmory","species":"Skarmory","item":"custapberry","ability":"Sturdy","moves":["bravebird","stealthrock","spikes","tailwind"],"nature":"Adamant","evs":{"hp":0,"atk":252,"def":4,"spa":0,"spd":0,"spe":252},"ivs":{"hp":31,"atk":31,"def":31,"spa":31,"spd":31,"spe":31}},{"name":"Bisharp","species":"Bisharp","item":"focussash","ability":"Defiant","moves":["suckerpunch","knockoff","psychocut","swordsdance"],"nature":"Adamant","evs":{"hp":0,"atk":252,"def":4,"spa":0,"spd":0,"spe":252},"ivs":{"hp":31,"atk":31,"def":31,"spa":31,"spd":31,"spe":31}},{"name":"Doublade","species":"Doublade","item":"eviolite","ability":"No Guard","moves":["shadowsneak","swordsdance","gyroball","sacredsword"],"nature":"Brave","evs":{"hp":252,"atk":252,"def":4,"spa":0,"spd":0,"spe":0},"ivs":{"hp":31,"atk":31,"def":31,"spa":31,"spd":31,"spe":0}},{"name":"Scizor","species":"Scizor","item":"scizorite","ability":"Technician","moves":["swordsdance","bulletpunch","bugbite","roost"],"nature":"Adamant","evs":{"hp":248,"atk":252,"def":0,"spa":0,"spd":8,"spe":0},"ivs":{"hp":31,"atk":31,"def":31,"spa":31,"spd":31,"spe":31}},{"name":"Heatran","species":"Heatran","item":"airballoon","ability":"Flash Fire","moves":["stoneedge","hiddenpowerice","fireblast","earthpower"],"nature":"Modest","evs":{"hp":0,"atk":0,"def":0,"spa":252,"spd":52,"spe":204},"ivs":{"hp":31,"atk":30,"def":30,"spa":31,"spd":31,"spe":31}},{"name":"Lucario","species":"Lucario","item":"lifeorb","ability":"Inner Focus","moves":["icepunch","extremespeed","closecombat","swordsdance"],"nature":"Jolly","evs":{"hp":0,"atk":252,"def":4,"spa":0,"spd":0,"spe":252},"ivs":{"hp":31,"atk":31,"def":31,"spa":31,"spd":31,"spe":31}}],"log":["|player|p1|ApexProf SMogOn|290","|player|p2|Alliance - Asurax|allianceasurax.png","|gametype|singles","|gen|6","|tier|Monotype","|rated","|rule|Baton Pass Clause: Limit one Baton Passer, can't pass Spe and other stats simultaneously","|rule|Swagger Clause: Swagger is banned","|rule|Same Type Clause: Pokémon in a team must share a type","|clearpoke","|poke|p1|Landorus-Therian, M","|poke|p1|Garchomp, M","|poke|p1|Gliscor, M","|poke|p1|Gastrodon, M","|poke|p1|Mamoswine, M","|poke|p1|Zygarde","|poke|p2|Skarmory, F","|poke|p2|Bisharp, F","|poke|p2|Doublade, F","|poke|p2|Scizor, F","|poke|p2|Heatran, M","|poke|p2|Lucario, M","|rule|Sleep Clause Mod: Limit one foe put to sleep","|rule|Species Clause: Limit one of each Pokémon","|rule|OHKO Clause: OHKO moves are banned","|rule|Moody Clause: Moody is banned","|rule|Evasion Moves Clause: Evasion moves are banned","|rule|Endless Battle Clause: Forcing endless battles is banned","|rule|HP Percentage Mod: HP is shown in percentages","|teampreview","|","|start","|switch|p1a: Garchomp|Garchomp, M|357/357","|switch|p2a: Skarmory|Skarmory, F|271/271","|turn|1","|","|switch|p2a: Heatran|Heatran, M|323/323","|-item|p2a: Heatran|Air Balloon","|move|p1a: Garchomp|Fire Blast|p2a: Heatran","|-start|p2a: Heatran|ability: Flash Fire","|","|turn|2","|","|switch|p1a: Gastrodon|Gastrodon, M|426/426","|move|p2a: Heatran|Hidden Power|p1a: Gastrodon","|-damage|p1a: Gastrodon|327/426","|","|-heal|p1a: Gastrodon|353/426|[from] item: Leftovers","|turn|3","|","|-end|p2a: Heatran|ability: Flash Fire|[silent]","|switch|p2a: Skarmory|Skarmory, F|271/271","|move|p1a: Gastrodon|Stockpile|p1a: Gastrodon","|-start|p1a: Gastrodon|stockpile1","|-boost|p1a: Gastrodon|def|1","|-boost|p1a: Gastrodon|spd|1","|","|-heal|p1a: Gastrodon|379/426|[from] item: Leftovers","|turn|4","|","|move|p2a: Skarmory|Stealth Rock|p1a: Gastrodon","|-sidestart|p1: ApexProf SMogOn|move: Stealth Rock","|move|p1a: Gastrodon|Scald|p2a: Skarmory","|-damage|p2a: Skarmory|151/271","|-status|p2a: Skarmory|brn","|","|-heal|p1a: Gastrodon|405/426|[from] item: Leftovers","|-damage|p2a: Skarmory|118/271 brn|[from] brn","|turn|5","|","|move|p2a: Skarmory|Spikes|p1a: Gastrodon","|-sidestart|p1: ApexProf SMogOn|Spikes","|move|p1a: Gastrodon|Scald|p2a: Skarmory","|-damage|p2a: Skarmory|6/271 brn","|","|-heal|p1a: Gastrodon|426/426|[from] item: Leftovers","|-damage|p2a: Skarmory|0 fnt|[from] brn","|faint|p2a: Skarmory","|","|switch|p2a: Scizor|Scizor, F|343/343","|turn|6","|","|detailschange|p2a: Scizor|Scizor-Mega, F","|-mega|p2a: Scizor|Scizor|Scizorite","|move|p2a: Scizor|Swords Dance|p2a: Scizor","|-boost|p2a: Scizor|atk|2","|move|p1a: Gastrodon|Scald|p2a: Scizor","|-damage|p2a: Scizor|256/343","|","|turn|7","|","|move|p2a: Scizor|Bug Bite|p1a: Gastrodon","|-damage|p1a: Gastrodon|180/426","|move|p1a: Gastrodon|Scald|p2a: Scizor","|-damage|p2a: Scizor|174/343","|","|-heal|p1a: Gastrodon|206/426|[from] item: Leftovers","|turn|8","|","|move|p2a: Scizor|Bug Bite|p1a: Gastrodon","|-damage|p1a: Gastrodon|0 fnt","|faint|p1a: Gastrodon","|","|","|switch|p1a: Garchomp|Garchomp, M|357/357","|-damage|p1a: Garchomp|313/357|[from] Spikes","|-damage|p1a: Garchomp|291/357|[from] Stealth Rock","|turn|9","|","|switch|p2a: Heatran|Heatran, M|323/323","|-item|p2a: Heatran|Air Balloon","|move|p1a: Garchomp|Earthquake|p2a: Heatran","|-immune|p2a: Heatran|[msg]","|","|turn|10","|","|switch|p1a: Mamoswine|Mamoswine, M|423/423","|-damage|p1a: Mamoswine|371/423|[from] Stealth Rock","|-damage|p1a: Mamoswine|319/423|[from] Spikes","|move|p2a: Heatran|Hidden Power|p1a: Mamoswine","|-damage|p1a: Mamoswine|192/423","|","|turn|11","|","|switch|p2a: Doublade|Doublade, F|322/322","|move|p1a: Mamoswine|Knock Off|p2a: Doublade","|-supereffective|p2a: Doublade","|-damage|p2a: Doublade|200/322","|-enditem|p2a: Doublade|Eviolite|[from] move: Knock Off|[of] p1a: Mamoswine","|","|turn|12","|","|move|p1a: Mamoswine|Earthquake|p2a: Doublade","|-supereffective|p2a: Doublade","|-damage|p2a: Doublade|0 fnt","|faint|p2a: Doublade","|","|","|switch|p2a: Lucario|Lucario, M|281/281","|turn|13","|","|move|p1a: Mamoswine|Ice Shard|p2a: Lucario","|-resisted|p2a: Lucario","|-damage|p2a: Lucario|233/281","|move|p2a: Lucario|Close Combat|p1a: Mamoswine","|-supereffective|p1a: Mamoswine","|-damage|p1a: Mamoswine|0 fnt","|-unboost|p2a: Lucario|def|1","|-unboost|p2a: Lucario|spd|1","|-damage|p2a: Lucario|205/281|[from] item: Life Orb","|faint|p1a: Mamoswine","|","|","|switch|p1a: Landorus-Therian|Landorus-Therian, M|319/319","|-damage|p1a: Landorus-Therian|280/319|[from] Stealth Rock","|-ability|p1a: Landorus-Therian|Intimidate","|-unboost|p2a: Lucario|atk|1","|turn|14","|","|switch|p2a: Bisharp|Bisharp, F|271/271","|move|p1a: Landorus-Therian|U-turn|p2a: Bisharp","|-damage|p2a: Bisharp|180/271","|","|switch|p1a: Gliscor|Gliscor, M|337/337","|-damage|p1a: Gliscor|295/337|[from] Stealth Rock","|","|-status|p1a: Gliscor|tox|[from] item: Toxic Orb","|turn|15","|","|move|p1a: Gliscor|Earthquake|p2a: Bisharp","|-supereffective|p2a: Bisharp","|-damage|p2a: Bisharp|0 fnt","|faint|p2a: Bisharp","|","|-heal|p1a: Gliscor|337/337 tox|[from] ability: Poison Heal","|","|switch|p2a: Scizor|Scizor-Mega, F|174/343","|turn|16","|","|move|p1a: Gliscor|Swords Dance|p1a: Gliscor","|-boost|p1a: Gliscor|atk|2","|move|p2a: Scizor|Roost|p2a: Scizor","|-heal|p2a: Scizor|343/343","|","|turn|17","|","|switch|p2a: Heatran|Heatran, M|323/323","|-item|p2a: Heatran|Air Balloon","|move|p1a: Gliscor|Earthquake|p2a: Heatran","|-immune|p2a: Heatran|[msg]","|","|turn|18","|","|move|p1a: Gliscor|Knock Off|p2a: Heatran","|-damage|p2a: Heatran|131/323","|-enditem|p2a: Heatran|Air Balloon","|move|p2a: Heatran|Hidden Power|p1a: Gliscor","|-supereffective|p1a: Gliscor","|-damage|p1a: Gliscor|0 fnt","|faint|p1a: Gliscor","|","|","|switch|p1a: Landorus-Therian|Landorus-Therian, M|280/319","|-damage|p1a: Landorus-Therian|241/319|[from] Stealth Rock","|-ability|p1a: Landorus-Therian|Intimidate","|-unboost|p2a: Heatran|atk|1","|turn|19","|","|move|p1a: Landorus-Therian|Earthquake|p2a: Heatran","|-supereffective|p2a: Heatran","|-damage|p2a: Heatran|0 fnt","|faint|p2a: Heatran","|","|","|switch|p2a: Scizor|Scizor-Mega, F|343/343","|turn|20","|","|move|p1a: Landorus-Therian|Earthquake|p2a: Scizor","|-damage|p2a: Scizor|202/343","|move|p2a: Scizor|Swords Dance|p2a: Scizor","|-boost|p2a: Scizor|atk|2","|","|turn|21","|","|move|p1a: Landorus-Therian|Earthquake|p2a: Scizor","|-damage|p2a: Scizor|48/343","|move|p2a: Scizor|Roost|p2a: Scizor","|-heal|p2a: Scizor|220/343","|","|turn|22","|","|switch|p1a: Zygarde|Zygarde|357/357","|-damage|p1a: Zygarde|313/357|[from] Spikes","|-damage|p1a: Zygarde|291/357|[from] Stealth Rock","|-ability|p1a: Zygarde|Aura Break","|move|p2a: Scizor|Roost|p2a: Scizor","|-heal|p2a: Scizor|343/343","|","|turn|23","|","|move|p1a: Zygarde|Dragon Dance|p1a: Zygarde","|-boost|p1a: Zygarde|atk|1","|-boost|p1a: Zygarde|spe|1","|move|p2a: Scizor|Swords Dance|p2a: Scizor","|-boost|p2a: Scizor|atk|2","|","|turn|24","|","|move|p1a: Zygarde|Earthquake|p2a: Scizor","|-crit|p2a: Scizor","|-damage|p2a: Scizor|79/343","|move|p2a: Scizor|Bug Bite|p1a: Zygarde","|-damage|p1a: Zygarde|0 fnt","|-enditem|p1a: Zygarde|Lum Berry|[from] stealeat|[move] Bug Bite|[of] p2a: Scizor","|faint|p1a: Zygarde","|","|","|switch|p1a: Garchomp|Garchomp, M|291/357","|-damage|p1a: Garchomp|269/357|[from] Stealth Rock","|-damage|p1a: Garchomp|225/357|[from] Spikes","|turn|25","|","|move|p2a: Scizor|Bullet Punch|p1a: Garchomp","|-damage|p1a: Garchomp|0 fnt","|-damage|p2a: Scizor|37/343|[from] ability: Rough Skin|[of] p1a: Garchomp","|faint|p1a: Garchomp","|","|","|switch|p1a: Landorus-Therian|Landorus-Therian, M|241/319","|-damage|p1a: Landorus-Therian|202/319|[from] Stealth Rock","|-ability|p1a: Landorus-Therian|Intimidate","|-unboost|p2a: Scizor|atk|1","|turn|26","|","|move|p2a: Scizor|Bullet Punch|p1a: Landorus-Therian","|-damage|p1a: Landorus-Therian|0 fnt","|faint|p1a: Landorus-Therian","|","|win|Alliance - Asurax"],"p1rating":{"entryid":"318042","serverid":"eos","formatid":"monotype","userid":"apexprofsmogon","username":"ApexProf","w":"3","l":3,"t":"0","gxe":54.9,"r":"1524.0907258551","rd":"107.23573718583","sigma":"0","rptime":"1440320400","rpr":1538.2454444513,"rprd":99.315028609991,"rpsigma":"0","acre":1087.4728885089,"lacre":1087.4728885089,"oldacre":"1101.3091267276"},"p2rating":{"entryid":"36158","serverid":"eos","formatid":"monotype","userid":"allianceasurax","username":"Alliance - Asurax","w":22,"l":"8","t":"0","gxe":69.6,"r":"1624.1132426597","rd":"65.449858066739","sigma":"0","rptime":"1440320400","rpr":1658.0502067595,"rprd":61.756664700574,"rpsigma":"0","acre":1282.0475925961,"lacre":1282.0475925961,"oldacre":"1268.2113543774"},"endType":"normal"}