{"seed":[44420,27363,42340,33969],"turns":28,"p1":"Gym Ldr Mitsuka∆","p2":"Neowulfy","p1team":[{"name":"Bellossom","species":"Bellossom","item":"rockyhelmet","ability":"Chlorophyll","moves":["sleeppowder","gigadrain","moonblast","teeterdance"],"nature":"Bold","evs":{"hp":252,"atk":0,"def":224,"spa":0,"spd":32,"spe":0},"ivs":{"hp":31,"atk":30,"def":31,"spa":30,"spd":31,"spe":30}},{"name":"Abomasnow","species":"Abomasnow","item":"abomasite","ability":"Soundproof","moves":["iceshard","blizzard","hiddenpowerfire","gigadrain"],"nature":"Timid","evs":{"hp":4,"atk":0,"def":0,"spa":252,"spd":0,"spe":252},"ivs":{"hp":31,"atk":30,"def":31,"spa":30,"spd":31,"spe":30}},{"name":"Roserade","species":"Roserade","item":"choicescarf","ability":"Technician","moves":["hiddenpowerrock","extrasensory","sludgebomb","gigadrain"],"nature":"Timid","evs":{"hp":0,"atk":0,"def":0,"spa":252,"spd":4,"spe":252},"ivs":{"hp":31,"atk":31,"def":30,"spa":31,"spd":30,"spe":30}},{"name":"Shiftry","species":"Shiftry","item":"lifeorb","ability":"Chlorophyll","moves":["defog","suckerpunch","knockoff","leafblade"],"nature":"Adamant","evs":{"hp":0,"atk":252,"def":0,"spa":0,"spd":4,"spe":252},"ivs":{"hp":31,"atk":31,"def":31,"spa":31,"spd":31,"spe":31}},{"name":"Ferrothorn","species":"Ferrothorn","item":"occaberry","ability":"Iron Barbs","moves":["stealthrock","thunderwave","knockoff","ironhead"],"nature":"Impish","evs":{"hp":252,"atk":0,"def":128,"spa":0,"spd":128,"spe":0},"ivs":{"hp":31,"atk":31,"def":31,"spa":31,"spd":31,"spe":31}},{"name":"Breloom","species":"Breloom","item":"focussash","ability":"Technician","moves":["spore","machpunch","bulletseed","rocktomb"],"nature":"Jolly","evs":{"hp":0,"atk":252,"def":0,"spa":0,"spd":4,"spe":252},"ivs":{"hp":31,"atk":31,"def":31,"spa":31,"spd":31,"spe":31}}],"p2team":[{"name":"Reuniclus","species":"Reuniclus","item":"lifeorb","ability":"Magic Guard","moves":["trickroom","psychic","shadowball","focusblast"],"nature":"Quiet","evs":{"hp":248,"atk":0,"def":0,"spa":252,"spd":8,"spe":0},"ivs":{"hp":31,"atk":31,"def":31,"spa":31,"spd":31,"spe":0}},{"name":"Slowbro","species":"Slowbro","item":"leftovers","ability":"Regenerator","moves":["scald","flamethrower","slackoff","thunderwave"],"nature":"Bold","evs":{"hp":252,"atk":0,"def":252,"spa":4,"spd":0,"spe":0},"ivs":{"hp":31,"atk":31,"def":31,"spa":31,"spd":31,"spe":31}},{"name":"Meloetta","species":"Meloetta","item":"leftovers","ability":"Serene Grace","moves":["dazzlinggleam","hypervoice","healbell","thunderwave"],"nature":"Calm","evs":{"hp":252,"atk":0,"def":4,"spa":0,"spd":252,"spe":0},"ivs":{"hp":31,"atk":31,"def":31,"spa":31,"spd":31,"spe":31}},{"name":"Gardevoir","species":"Gardevoir","item":"gardevoirite","ability":"Trace","moves":["hypervoice","substitute","focusblast","thunderbolt"],"nature":"Timid","evs":{"hp":0,"atk":0,"def":4,"spa":252,"spd":0,"spe":252},"ivs":{"hp":31,"atk":31,"def":31,"spa":31,"spd":31,"spe":31}},{"name":"Hoopa-Unbound","species":"Hoopa-Unbound","item":"choicescarf","ability":"Magician","moves":["hyperspacefury","drainpunch","knockoff","firepunch"],"nature":"Jolly","evs":{"hp":0,"atk":252,"def":0,"spa":0,"spd":4,"spe":252},"ivs":{"hp":31,"atk":31,"def":31,"spa":31,"spd":31,"spe":31}},{"name":"Latios","species":"Latios","item":"choicespecs","ability":"Levitate","moves":["dracometeor","psyshock","hiddenpowerfire","trick"],"nature":"Timid","evs":{"hp":0,"atk":0,"def":0,"spa":252,"spd":4,"spe":252},"ivs":{"hp":31,"atk":30,"def":31,"spa":30,"spd":31,"spe":30}}],"log":["|player|p1|Gym Ldr Mitsuka∆|265","|player|p2|Neowulfy|143","|gametype|singles","|gen|6","|tier|Monotype","|rated","|rule|Baton Pass Clause: Limit one Baton Passer, can't pass Spe and other stats simultaneously","|rule|Swagger Clause: Swagger is banned","|rule|Same Type Clause: Pokémon in a team must share a type","|clearpoke","|poke|p1|Bellossom, F","|poke|p1|Abomasnow, M","|poke|p1|Roserade, M","|poke|p1|Shiftry, M","|poke|p1|Ferrothorn, M","|poke|p1|Breloom, M","|poke|p2|Reuniclus, M","|poke|p2|Slowbro, M","|poke|p2|Meloetta","|poke|p2|Gardevoir, M","|poke|p2|Hoopa-Unbound","|poke|p2|Latios, M","|rule|Sleep Clause Mod: Limit one foe put to sleep","|rule|Species Clause: Limit one of each Pokémon","|rule|OHKO Clause: OHKO moves are banned","|rule|Moody Clause: Moody is banned","|rule|Evasion Moves Clause: Evasion moves are banned","|rule|Endless Battle Clause: Forcing endless battles is banned","|rule|HP Percentage Mod: HP is shown in percentages","|teampreview","|","|start","|switch|p1a: Breloom|Breloom, M|261/261","|switch|p2a: Latios|Latios, M|301/301","|turn|1","|","|switch|p1a: Ferrothorn|Ferrothorn, M|352/352","|move|p2a: Latios|Trick|p1a: Ferrothorn","|-activate|p2a: Latios|move: Trick|[of] p1a: Ferrothorn","|-item|p1a: Ferrothorn|Choice Specs|[from] move: Trick","|-item|p2a: Latios|Occa Berry|[from] move: Trick","|","|turn|2","|","|move|p2a: Latios|Hidden Power|p1a: Ferrothorn","|-supereffective|p1a: Ferrothorn","|-damage|p1a: Ferrothorn|140/352","|move|p1a: Ferrothorn|Knock Off|p2a: Latios","|-supereffective|p2a: Latios","|-damage|p2a: Latios|117/301","|-enditem|p2a: Latios|Occa Berry|[from] move: Knock Off|[of] p1a: Ferrothorn","|","|turn|3","|","|switch|p1a: Bellossom|Bellossom, F|354/354","|move|p2a: Latios|Hidden Power|p1a: Bellossom","|-supereffective|p1a: Bellossom","|-damage|p1a: Bellossom|216/354","|","|turn|4","|","|move|p2a: Latios|Trick|p1a: Bellossom","|-activate|p2a: Latios|move: Trick|[of] p1a: Bellossom","|-item|p2a: Latios|Rocky Helmet|[from] move: Trick","|move|p1a: Bellossom|Moonblast|p2a: Latios","|-supereffective|p2a: Latios","|-damage|p2a: Latios|0 fnt","|faint|p2a: Latios","|","|","|switch|p2a: Hoopa-Unbound|Hoopa-Unbound|301/301","|turn|5","|","|move|p2a: Hoopa-Unbound|Hyperspace Fury|p1a: Bellossom","|-damage|p1a: Bellossom|54/354","|-unboost|p2a: Hoopa-Unbound|def|1","|move|p1a: Bellossom|Teeter Dance|p2a: Hoopa-Unbound","|-start|p2a: Hoopa-Unbound|confusion","|","|turn|6","|","|switch|p2a: Reuniclus|Reuniclus, M|423/423","|move|p1a: Bellossom|Moonblast|p2a: Reuniclus","|-damage|p2a: Reuniclus|339/423","|","|turn|7","|","|move|p1a: Bellossom|Sleep Powder|p2a: Reuniclus","|-status|p2a: Reuniclus|slp","|cant|p2a: Reuniclus|slp","|","|turn|8","|","|switch|p2a: Meloetta|Meloetta|404/404","|move|p1a: Bellossom|Teeter Dance|p2a: Meloetta","|-start|p2a: Meloetta|confusion","|","|turn|9","|","|-activate|p2a: Meloetta|confusion","|move|p2a: Meloetta|Thunder Wave|p1a: Bellossom","|-status|p1a: Bellossom|par","|move|p1a: Bellossom|Giga Drain|p2a: Meloetta","|-damage|p2a: Meloetta|356/404","|-heal|p1a: Bellossom|78/354 par|[from] drain|[of] p2a: Meloetta","|","|-heal|p2a: Meloetta|381/404|[from] item: Leftovers","|turn|10","|","|switch|p1a: Ferrothorn|Ferrothorn, M|140/352","|-activate|p2a: Meloetta|confusion","|-damage|p2a: Meloetta|350/404|[from] confusion","|","|-heal|p2a: Meloetta|375/404|[from] item: Leftovers","|turn|11","|","|-activate|p2a: Meloetta|confusion","|move|p2a: Meloetta|Heal Bell|p2a: Meloetta","|-cureteam|p2a: Meloetta|[from] move: HealBell","|move|p1a: Ferrothorn|Knock Off|p2a: Meloetta","|-supereffective|p2a: Meloetta","|-damage|p2a: Meloetta|211/404","|-enditem|p2a: Meloetta|Leftovers|[from] move: Knock Off|[of] p1a: Ferrothorn","|","|turn|12","|","|switch|p2a: Slowbro|Slowbro, M|394/394","|move|p1a: Ferrothorn|Knock Off|p2a: Slowbro","|-supereffective|p2a: Slowbro","|-damage|p2a: Slowbro|304/394","|-enditem|p2a: Slowbro|Leftovers|[from] move: Knock Off|[of] p1a: Ferrothorn","|","|turn|13","|","|move|p2a: Slowbro|Flamethrower|p1a: Ferrothorn","|-supereffective|p1a: Ferrothorn","|-damage|p1a: Ferrothorn|0 fnt","|faint|p1a: Ferrothorn","|","|","|switch|p1a: Bellossom|Bellossom, F|78/354 par","|turn|14","|","|move|p2a: Slowbro|Flamethrower|p1a: Bellossom","|-supereffective|p1a: Bellossom","|-damage|p1a: Bellossom|0 fnt","|faint|p1a: Bellossom","|","|","|switch|p1a: Roserade|Roserade, M|261/261","|turn|15","|","|switch|p2a: Meloetta|Meloetta|211/404","|move|p1a: Roserade|Giga Drain|p2a: Meloetta","|-damage|p2a: Meloetta|138/404","|","|turn|16","|","|switch|p1a: Shiftry|Shiftry, M|321/321","|move|p2a: Meloetta|Thunder Wave|p1a: Shiftry","|-status|p1a: Shiftry|par","|","|turn|17","|","|move|p1a: Shiftry|Sucker Punch|p2a: Meloetta","|-supereffective|p2a: Meloetta","|-damage|p2a: Meloetta|0 fnt","|-damage|p1a: Shiftry|289/321 par|[from] item: Life Orb","|faint|p2a: Meloetta","|","|","|switch|p2a: Gardevoir|Gardevoir, M|277/277","|-ability|p2a: Gardevoir|Chlorophyll|[from] ability: Trace|[of] p1a: Shiftry","|turn|18","|","|detailschange|p2a: Gardevoir|Gardevoir-Mega, M","|-mega|p2a: Gardevoir|Gardevoir|Gardevoirite","|move|p1a: Shiftry|Sucker Punch|p2a: Gardevoir","|-damage|p2a: Gardevoir|30/277","|-damage|p1a: Shiftry|257/321 par|[from] item: Life Orb","|move|p2a: Gardevoir|Hyper Voice|p1a: Shiftry","|-supereffective|p1a: Shiftry","|-damage|p1a: Shiftry|0 fnt","|faint|p1a: Shiftry","|","|","|switch|p1a: Abomasnow|Abomasnow, M|322/322","|turn|19","|","|move|p1a: Abomasnow|Ice Shard|p2a: Gardevoir","|-damage|p2a: Gardevoir|0 fnt","|faint|p2a: Gardevoir","|","|","|switch|p2a: Hoopa-Unbound|Hoopa-Unbound|301/301","|turn|20","|","|detailschange|p1a: Abomasnow|Abomasnow-Mega, M","|-mega|p1a: Abomasnow|Abomasnow|Abomasite","|-weather|Hail","|move|p2a: Hoopa-Unbound|Fire Punch|p1a: Abomasnow","|-supereffective|p1a: Abomasnow","|-damage|p1a: Abomasnow|0 fnt","|faint|p1a: Abomasnow","|","|-weather|Hail|[upkeep]","|-damage|p2a: Hoopa-Unbound|283/301|[from] hail","|","|switch|p1a: Roserade|Roserade, M|261/261","|turn|21","|","|move|p1a: Roserade|Sludge Bomb|p2a: Hoopa-Unbound","|-crit|p2a: Hoopa-Unbound","|-damage|p2a: Hoopa-Unbound|96/301","|-status|p2a: Hoopa-Unbound|psn","|move|p2a: Hoopa-Unbound|Fire Punch|p1a: Roserade","|-supereffective|p1a: Roserade","|-damage|p1a: Roserade|0 fnt","|faint|p1a: Roserade","|","|-weather|Hail|[upkeep]","|-damage|p2a: Hoopa-Unbound|78/301 psn|[from] hail","|-damage|p2a: Hoopa-Unbound|41/301 psn|[from] psn","|","|switch|p1a: Breloom|Breloom, M|261/261","|turn|22","|","|move|p1a: Breloom|Mach Punch|p2a: Hoopa-Unbound","|-damage|p2a: Hoopa-Unbound|0 fnt","|faint|p2a: Hoopa-Unbound","|","|-weather|Hail|[upkeep]","|-damage|p1a: Breloom|245/261|[from] hail","|","|switch|p2a: Reuniclus|Reuniclus, M|339/423","|turn|23","|","|move|p1a: Breloom|Spore|p2a: Reuniclus","|-status|p2a: Reuniclus|slp","|cant|p2a: Reuniclus|slp","|","|-weather|Hail|[upkeep]","|-damage|p1a: Breloom|229/261|[from] hail","|turn|24","|","|switch|p2a: Slowbro|Slowbro, M|394/394","|move|p1a: Breloom|Bullet Seed|p2a: Slowbro","|-supereffective|p2a: Slowbro","|-damage|p2a: Slowbro|304/394","|-supereffective|p2a: Slowbro","|-damage|p2a: Slowbro|214/394","|-hitcount|p2a: Slowbro|2","|","|-weather|none","|turn|25","|","|move|p1a: Breloom|Bullet Seed|p2a: Slowbro","|-supereffective|p2a: Slowbro","|-damage|p2a: Slowbro|130/394","|-supereffective|p2a: Slowbro","|-damage|p2a: Slowbro|44/394","|-hitcount|p2a: Slowbro|2","|move|p2a: Slowbro|Flamethrower|p1a: Breloom","|-supereffective|p1a: Breloom","|-damage|p1a: Breloom|1/261","|","|turn|26","|","|move|p1a: Breloom|Bullet Seed|p2a: Slowbro","|-supereffective|p2a: Slowbro","|-damage|p2a: Slowbro|0 fnt","|-hitcount|p2a: Slowbro|1","|faint|p2a: Slowbro","|","|","|switch|p2a: Reuniclus|Reuniclus, M|339/423 slp","|turn|27","|","|move|p1a: Breloom|Bullet Seed|p2a: Reuniclus","|-damage|p2a: Reuniclus|255/423 slp","|-damage|p2a: Reuniclus|177/423 slp","|-damage|p2a: Reuniclus|96/423 slp","|-hitcount|p2a: Reuniclus|3","|cant|p2a: Reuniclus|slp","|","|turn|28","|","|move|p1a: Breloom|Bullet Seed|p2a: Reuniclus","|-damage|p2a: Reuniclus|6/423 slp","|-damage|p2a: Reuniclus|0 fnt","|-hitcount|p2a: Reuniclus|2","|faint|p2a: Reuniclus","|","|win|Gym Ldr Mitsuka∆"],"p1rating":{"entryid":"379503","serverid":"eos","formatid":"monotype","userid":"gymldrmitsuka","username":"Gym Ldr Mitsuka∆","w":5,"l":"11","t":"0","gxe":38.5,"r":"1441.313944946","rd":"103.46670437715","sigma":"0","rptime":"1440406800","rpr":1410.1348395657,"rprd":76.466380049265,"rpsigma":"0","acre":1105.9343487317,"lacre":1105.9343487317,"oldacre":"1067.6008981878"},"p2rating":{"entryid":"313690","serverid":"eos","formatid":"monotype","userid":"neowulfy","username":"Neowulfy","w":"8","l":3,"t":"0","gxe":58.6,"r":"1587.115371181","rd":"111.72306162267","sigma":"0","rptime":"1440406800","rpr":1567.7466330112,"rprd":86.645775506024,"rpsigma":"0","acre":1136.8835037996,"lacre":1136.8835037996,"oldacre":"1168.9779642023"},"endType":"normal"}