{"seed":[63893,58991,24229,57285],"turns":21,"p1":"Neowulf","p2":"willwolf","p1team":[{"name":"Garchomp","species":"Garchomp","item":"rockyhelmet","ability":"Rough Skin","moves":["endure","stealthrock","dragontail","earthquake"],"nature":"Impish","evs":{"hp":252,"atk":0,"def":240,"spa":0,"spd":16,"spe":0},"ivs":{"hp":31,"atk":31,"def":31,"spa":31,"spd":31,"spe":31}},{"name":"Goodra","species":"Goodra","item":"assaultvest","ability":"Gooey","moves":["dragonpulse","thunderbolt","sludgewave","fireblast"],"nature":"Calm","evs":{"hp":240,"atk":0,"def":0,"spa":16,"spd":252,"spe":0},"ivs":{"hp":31,"atk":31,"def":31,"spa":31,"spd":31,"spe":31}},{"name":"Kyurem-Black","species":"Kyurem-Black","item":"choicescarf","ability":"Teravolt","moves":["earthpower","icebeam","fusionbolt","outrage"],"nature":"Naive","evs":{"hp":0,"atk":220,"def":0,"spa":36,"spd":0,"spe":252},"ivs":{"hp":31,"atk":31,"def":31,"spa":31,"spd":31,"spe":31}},{"name":"Latios","species":"Latios","item":"latiosite","ability":"Levitate","moves":["calmmind","dracometeor","psyshock","roost"],"nature":"Timid","evs":{"hp":0,"atk":0,"def":0,"spa":252,"spd":4,"spe":252},"ivs":{"hp":31,"atk":31,"def":31,"spa":31,"spd":31,"spe":31}},{"name":"Dragonite","species":"Dragonite","item":"choiceband","ability":"Multiscale","moves":["earthquake","extremespeed","dragonclaw","stoneedge"],"nature":"Jolly","evs":{"hp":0,"atk":252,"def":0,"spa":0,"spd":6,"spe":252},"ivs":{"hp":31,"atk":31,"def":31,"spa":31,"spd":31,"spe":31}},{"name":"Haxorus","species":"Haxorus","item":"lumberry","ability":"Mold Breaker","moves":["dragondance","outrage","earthquake","poisonjab"],"nature":"Jolly","evs":{"hp":0,"atk":252,"def":0,"spa":0,"spd":4,"spe":252},"ivs":{"hp":31,"atk":31,"def":31,"spa":31,"spd":31,"spe":31}}],"p2team":[{"name":"Scizor","species":"Scizor","item":"leftovers","ability":"Technician","moves":["swordsdance","bulletpunch","bugbite","knockoff"],"nature":"Impish","evs":{"hp":252,"atk":76,"def":180,"spa":0,"spd":0,"spe":0},"ivs":{"hp":31,"atk":31,"def":31,"spa":31,"spd":31,"spe":31}},{"name":"Heatran","species":"Heatran","item":"choicescarf","ability":"Flash Fire","moves":["overheat","flashcannon","hiddenpowerice","earthpower"],"nature":"Timid","evs":{"hp":0,"atk":0,"def":0,"spa":252,"spd":4,"spe":252},"ivs":{"hp":31,"atk":30,"def":30,"spa":31,"spd":31,"spe":31}},{"name":"Empoleon","species":"Empoleon","item":"assaultvest","ability":"Torrent","moves":["hydrocannon","scald","icebeam","flashcannon"],"nature":"Modest","evs":{"hp":248,"atk":0,"def":0,"spa":252,"spd":8,"spe":0},"ivs":{"hp":31,"atk":31,"def":31,"spa":31,"spd":31,"spe":31}},{"name":"Lucario","species":"Lucario","item":"salacberry","ability":"Justified","moves":["extremespeed","endure","reversal","icepunch"],"nature":"Adamant","evs":{"hp":0,"atk":252,"def":0,"spa":0,"spd":4,"spe":252},"ivs":{"hp":31,"atk":31,"def":31,"spa":31,"spd":31,"spe":31}},{"name":"Steelix","species":"Steelix","item":"steelixite","ability":"Sturdy","moves":["earthquake","irontail","stoneedge","aquatail"],"nature":"Adamant","evs":{"hp":248,"atk":252,"def":0,"spa":0,"spd":8,"spe":0},"ivs":{"hp":31,"atk":31,"def":31,"spa":31,"spd":31,"spe":31}},{"name":"Durant","species":"Durant","item":"lifeorb","ability":"Hustle","moves":["ironhead","superpower","xscissor","stoneedge"],"nature":"Jolly","evs":{"hp":0,"atk":252,"def":0,"spa":0,"spd":4,"spe":252},"ivs":{"hp":31,"atk":31,"def":31,"spa":31,"spd":31,"spe":31}}],"log":["|player|p1|Neowulf|143","|player|p2|willwolf|54","|gametype|singles","|gen|6","|tier|Monotype","|rated","|rule|Baton Pass Clause: Limit one Baton Passer, can't pass Spe and other stats simultaneously","|rule|Swagger Clause: Swagger is banned","|rule|Same Type Clause: Pokémon in a team must share a type","|clearpoke","|poke|p1|Garchomp, F","|poke|p1|Goodra, F","|poke|p1|Kyurem-Black","|poke|p1|Latios, M","|poke|p1|Dragonite, F","|poke|p1|Haxorus, F","|poke|p2|Scizor, F","|poke|p2|Heatran, M","|poke|p2|Empoleon, M","|poke|p2|Lucario, M","|poke|p2|Steelix, F","|poke|p2|Durant, M","|rule|Sleep Clause Mod: Limit one foe put to sleep","|rule|Species Clause: Limit one of each Pokémon","|rule|OHKO Clause: OHKO moves are banned","|rule|Moody Clause: Moody is banned","|rule|Evasion Moves Clause: Evasion moves are banned","|rule|Endless Battle Clause: Forcing endless battles is banned","|rule|HP Percentage Mod: HP is shown in percentages","|teampreview","|","|start","|switch|p1a: Kyurem-Black|Kyurem-Black|391/391","|switch|p2a: Heatran|Heatran, M|323/323","|-ability|p1a: Kyurem-Black|Teravolt","|turn|1","|","|switch|p2a: Scizor|Scizor, F|344/344","|move|p1a: Kyurem-Black|Earth Power|p2a: Scizor","|-damage|p2a: Scizor|238/344","|","|-heal|p2a: Scizor|259/344|[from] item: Leftovers","|turn|2","|","|switch|p1a: Garchomp|Garchomp, F|420/420","|move|p2a: Scizor|Swords Dance|p2a: Scizor","|-boost|p2a: Scizor|atk|2","|","|-heal|p2a: Scizor|280/344|[from] item: Leftovers","|turn|3","|","|switch|p2a: Heatran|Heatran, M|323/323","|move|p1a: Garchomp|Stealth Rock|p2a: Heatran","|-sidestart|p2: willwolf|move: Stealth Rock","|","|turn|4","|","|move|p2a: Heatran|Hidden Power|p1a: Garchomp","|-supereffective|p1a: Garchomp","|-damage|p1a: Garchomp|100/420","|move|p1a: Garchomp|Earthquake|p2a: Heatran","|-supereffective|p2a: Heatran","|-damage|p2a: Heatran|0 fnt","|faint|p2a: Heatran","|","|","|switch|p2a: Lucario|Lucario, M|281/281","|-damage|p2a: Lucario|273/281|[from] Stealth Rock","|turn|5","|","|move|p1a: Garchomp|Endure|p1a: Garchomp","|-singleturn|p1a: Garchomp|move: Endure","|move|p2a: Lucario|Extreme Speed|p1a: Garchomp","|-damage|p1a: Garchomp|28/420","|-damage|p2a: Lucario|238/281|[from] ability: Rough Skin|[of] p1a: Garchomp","|-damage|p2a: Lucario|192/281|[from] item: Rocky Helmet|[of] p1a: Garchomp","|","|turn|6","|","|move|p1a: Garchomp|Endure|p1a: Garchomp","|-fail|p1a: Garchomp","|move|p2a: Lucario|Extreme Speed|p1a: Garchomp","|-damage|p1a: Garchomp|0 fnt","|-damage|p2a: Lucario|157/281|[from] ability: Rough Skin|[of] p1a: Garchomp","|-damage|p2a: Lucario|111/281|[from] item: Rocky Helmet|[of] p1a: Garchomp","|faint|p1a: Garchomp","|","|","|switch|p1a: Haxorus|Haxorus, F|293/293","|-ability|p1a: Haxorus|Mold Breaker","|turn|7","|","|switch|p2a: Steelix|Steelix, F|353/353","|-damage|p2a: Steelix|342/353|[from] Stealth Rock","|move|p1a: Haxorus|Earthquake|p2a: Steelix","|-supereffective|p2a: Steelix","|-damage|p2a: Steelix|196/353","|","|turn|8","|","|detailschange|p2a: Steelix|Steelix-Mega, F","|-mega|p2a: Steelix|Steelix|Steelixite","|move|p1a: Haxorus|Dragon Dance|p1a: Haxorus","|-boost|p1a: Haxorus|atk|1","|-boost|p1a: Haxorus|spe|1","|move|p2a: Steelix|Earthquake|p1a: Haxorus","|-damage|p1a: Haxorus|76/293","|","|turn|9","|","|move|p1a: Haxorus|Earthquake|p2a: Steelix","|-supereffective|p2a: Steelix","|-damage|p2a: Steelix|12/353","|move|p2a: Steelix|Earthquake|p1a: Haxorus","|-crit|p1a: Haxorus","|-damage|p1a: Haxorus|0 fnt","|faint|p1a: Haxorus","|","|","|switch|p1a: Latios|Latios, M|301/301","|turn|10","|","|detailschange|p1a: Latios|Latios-Mega, M","|-mega|p1a: Latios|Latios|Latiosite","|move|p1a: Latios|Psyshock|p2a: Steelix","|-resisted|p2a: Steelix","|-damage|p2a: Steelix|0 fnt","|faint|p2a: Steelix","|","|","|switch|p2a: Empoleon|Empoleon, M|371/371","|-damage|p2a: Empoleon|348/371|[from] Stealth Rock","|turn|11","|","|switch|p1a: Dragonite|Dragonite, F|323/323","|move|p2a: Empoleon|Ice Beam|p1a: Dragonite","|-supereffective|p1a: Dragonite","|-damage|p1a: Dragonite|101/323","|","|turn|12","|","|switch|p2a: Durant|Durant, M|257/257","|-damage|p2a: Durant|225/257|[from] Stealth Rock","|move|p1a: Dragonite|Earthquake|p2a: Durant","|-damage|p2a: Durant|46/257","|","|turn|13","|","|move|p2a: Durant|X-Scissor|p1a: Dragonite","|-resisted|p1a: Dragonite","|-damage|p1a: Dragonite|0 fnt","|-damage|p2a: Durant|21/257|[from] item: Life Orb","|faint|p1a: Dragonite","|","|","|switch|p1a: Kyurem-Black|Kyurem-Black|391/391","|-ability|p1a: Kyurem-Black|Teravolt","|turn|14","|","|move|p1a: Kyurem-Black|Earth Power|p2a: Durant","|-crit|p2a: Durant","|-damage|p2a: Durant|0 fnt","|faint|p2a: Durant","|","|","|switch|p2a: Scizor|Scizor, F|280/344","|-damage|p2a: Scizor|237/344|[from] Stealth Rock","|turn|15","|","|switch|p1a: Goodra|Goodra, F|381/381","|move|p2a: Scizor|Swords Dance|p2a: Scizor","|-boost|p2a: Scizor|atk|2","|","|-heal|p2a: Scizor|258/344|[from] item: Leftovers","|turn|16","|","|move|p2a: Scizor|Bullet Punch|p1a: Goodra","|-damage|p1a: Goodra|144/381","|-unboost|p2a: Scizor|spe|1","|move|p1a: Goodra|Fire Blast|p2a: Scizor","|-supereffective|p2a: Scizor","|-damage|p2a: Scizor|0 fnt","|faint|p2a: Scizor","|","|","|switch|p2a: Lucario|Lucario, M|111/281","|-damage|p2a: Lucario|103/281|[from] Stealth Rock","|turn|17","|","|move|p2a: Lucario|Extreme Speed|p1a: Goodra","|-damage|p1a: Goodra|11/381","|-unboost|p2a: Lucario|spe|1","|move|p1a: Goodra|Fire Blast|p2a: Lucario","|-supereffective|p2a: Lucario","|-damage|p2a: Lucario|0 fnt","|faint|p2a: Lucario","|","|","|switch|p2a: Empoleon|Empoleon, M|348/371","|-damage|p2a: Empoleon|325/371|[from] Stealth Rock","|turn|18","|","|move|p1a: Goodra|Fire Blast|p2a: Empoleon","|-damage|p2a: Empoleon|262/371","|move|p2a: Empoleon|Ice Beam|p1a: Goodra","|-supereffective|p1a: Goodra","|-damage|p1a: Goodra|0 fnt","|faint|p1a: Goodra","|","|","|switch|p1a: Kyurem-Black|Kyurem-Black|391/391","|-ability|p1a: Kyurem-Black|Teravolt","|turn|19","|","|move|p1a: Kyurem-Black|Earth Power|p2a: Empoleon","|-supereffective|p2a: Empoleon","|-damage|p2a: Empoleon|152/371","|move|p2a: Empoleon|Flash Cannon|p1a: Kyurem-Black","|-supereffective|p1a: Kyurem-Black","|-damage|p1a: Kyurem-Black|65/391","|","|turn|20","|","|move|p1a: Kyurem-Black|Earth Power|p2a: Empoleon","|-supereffective|p2a: Empoleon","|-damage|p2a: Empoleon|46/371","|move|p2a: Empoleon|Flash Cannon|p1a: Kyurem-Black","|-supereffective|p1a: Kyurem-Black","|-damage|p1a: Kyurem-Black|0 fnt","|faint|p1a: Kyurem-Black","|","|","|switch|p1a: Latios|Latios-Mega, M|301/301","|turn|21","|","|move|p1a: Latios|Draco Meteor|p2a: Empoleon","|-resisted|p2a: Empoleon","|-damage|p2a: Empoleon|0 fnt","|-unboost|p1a: Latios|spa|2","|faint|p2a: Empoleon","|","|win|Neowulf"],"p1rating":{"entryid":"94659","serverid":"eos","formatid":"monotype","userid":"neowulf","username":"Neowulf","w":11,"l":"4","t":"0","gxe":63.9,"r":"1599.0749694318","rd":"83.582520365854","sigma":"0","rptime":"1440406800","rpr":1609.9328263424,"rprd":78.103960106707,"rpsigma":"0","acre":1209.6889427251,"lacre":1209.6889427251,"oldacre":"1195.9721182112"},"p2rating":{"entryid":"414338","serverid":"eos","formatid":"monotype","userid":"willwolf","username":"willwolf","w":"5","l":9,"t":"0","gxe":40.4,"r":"1500","rd":"130","sigma":"0","rptime":"1440406800","rpr":1424.7367759599,"rprd":79.347778453936,"rpsigma":"0","acre":1019.2832849938,"lacre":1019.2832849938,"oldacre":"1026.9914355045"},"endType":"normal"}