{"seed":[22159,42240,40226,9699],"turns":24,"p1":"Jhu Jhu","p2":"Apex✦Shooizle","p1team":[{"name":"Hippowdon","species":"Hippowdon","item":"leftovers","ability":"Sand Stream","moves":["slackoff","stealthrock","whirlwind","earthquake"],"nature":"Impish","evs":{"hp":252,"atk":4,"def":252,"spa":0,"spd":0,"spe":0},"ivs":{"hp":31,"atk":31,"def":31,"spa":31,"spd":31,"spe":31}},{"name":"Landorus","species":"Landorus","item":"lifeorb","ability":"Sheer Force","moves":["gravity","earthpower","focusblast","grassknot"],"nature":"Timid","evs":{"hp":0,"atk":0,"def":0,"spa":252,"spd":4,"spe":252},"ivs":{"hp":31,"atk":31,"def":31,"spa":31,"spd":31,"spe":31}},{"name":"Gastrodon","species":"Gastrodon","item":"leftovers","ability":"Storm Drain","moves":["recover","icebeam","scald","toxic"],"nature":"Calm","evs":{"hp":252,"atk":0,"def":0,"spa":4,"spd":252,"spe":0},"ivs":{"hp":31,"atk":31,"def":31,"spa":31,"spd":31,"spe":31}},{"name":"Garchomp","species":"Garchomp","item":"garchompite","ability":"Rough Skin","moves":["earthpower","dracometeor","fireblast","stoneedge"],"nature":"Naive","evs":{"hp":0,"atk":4,"def":0,"spa":252,"spd":0,"spe":252},"ivs":{"hp":31,"atk":31,"def":31,"spa":31,"spd":31,"spe":31}},{"name":"Mamoswine","species":"Mamoswine","item":"lifeorb","ability":"Thick Fat","moves":["iceshard","iciclecrash","earthquake","rockslide"],"nature":"Jolly","evs":{"hp":0,"atk":252,"def":0,"spa":0,"spd":4,"spe":252},"ivs":{"hp":31,"atk":31,"def":31,"spa":31,"spd":31,"spe":31}},{"name":"Excadrill","species":"Excadrill","item":"choicescarf","ability":"Sand Rush","moves":["earthquake","ironhead","rockslide","poisonjab"],"nature":"Jolly","evs":{"hp":0,"atk":252,"def":0,"spa":0,"spd":4,"spe":252},"ivs":{"hp":31,"atk":31,"def":31,"spa":31,"spd":31,"spe":31}}],"p2team":[{"name":"Dragalge","species":"Dragalge","item":"blacksludge","ability":"Poison Point","moves":["dracometeor","sludgewave","toxicspikes","dragonpulse"],"nature":"Quiet","evs":{"hp":4,"atk":0,"def":0,"spa":252,"spd":252,"spe":0},"gender":"M","shiny":true,"ivs":{"hp":31,"atk":31,"def":31,"spa":31,"spd":31,"spe":31}},{"name":"Noivern","species":"Noivern","item":"leftovers","ability":"Telepathy","moves":["dracometeor","airslash","boomburst","psychic"],"nature":"Timid","evs":{"hp":252,"atk":0,"def":0,"spa":4,"spd":0,"spe":252},"gender":"M","shiny":true,"ivs":{"hp":31,"atk":31,"def":31,"spa":31,"spd":31,"spe":31}},{"name":"Druddigon","species":"Druddigon","item":"rockyhelmet","ability":"Rough Skin","moves":["dragonclaw","dragontail","stealthrock","earthquake"],"nature":"Adamant","evs":{"hp":4,"atk":252,"def":0,"spa":0,"spd":252,"spe":0},"gender":"M","shiny":true,"ivs":{"hp":31,"atk":31,"def":31,"spa":31,"spd":31,"spe":31}},{"name":"Kyurem-Black","species":"Kyurem-Black","item":"focussash","ability":"Teravolt","moves":["freezeshock","fusionbolt","dragonclaw","dragontail"],"nature":"Adamant","evs":{"hp":252,"atk":252,"def":4,"spa":0,"spd":0,"spe":0},"ivs":{"hp":31,"atk":31,"def":31,"spa":31,"spd":31,"spe":31}},{"name":"Garchomp","species":"Garchomp","item":"shellbell","ability":"Rough Skin","moves":["dragonclaw","earthquake","bulldoze","firefang"],"nature":"Adamant","evs":{"hp":252,"atk":252,"def":0,"spa":0,"spd":0,"spe":4},"shiny":true,"ivs":{"hp":31,"atk":31,"def":31,"spa":31,"spd":31,"spe":31}},{"name":"Kingdra","species":"Kingdra","item":"wiseglasses","ability":"Damp","moves":["dracometeor","hydropump","icebeam","scald"],"nature":"Modest","evs":{"hp":0,"atk":0,"def":4,"spa":252,"spd":252,"spe":0},"gender":"M","ivs":{"hp":31,"atk":31,"def":31,"spa":31,"spd":31,"spe":31}}],"log":["|player|p1|Jhu Jhu|248","|player|p2|Apex✦Shooizle|87","|gametype|singles","|gen|6","|tier|Monotype","|rated","|rule|Baton Pass Clause: Limit one Baton Passer, can't pass Spe and other stats simultaneously","|rule|Swagger Clause: Swagger is banned","|rule|Same Type Clause: Pokémon in a team must share a type","|clearpoke","|poke|p1|Hippowdon, M","|poke|p1|Landorus, M","|poke|p1|Gastrodon, M","|poke|p1|Garchomp, F","|poke|p1|Mamoswine, F","|poke|p1|Excadrill, M","|poke|p2|Dragalge, M, shiny","|poke|p2|Noivern, M, shiny","|poke|p2|Druddigon, M, shiny","|poke|p2|Kyurem-Black","|poke|p2|Garchomp, F, shiny","|poke|p2|Kingdra, M","|rule|Sleep Clause Mod: Limit one foe put to sleep","|rule|Species Clause: Limit one of each Pokémon","|rule|OHKO Clause: OHKO moves are banned","|rule|Moody Clause: Moody is banned","|rule|Evasion Moves Clause: Evasion moves are banned","|rule|Endless Battle Clause: Forcing endless battles is banned","|rule|HP Percentage Mod: HP is shown in percentages","|teampreview","|","|start","|switch|p1a: Hippowdon|Hippowdon, M|420/420","|switch|p2a: Kingdra|Kingdra, M|291/291","|-weather|Sandstorm","|turn|1","|","|switch|p1a: Gastrodon|Gastrodon, M|426/426","|move|p2a: Kingdra|Scald|p1a: Gastrodon","|-boost|p1a: Gastrodon|spa|1|[from] ability: Storm Drain","|","|-weather|Sandstorm|[upkeep]","|-damage|p2a: Kingdra|273/291|[from] sandstorm","|turn|2","|","|move|p2a: Kingdra|Draco Meteor|p1a: Gastrodon","|-crit|p1a: Gastrodon","|-damage|p1a: Gastrodon|146/426","|-unboost|p2a: Kingdra|spa|2","|move|p1a: Gastrodon|Scald|p2a: Kingdra","|-resisted|p2a: Kingdra","|-damage|p2a: Kingdra|249/291","|","|-weather|Sandstorm|[upkeep]","|-damage|p2a: Kingdra|231/291|[from] sandstorm","|-heal|p1a: Gastrodon|172/426|[from] item: Leftovers","|turn|3","|","|move|p2a: Kingdra|Ice Beam|p1a: Gastrodon","|-damage|p1a: Gastrodon|131/426","|move|p1a: Gastrodon|Recover|p1a: Gastrodon","|-heal|p1a: Gastrodon|344/426","|","|-weather|Sandstorm|[upkeep]","|-damage|p2a: Kingdra|213/291|[from] sandstorm","|-heal|p1a: Gastrodon|370/426|[from] item: Leftovers","|turn|4","|","|move|p2a: Kingdra|Draco Meteor|p1a: Gastrodon","|-damage|p1a: Gastrodon|271/426","|-unboost|p2a: Kingdra|spa|2","|move|p1a: Gastrodon|Toxic|p2a: Kingdra","|-status|p2a: Kingdra|tox","|","|-weather|Sandstorm|[upkeep]","|-damage|p2a: Kingdra|195/291 tox|[from] sandstorm","|-heal|p1a: Gastrodon|297/426|[from] item: Leftovers","|-damage|p2a: Kingdra|177/291 tox|[from] psn","|turn|5","|","|move|p2a: Kingdra|Draco Meteor|p1a: Gastrodon","|-crit|p1a: Gastrodon","|-damage|p1a: Gastrodon|41/426","|-unboost|p2a: Kingdra|spa|2","|move|p1a: Gastrodon|Recover|p1a: Gastrodon","|-heal|p1a: Gastrodon|254/426","|","|-weather|none","|-heal|p1a: Gastrodon|280/426|[from] item: Leftovers","|-damage|p2a: Kingdra|141/291 tox|[from] psn","|turn|6","|","|move|p2a: Kingdra|Draco Meteor|p1a: Gastrodon","|-damage|p1a: Gastrodon|231/426","|move|p1a: Gastrodon|Recover|p1a: Gastrodon","|-heal|p1a: Gastrodon|426/426","|","|-damage|p2a: Kingdra|87/291 tox|[from] psn","|turn|7","|","|move|p2a: Kingdra|Ice Beam|p1a: Gastrodon","|-damage|p1a: Gastrodon|405/426","|move|p1a: Gastrodon|Scald|p2a: Kingdra","|-resisted|p2a: Kingdra","|-damage|p2a: Kingdra|60/291 tox","|","|-heal|p1a: Gastrodon|426/426|[from] item: Leftovers","|-damage|p2a: Kingdra|0 fnt|[from] psn","|faint|p2a: Kingdra","|","|switch|p2a: Garchomp|Garchomp, F, shiny|420/420","|turn|8","|","|move|p2a: Garchomp|Dragon Claw|p1a: Gastrodon","|-damage|p1a: Gastrodon|209/426","|move|p1a: Gastrodon|Scald|p2a: Garchomp","|-crit|p2a: Garchomp","|-damage|p2a: Garchomp|213/420","|-status|p2a: Garchomp|brn","|","|-heal|p1a: Gastrodon|235/426|[from] item: Leftovers","|-damage|p2a: Garchomp|161/420 brn|[from] brn","|turn|9","|","|move|p2a: Garchomp|Dragon Claw|p1a: Gastrodon","|-damage|p1a: Gastrodon|122/426","|-heal|p2a: Garchomp|175/420 brn|[from] item: Shell Bell|[of] p1a: Gastrodon","|move|p1a: Gastrodon|Recover|p1a: Gastrodon","|-heal|p1a: Gastrodon|335/426","|","|-heal|p1a: Gastrodon|361/426|[from] item: Leftovers","|-damage|p2a: Garchomp|123/420 brn|[from] brn","|turn|10","|","|move|p2a: Garchomp|Earthquake|p1a: Gastrodon","|-damage|p1a: Gastrodon|237/426","|-heal|p2a: Garchomp|138/420 brn|[from] item: Shell Bell|[of] p1a: Gastrodon","|move|p1a: Gastrodon|Scald|p2a: Garchomp","|-damage|p2a: Garchomp|0 fnt","|faint|p2a: Garchomp","|","|-heal|p1a: Gastrodon|263/426|[from] item: Leftovers","|","|switch|p2a: Kyurem-Black|Kyurem-Black|454/454","|-ability|p2a: Kyurem-Black|Teravolt","|turn|11","|","|move|p1a: Gastrodon|Scald|p2a: Kyurem-Black","|-resisted|p2a: Kyurem-Black","|-damage|p2a: Kyurem-Black|387/454","|-status|p2a: Kyurem-Black|brn","|move|p2a: Kyurem-Black|Dragon Tail|p1a: Gastrodon","|-damage|p1a: Gastrodon|161/426","|drag|p1a: Mamoswine|Mamoswine, F|361/361","|","|-damage|p2a: Kyurem-Black|331/454 brn|[from] brn","|turn|12","|","|switch|p1a: Hippowdon|Hippowdon, M|420/420","|-weather|Sandstorm","|move|p2a: Kyurem-Black|Fusion Bolt|p1a: Hippowdon","|-immune|p1a: Hippowdon|[msg]","|","|-weather|Sandstorm|[upkeep]","|-damage|p2a: Kyurem-Black|303/454 brn|[from] sandstorm","|-damage|p2a: Kyurem-Black|247/454 brn|[from] brn","|turn|13","|","|move|p2a: Kyurem-Black|Dragon Claw|p1a: Hippowdon","|-damage|p1a: Hippowdon|363/420","|move|p1a: Hippowdon|Stealth Rock|p2a: Kyurem-Black","|-sidestart|p2: Apex✦Shooizle|move: Stealth Rock","|","|-weather|Sandstorm|[upkeep]","|-damage|p2a: Kyurem-Black|219/454 brn|[from] sandstorm","|-heal|p1a: Hippowdon|389/420|[from] item: Leftovers","|-damage|p2a: Kyurem-Black|163/454 brn|[from] brn","|turn|14","|","|move|p2a: Kyurem-Black|Fusion Bolt|p1a: Hippowdon","|-immune|p1a: Hippowdon|[msg]","|move|p1a: Hippowdon|Earthquake|p2a: Kyurem-Black","|-damage|p2a: Kyurem-Black|34/454 brn","|","|-weather|Sandstorm|[upkeep]","|-damage|p2a: Kyurem-Black|6/454 brn|[from] sandstorm","|-heal|p1a: Hippowdon|415/420|[from] item: Leftovers","|-damage|p2a: Kyurem-Black|0 fnt|[from] brn","|faint|p2a: Kyurem-Black","|","|switch|p2a: Druddigon|Druddigon, M, shiny|296/296","|-damage|p2a: Druddigon|259/296|[from] Stealth Rock","|turn|15","|","|move|p2a: Druddigon|Stealth Rock|p1a: Hippowdon","|-sidestart|p1: Jhu Jhu|move: Stealth Rock","|move|p1a: Hippowdon|Earthquake|p2a: Druddigon","|-damage|p2a: Druddigon|120/296","|","|-weather|Sandstorm|[upkeep]","|-damage|p2a: Druddigon|102/296|[from] sandstorm","|-heal|p1a: Hippowdon|420/420|[from] item: Leftovers","|turn|16","|","|move|p2a: Druddigon|Dragon Tail|p1a: Hippowdon","|-damage|p1a: Hippowdon|347/420","|drag|p1a: Garchomp|Garchomp, F|357/357","|-damage|p1a: Garchomp|335/357|[from] Stealth Rock","|","|-weather|none","|turn|17","|","|detailschange|p1a: Garchomp|Garchomp-Mega, F","|-mega|p1a: Garchomp|Garchomp|Garchompite","|move|p1a: Garchomp|Earth Power|p2a: Druddigon","|-damage|p2a: Druddigon|0 fnt","|faint|p2a: Druddigon","|","|","|switch|p2a: Noivern|Noivern, M, shiny|374/374","|-damage|p2a: Noivern|281/374|[from] Stealth Rock","|turn|18","|","|switch|p1a: Hippowdon|Hippowdon, M|347/420","|-damage|p1a: Hippowdon|321/420|[from] Stealth Rock","|-weather|Sandstorm","|move|p2a: Noivern|Draco Meteor|p1a: Hippowdon","|-damage|p1a: Hippowdon|138/420","|-unboost|p2a: Noivern|spa|2","|","|-weather|Sandstorm|[upkeep]","|-damage|p2a: Noivern|258/374|[from] sandstorm","|-heal|p2a: Noivern|281/374|[from] item: Leftovers","|-heal|p1a: Hippowdon|164/420|[from] item: Leftovers","|turn|19","|","|move|p2a: Noivern|Draco Meteor|p1a: Hippowdon","|-damage|p1a: Hippowdon|70/420","|-unboost|p2a: Noivern|spa|2","|move|p1a: Hippowdon|Slack Off|p1a: Hippowdon","|-heal|p1a: Hippowdon|280/420","|","|-weather|Sandstorm|[upkeep]","|-damage|p2a: Noivern|258/374|[from] sandstorm","|-heal|p2a: Noivern|281/374|[from] item: Leftovers","|-heal|p1a: Hippowdon|306/420|[from] item: Leftovers","|turn|20","|","|move|p2a: Noivern|Air Slash|p1a: Hippowdon","|-damage|p1a: Hippowdon|270/420","|cant|p1a: Hippowdon|flinch","|","|-weather|Sandstorm|[upkeep]","|-damage|p2a: Noivern|258/374|[from] sandstorm","|-heal|p2a: Noivern|281/374|[from] item: Leftovers","|-heal|p1a: Hippowdon|296/420|[from] item: Leftovers","|turn|21","|","|move|p2a: Noivern|Air Slash|p1a: Hippowdon","|-damage|p1a: Hippowdon|260/420","|move|p1a: Hippowdon|Whirlwind|p2a: Noivern","|drag|p2a: Dragalge|Dragalge, M, shiny|272/272","|-damage|p2a: Dragalge|238/272|[from] Stealth Rock","|","|-weather|Sandstorm|[upkeep]","|-damage|p2a: Dragalge|221/272|[from] sandstorm","|-heal|p1a: Hippowdon|286/420|[from] item: Leftovers","|-heal|p2a: Dragalge|238/272|[from] item: Black Sludge","|turn|22","|","|move|p1a: Hippowdon|Earthquake|p2a: Dragalge","|-supereffective|p2a: Dragalge","|-damage|p2a: Dragalge|0 fnt","|faint|p2a: Dragalge","|","|-weather|none","|-heal|p1a: Hippowdon|312/420|[from] item: Leftovers","|","|switch|p2a: Noivern|Noivern, M, shiny|281/374","|-damage|p2a: Noivern|188/374|[from] Stealth Rock","|turn|23","|","|switch|p1a: Mamoswine|Mamoswine, F|361/361","|-damage|p1a: Mamoswine|316/361|[from] Stealth Rock","|move|p2a: Noivern|Air Slash|p1a: Mamoswine","|-damage|p1a: Mamoswine|193/361","|","|-heal|p2a: Noivern|211/374|[from] item: Leftovers","|turn|24","|","|move|p1a: Mamoswine|Ice Shard|p2a: Noivern","|-supereffective|p2a: Noivern","|-damage|p2a: Noivern|0 fnt","|-damage|p1a: Mamoswine|157/361|[from] item: Life Orb","|faint|p2a: Noivern","|","|win|Jhu Jhu"],"p1rating":{"entryid":"417858","serverid":"eos","formatid":"monotype","userid":"jhujhu","username":"Jhu Jhu","w":4,"l":"1","t":"0","gxe":60.8,"r":"1500","rd":"130","sigma":"0","rptime":"1440406800","rpr":1585.9063060913,"rprd":102.40481351611,"rpsigma":"0","acre":1131.9656107242,"lacre":1131.9656107242,"oldacre":"1114.9476261656"},"p2rating":{"entryid":421109,"formatid":"monotype","userid":"apexshooizle","username":"Apex✦Shooizle","r":1500,"rd":130,"sigma":0,"rpr":1459.8393856612,"rprd":122.8583080769,"rpsigma":0,"rptime":1440406800,"w":0,"l":1,"t":0,"gxe":45,"acre":1000,"lacre":1000,"oldacre":1000},"endType":"normal"}