{"seed":[5214,64161,41902,36047],"turns":28,"p1":"SL~Kingdra","p2":"Silver LadyLaxus","p1team":[{"name":"Chansey","species":"Chansey","item":"eviolite","ability":"Natural Cure","moves":["softboiled","protect","toxic","seismictoss"],"nature":"Impish","evs":{"hp":4,"atk":0,"def":252,"spa":0,"spd":252,"spe":0},"ivs":{"hp":31,"atk":31,"def":31,"spa":31,"spd":31,"spe":31}},{"name":"Blissey","species":"Blissey","item":"leftovers","ability":"Natural Cure","moves":["seismictoss","toxic","protect","softboiled"],"nature":"Impish","evs":{"hp":252,"atk":0,"def":252,"spa":0,"spd":4,"spe":0},"ivs":{"hp":31,"atk":31,"def":31,"spa":31,"spd":31,"spe":31}},{"name":"Porygon2","species":"Porygon2","item":"eviolite","ability":"Trace","moves":["thunderbolt","icebeam","recover","thunderwave"],"nature":"Bold","evs":{"hp":252,"atk":0,"def":252,"spa":0,"spd":4,"spe":0},"ivs":{"hp":31,"atk":31,"def":31,"spa":31,"spd":31,"spe":31}},{"name":"Pidgeot","species":"Pidgeot","item":"pidgeotite","ability":"Keen Eye","moves":["hurricane","heatwave","hyperbeam","hiddenpowerwater"],"nature":"Modest","evs":{"hp":4,"atk":0,"def":0,"spa":252,"spd":0,"spe":252},"ivs":{"hp":31,"atk":30,"def":30,"spa":30,"spd":31,"spe":31}},{"name":"Snorlax","species":"Snorlax","item":"leftovers","ability":"Thick Fat","moves":["curse","bodyslam","rest","sleeptalk"],"nature":"Careful","evs":{"hp":144,"atk":0,"def":188,"spa":0,"spd":176,"spe":0},"ivs":{"hp":31,"atk":31,"def":31,"spa":31,"spd":31,"spe":31}},{"name":"Ambipom","species":"Ambipom","item":"lifeorb","ability":"Technician","moves":["fakeout","lastresort"],"nature":"Jolly","evs":{"hp":4,"atk":252,"def":0,"spa":0,"spd":0,"spe":252},"ivs":{"hp":31,"atk":31,"def":31,"spa":31,"spd":31,"spe":31}}],"p2team":[{"name":"Checkmate","species":"bisharp","item":"lumberry","ability":"Defiant","moves":["swordsdance","ironhead","suckerpunch","knockoff"],"nature":"Adamant","evs":{"hp":0,"atk":252,"def":0,"spa":0,"spd":4,"spe":252},"ivs":{"hp":31,"atk":31,"def":31,"spa":31,"spd":31,"spe":31}},{"name":"Gemz","species":"sableye","item":"sablenite","ability":"Prankster","moves":["willowisp","calmmind","shadowball","recover"],"nature":"Bold","evs":{"hp":252,"atk":0,"def":252,"spa":0,"spd":4,"spe":0},"ivs":{"hp":31,"atk":31,"def":31,"spa":31,"spd":31,"spe":31}},{"name":"Sand Dargon","species":"tyranitar","item":"leftovers","ability":"Sand Stream","moves":["crunch","stoneedge","stealthrock","thunderwave"],"nature":"Adamant","evs":{"hp":252,"atk":32,"def":0,"spa":0,"spd":224,"spe":0},"ivs":{"hp":31,"atk":31,"def":31,"spa":31,"spd":31,"spe":31}},{"name":"Pebbles","species":"mandibuzz","item":"rockyhelmet","ability":"Overcoat","moves":["bravebird","roost","defog","toxic"],"nature":"Impish","evs":{"hp":248,"atk":8,"def":252,"spa":0,"spd":0,"spe":0},"ivs":{"hp":31,"atk":31,"def":31,"spa":31,"spd":31,"spe":31}},{"name":"Daunting ik","species":"crawdaunt","item":"lumberry","ability":"Adaptability","moves":["swordsdance","crabhammer","aquajet","knockoff"],"nature":"Adamant","evs":{"hp":248,"atk":16,"def":0,"spa":0,"spd":8,"spe":0},"ivs":{"hp":31,"atk":31,"def":31,"spa":31,"spd":31,"spe":31}},{"name":"Zoro","species":"zoroark","item":"focussash","ability":"Illusion","moves":["nastyplot","nightdaze","counter","extrasensory"],"nature":"Timid","evs":{"hp":0,"atk":0,"def":0,"spa":252,"spd":4,"spe":252},"ivs":{"hp":31,"atk":31,"def":31,"spa":31,"spd":31,"spe":31}}],"log":["|player|p1|SL~Kingdra|99","|player|p2|Silver LadyLaxus|100","|gametype|singles","|gen|6","|tier|Monotype","|rated","|rule|Baton Pass Clause: Limit one Baton Passer, can't pass Spe and other stats simultaneously","|rule|Swagger Clause: Swagger is banned","|rule|Same Type Clause: Pokémon in a team must share a type","|clearpoke","|poke|p1|Chansey, F","|poke|p1|Blissey, F","|poke|p1|Porygon2","|poke|p1|Pidgeot, F","|poke|p1|Snorlax, M","|poke|p1|Ambipom, M","|poke|p2|Bisharp, M","|poke|p2|Sableye, M","|poke|p2|Tyranitar, F","|poke|p2|Mandibuzz, F","|poke|p2|Crawdaunt, M","|poke|p2|Zoroark, M","|rule|Sleep Clause Mod: Limit one foe put to sleep","|rule|Species Clause: Limit one of each Pokémon","|rule|OHKO Clause: OHKO moves are banned","|rule|Moody Clause: Moody is banned","|rule|Evasion Moves Clause: Evasion moves are banned","|rule|Endless Battle Clause: Forcing endless battles is banned","|rule|HP Percentage Mod: HP is shown in percentages","|teampreview","|","|start","|switch|p1a: Porygon2|Porygon2|374/374","|switch|p2a: Pebbles|Mandibuzz, F|423/423","|-ability|p1a: Porygon2|Overcoat|[from] ability: Trace|[of] p2a: Pebbles","|turn|1","|","|move|p2a: Pebbles|Toxic|p1a: Porygon2","|-status|p1a: Porygon2|tox","|move|p1a: Porygon2|Thunder Wave|p2a: Pebbles","|-status|p2a: Pebbles|par","|","|-damage|p1a: Porygon2|351/374 tox|[from] psn","|turn|2","|","|switch|p2a: Sand Dargon|Tyranitar, F|404/404","|-weather|Sandstorm","|move|p1a: Porygon2|Thunderbolt|p2a: Sand Dargon","|-damage|p2a: Sand Dargon|361/404","|","|-weather|Sandstorm|[upkeep]","|-heal|p2a: Sand Dargon|386/404|[from] item: Leftovers","|-damage|p1a: Porygon2|305/374 tox|[from] psn","|turn|3","|","|move|p2a: Sand Dargon|Stealth Rock|p1a: Porygon2","|-sidestart|p1: SL~Kingdra|move: Stealth Rock","|move|p1a: Porygon2|Thunder Wave|p2a: Sand Dargon","|-status|p2a: Sand Dargon|par","|","|-weather|Sandstorm|[upkeep]","|-heal|p2a: Sand Dargon|404/404 par|[from] item: Leftovers","|-damage|p1a: Porygon2|236/374 tox|[from] psn","|turn|4","|","|move|p1a: Porygon2|Ice Beam|p2a: Sand Dargon","|-damage|p2a: Sand Dargon|363/404 par","|move|p2a: Sand Dargon|Stone Edge|p1a: Porygon2","|-crit|p1a: Porygon2","|-damage|p1a: Porygon2|113/374 tox","|","|-weather|Sandstorm|[upkeep]","|-heal|p2a: Sand Dargon|388/404 par|[from] item: Leftovers","|-damage|p1a: Porygon2|21/374 tox|[from] psn","|turn|5","|","|move|p1a: Porygon2|Ice Beam|p2a: Sand Dargon","|-damage|p2a: Sand Dargon|348/404 par","|move|p2a: Sand Dargon|Crunch|p1a: Porygon2","|-damage|p1a: Porygon2|0 fnt","|faint|p1a: Porygon2","|","|-weather|Sandstorm|[upkeep]","|-heal|p2a: Sand Dargon|373/404 par|[from] item: Leftovers","|","|switch|p1a: Snorlax|Snorlax, M|497/497","|-damage|p1a: Snorlax|435/497|[from] Stealth Rock","|turn|6","|","|move|p1a: Snorlax|Curse|p1a: Snorlax","|-unboost|p1a: Snorlax|spe|1","|-boost|p1a: Snorlax|atk|1","|-boost|p1a: Snorlax|def|1","|move|p2a: Sand Dargon|Stone Edge|p1a: Snorlax|[miss]","|-miss|p2a: Sand Dargon|p1a: Snorlax","|","|-weather|none","|-heal|p1a: Snorlax|466/497|[from] item: Leftovers","|-heal|p2a: Sand Dargon|398/404 par|[from] item: Leftovers","|turn|7","|","|switch|p2a: Gemz|Sableye, M|304/304","|move|p1a: Snorlax|Body Slam|p2a: Gemz","|-immune|p2a: Gemz|[msg]","|","|-heal|p1a: Snorlax|497/497|[from] item: Leftovers","|turn|8","|","|switch|p1a: Blissey|Blissey, F|714/714","|-damage|p1a: Blissey|625/714|[from] Stealth Rock","|move|p2a: Gemz|Calm Mind|p2a: Gemz","|-boost|p2a: Gemz|spa|1","|-boost|p2a: Gemz|spd|1","|","|-heal|p1a: Blissey|669/714|[from] item: Leftovers","|turn|9","|","|detailschange|p2a: Gemz|Sableye-Mega, M","|-mega|p2a: Gemz|Sableye|Sablenite","|move|p2a: Gemz|Calm Mind|p2a: Gemz","|-boost|p2a: Gemz|spa|1","|-boost|p2a: Gemz|spd|1","|move|p1a: Blissey|Toxic|p2a: Gemz","|move|p2a: Gemz|Toxic|p1a: Blissey|[from]Magic Bounce","|-status|p1a: Blissey|tox","|","|-heal|p1a: Blissey|713/714 tox|[from] item: Leftovers","|-damage|p1a: Blissey|669/714 tox|[from] psn","|turn|10","|","|switch|p1a: Pidgeot|Pidgeot, F|308/308","|-damage|p1a: Pidgeot|231/308|[from] Stealth Rock","|move|p2a: Gemz|Calm Mind|p2a: Gemz","|-boost|p2a: Gemz|spa|1","|-boost|p2a: Gemz|spd|1","|","|turn|11","|","|detailschange|p1a: Pidgeot|Pidgeot-Mega, F","|-mega|p1a: Pidgeot|Pidgeot|Pidgeotite","|move|p1a: Pidgeot|Hurricane|p2a: Gemz","|-damage|p2a: Gemz|222/304","|move|p2a: Gemz|Will-O-Wisp|p1a: Pidgeot","|-status|p1a: Pidgeot|brn","|","|-damage|p1a: Pidgeot|193/308 brn|[from] brn","|turn|12","|","|move|p1a: Pidgeot|Hurricane|p2a: Gemz","|-damage|p2a: Gemz|140/304","|move|p2a: Gemz|Recover|p2a: Gemz","|-heal|p2a: Gemz|292/304","|","|-damage|p1a: Pidgeot|155/308 brn|[from] brn","|turn|13","|","|move|p1a: Pidgeot|Hurricane|p2a: Gemz","|-damage|p2a: Gemz|211/304","|move|p2a: Gemz|Calm Mind|p2a: Gemz","|-boost|p2a: Gemz|spa|1","|-boost|p2a: Gemz|spd|1","|","|-damage|p1a: Pidgeot|117/308 brn|[from] brn","|turn|14","|","|move|p1a: Pidgeot|Hurricane|p2a: Gemz","|-damage|p2a: Gemz|145/304","|move|p2a: Gemz|Recover|p2a: Gemz","|-heal|p2a: Gemz|297/304","|","|-damage|p1a: Pidgeot|79/308 brn|[from] brn","|turn|15","|","|move|p1a: Pidgeot|Hurricane|p2a: Gemz","|-damage|p2a: Gemz|228/304","|move|p2a: Gemz|Calm Mind|p2a: Gemz","|-boost|p2a: Gemz|spa|1","|-boost|p2a: Gemz|spd|1","|","|-damage|p1a: Pidgeot|41/308 brn|[from] brn","|turn|16","|","|move|p1a: Pidgeot|Hurricane|p2a: Gemz","|-damage|p2a: Gemz|173/304","|move|p2a: Gemz|Calm Mind|p2a: Gemz","|-boost|p2a: Gemz|spa|1","|-boost|p2a: Gemz|spd|1","|","|-damage|p1a: Pidgeot|3/308 brn|[from] brn","|turn|17","|","|move|p1a: Pidgeot|Hurricane|p2a: Gemz","|-crit|p2a: Gemz","|-damage|p2a: Gemz|0 fnt","|faint|p2a: Gemz","|","|-damage|p1a: Pidgeot|0 fnt|[from] brn","|faint|p1a: Pidgeot","|","|switch|p1a: Ambipom|Ambipom, M|292/292","|switch|p2a: Daunting ik|Crawdaunt, M|261/261","|-damage|p1a: Ambipom|256/292|[from] Stealth Rock","|turn|18","|","|switch|p2a: Pebbles|Mandibuzz, F|423/423 par","|move|p1a: Ambipom|Fake Out|p2a: Pebbles","|-damage|p2a: Pebbles|345/423 par","|-damage|p1a: Ambipom|208/292|[from] item: Rocky Helmet|[of] p2a: Pebbles","|-damage|p1a: Ambipom|179/292|[from] item: Life Orb","|","|turn|19","|","|move|p1a: Ambipom|Last Resort|p2a: Pebbles","|-crit|p2a: Pebbles","|-damage|p2a: Pebbles|40/423 par","|-damage|p1a: Ambipom|131/292|[from] item: Rocky Helmet|[of] p2a: Pebbles","|-damage|p1a: Ambipom|102/292|[from] item: Life Orb","|cant|p2a: Pebbles|par","|","|turn|20","|","|move|p1a: Ambipom|Last Resort|p2a: Pebbles","|-damage|p2a: Pebbles|0 fnt","|-damage|p1a: Ambipom|54/292|[from] item: Rocky Helmet|[of] p2a: Pebbles","|-damage|p1a: Ambipom|25/292|[from] item: Life Orb","|faint|p2a: Pebbles","|","|","|switch|p2a: Daunting ik|Crawdaunt, M|329/329","|turn|21","|","|move|p2a: Daunting ik|Aqua Jet|p1a: Ambipom","|-damage|p1a: Ambipom|0 fnt","|faint|p1a: Ambipom","|","|","|switch|p1a: Snorlax|Snorlax, M|497/497","|-damage|p1a: Snorlax|435/497|[from] Stealth Rock","|turn|22","|","|move|p2a: Daunting ik|Swords Dance|p2a: Daunting ik","|-boost|p2a: Daunting ik|atk|2","|move|p1a: Snorlax|Curse|p1a: Snorlax","|-unboost|p1a: Snorlax|spe|1","|-boost|p1a: Snorlax|atk|1","|-boost|p1a: Snorlax|def|1","|","|-heal|p1a: Snorlax|466/497|[from] item: Leftovers","|turn|23","|","|move|p2a: Daunting ik|Knock Off|p1a: Snorlax","|-damage|p1a: Snorlax|162/497","|-enditem|p1a: Snorlax|Leftovers|[from] move: Knock Off|[of] p2a: Daunting ik","|move|p1a: Snorlax|Curse|p1a: Snorlax","|-unboost|p1a: Snorlax|spe|1","|-boost|p1a: Snorlax|atk|1","|-boost|p1a: Snorlax|def|1","|","|turn|24","|","|move|p2a: Daunting ik|Crabhammer|p1a: Snorlax","|-damage|p1a: Snorlax|0 fnt","|faint|p1a: Snorlax","|","|","|switch|p1a: Chansey|Chansey, F|642/642","|-damage|p1a: Chansey|562/642|[from] Stealth Rock","|turn|25","|","|move|p2a: Daunting ik|Knock Off|p1a: Chansey","|-damage|p1a: Chansey|30/642","|-enditem|p1a: Chansey|Eviolite|[from] move: Knock Off|[of] p2a: Daunting ik","|move|p1a: Chansey|Toxic|p2a: Daunting ik","|-status|p2a: Daunting ik|tox","|-enditem|p2a: Daunting ik|Lum Berry|[eat]","|-curestatus|p2a: Daunting ik|tox","|","|turn|26","|","|move|p1a: Chansey|Protect|p1a: Chansey","|-singleturn|p1a: Chansey|Protect","|move|p2a: Daunting ik|Aqua Jet|p1a: Chansey","|-activate|p1a: Chansey|Protect","|","|turn|27","|","|move|p2a: Daunting ik|Aqua Jet|p1a: Chansey","|-damage|p1a: Chansey|0 fnt","|faint|p1a: Chansey","|","|","|switch|p1a: Blissey|Blissey, F|669/714","|-damage|p1a: Blissey|580/714|[from] Stealth Rock","|turn|28","|","|move|p2a: Daunting ik|Knock Off|p1a: Blissey","|-damage|p1a: Blissey|0 fnt","|-enditem|p1a: Blissey|Leftovers|[from] move: Knock Off|[of] p2a: Daunting ik","|faint|p1a: Blissey","|","|win|Silver LadyLaxus"],"p1rating":{"entryid":"101024","serverid":"eos","formatid":"monotype","userid":"slkingdra","username":"SL~Kingdra","w":"18","l":13,"t":"0","gxe":55.8,"r":"1554.5418496299","rd":"60.782696099482","sigma":"0","rptime":"1440406800","rpr":1544.4626079331,"rprd":59.957948004549,"rpsigma":"0","acre":1074.9566090945,"lacre":1074.9566090945,"oldacre":"1101.8615160363"},"p2rating":{"entryid":"221665","serverid":"eos","formatid":"monotype","userid":"silverladylaxus","username":"Silver LadyLaxus","w":4,"l":"2","t":"0","gxe":59.3,"r":"1545.9049391545","rd":"101.75961480727","sigma":"0","rptime":"1440406800","rpr":1573.594968474,"rprd":97.798042152498,"rpsigma":"0","acre":1106.2230776885,"lacre":1106.2230776885,"oldacre":"1075.3368049386"},"endType":"normal"}