{"seed":[9308,19362,41093,51835],"turns":25,"p1":"Im Slash","p2":"Crystal Blade64","p1team":[{"name":"Gardevoir","species":"Gardevoir","item":"gardevoirite","ability":"Synchronize","moves":["hypervoice","psyshock","hiddenpowerfire","substitute"],"nature":"Timid","evs":{"hp":0,"atk":0,"def":0,"spa":252,"spd":4,"spe":252},"ivs":{"hp":31,"atk":30,"def":31,"spa":30,"spd":31,"spe":30}},{"name":"Hoopa-Unbound","species":"Hoopa-Unbound","item":"choiceband","ability":"Magician","moves":["hyperspacefury","gunkshot","firepunch","zenheadbutt"],"nature":"Adamant","evs":{"hp":4,"atk":252,"def":0,"spa":0,"spd":0,"spe":252},"ivs":{"hp":31,"atk":31,"def":31,"spa":31,"spd":31,"spe":31}},{"name":"Metagross","species":"Metagross","item":"leftovers","ability":"Clear Body","moves":["stealthrock","meteormash","bulletpunch","earthquake"],"nature":"Adamant","evs":{"hp":252,"atk":252,"def":0,"spa":0,"spd":4,"spe":0},"ivs":{"hp":31,"atk":31,"def":31,"spa":31,"spd":31,"spe":31}},{"name":"Meloetta","species":"Meloetta","item":"assaultvest","ability":"Serene Grace","moves":["chargebeam","shadowball","psyshock","hiddenpowerice"],"nature":"Modest","evs":{"hp":248,"atk":0,"def":0,"spa":252,"spd":8,"spe":0},"ivs":{"hp":31,"atk":30,"def":30,"spa":31,"spd":31,"spe":31}},{"name":"Victini","species":"Victini","item":"choicescarf","ability":"Victory Star","moves":["vcreate","blueflare","uturn","boltstrike"],"nature":"Hasty","evs":{"hp":0,"atk":252,"def":0,"spa":4,"spd":0,"spe":252},"ivs":{"hp":31,"atk":31,"def":31,"spa":31,"spd":31,"spe":31}},{"name":"Latias","species":"Latias","item":"lifeorb","ability":"Levitate","moves":["defog","dracometeor","psyshock","healingwish"],"nature":"Timid","evs":{"hp":0,"atk":0,"def":0,"spa":252,"spd":4,"spe":252},"ivs":{"hp":31,"atk":31,"def":31,"spa":31,"spd":31,"spe":31}}],"p2team":[{"name":"Reckless","species":"staraptor","item":"leftovers","ability":"Intimidate","moves":["bravebird","roost","featherdance","defog"],"nature":"Impish","evs":{"hp":252,"atk":4,"def":252,"spa":0,"spd":0,"spe":0},"ivs":{"hp":31,"atk":31,"def":31,"spa":31,"spd":31,"spe":31}},{"name":"BetterThanYou","species":"ditto","item":"choicescarf","ability":"Imposter","moves":["transform"],"nature":"Bold","evs":{"hp":248,"atk":0,"def":252,"spa":0,"spd":8,"spe":0},"happiness":0,"ivs":{"hp":31,"atk":31,"def":31,"spa":31,"spd":31,"spe":31}},{"name":"Nurse Joy pls","species":"chansey","item":"eviolite","ability":"Natural Cure","moves":["aromatherapy","softboiled","thunderwave","seismictoss"],"nature":"Bold","evs":{"hp":248,"atk":0,"def":252,"spa":0,"spd":8,"spe":0},"ivs":{"hp":31,"atk":31,"def":31,"spa":31,"spd":31,"spe":31}},{"name":"EnergizerBunny","species":"lopunny","item":"lopunnite","ability":"Cute Charm","moves":["fakeout","highjumpkick","icepunch","frustration"],"nature":"Jolly","evs":{"hp":4,"atk":252,"def":0,"spa":0,"spd":0,"spe":252},"happiness":0,"ivs":{"hp":31,"atk":31,"def":31,"spa":31,"spd":31,"spe":31}},{"name":"DownloadFreeRAM","species":"porygon2","item":"eviolite","ability":"Trace","moves":["toxic","recover","icebeam","discharge"],"nature":"Bold","evs":{"hp":248,"atk":0,"def":252,"spa":8,"spd":0,"spe":0},"ivs":{"hp":31,"atk":31,"def":31,"spa":31,"spd":31,"spe":31}},{"name":"Diggersby tho","species":"diggersby","item":"choiceband","ability":"Huge Power","moves":["earthquake","quickattack","frustration","uturn"],"nature":"Adamant","evs":{"hp":4,"atk":252,"def":0,"spa":0,"spd":0,"spe":252},"happiness":0,"ivs":{"hp":31,"atk":31,"def":31,"spa":31,"spd":31,"spe":31}}],"log":["|player|p1|Im Slash|144","|player|p2|Crystal Blade64|165","|gametype|singles","|gen|6","|tier|Monotype","|rated","|rule|Baton Pass Clause: Limit one Baton Passer, can't pass Spe and other stats simultaneously","|rule|Swagger Clause: Swagger is banned","|rule|Same Type Clause: Pokémon in a team must share a type","|clearpoke","|poke|p1|Gardevoir, M","|poke|p1|Hoopa-Unbound","|poke|p1|Metagross","|poke|p1|Meloetta","|poke|p1|Victini","|poke|p1|Latias, F","|poke|p2|Staraptor, F","|poke|p2|Ditto","|poke|p2|Chansey, F","|poke|p2|Lopunny, F","|poke|p2|Porygon2","|poke|p2|Diggersby, M","|rule|Sleep Clause Mod: Limit one foe put to sleep","|rule|Species Clause: Limit one of each Pokémon","|rule|OHKO Clause: OHKO moves are banned","|rule|Moody Clause: Moody is banned","|rule|Evasion Moves Clause: Evasion moves are banned","|rule|Endless Battle Clause: Forcing endless battles is banned","|rule|HP Percentage Mod: HP is shown in percentages","|teampreview","|","|start","|switch|p1a: Metagross|Metagross|364/364","|switch|p2a: Diggersby tho|Diggersby, M|312/312","|turn|1","|","|switch|p1a: Latias|Latias, F|301/301","|move|p2a: Diggersby tho|Earthquake|p1a: Latias","|-immune|p1a: Latias|[msg]","|","|turn|2","|","|switch|p2a: Nurse Joy pls|Chansey, F|703/703","|move|p1a: Latias|Draco Meteor|p2a: Nurse Joy pls","|-damage|p2a: Nurse Joy pls|520/703","|-unboost|p1a: Latias|spa|2","|-damage|p1a: Latias|271/301|[from] item: Life Orb","|","|turn|3","|","|switch|p1a: Gardevoir|Gardevoir, M|277/277","|move|p2a: Nurse Joy pls|Thunder Wave|p1a: Gardevoir","|-status|p1a: Gardevoir|par","|-status|p2a: Nurse Joy pls|par","|","|turn|4","|","|detailschange|p1a: Gardevoir|Gardevoir-Mega, M","|-mega|p1a: Gardevoir|Gardevoir|Gardevoirite","|move|p1a: Gardevoir|Substitute|p1a: Gardevoir","|-start|p1a: Gardevoir|Substitute","|-damage|p1a: Gardevoir|208/277 par","|move|p2a: Nurse Joy pls|Thunder Wave|p1a: Gardevoir","|-fail|p1a: Gardevoir","|","|turn|5","|","|move|p1a: Gardevoir|Psyshock|p2a: Nurse Joy pls","|-damage|p2a: Nurse Joy pls|291/703 par","|move|p2a: Nurse Joy pls|Seismic Toss|p1a: Gardevoir","|-end|p1a: Gardevoir|Substitute","|","|turn|6","|","|move|p1a: Gardevoir|Hyper Voice|p2a: Nurse Joy pls","|-damage|p2a: Nurse Joy pls|140/703 par","|cant|p2a: Nurse Joy pls|par","|","|turn|7","|","|move|p1a: Gardevoir|Psyshock|p2a: Nurse Joy pls","|-damage|p2a: Nurse Joy pls|0 fnt","|faint|p2a: Nurse Joy pls","|","|","|switch|p2a: Diggersby tho|Diggersby, M|312/312","|turn|8","|","|switch|p1a: Metagross|Metagross|364/364","|move|p2a: Diggersby tho|U-turn|p1a: Metagross","|-damage|p1a: Metagross|243/364","|","|switch|p2a: EnergizerBunny|Lopunny, F|272/272","|","|-heal|p1a: Metagross|265/364|[from] item: Leftovers","|turn|9","|","|detailschange|p2a: EnergizerBunny|Lopunny-Mega, F","|-mega|p2a: EnergizerBunny|Lopunny|Lopunnite","|move|p2a: EnergizerBunny|Fake Out|p1a: Metagross","|-resisted|p1a: Metagross","|-damage|p1a: Metagross|238/364","|cant|p1a: Metagross|flinch","|","|-heal|p1a: Metagross|260/364|[from] item: Leftovers","|turn|10","|","|move|p2a: EnergizerBunny|High Jump Kick|p1a: Metagross","|-damage|p1a: Metagross|74/364","|move|p1a: Metagross|Meteor Mash|p2a: EnergizerBunny","|-damage|p2a: EnergizerBunny|91/272","|-boost|p1a: Metagross|atk|1","|","|-heal|p1a: Metagross|96/364|[from] item: Leftovers","|turn|11","|","|switch|p2a: DownloadFreeRAM|Porygon2|373/373","|-ability|p2a: DownloadFreeRAM|Clear Body|[from] ability: Trace|[of] p1a: Metagross","|move|p1a: Metagross|Bullet Punch|p2a: DownloadFreeRAM","|-damage|p2a: DownloadFreeRAM|313/373","|","|-heal|p1a: Metagross|118/364|[from] item: Leftovers","|turn|12","|","|move|p1a: Metagross|Stealth Rock|p2a: DownloadFreeRAM","|-sidestart|p2: Crystal Blade64|move: Stealth Rock","|move|p2a: DownloadFreeRAM|Discharge|p1a: Metagross","|-damage|p1a: Metagross|44/364","|","|-heal|p1a: Metagross|66/364|[from] item: Leftovers","|turn|13","|","|move|p1a: Metagross|Meteor Mash|p2a: DownloadFreeRAM","|-damage|p2a: DownloadFreeRAM|169/373","|move|p2a: DownloadFreeRAM|Discharge|p1a: Metagross","|-damage|p1a: Metagross|0 fnt","|faint|p1a: Metagross","|","|","|switch|p1a: Hoopa-Unbound|Hoopa-Unbound|302/302","|turn|14","|","|move|p1a: Hoopa-Unbound|Hyperspace Fury|p2a: DownloadFreeRAM","|-damage|p2a: DownloadFreeRAM|0 fnt","|-unboost|p1a: Hoopa-Unbound|def|1","|faint|p2a: DownloadFreeRAM","|","|","|switch|p2a: Reckless|Staraptor, F|374/374","|-damage|p2a: Reckless|281/374|[from] Stealth Rock","|-ability|p2a: Reckless|Intimidate","|-unboost|p1a: Hoopa-Unbound|atk|1","|turn|15","|","|switch|p1a: Victini|Victini|341/341","|move|p2a: Reckless|Defog|p1a: Victini","|-unboost|p1a: Victini|evasion|1","|-sideend|p2: Crystal Blade64|Stealth Rock|[from] move: Defog|[of] p2a: Reckless","|","|-heal|p2a: Reckless|304/374|[from] item: Leftovers","|turn|16","|","|move|p1a: Victini|V-create|p2a: Reckless","|-damage|p2a: Reckless|49/374","|-unboost|p1a: Victini|spe|1","|-unboost|p1a: Victini|def|1","|-unboost|p1a: Victini|spd|1","|move|p2a: Reckless|Feather Dance|p1a: Victini","|-unboost|p1a: Victini|atk|2","|","|-heal|p2a: Reckless|72/374|[from] item: Leftovers","|turn|17","|","|switch|p2a: Diggersby tho|Diggersby, M|312/312","|move|p1a: Victini|V-create|p2a: Diggersby tho","|-damage|p2a: Diggersby tho|156/312","|-unboost|p1a: Victini|spe|1","|-unboost|p1a: Victini|def|1","|-unboost|p1a: Victini|spd|1","|","|turn|18","|","|switch|p1a: Latias|Latias, F|271/301","|move|p2a: Diggersby tho|U-turn|p1a: Latias","|-crit|p1a: Latias","|-supereffective|p1a: Latias","|-damage|p1a: Latias|0 fnt","|faint|p1a: Latias","|","|switch|p2a: Reckless|Staraptor, F|72/374","|","|-heal|p2a: Reckless|95/374|[from] item: Leftovers","|","|switch|p1a: Victini|Victini|341/341","|turn|19","|","|move|p1a: Victini|Blue Flare|p2a: Reckless","|-damage|p2a: Reckless|0 fnt","|faint|p2a: Reckless","|","|","|switch|p2a: EnergizerBunny|Lopunny-Mega, F|91/272","|turn|20","|","|move|p2a: EnergizerBunny|Fake Out|p1a: Victini","|-damage|p1a: Victini|259/341","|cant|p1a: Victini|flinch","|","|turn|21","|","|move|p1a: Victini|Blue Flare|p2a: EnergizerBunny","|-damage|p2a: EnergizerBunny|0 fnt","|faint|p2a: EnergizerBunny","|","|","|switch|p2a: BetterThanYou|Ditto|299/299","|-transform|p2a: BetterThanYou|p1a: Victini","|turn|22","|","|move|p1a: Victini|Blue Flare|p2a: BetterThanYou","|-resisted|p2a: BetterThanYou","|-damage|p2a: BetterThanYou|223/299","|move|p2a: BetterThanYou|U-turn|p1a: Victini","|-damage|p1a: Victini|176/341","|","|switch|p2a: Diggersby tho|Diggersby, M|156/312","|","|turn|23","|","|move|p2a: Diggersby tho|Quick Attack|p1a: Victini","|-damage|p1a: Victini|29/341","|move|p1a: Victini|Blue Flare|p2a: Diggersby tho","|-damage|p2a: Diggersby tho|0 fnt","|faint|p2a: Diggersby tho","|","|","|switch|p2a: BetterThanYou|Ditto|223/299","|-transform|p2a: BetterThanYou|p1a: Victini","|turn|24","|","|move|p1a: Victini|Blue Flare|p2a: BetterThanYou","|-resisted|p2a: BetterThanYou","|-damage|p2a: BetterThanYou|144/299","|move|p2a: BetterThanYou|U-turn|p1a: Victini","|-damage|p1a: Victini|0 fnt","|faint|p1a: Victini","|","|","|switch|p1a: Meloetta|Meloetta|403/403","|turn|25","|","|move|p2a: BetterThanYou|U-turn|p1a: Meloetta","|-crit|p1a: Meloetta","|-supereffective|p1a: Meloetta","|-damage|p1a: Meloetta|139/403","|move|p1a: Meloetta|Shadow Ball|p2a: BetterThanYou","|-supereffective|p2a: BetterThanYou","|-damage|p2a: BetterThanYou|0 fnt","|faint|p2a: BetterThanYou","|","|win|Im Slash"],"p1rating":{"entryid":"75487","serverid":"eos","formatid":"monotype","userid":"imslash","username":"Im Slash","w":14,"l":"6","t":"0","gxe":64.6,"r":"1586.7498687102","rd":"73.939325156936","sigma":"0","rptime":"1440406800","rpr":1615.1739017643,"rprd":71.050655758272,"rpsigma":"0","acre":1183.6104638954,"lacre":1183.6104638954,"oldacre":"1157.5507107803"},"p2rating":{"entryid":"73557","serverid":"eos","formatid":"monotype","userid":"crystalblade64","username":"Crystal Blade64","w":"12","l":6,"t":"0","gxe":63.2,"r":"1639.5115739864","rd":"76.117812898389","sigma":"0","rptime":"1440406800","rpr":1603.7411384768,"rprd":73.052838415391,"rpsigma":"0","acre":1146.2276265451,"lacre":1146.2276265451,"oldacre":"1172.2873796602"},"endType":"normal"}