{"seed":[50521,45346,49896,25419],"turns":46,"p1":"Inferno Sableye","p2":"Alliance - Asurax","p1team":[{"name":"Sableye","species":"Sableye","item":"sablenite","ability":"Prankster","moves":["recover","willowisp","calmmind","shadowball"],"nature":"Careful","evs":{"hp":248,"atk":0,"def":8,"spa":0,"spd":252,"spe":0},"ivs":{"hp":31,"atk":31,"def":31,"spa":31,"spd":31,"spe":31}},{"name":"Umbreon","species":"Umbreon","item":"leftovers","ability":"Synchronize","moves":["wish","protect","toxic","healbell"],"nature":"Calm","evs":{"hp":252,"atk":0,"def":4,"spa":0,"spd":252,"spe":0},"ivs":{"hp":31,"atk":31,"def":31,"spa":31,"spd":31,"spe":31}},{"name":"Tyranitar","species":"Tyranitar","item":"leftovers","ability":"Sand Stream","moves":["stealthrock","rockslide","earthquake","thunderwave"],"nature":"Careful","evs":{"hp":252,"atk":4,"def":0,"spa":0,"spd":252,"spe":0},"ivs":{"hp":31,"atk":31,"def":31,"spa":31,"spd":31,"spe":31}},{"name":"Mandibuzz","species":"Mandibuzz","item":"rockyhelmet","ability":"Overcoat","moves":["roost","defog","bravebird","foulplay"],"nature":"Impish","evs":{"hp":248,"atk":8,"def":252,"spa":0,"spd":0,"spe":0},"ivs":{"hp":31,"atk":31,"def":31,"spa":31,"spd":31,"spe":31}},{"name":"Bisharp","species":"Bisharp","item":"choicescarf","ability":"Defiant","moves":["ironhead","knockoff","psychocut","stoneedge"],"nature":"Jolly","evs":{"hp":0,"atk":252,"def":0,"spa":0,"spd":4,"spe":252},"ivs":{"hp":31,"atk":31,"def":31,"spa":31,"spd":31,"spe":31}},{"name":"Hydreigon","species":"Hydreigon","item":"leftovers","ability":"Levitate","moves":["taunt","roost","darkpulse","flamethrower"],"nature":"Calm","evs":{"hp":252,"atk":0,"def":0,"spa":0,"spd":210,"spe":48},"ivs":{"hp":31,"atk":31,"def":31,"spa":31,"spd":31,"spe":31}}],"p2team":[{"name":"Skarmory","species":"Skarmory","item":"custapberry","ability":"Sturdy","moves":["bravebird","stealthrock","spikes","tailwind"],"nature":"Adamant","evs":{"hp":0,"atk":252,"def":4,"spa":0,"spd":0,"spe":252},"ivs":{"hp":31,"atk":31,"def":31,"spa":31,"spd":31,"spe":31}},{"name":"Bisharp","species":"Bisharp","item":"focussash","ability":"Defiant","moves":["suckerpunch","knockoff","psychocut","swordsdance"],"nature":"Adamant","evs":{"hp":0,"atk":252,"def":4,"spa":0,"spd":0,"spe":252},"ivs":{"hp":31,"atk":31,"def":31,"spa":31,"spd":31,"spe":31}},{"name":"Doublade","species":"Doublade","item":"eviolite","ability":"No Guard","moves":["shadowsneak","swordsdance","gyroball","sacredsword"],"nature":"Brave","evs":{"hp":252,"atk":252,"def":4,"spa":0,"spd":0,"spe":0},"ivs":{"hp":31,"atk":31,"def":31,"spa":31,"spd":31,"spe":0}},{"name":"Scizor","species":"Scizor","item":"scizorite","ability":"Technician","moves":["swordsdance","bulletpunch","bugbite","roost"],"nature":"Adamant","evs":{"hp":248,"atk":252,"def":0,"spa":0,"spd":8,"spe":0},"ivs":{"hp":31,"atk":31,"def":31,"spa":31,"spd":31,"spe":31}},{"name":"Heatran","species":"Heatran","item":"airballoon","ability":"Flash Fire","moves":["stoneedge","hiddenpowerice","fireblast","earthpower"],"nature":"Modest","evs":{"hp":0,"atk":0,"def":0,"spa":252,"spd":52,"spe":204},"ivs":{"hp":31,"atk":30,"def":30,"spa":31,"spd":31,"spe":31}},{"name":"Lucario","species":"Lucario","item":"lifeorb","ability":"Inner Focus","moves":["icepunch","extremespeed","closecombat","swordsdance"],"nature":"Jolly","evs":{"hp":0,"atk":252,"def":4,"spa":0,"spd":0,"spe":252},"ivs":{"hp":31,"atk":31,"def":31,"spa":31,"spd":31,"spe":31}}],"log":["|player|p1|Inferno Sableye|infernosableye.gif","|player|p2|Alliance - Asurax|allianceasurax.png","|gametype|singles","|gen|6","|tier|Monotype","|rated","|rule|Baton Pass Clause: Limit one Baton Passer, can't pass Spe and other stats simultaneously","|rule|Swagger Clause: Swagger is banned","|rule|Same Type Clause: Pokémon in a team must share a type","|clearpoke","|poke|p1|Sableye, F","|poke|p1|Umbreon, F","|poke|p1|Tyranitar, M","|poke|p1|Mandibuzz, F","|poke|p1|Bisharp, F","|poke|p1|Hydreigon, M","|poke|p2|Skarmory, M","|poke|p2|Bisharp, M","|poke|p2|Doublade, M","|poke|p2|Scizor, M","|poke|p2|Heatran, F","|poke|p2|Lucario, M","|rule|Sleep Clause Mod: Limit one foe put to sleep","|rule|Species Clause: Limit one of each Pokémon","|rule|OHKO Clause: OHKO moves are banned","|rule|Moody Clause: Moody is banned","|rule|Evasion Moves Clause: Evasion moves are banned","|rule|Endless Battle Clause: Forcing endless battles is banned","|rule|HP Percentage Mod: HP is shown in percentages","|teampreview","|","|start","|switch|p1a: Sableye|Sableye, F|303/303","|switch|p2a: Skarmory|Skarmory, M|271/271","|turn|1","|","|switch|p2a: Heatran|Heatran, F|323/323","|-item|p2a: Heatran|Air Balloon","|move|p1a: Sableye|Calm Mind|p1a: Sableye","|-boost|p1a: Sableye|spa|1","|-boost|p1a: Sableye|spd|1","|","|turn|2","|","|move|p1a: Sableye|Calm Mind|p1a: Sableye","|-boost|p1a: Sableye|spa|1","|-boost|p1a: Sableye|spd|1","|move|p2a: Heatran|Fire Blast|p1a: Sableye","|-damage|p1a: Sableye|206/303","|-status|p1a: Sableye|brn","|","|-damage|p1a: Sableye|169/303 brn|[from] brn","|turn|3","|","|move|p1a: Sableye|Recover|p1a: Sableye","|-heal|p1a: Sableye|303/303 brn","|move|p2a: Heatran|Fire Blast|p1a: Sableye|[miss]","|-miss|p2a: Heatran|p1a: Sableye","|","|-damage|p1a: Sableye|266/303 brn|[from] brn","|turn|4","|","|switch|p2a: Bisharp|Bisharp, M|271/271","|move|p1a: Sableye|Calm Mind|p1a: Sableye","|-boost|p1a: Sableye|spa|1","|-boost|p1a: Sableye|spd|1","|","|-damage|p1a: Sableye|229/303 brn|[from] brn","|turn|5","|","|switch|p2a: Heatran|Heatran, F|323/323","|-item|p2a: Heatran|Air Balloon","|move|p1a: Sableye|Will-O-Wisp|p2a: Heatran","|-start|p2a: Heatran|ability: Flash Fire","|","|-damage|p1a: Sableye|192/303 brn|[from] brn","|turn|6","|","|move|p1a: Sableye|Recover|p1a: Sableye","|-heal|p1a: Sableye|303/303 brn","|move|p2a: Heatran|Fire Blast|p1a: Sableye","|-damage|p1a: Sableye|183/303 brn","|","|-damage|p1a: Sableye|146/303 brn|[from] brn","|turn|7","|","|detailschange|p1a: Sableye|Sableye-Mega, F","|-mega|p1a: Sableye|Sableye|Sablenite","|move|p1a: Sableye|Recover|p1a: Sableye","|-heal|p1a: Sableye|298/303 brn","|move|p2a: Heatran|Fire Blast|p1a: Sableye|[miss]","|-miss|p2a: Heatran|p1a: Sableye","|","|-damage|p1a: Sableye|261/303 brn|[from] brn","|turn|8","|","|move|p2a: Heatran|Fire Blast|p1a: Sableye","|-damage|p1a: Sableye|176/303 brn","|move|p1a: Sableye|Calm Mind|p1a: Sableye","|-boost|p1a: Sableye|spa|1","|-boost|p1a: Sableye|spd|1","|","|-damage|p1a: Sableye|139/303 brn|[from] brn","|turn|9","|","|-end|p2a: Heatran|ability: Flash Fire|[silent]","|switch|p2a: Bisharp|Bisharp, M|271/271","|move|p1a: Sableye|Recover|p1a: Sableye","|-heal|p1a: Sableye|291/303 brn","|","|-damage|p1a: Sableye|254/303 brn|[from] brn","|turn|10","|","|move|p2a: Bisharp|Swords Dance|p2a: Bisharp","|-boost|p2a: Bisharp|atk|2","|move|p1a: Sableye|Will-O-Wisp|p2a: Bisharp","|-status|p2a: Bisharp|brn","|","|-damage|p2a: Bisharp|238/271 brn|[from] brn","|-damage|p1a: Sableye|217/303 brn|[from] brn","|turn|11","|","|switch|p1a: Mandibuzz|Mandibuzz, F|423/423","|move|p2a: Bisharp|Swords Dance|p2a: Bisharp","|-boost|p2a: Bisharp|atk|2","|","|-damage|p2a: Bisharp|205/271 brn|[from] brn","|turn|12","|","|move|p2a: Bisharp|Knock Off|p1a: Mandibuzz","|-resisted|p1a: Mandibuzz","|-damage|p1a: Mandibuzz|324/423","|-damage|p2a: Bisharp|160/271 brn|[from] item: Rocky Helmet|[of] p1a: Mandibuzz","|-enditem|p1a: Mandibuzz|Rocky Helmet|[from] move: Knock Off|[of] p2a: Bisharp","|move|p1a: Mandibuzz|Roost|p1a: Mandibuzz","|-heal|p1a: Mandibuzz|423/423","|","|-damage|p2a: Bisharp|127/271 brn|[from] brn","|turn|13","|","|move|p2a: Bisharp|Swords Dance|p2a: Bisharp","|-boost|p2a: Bisharp|atk|2","|move|p1a: Mandibuzz|Roost|p1a: Mandibuzz","|-fail|p1a: Mandibuzz","|","|-damage|p2a: Bisharp|94/271 brn|[from] brn","|turn|14","|","|move|p2a: Bisharp|Knock Off|p1a: Mandibuzz","|-resisted|p1a: Mandibuzz","|-damage|p1a: Mandibuzz|335/423","|move|p1a: Mandibuzz|Roost|p1a: Mandibuzz","|-heal|p1a: Mandibuzz|423/423","|","|-damage|p2a: Bisharp|61/271 brn|[from] brn","|turn|15","|","|switch|p2a: Skarmory|Skarmory, M|271/271","|move|p1a: Mandibuzz|Roost|p1a: Mandibuzz","|-fail|p1a: Mandibuzz","|","|turn|16","|","|switch|p2a: Heatran|Heatran, F|323/323","|-item|p2a: Heatran|Air Balloon","|switch|p1a: Sableye|Sableye-Mega, F|217/303 brn","|","|-damage|p1a: Sableye|180/303 brn|[from] brn","|turn|17","|","|switch|p1a: Umbreon|Umbreon, F|394/394","|move|p2a: Heatran|Fire Blast|p1a: Umbreon","|-damage|p1a: Umbreon|271/394","|","|-heal|p1a: Umbreon|295/394|[from] item: Leftovers","|turn|18","|","|switch|p2a: Bisharp|Bisharp, M|61/271 brn","|move|p1a: Umbreon|Heal Bell|p1a: Umbreon","|-cureteam|p1a: Umbreon|[from] move: HealBell","|","|-heal|p1a: Umbreon|319/394|[from] item: Leftovers","|-damage|p2a: Bisharp|28/271 brn|[from] brn","|turn|19","|","|move|p1a: Umbreon|Protect|p1a: Umbreon","|-singleturn|p1a: Umbreon|Protect","|move|p2a: Bisharp|Knock Off|p1a: Umbreon","|-activate|p1a: Umbreon|Protect","|","|-heal|p1a: Umbreon|343/394|[from] item: Leftovers","|-damage|p2a: Bisharp|0 fnt|[from] brn","|faint|p2a: Bisharp","|","|switch|p2a: Scizor|Scizor, M|343/343","|turn|20","|","|detailschange|p2a: Scizor|Scizor-Mega, M","|-mega|p2a: Scizor|Scizor|Scizorite","|move|p2a: Scizor|Bug Bite|p1a: Umbreon","|-supereffective|p1a: Umbreon","|-damage|p1a: Umbreon|13/394","|move|p1a: Umbreon|Wish|p1a: Umbreon","|","|-heal|p1a: Umbreon|37/394|[from] item: Leftovers","|turn|21","|","|switch|p1a: Sableye|Sableye-Mega, F|180/303","|move|p2a: Scizor|Swords Dance|p2a: Scizor","|-boost|p2a: Scizor|atk|2","|","|-heal|p1a: Sableye|303/303|[from] move: Wish|[wisher] Umbreon","|turn|22","|","|switch|p1a: Umbreon|Umbreon, F|37/394","|move|p2a: Scizor|Bug Bite|p1a: Umbreon","|-supereffective|p1a: Umbreon","|-damage|p1a: Umbreon|0 fnt","|faint|p1a: Umbreon","|","|","|switch|p1a: Mandibuzz|Mandibuzz, F|423/423","|turn|23","|","|switch|p2a: Skarmory|Skarmory, M|271/271","|move|p1a: Mandibuzz|Foul Play|p2a: Skarmory","|-damage|p2a: Skarmory|166/271","|","|turn|24","|","|switch|p1a: Sableye|Sableye-Mega, F|303/303","|move|p2a: Skarmory|Brave Bird|p1a: Sableye","|-damage|p1a: Sableye|159/303","|-damage|p2a: Skarmory|118/271|[from] recoil|[of] p1a: Sableye","|","|turn|25","|","|move|p2a: Skarmory|Brave Bird|p1a: Sableye","|-damage|p1a: Sableye|12/303","|-damage|p2a: Skarmory|69/271|[from] recoil|[of] p1a: Sableye","|move|p1a: Sableye|Recover|p1a: Sableye","|-heal|p1a: Sableye|164/303","|","|turn|26","|","|switch|p2a: Heatran|Heatran, F|323/323","|-item|p2a: Heatran|Air Balloon","|move|p1a: Sableye|Recover|p1a: Sableye","|-heal|p1a: Sableye|303/303","|","|turn|27","|","|switch|p1a: Tyranitar|Tyranitar, M|404/404","|-weather|Sandstorm","|move|p2a: Heatran|Earth Power|p1a: Tyranitar","|-supereffective|p1a: Tyranitar","|-damage|p1a: Tyranitar|280/404","|","|-weather|Sandstorm|[upkeep]","|-heal|p1a: Tyranitar|305/404|[from] item: Leftovers","|turn|28","|","|switch|p2a: Skarmory|Skarmory, M|69/271","|move|p1a: Tyranitar|Stealth Rock|p2a: Skarmory","|-sidestart|p2: Alliance - Asurax|move: Stealth Rock","|","|-weather|Sandstorm|[upkeep]","|-heal|p1a: Tyranitar|330/404|[from] item: Leftovers","|turn|29","|","|move|p2a: Skarmory|Brave Bird|p1a: Tyranitar","|-resisted|p1a: Tyranitar","|-damage|p1a: Tyranitar|258/404","|-damage|p2a: Skarmory|45/271|[from] recoil|[of] p1a: Tyranitar","|move|p1a: Tyranitar|Rock Slide|p2a: Skarmory","|-damage|p2a: Skarmory|0 fnt","|faint|p2a: Skarmory","|","|-weather|Sandstorm|[upkeep]","|-heal|p1a: Tyranitar|283/404|[from] item: Leftovers","|","|switch|p2a: Scizor|Scizor-Mega, M|343/343","|-damage|p2a: Scizor|301/343|[from] Stealth Rock","|turn|30","|","|switch|p1a: Mandibuzz|Mandibuzz, F|423/423","|move|p2a: Scizor|Bug Bite|p1a: Mandibuzz","|-damage|p1a: Mandibuzz|275/423","|","|-weather|Sandstorm|[upkeep]","|turn|31","|","|move|p1a: Mandibuzz|Roost|p1a: Mandibuzz","|-heal|p1a: Mandibuzz|423/423","|move|p2a: Scizor|Bug Bite|p1a: Mandibuzz","|-supereffective|p1a: Mandibuzz","|-damage|p1a: Mandibuzz|153/423","|","|-weather|none","|turn|32","|","|move|p1a: Mandibuzz|Foul Play|p2a: Scizor","|-damage|p2a: Scizor|157/343","|move|p2a: Scizor|Bug Bite|p1a: Mandibuzz","|-damage|p1a: Mandibuzz|21/423","|","|turn|33","|","|move|p2a: Scizor|Bullet Punch|p1a: Mandibuzz","|-damage|p1a: Mandibuzz|0 fnt","|faint|p1a: Mandibuzz","|","|","|switch|p1a: Hydreigon|Hydreigon, M|388/388","|turn|34","|","|switch|p2a: Heatran|Heatran, F|323/323","|-damage|p2a: Heatran|283/323|[from] Stealth Rock","|-item|p2a: Heatran|Air Balloon","|move|p1a: Hydreigon|Dark Pulse|p2a: Heatran","|-crit|p2a: Heatran","|-damage|p2a: Heatran|124/323","|-enditem|p2a: Heatran|Air Balloon","|","|turn|35","|","|move|p1a: Hydreigon|Dark Pulse|p2a: Heatran","|-damage|p2a: Heatran|16/323","|move|p2a: Heatran|Hidden Power|p1a: Hydreigon","|-supereffective|p1a: Hydreigon","|-damage|p1a: Hydreigon|250/388","|","|-heal|p1a: Hydreigon|274/388|[from] item: Leftovers","|turn|36","|","|move|p1a: Hydreigon|Dark Pulse|p2a: Heatran","|-damage|p2a: Heatran|0 fnt","|faint|p2a: Heatran","|","|-heal|p1a: Hydreigon|298/388|[from] item: Leftovers","|","|switch|p2a: Lucario|Lucario, M|281/281","|-damage|p2a: Lucario|273/281|[from] Stealth Rock","|turn|37","|","|move|p2a: Lucario|Extreme Speed|p1a: Hydreigon","|-damage|p1a: Hydreigon|172/388","|-damage|p2a: Lucario|245/281|[from] item: Life Orb","|move|p1a: Hydreigon|Flamethrower|p2a: Lucario","|-supereffective|p2a: Lucario","|-damage|p2a: Lucario|3/281","|","|-heal|p1a: Hydreigon|196/388|[from] item: Leftovers","|turn|38","|","|move|p2a: Lucario|Extreme Speed|p1a: Hydreigon","|-damage|p1a: Hydreigon|70/388","|-damage|p2a: Lucario|0 fnt|[from] item: Life Orb","|faint|p2a: Lucario","|move|p1a: Hydreigon|Flamethrower|p2: Lucario|[notarget]","|-notarget","|","|-heal|p1a: Hydreigon|94/388|[from] item: Leftovers","|","|switch|p2a: Scizor|Scizor-Mega, M|157/343","|-damage|p2a: Scizor|115/343|[from] Stealth Rock","|turn|39","|","|move|p2a: Scizor|Bullet Punch|p1a: Hydreigon","|-damage|p1a: Hydreigon|0 fnt","|faint|p1a: Hydreigon","|","|","|switch|p1a: Bisharp|Bisharp, F|271/271","|turn|40","|","|move|p1a: Bisharp|Knock Off|p2a: Scizor","|-damage|p2a: Scizor|37/343","|move|p2a: Scizor|Roost|p2a: Scizor","|-heal|p2a: Scizor|209/343","|","|turn|41","|","|switch|p1a: Sableye|Sableye-Mega, F|303/303","|move|p2a: Scizor|Bug Bite|p1a: Sableye","|-damage|p1a: Sableye|134/303","|","|turn|42","|","|move|p2a: Scizor|Bug Bite|p1a: Sableye","|-damage|p1a: Sableye|0 fnt","|faint|p1a: Sableye","|","|","|switch|p1a: Tyranitar|Tyranitar, M|283/404","|-weather|Sandstorm","|turn|43","|","|move|p2a: Scizor|Bug Bite|p1a: Tyranitar","|-supereffective|p1a: Tyranitar","|-damage|p1a: Tyranitar|0 fnt","|faint|p1a: Tyranitar","|","|-weather|Sandstorm|[upkeep]","|","|switch|p1a: Bisharp|Bisharp, F|271/271","|turn|44","|","|move|p1a: Bisharp|Knock Off|p2a: Scizor","|-damage|p2a: Scizor|128/343","|move|p2a: Scizor|Bug Bite|p1a: Bisharp","|-damage|p1a: Bisharp|73/271","|","|-weather|Sandstorm|[upkeep]","|turn|45","|","|move|p1a: Bisharp|Knock Off|p2a: Scizor","|-damage|p2a: Scizor|41/343","|move|p2a: Scizor|Roost|p2a: Scizor","|-heal|p2a: Scizor|213/343","|","|-weather|Sandstorm|[upkeep]","|turn|46","|","|move|p1a: Bisharp|Knock Off|p2a: Scizor","|-crit|p2a: Scizor","|-damage|p2a: Scizor|81/343","|move|p2a: Scizor|Bug Bite|p1a: Bisharp","|-damage|p1a: Bisharp|0 fnt","|faint|p1a: Bisharp","|","|win|Alliance - Asurax"],"p1rating":{"entryid":"83803","serverid":"eos","formatid":"monotype","userid":"infernosableye","username":"Inferno Sableye","w":"38","l":13,"t":"0","gxe":72.1,"r":"1675.2881867233","rd":"54.143270877787","sigma":"0","rptime":"1440320400","rpr":1680.3558500549,"rprd":50.599559073285,"rpsigma":"0","acre":1271.9488007679,"lacre":1271.9488007679,"oldacre":"1296.3210315253"},"p2rating":{"entryid":"36158","serverid":"eos","formatid":"monotype","userid":"allianceasurax","username":"Alliance - Asurax","w":25,"l":"8","t":"0","gxe":72.3,"r":"1624.1132426597","rd":"65.449858066739","sigma":"0","rptime":"1440320400","rpr":1682.8810448051,"rprd":59.334771287313,"rpsigma":"0","acre":1324.5450255203,"lacre":1324.5450255203,"oldacre":"1305.0472409144"},"endType":"normal"}