{"seed":[104,10222,9035,14221],"turns":31,"p1":"Bronze <3","p2":"Union Wevrm","p1team":[{"name":"Victini","species":"Victini","item":"choicescarf","ability":"Victory Star","moves":["vcreate","boltstrike","uturn","zenheadbutt"],"nature":"Jolly","evs":{"hp":0,"atk":252,"def":0,"spa":0,"spd":4,"spe":252},"ivs":{"hp":31,"atk":31,"def":31,"spa":31,"spd":31,"spe":31}},{"name":"Y U UNBAN!!!!!","species":"gallade","item":"galladite","ability":"Justified","moves":["closecombat","bulkup","shadowsneak","knockoff"],"nature":"Jolly","evs":{"hp":0,"atk":252,"def":0,"spa":0,"spd":4,"spe":252},"ivs":{"hp":31,"atk":31,"def":31,"spa":31,"spd":31,"spe":31}},{"name":"Hoopa-Unbound","species":"Hoopa-Unbound","item":"choicescarf","ability":"Magician","moves":["drainpunch","gunkshot","hyperspacefury","firepunch"],"nature":"Jolly","evs":{"hp":0,"atk":252,"def":0,"spa":0,"spd":4,"spe":252},"ivs":{"hp":31,"atk":31,"def":31,"spa":31,"spd":31,"spe":31}},{"name":"Mew","species":"Mew","item":"leftovers","ability":"Synchronize","moves":["roost","defog","rockslide","willowisp"],"nature":"Careful","evs":{"hp":248,"atk":8,"def":0,"spa":0,"spd":252,"spe":0},"ivs":{"hp":31,"atk":31,"def":31,"spa":31,"spd":31,"spe":31}},{"name":"Slowbro","species":"Slowbro","item":"leftovers","ability":"Regenerator","moves":["scald","grassknot","slackoff","thunderwave"],"nature":"Bold","evs":{"hp":252,"atk":0,"def":252,"spa":4,"spd":0,"spe":0},"ivs":{"hp":31,"atk":31,"def":31,"spa":31,"spd":31,"spe":31}},{"name":"Meloetta","species":"Meloetta","item":"leftovers","ability":"Serene Grace","moves":["dazzlinggleam","calmmind","psyshock","substitute"],"nature":"Calm","evs":{"hp":248,"atk":0,"def":200,"spa":0,"spd":60,"spe":0},"ivs":{"hp":31,"atk":0,"def":31,"spa":31,"spd":31,"spe":31}}],"p2team":[{"name":"Flygon","species":"Flygon","item":"choiceband","ability":"Levitate","moves":["earthquake","stoneedge","outrage","superpower"],"nature":"Jolly","evs":{"hp":0,"atk":252,"def":0,"spa":0,"spd":4,"spe":252},"ivs":{"hp":31,"atk":31,"def":31,"spa":31,"spd":31,"spe":31}},{"name":"Zygarde","species":"Zygarde","item":"leftovers","ability":"Aura Break","moves":["dragondance","extremespeed","rockslide","substitute"],"nature":"Adamant","evs":{"hp":0,"atk":252,"def":0,"spa":0,"spd":4,"spe":252},"ivs":{"hp":31,"atk":31,"def":31,"spa":31,"spd":31,"spe":31}},{"name":"Latios","species":"Latios","item":"latiosite","ability":"Levitate","moves":["dracometeor","psychic","thunderbolt","dragonpulse"],"nature":"Timid","evs":{"hp":0,"atk":0,"def":0,"spa":252,"spd":4,"spe":252},"ivs":{"hp":31,"atk":31,"def":31,"spa":31,"spd":31,"spe":31}},{"name":"Noivern","species":"Noivern","item":"choicespecs","ability":"Frisk","moves":["airslash","boomburst","dracometeor","flamethrower"],"nature":"Timid","evs":{"hp":0,"atk":0,"def":0,"spa":252,"spd":4,"spe":252},"ivs":{"hp":31,"atk":31,"def":31,"spa":31,"spd":31,"spe":31}},{"name":"Kingdra","species":"Kingdra","item":"leftovers","ability":"Sniper","moves":["dragondance","outrage","bounce","waterfall"],"nature":"Adamant","evs":{"hp":0,"atk":0,"def":0,"spa":0,"spd":4,"spe":252},"ivs":{"hp":31,"atk":31,"def":31,"spa":31,"spd":31,"spe":31}},{"name":"Hydreigon","species":"Hydreigon","item":"lifeorb","ability":"Levitate","moves":["crunch","dragonrush","flamethrower","steelwing"],"nature":"Hasty","evs":{"hp":0,"atk":252,"def":0,"spa":4,"spd":0,"spe":252},"ivs":{"hp":31,"atk":31,"def":31,"spa":31,"spd":31,"spe":31}}],"log":["|player|p1|Bronze <3|23","|player|p2|Union Wevrm|unionwevrm.png","|gametype|singles","|gen|6","|tier|Monotype","|rated","|rule|Baton Pass Clause: Limit one Baton Passer, can't pass Spe and other stats simultaneously","|rule|Swagger Clause: Swagger is banned","|rule|Same Type Clause: Pokémon in a team must share a type","|clearpoke","|poke|p1|Victini","|poke|p1|Gallade, M","|poke|p1|Hoopa-Unbound","|poke|p1|Mew","|poke|p1|Slowbro, M","|poke|p1|Meloetta","|poke|p2|Flygon, F","|poke|p2|Zygarde","|poke|p2|Latios, M","|poke|p2|Noivern, M","|poke|p2|Kingdra, M","|poke|p2|Hydreigon, F","|rule|Sleep Clause Mod: Limit one foe put to sleep","|rule|Species Clause: Limit one of each Pokémon","|rule|OHKO Clause: OHKO moves are banned","|rule|Moody Clause: Moody is banned","|rule|Evasion Moves Clause: Evasion moves are banned","|rule|Endless Battle Clause: Forcing endless battles is banned","|rule|HP Percentage Mod: HP is shown in percentages","|teampreview","|","|start","|switch|p1a: Mew|Mew|403/403","|switch|p2a: Flygon|Flygon, F|301/301","|turn|1","|","|move|p2a: Flygon|Outrage|p1a: Mew","|-damage|p1a: Mew|138/403","|move|p1a: Mew|Will-O-Wisp|p2a: Flygon","|-status|p2a: Flygon|brn","|","|-heal|p1a: Mew|163/403|[from] item: Leftovers","|-damage|p2a: Flygon|264/301 brn|[from] brn","|turn|2","|","|move|p2a: Flygon|Outrage|p1a: Mew|[from]lockedmove","|-damage|p1a: Mew|32/403","|-start|p2a: Flygon|confusion|[fatigue]","|move|p1a: Mew|Roost|p1a: Mew","|-heal|p1a: Mew|234/403","|","|-heal|p1a: Mew|259/403|[from] item: Leftovers","|-damage|p2a: Flygon|227/301 brn|[from] brn","|turn|3","|","|-activate|p2a: Flygon|confusion","|move|p2a: Flygon|Outrage|p1a: Mew","|-damage|p1a: Mew|131/403","|move|p1a: Mew|Roost|p1a: Mew","|-heal|p1a: Mew|333/403","|","|-heal|p1a: Mew|358/403|[from] item: Leftovers","|-damage|p2a: Flygon|190/301 brn|[from] brn","|turn|4","|","|-end|p2a: Flygon|confusion","|move|p2a: Flygon|Outrage|p1a: Mew|[from]lockedmove","|-damage|p1a: Mew|235/403","|-start|p2a: Flygon|confusion|[fatigue]","|move|p1a: Mew|Roost|p1a: Mew","|-heal|p1a: Mew|403/403","|","|-damage|p2a: Flygon|153/301 brn|[from] brn","|turn|5","|","|-activate|p2a: Flygon|confusion","|-damage|p2a: Flygon|119/301 brn|[from] confusion","|move|p1a: Mew|Will-O-Wisp|p2a: Flygon","|-fail|p2a: Flygon|brn","|","|-damage|p2a: Flygon|82/301 brn|[from] brn","|turn|6","|","|switch|p2a: Latios|Latios, M|301/301","|move|p1a: Mew|Rock Slide|p2a: Latios","|-damage|p2a: Latios|234/301","|","|turn|7","|","|detailschange|p2a: Latios|Latios-Mega, M","|-mega|p2a: Latios|Latios|Latiosite","|move|p2a: Latios|Draco Meteor|p1a: Mew","|-damage|p1a: Mew|220/403","|-unboost|p2a: Latios|spa|2","|move|p1a: Mew|Will-O-Wisp|p2a: Latios|[miss]","|-miss|p1a: Mew|p2a: Latios","|","|-heal|p1a: Mew|245/403|[from] item: Leftovers","|turn|8","|","|switch|p2a: Flygon|Flygon, F|82/301 brn","|move|p1a: Mew|Will-O-Wisp|p2a: Flygon","|-fail|p2a: Flygon|brn","|","|-heal|p1a: Mew|270/403|[from] item: Leftovers","|-damage|p2a: Flygon|45/301 brn|[from] brn","|turn|9","|","|move|p2a: Flygon|Outrage|p1a: Mew","|-damage|p1a: Mew|142/403","|move|p1a: Mew|Roost|p1a: Mew","|-heal|p1a: Mew|344/403","|","|-heal|p1a: Mew|369/403|[from] item: Leftovers","|-damage|p2a: Flygon|8/301 brn|[from] brn","|turn|10","|","|move|p2a: Flygon|Outrage|p1a: Mew|[from]lockedmove","|-damage|p1a: Mew|244/403","|-start|p2a: Flygon|confusion|[fatigue]","|move|p1a: Mew|Roost|p1a: Mew","|-heal|p1a: Mew|403/403","|","|-damage|p2a: Flygon|0 fnt|[from] brn","|faint|p2a: Flygon","|","|switch|p2a: Hydreigon|Hydreigon, F|325/325","|turn|11","|","|switch|p1a: Slowbro|Slowbro, M|394/394","|move|p2a: Hydreigon|Crunch|p1a: Slowbro","|-supereffective|p1a: Slowbro","|-damage|p1a: Slowbro|165/394","|-damage|p2a: Hydreigon|293/325|[from] item: Life Orb","|","|-heal|p1a: Slowbro|189/394|[from] item: Leftovers","|turn|12","|","|switch|p1a: Mew|Mew|403/403","|move|p2a: Hydreigon|Crunch|p1a: Mew","|-supereffective|p1a: Mew","|-damage|p1a: Mew|96/403","|-unboost|p1a: Mew|def|1","|-damage|p2a: Hydreigon|261/325|[from] item: Life Orb","|","|-heal|p1a: Mew|121/403|[from] item: Leftovers","|turn|13","|","|move|p2a: Hydreigon|Crunch|p1a: Mew","|-crit|p1a: Mew","|-supereffective|p1a: Mew","|-damage|p1a: Mew|0 fnt","|-damage|p2a: Hydreigon|229/325|[from] item: Life Orb","|faint|p1a: Mew","|","|","|switch|p1a: Y U UNBAN!!!!!|Gallade, M|277/277","|turn|14","|","|move|p2a: Hydreigon|Dragon Rush|p1a: Y U UNBAN!!!!!","|-damage|p1a: Y U UNBAN!!!!!|0 fnt","|-damage|p2a: Hydreigon|197/325|[from] item: Life Orb","|faint|p1a: Y U UNBAN!!!!!","|","|","|switch|p1a: Hoopa-Unbound|Hoopa-Unbound|301/301","|turn|15","|","|move|p1a: Hoopa-Unbound|Drain Punch|p2a: Hydreigon","|-crit|p2a: Hydreigon","|-supereffective|p2a: Hydreigon","|-damage|p2a: Hydreigon|0 fnt","|faint|p2a: Hydreigon","|","|","|switch|p2a: Zygarde|Zygarde|357/357","|-ability|p2a: Zygarde|Aura Break","|turn|16","|","|switch|p1a: Slowbro|Slowbro, M|320/394","|move|p2a: Zygarde|Substitute|p2a: Zygarde","|-start|p2a: Zygarde|Substitute","|-damage|p2a: Zygarde|268/357","|","|-heal|p2a: Zygarde|290/357|[from] item: Leftovers","|-heal|p1a: Slowbro|344/394|[from] item: Leftovers","|turn|17","|","|move|p2a: Zygarde|Rock Slide|p1a: Slowbro","|-crit|p1a: Slowbro","|-damage|p1a: Slowbro|259/394","|cant|p1a: Slowbro|flinch","|","|-heal|p2a: Zygarde|312/357|[from] item: Leftovers","|-heal|p1a: Slowbro|283/394|[from] item: Leftovers","|turn|18","|","|move|p2a: Zygarde|Dragon Dance|p2a: Zygarde","|-boost|p2a: Zygarde|atk|1","|-boost|p2a: Zygarde|spe|1","|move|p1a: Slowbro|Scald|p2a: Zygarde","|-end|p2a: Zygarde|Substitute","|","|-heal|p2a: Zygarde|334/357|[from] item: Leftovers","|-heal|p1a: Slowbro|307/394|[from] item: Leftovers","|turn|19","|","|switch|p2a: Latios|Latios-Mega, M|234/301","|move|p1a: Slowbro|Scald|p2a: Latios","|-resisted|p2a: Latios","|-damage|p2a: Latios|197/301","|","|-heal|p1a: Slowbro|331/394|[from] item: Leftovers","|turn|20","|","|move|p2a: Latios|Draco Meteor|p1a: Slowbro","|-damage|p1a: Slowbro|4/394","|-unboost|p2a: Latios|spa|2","|move|p1a: Slowbro|Thunder Wave|p2a: Latios","|-status|p2a: Latios|par","|","|-heal|p1a: Slowbro|28/394|[from] item: Leftovers","|turn|21","|","|move|p1a: Slowbro|Slack Off|p1a: Slowbro","|-heal|p1a: Slowbro|225/394","|cant|p2a: Latios|par","|","|-heal|p1a: Slowbro|249/394|[from] item: Leftovers","|turn|22","|","|switch|p2a: Noivern|Noivern, M|311/311","|-item|p1a: Slowbro|Leftovers|[from] ability: Frisk|[of] p2a: Noivern|[identify]","|move|p1a: Slowbro|Slack Off|p1a: Slowbro","|-heal|p1a: Slowbro|394/394","|","|turn|23","|","|move|p2a: Noivern|Draco Meteor|p1a: Slowbro","|-damage|p1a: Slowbro|37/394","|-unboost|p2a: Noivern|spa|2","|move|p1a: Slowbro|Thunder Wave|p2a: Noivern","|-status|p2a: Noivern|par","|","|-heal|p1a: Slowbro|61/394|[from] item: Leftovers","|turn|24","|","|move|p1a: Slowbro|Slack Off|p1a: Slowbro","|-heal|p1a: Slowbro|258/394","|move|p2a: Noivern|Draco Meteor|p1a: Slowbro","|-crit|p1a: Slowbro","|-damage|p1a: Slowbro|0 fnt","|-unboost|p2a: Noivern|spa|2","|faint|p1a: Slowbro","|","|","|switch|p1a: Meloetta|Meloetta|403/403","|turn|25","|","|switch|p2a: Latios|Latios-Mega, M|197/301 par","|move|p1a: Meloetta|Substitute|p1a: Meloetta","|-start|p1a: Meloetta|Substitute","|-damage|p1a: Meloetta|303/403","|","|-heal|p1a: Meloetta|328/403|[from] item: Leftovers","|turn|26","|","|move|p1a: Meloetta|Calm Mind|p1a: Meloetta","|-boost|p1a: Meloetta|spa|1","|-boost|p1a: Meloetta|spd|1","|cant|p2a: Latios|par","|","|-heal|p1a: Meloetta|353/403|[from] item: Leftovers","|turn|27","|","|move|p1a: Meloetta|Calm Mind|p1a: Meloetta","|-boost|p1a: Meloetta|spa|1","|-boost|p1a: Meloetta|spd|1","|move|p2a: Latios|Dragon Pulse|p1a: Meloetta","|-activate|p1a: Meloetta|Substitute|[damage]","|","|-heal|p1a: Meloetta|378/403|[from] item: Leftovers","|turn|28","|","|move|p1a: Meloetta|Dazzling Gleam|p2a: Latios","|-supereffective|p2a: Latios","|-damage|p2a: Latios|0 fnt","|faint|p2a: Latios","|","|-heal|p1a: Meloetta|403/403|[from] item: Leftovers","|","|switch|p2a: Zygarde|Zygarde|334/357","|-ability|p2a: Zygarde|Aura Break","|turn|29","|","|move|p2a: Zygarde|Rock Slide|p1a: Meloetta","|-end|p1a: Meloetta|Substitute","|move|p1a: Meloetta|Dazzling Gleam|p2a: Zygarde","|-crit|p2a: Zygarde","|-supereffective|p2a: Zygarde","|-damage|p2a: Zygarde|0 fnt","|faint|p2a: Zygarde","|","|","|switch|p2a: Kingdra|Kingdra, M|291/291","|turn|30","|","|move|p2a: Kingdra|Waterfall|p1a: Meloetta","|-damage|p1a: Meloetta|303/403","|move|p1a: Meloetta|Dazzling Gleam|p2a: Kingdra","|-supereffective|p2a: Kingdra","|-damage|p2a: Kingdra|0 fnt","|faint|p2a: Kingdra","|","|-heal|p1a: Meloetta|328/403|[from] item: Leftovers","|","|switch|p2a: Noivern|Noivern, M|311/311 par","|-item|p1a: Meloetta|Leftovers|[from] ability: Frisk|[of] p2a: Noivern|[identify]","|turn|31","|","|move|p1a: Meloetta|Dazzling Gleam|p2a: Noivern","|-crit|p2a: Noivern","|-supereffective|p2a: Noivern","|-damage|p2a: Noivern|0 fnt","|faint|p2a: Noivern","|","|win|Bronze <3"],"p1rating":{"entryid":"372899","serverid":"eos","formatid":"monotype","userid":"bronze3","username":"Bronze <3","w":2,"l":"1","t":"0","gxe":53.5,"r":"1500","rd":"130","sigma":"0","rptime":"1440320400","rpr":1527.8830011433,"rprd":111.52991124149,"rpsigma":"0","acre":1068.6077174872,"lacre":1068.6077174872,"oldacre":"1029.4139347443"},"p2rating":{"entryid":"373318","serverid":"eos","formatid":"monotype","userid":"unionwevrm","username":"Union Wevrm","w":"2","l":2,"t":"0","gxe":49.7,"r":"1500","rd":"130","sigma":"0","rptime":"1440320400","rpr":1497.3197903539,"rprd":105.98584586352,"rpsigma":"0","acre":1043.030453289,"lacre":1043.030453289,"oldacre":"1064.7383594698"},"endType":"normal"}