{"seed":[4116,53223,56322,9401],"turns":34,"p1":"LightOfAKnowing","p2":"Carnie Red","p1team":[{"name":"Sharpedo","species":"Sharpedo","item":"sharpedonite","ability":"Speed Boost","moves":["protect","substitute","crunch","waterfall"],"nature":"Adamant","evs":{"hp":0,"atk":252,"def":0,"spa":0,"spd":4,"spe":252},"ivs":{"hp":31,"atk":31,"def":31,"spa":31,"spd":31,"spe":31}},{"name":"Starmie","species":"Starmie","item":"lightclay","ability":"Natural Cure","moves":["rapidspin","scald","lightscreen","reflect"],"nature":"Timid","evs":{"hp":252,"atk":0,"def":0,"spa":4,"spd":0,"spe":252},"ivs":{"hp":31,"atk":31,"def":31,"spa":31,"spd":31,"spe":31}},{"name":"Azumarill","species":"Azumarill","item":"sitrusberry","ability":"Huge Power","moves":["bellydrum","aquajet","playrough","bodyslam"],"nature":"Adamant","evs":{"hp":252,"atk":252,"def":0,"spa":0,"spd":4,"spe":0},"ivs":{"hp":31,"atk":31,"def":31,"spa":31,"spd":31,"spe":31}},{"name":"Poliwrath","species":"Poliwrath","item":"leftovers","ability":"Water Absorb","moves":["substitute","focuspunch","poisonjab","waterfall"],"nature":"Adamant","evs":{"hp":252,"atk":252,"def":0,"spa":0,"spd":4,"spe":0},"ivs":{"hp":31,"atk":31,"def":31,"spa":31,"spd":31,"spe":31}},{"name":"Milotic","species":"Milotic","item":"leftovers","ability":"Competitive","moves":["mirrorcoat","scald","recover","magiccoat"],"nature":"Bold","evs":{"hp":248,"atk":0,"def":252,"spa":0,"spd":8,"spe":0},"ivs":{"hp":31,"atk":31,"def":31,"spa":31,"spd":31,"spe":31}},{"name":"Clawitzer","species":"Clawitzer","item":"choicescarf","ability":"Mega Launcher","moves":["waterpulse","aurasphere","darkpulse","dragonpulse"],"nature":"Timid","evs":{"hp":0,"atk":0,"def":0,"spa":252,"spd":4,"spe":252},"ivs":{"hp":31,"atk":31,"def":31,"spa":31,"spd":31,"spe":31}}],"p2team":[{"name":"Diancie","species":"Diancie","item":"diancite","ability":"Clear Body","moves":["moonblast","calmmind","protect","ancientpower"],"nature":"Timid","evs":{"hp":0,"atk":0,"def":0,"spa":252,"spd":4,"spe":252},"ivs":{"hp":31,"atk":31,"def":31,"spa":31,"spd":31,"spe":31}},{"name":"Klefki","species":"Klefki","item":"lightclay","ability":"Prankster","moves":["foulplay","lightscreen","reflect","thunderwave"],"nature":"Bold","evs":{"hp":248,"atk":0,"def":252,"spa":0,"spd":8,"spe":0},"ivs":{"hp":31,"atk":31,"def":31,"spa":31,"spd":31,"spe":31}},{"name":"Togetic","species":"Togetic","item":"eviolite","ability":"Serene Grace","moves":["dazzlinggleam","healbell","roost","toxic"],"nature":"Calm","evs":{"hp":248,"atk":0,"def":0,"spa":8,"spd":252,"spe":0},"ivs":{"hp":31,"atk":31,"def":31,"spa":31,"spd":31,"spe":31}},{"name":"Mawile","species":"Mawile","item":"choiceband","ability":"Intimidate","moves":["ironhead","knockoff","suckerpunch","playrough"],"nature":"Adamant","evs":{"hp":248,"atk":252,"def":0,"spa":0,"spd":8,"spe":0},"ivs":{"hp":31,"atk":31,"def":31,"spa":31,"spd":31,"spe":31}},{"name":"Slurpuff","species":"Slurpuff","item":"sitrusberry","ability":"Unburden","moves":["playrough","bellydrum","drainpunch","return"],"nature":"Adamant","evs":{"hp":4,"atk":252,"def":0,"spa":0,"spd":0,"spe":252},"ivs":{"hp":31,"atk":31,"def":31,"spa":31,"spd":31,"spe":31}},{"name":"Whimsicott","species":"Whimsicott","item":"leftovers","ability":"Prankster","moves":["moonblast","tailwind","encore","leechseed"],"nature":"Bold","evs":{"hp":252,"atk":0,"def":252,"spa":4,"spd":0,"spe":0},"ivs":{"hp":31,"atk":31,"def":31,"spa":31,"spd":31,"spe":31}}],"log":["|player|p1|LightOfAKnowing|lightofaknowing.png","|player|p2|Carnie Red|162","|gametype|singles","|gen|6","|tier|Monotype","|rated","|rule|Baton Pass Clause: Limit one Baton Passer, can't pass Spe and other stats simultaneously","|rule|Swagger Clause: Swagger is banned","|rule|Same Type Clause: Pokémon in a team must share a type","|clearpoke","|poke|p1|Sharpedo, M","|poke|p1|Starmie","|poke|p1|Azumarill, M","|poke|p1|Poliwrath, M","|poke|p1|Milotic, M","|poke|p1|Clawitzer, F","|poke|p2|Diancie","|poke|p2|Klefki, F","|poke|p2|Togetic, M","|poke|p2|Mawile, F","|poke|p2|Slurpuff, F","|poke|p2|Whimsicott, M","|rule|Sleep Clause Mod: Limit one foe put to sleep","|rule|Species Clause: Limit one of each Pokémon","|rule|OHKO Clause: OHKO moves are banned","|rule|Moody Clause: Moody is banned","|rule|Evasion Moves Clause: Evasion moves are banned","|rule|Endless Battle Clause: Forcing endless battles is banned","|rule|HP Percentage Mod: HP is shown in percentages","|teampreview","|","|start","|switch|p1a: Milotic|Milotic, M|393/393","|switch|p2a: Klefki|Klefki, F|317/317","|turn|1","|","|move|p1a: Milotic|Magic Coat|p1a: Milotic","|-singleturn|p1a: Milotic|move: Magic Coat","|move|p2a: Klefki|Light Screen|p2a: Klefki","|-sidestart|p2: Carnie Red|move: Light Screen","|","|turn|2","|","|move|p1a: Milotic|Magic Coat|p1a: Milotic","|-singleturn|p1a: Milotic|move: Magic Coat","|move|p2a: Klefki|Reflect|p2a: Klefki","|-sidestart|p2: Carnie Red|Reflect","|","|turn|3","|","|move|p1a: Milotic|Magic Coat|p1a: Milotic","|-singleturn|p1a: Milotic|move: Magic Coat","|move|p2a: Klefki|Foul Play|p1a: Milotic","|-damage|p1a: Milotic|356/393","|","|-heal|p1a: Milotic|380/393|[from] item: Leftovers","|turn|4","|","|switch|p2a: Whimsicott|Whimsicott, M|324/324","|move|p1a: Milotic|Scald|p2a: Whimsicott","|-resisted|p2a: Whimsicott","|-damage|p2a: Whimsicott|293/324","|","|-heal|p2a: Whimsicott|313/324|[from] item: Leftovers","|-heal|p1a: Milotic|393/393|[from] item: Leftovers","|turn|5","|","|move|p2a: Whimsicott|Moonblast|p1a: Milotic","|-damage|p1a: Milotic|318/393","|move|p1a: Milotic|Mirror Coat|p2a: Whimsicott","|-damage|p2a: Whimsicott|163/324","|","|-heal|p2a: Whimsicott|183/324|[from] item: Leftovers","|-heal|p1a: Milotic|342/393|[from] item: Leftovers","|turn|6","|","|move|p1a: Milotic|Magic Coat|p1a: Milotic","|-singleturn|p1a: Milotic|move: Magic Coat","|move|p2a: Whimsicott|Encore|p1a: Milotic","|move|p1a: Milotic|Encore|p2a: Whimsicott|[from]Magic Coat","|-fail|p2a: Whimsicott","|","|-heal|p2a: Whimsicott|203/324|[from] item: Leftovers","|-heal|p1a: Milotic|366/393|[from] item: Leftovers","|turn|7","|","|move|p1a: Milotic|Magic Coat|p1a: Milotic","|-singleturn|p1a: Milotic|move: Magic Coat","|move|p2a: Whimsicott|Leech Seed|p1a: Milotic","|move|p1a: Milotic|Leech Seed|p2a: Whimsicott|[from]Magic Coat","|-immune|p2a: Whimsicott|[msg]","|","|-heal|p2a: Whimsicott|223/324|[from] item: Leftovers","|-heal|p1a: Milotic|390/393|[from] item: Leftovers","|turn|8","|","|switch|p1a: Starmie|Starmie|324/324","|move|p2a: Whimsicott|Tailwind|p2a: Whimsicott","|-sidestart|p2: Carnie Red|move: Tailwind","|","|-heal|p2a: Whimsicott|243/324|[from] item: Leftovers","|-sideend|p2: Carnie Red|move: Light Screen","|turn|9","|","|move|p2a: Whimsicott|Leech Seed|p1a: Starmie|[miss]","|-miss|p2a: Whimsicott|p1a: Starmie","|move|p1a: Starmie|Light Screen|p1a: Starmie","|-sidestart|p1: LightOfAKnowing|move: Light Screen","|","|-heal|p2a: Whimsicott|263/324|[from] item: Leftovers","|-sideend|p2: Carnie Red|Reflect","|turn|10","|","|switch|p2a: Mawile|Mawile, F|303/303","|-ability|p2a: Mawile|Intimidate","|-unboost|p1a: Starmie|atk|1","|move|p1a: Starmie|Reflect|p1a: Starmie","|-sidestart|p1: LightOfAKnowing|Reflect","|","|turn|11","|","|move|p1a: Starmie|Scald|p2a: Mawile","|-damage|p2a: Mawile|143/303","|move|p2a: Mawile|Knock Off|p1a: Starmie","|-supereffective|p1a: Starmie","|-damage|p1a: Starmie|173/324","|-enditem|p1a: Starmie|Light Clay|[from] move: Knock Off|[of] p2a: Mawile","|","|-sideend|p2: Carnie Red|move: Tailwind","|turn|12","|","|switch|p2a: Klefki|Klefki, F|317/317","|move|p1a: Starmie|Scald|p2a: Klefki","|-damage|p2a: Klefki|212/317","|","|turn|13","|","|move|p2a: Klefki|Light Screen|p2a: Klefki","|-sidestart|p2: Carnie Red|move: Light Screen","|move|p1a: Starmie|Scald|p2a: Klefki","|-damage|p2a: Klefki|162/317","|","|turn|14","|","|move|p1a: Starmie|Scald|p2a: Klefki","|-damage|p2a: Klefki|110/317","|-status|p2a: Klefki|brn","|move|p2a: Klefki|Foul Play|p1a: Starmie","|-supereffective|p1a: Starmie","|-damage|p1a: Starmie|152/324","|","|-damage|p2a: Klefki|71/317 brn|[from] brn","|turn|15","|","|move|p2a: Klefki|Reflect|p2a: Klefki","|-sidestart|p2: Carnie Red|Reflect","|move|p1a: Starmie|Scald|p2a: Klefki","|-damage|p2a: Klefki|20/317 brn","|","|-damage|p2a: Klefki|0 fnt|[from] brn","|faint|p2a: Klefki","|","|switch|p2a: Diancie|Diancie|241/241","|turn|16","|","|detailschange|p2a: Diancie|Diancie-Mega","|-mega|p2a: Diancie|Diancie|Diancite","|move|p2a: Diancie|Protect|p2a: Diancie","|-singleturn|p2a: Diancie|Protect","|move|p1a: Starmie|Scald|p2a: Diancie","|-activate|p2a: Diancie|Protect","|","|-sideend|p1: LightOfAKnowing|move: Light Screen","|turn|17","|","|move|p1a: Starmie|Scald|p2a: Diancie","|-supereffective|p2a: Diancie","|-damage|p2a: Diancie|154/241","|move|p2a: Diancie|Moonblast|p1a: Starmie","|-damage|p1a: Starmie|0 fnt","|faint|p1a: Starmie","|","|-sideend|p1: LightOfAKnowing|Reflect","|","|switch|p1a: Sharpedo|Sharpedo, M|281/281","|turn|18","|","|switch|p2a: Mawile|Mawile, F|143/303","|-ability|p2a: Mawile|Intimidate","|-unboost|p1a: Sharpedo|atk|1","|move|p1a: Sharpedo|Protect|p1a: Sharpedo","|-fail|p1a: Sharpedo","|","|-boost|p1a: Sharpedo|spe|1|[from] ability: Speed Boost","|turn|19","|","|move|p1a: Sharpedo|Substitute|p1a: Sharpedo","|-start|p1a: Sharpedo|Substitute","|-damage|p1a: Sharpedo|211/281","|move|p2a: Mawile|Play Rough|p1a: Sharpedo","|-supereffective|p1a: Sharpedo","|-end|p1a: Sharpedo|Substitute","|","|-boost|p1a: Sharpedo|spe|1|[from] ability: Speed Boost","|turn|20","|","|move|p1a: Sharpedo|Protect|p1a: Sharpedo","|-singleturn|p1a: Sharpedo|Protect","|move|p2a: Mawile|Play Rough|p1a: Sharpedo","|-activate|p1a: Sharpedo|Protect","|","|-sideend|p2: Carnie Red|move: Light Screen","|-boost|p1a: Sharpedo|spe|1|[from] ability: Speed Boost","|turn|21","|","|move|p1a: Sharpedo|Substitute|p1a: Sharpedo","|-start|p1a: Sharpedo|Substitute","|-damage|p1a: Sharpedo|141/281","|move|p2a: Mawile|Play Rough|p1a: Sharpedo","|-supereffective|p1a: Sharpedo","|-end|p1a: Sharpedo|Substitute","|","|-boost|p1a: Sharpedo|spe|1|[from] ability: Speed Boost","|turn|22","|","|move|p1a: Sharpedo|Protect|p1a: Sharpedo","|-singleturn|p1a: Sharpedo|Protect","|move|p2a: Mawile|Play Rough|p1a: Sharpedo","|-activate|p1a: Sharpedo|Protect","|","|-sideend|p2: Carnie Red|Reflect","|-boost|p1a: Sharpedo|spe|1|[from] ability: Speed Boost","|turn|23","|","|detailschange|p1a: Sharpedo|Sharpedo-Mega, M","|-mega|p1a: Sharpedo|Sharpedo|Sharpedonite","|move|p1a: Sharpedo|Waterfall|p2a: Mawile","|-damage|p2a: Mawile|20/303","|move|p2a: Mawile|Play Rough|p1a: Sharpedo","|-supereffective|p1a: Sharpedo","|-damage|p1a: Sharpedo|0 fnt","|faint|p1a: Sharpedo","|","|","|switch|p1a: Azumarill|Azumarill, M|404/404","|turn|24","|","|move|p1a: Azumarill|Aqua Jet|p2a: Mawile","|-damage|p2a: Mawile|0 fnt","|faint|p2a: Mawile","|","|","|switch|p2a: Togetic|Togetic, M|313/313","|turn|25","|","|move|p1a: Azumarill|Belly Drum|p1a: Azumarill","|-damage|p1a: Azumarill|202/404","|-setboost|p1a: Azumarill|atk|6|[from] move: Belly Drum","|-enditem|p1a: Azumarill|Sitrus Berry|[eat]","|-heal|p1a: Azumarill|303/404|[from] item: Sitrus Berry","|move|p2a: Togetic|Toxic|p1a: Azumarill","|-status|p1a: Azumarill|tox","|","|-damage|p1a: Azumarill|278/404 tox|[from] psn","|turn|26","|","|move|p1a: Azumarill|Body Slam|p2a: Togetic","|-damage|p2a: Togetic|0 fnt","|faint|p2a: Togetic","|","|-damage|p1a: Azumarill|228/404 tox|[from] psn","|","|switch|p2a: Diancie|Diancie-Mega|154/241","|turn|27","|","|move|p2a: Diancie|Protect|p2a: Diancie","|-singleturn|p2a: Diancie|Protect","|move|p1a: Azumarill|Aqua Jet|p2a: Diancie","|-activate|p2a: Diancie|Protect","|","|-damage|p1a: Azumarill|153/404 tox|[from] psn","|turn|28","|","|switch|p2a: Whimsicott|Whimsicott, M|263/324","|move|p1a: Azumarill|Aqua Jet|p2a: Whimsicott","|-resisted|p2a: Whimsicott","|-damage|p2a: Whimsicott|116/324","|","|-heal|p2a: Whimsicott|136/324|[from] item: Leftovers","|-damage|p1a: Azumarill|53/404 tox|[from] psn","|turn|29","|","|move|p2a: Whimsicott|Tailwind|p2a: Whimsicott","|-sidestart|p2: Carnie Red|move: Tailwind","|move|p1a: Azumarill|Aqua Jet|p2a: Whimsicott","|-resisted|p2a: Whimsicott","|-damage|p2a: Whimsicott|3/324","|","|-heal|p2a: Whimsicott|23/324|[from] item: Leftovers","|-damage|p1a: Azumarill|0 fnt|[from] psn","|faint|p1a: Azumarill","|","|switch|p1a: Milotic|Milotic, M|390/393","|turn|30","|","|move|p2a: Whimsicott|Moonblast|p1a: Milotic","|-damage|p1a: Milotic|311/393","|move|p1a: Milotic|Mirror Coat|p2a: Whimsicott","|-damage|p2a: Whimsicott|0 fnt","|faint|p2a: Whimsicott","|","|-heal|p1a: Milotic|335/393|[from] item: Leftovers","|","|switch|p2a: Slurpuff|Slurpuff, F|306/306","|turn|31","|","|move|p2a: Slurpuff|Belly Drum|p2a: Slurpuff","|-damage|p2a: Slurpuff|153/306","|-setboost|p2a: Slurpuff|atk|6|[from] move: Belly Drum","|-enditem|p2a: Slurpuff|Sitrus Berry|[eat]","|-heal|p2a: Slurpuff|229/306|[from] item: Sitrus Berry","|move|p1a: Milotic|Scald|p2a: Slurpuff","|-damage|p2a: Slurpuff|118/306","|","|-heal|p1a: Milotic|359/393|[from] item: Leftovers","|turn|32","|","|move|p2a: Slurpuff|Play Rough|p1a: Milotic","|-damage|p1a: Milotic|0 fnt","|faint|p1a: Milotic","|","|-sideend|p2: Carnie Red|move: Tailwind","|","|switch|p1a: Clawitzer|Clawitzer, F|283/283","|turn|33","|","|move|p2a: Slurpuff|Return|p1a: Clawitzer","|-damage|p1a: Clawitzer|0 fnt","|faint|p1a: Clawitzer","|","|","|switch|p1a: Poliwrath|Poliwrath, M|384/384","|turn|34","|","|move|p2a: Slurpuff|Return|p1a: Poliwrath","|-damage|p1a: Poliwrath|0 fnt","|faint|p1a: Poliwrath","|","|win|Carnie Red"],"p1rating":{"entryid":"386","serverid":"eos","formatid":"monotype","userid":"lightofaknowing","username":"LightOfAKnowing","w":"32","l":41,"t":"0","gxe":46.4,"r":"1416.9477002435","rd":"51.599175927199","sigma":"0","rptime":"1440406800","rpr":1472.4542031152,"rprd":42.77994904381,"rpsigma":"0","acre":1177.7945464837,"lacre":1177.7945464837,"oldacre":"1205.9992815713"},"p2rating":{"entryid":"272068","serverid":"eos","formatid":"monotype","userid":"carniered","username":"Carnie Red","w":14,"l":"5","t":"0","gxe":63.6,"r":"1606.4584837125","rd":"87.917289443417","sigma":"0","rptime":"1440406800","rpr":1607.3290675006,"rprd":73.046575071416,"rpsigma":"0","acre":1189.4200674889,"lacre":1189.4200674889,"oldacre":"1161.2153324013"},"endType":"normal"}