{"seed":[31402,43966,59185,24691],"turns":37,"p1":"Guard Wanderer","p2":"Fluffy Coconuts","p1team":[{"name":"Ferrothorn","species":"Ferrothorn","item":"rockyhelmet","ability":"Iron Barbs","moves":["knockoff","stealthrock","thunderwave","sunnyday"],"nature":"Relaxed","evs":{"hp":248,"atk":8,"def":252,"spa":0,"spd":0,"spe":0},"ivs":{"hp":31,"atk":31,"def":31,"spa":31,"spd":31,"spe":0}},{"name":"Rotom-Mow","species":"Rotom-Mow","item":"choicescarf","ability":"Levitate","moves":["trick","willowisp","discharge","voltswitch"],"nature":"Timid","evs":{"hp":0,"atk":0,"def":0,"spa":252,"spd":4,"spe":252},"ivs":{"hp":31,"atk":31,"def":31,"spa":31,"spd":31,"spe":31}},{"name":"Ludicolo","species":"Ludicolo","item":"bindingband","ability":"Swift Swim","moves":["raindance","scald","leechseed","whirlpool"],"nature":"Modest","evs":{"hp":248,"atk":0,"def":0,"spa":252,"spd":8,"spe":0},"ivs":{"hp":31,"atk":31,"def":31,"spa":31,"spd":31,"spe":31}},{"name":"Sawsbuck","species":"Sawsbuck","item":"silkscarf","ability":"Chlorophyll","moves":["return","attract","retaliate","thunderwave"],"nature":"Adamant","evs":{"hp":0,"atk":252,"def":0,"spa":0,"spd":4,"spe":252},"gender":"F","ivs":{"hp":31,"atk":31,"def":31,"spa":31,"spd":31,"spe":31}},{"name":"Serperior","species":"Serperior","item":"miracleseed","ability":"Contrary","moves":["substitute","dragonpulse","leafstorm","hiddenpowerrock"],"nature":"Timid","evs":{"hp":0,"atk":0,"def":0,"spa":252,"spd":4,"spe":252},"ivs":{"hp":31,"atk":31,"def":30,"spa":31,"spd":30,"spe":30}},{"name":"Cacturne","species":"Cacturne","item":"focussash","ability":"Sand Veil","moves":["suckerpunch","spikyshield","swordsdance","drainpunch"],"nature":"Adamant","evs":{"hp":248,"atk":252,"def":0,"spa":0,"spd":8,"spe":0},"ivs":{"hp":31,"atk":31,"def":31,"spa":31,"spd":31,"spe":31}}],"p2team":[{"name":"Kaiju","species":"nidoking","item":"lifeorb","ability":"Sheer Force","moves":["flamethrower","sludgewave","earthpower","icebeam"],"nature":"Timid","evs":{"hp":6,"atk":0,"def":0,"spa":252,"spd":0,"spe":252},"shiny":true,"ivs":{"hp":31,"atk":31,"def":31,"spa":31,"spd":31,"spe":31}},{"name":"SafteyShark","species":"garchomp","item":"choicescarf","ability":"Sand Veil","moves":["earthquake","fireblast","stoneedge","outrage"],"nature":"Naive","evs":{"hp":0,"atk":252,"def":0,"spa":6,"spd":0,"spe":252},"gender":"M","shiny":true,"ivs":{"hp":31,"atk":31,"def":31,"spa":31,"spd":31,"spe":31}},{"name":"Gloria","species":"hippowdon","item":"redcard","ability":"Sand Stream","moves":["earthquake","stealthrock","slackoff","whirlwind"],"nature":"Impish","evs":{"hp":252,"atk":0,"def":144,"spa":0,"spd":114,"spe":0},"gender":"F","shiny":true,"ivs":{"hp":31,"atk":31,"def":31,"spa":31,"spd":31,"spe":31}},{"name":"Iris","species":"excadrill","item":"lifeorb","ability":"Sand Rush","moves":["swordsdance","earthquake","ironhead","rockslide"],"nature":"Jolly","evs":{"hp":0,"atk":252,"def":0,"spa":0,"spd":6,"spe":252},"gender":"F","ivs":{"hp":31,"atk":31,"def":31,"spa":31,"spd":31,"spe":31}},{"name":"Synergy","species":"gliscor","item":"toxicorb","ability":"Poison Heal","moves":["knockoff","toxic","earthquake","roost"],"nature":"Impish","evs":{"hp":248,"atk":0,"def":188,"spa":0,"spd":0,"spe":74},"gender":"M","ivs":{"hp":31,"atk":31,"def":31,"spa":31,"spd":31,"spe":31}},{"name":"Cindy","species":"gastrodon","item":"rindoberry","ability":"Storm Drain","moves":["scald","toxic","mirrorcoat","recover"],"nature":"Bold","evs":{"hp":250,"atk":0,"def":252,"spa":0,"spd":8,"spe":0},"ivs":{"hp":31,"atk":31,"def":31,"spa":31,"spd":31,"spe":31}}],"log":["|player|p1|Guard Wanderer|235","|player|p2|Fluffy Coconuts|169","|gametype|singles","|gen|6","|tier|Monotype","|rated","|rule|Baton Pass Clause: Limit one Baton Passer, can't pass Spe and other stats simultaneously","|rule|Swagger Clause: Swagger is banned","|rule|Same Type Clause: Pokémon in a team must share a type","|clearpoke","|poke|p1|Ferrothorn, F","|poke|p1|Rotom-Mow","|poke|p1|Ludicolo, F","|poke|p1|Sawsbuck, F","|poke|p1|Serperior, F","|poke|p1|Cacturne, F","|poke|p2|Nidoking, M, shiny","|poke|p2|Garchomp, M, shiny","|poke|p2|Hippowdon, F, shiny","|poke|p2|Excadrill, F","|poke|p2|Gliscor, M","|poke|p2|Gastrodon, F","|rule|Sleep Clause Mod: Limit one foe put to sleep","|rule|Species Clause: Limit one of each Pokémon","|rule|OHKO Clause: OHKO moves are banned","|rule|Moody Clause: Moody is banned","|rule|Evasion Moves Clause: Evasion moves are banned","|rule|Endless Battle Clause: Forcing endless battles is banned","|rule|HP Percentage Mod: HP is shown in percentages","|teampreview","|","|start","|switch|p1a: Ferrothorn|Ferrothorn, F|351/351","|switch|p2a: Gloria|Hippowdon, F, shiny|420/420","|-weather|Sandstorm","|turn|1","|","|move|p2a: Gloria|Stealth Rock|p1a: Ferrothorn","|-sidestart|p1: Guard Wanderer|move: Stealth Rock","|move|p1a: Ferrothorn|Sunny Day|p1a: Ferrothorn","|-weather|SunnyDay","|","|-weather|SunnyDay|[upkeep]","|turn|2","|","|move|p1a: Ferrothorn|Knock Off|p2a: Gloria","|-damage|p2a: Gloria|368/420","|-enditem|p2a: Gloria|Red Card|[from] move: Knock Off|[of] p1a: Ferrothorn","|move|p2a: Gloria|Whirlwind|p1a: Ferrothorn","|drag|p1a: Ludicolo|Ludicolo, F|363/363","|-damage|p1a: Ludicolo|318/363|[from] Stealth Rock","|","|-weather|SunnyDay|[upkeep]","|turn|3","|","|switch|p2a: SafteyShark|Garchomp, M, shiny|357/357","|move|p1a: Ludicolo|Whirlpool|p2a: SafteyShark","|-damage|p2a: SafteyShark|323/357","|-activate|p2a: SafteyShark|move: Whirlpool|[of] p1a: Ludicolo","|","|-weather|SunnyDay|[upkeep]","|-damage|p2a: SafteyShark|264/357|[from] move: Whirlpool|[partiallytrapped]","|turn|4","|","|move|p2a: SafteyShark|Stone Edge|p1a: Ludicolo","|-damage|p1a: Ludicolo|156/363","|move|p1a: Ludicolo|Rain Dance|p1a: Ludicolo","|-weather|RainDance","|","|-weather|RainDance|[upkeep]","|-damage|p2a: SafteyShark|205/357|[from] move: Whirlpool|[partiallytrapped]","|turn|5","|","|move|p2a: SafteyShark|Stone Edge|p1a: Ludicolo|[miss]","|-miss|p2a: SafteyShark|p1a: Ludicolo","|move|p1a: Ludicolo|Scald|p2a: SafteyShark","|-damage|p2a: SafteyShark|0 fnt","|faint|p2a: SafteyShark","|","|-weather|RainDance|[upkeep]","|","|switch|p2a: Cindy|Gastrodon, F|425/425","|turn|6","|","|move|p1a: Ludicolo|Leech Seed|p2a: Cindy","|-start|p2a: Cindy|move: Leech Seed","|move|p2a: Cindy|Mirror Coat|p1a: Ludicolo","|-fail|p1a: Ludicolo","|","|-weather|RainDance|[upkeep]","|-damage|p2a: Cindy|372/425|[from] Leech Seed|[of] p1a: Ludicolo","|-heal|p1a: Ludicolo|209/363|[silent]","|turn|7","|","|move|p1a: Ludicolo|Leech Seed|p2a: Cindy","|-fail|p2a: Cindy","|move|p2a: Cindy|Mirror Coat|p1a: Ludicolo","|-fail|p1a: Ludicolo","|","|-weather|RainDance|[upkeep]","|-damage|p2a: Cindy|319/425|[from] Leech Seed|[of] p1a: Ludicolo","|-heal|p1a: Ludicolo|262/363|[silent]","|turn|8","|","|switch|p2a: Gloria|Hippowdon, F, shiny|368/420","|-weather|Sandstorm","|move|p1a: Ludicolo|Whirlpool|p2a: Gloria","|-supereffective|p2a: Gloria","|-damage|p2a: Gloria|242/420","|-activate|p2a: Gloria|move: Whirlpool|[of] p1a: Ludicolo","|","|-weather|Sandstorm|[upkeep]","|-damage|p1a: Ludicolo|240/363|[from] sandstorm","|-damage|p2a: Gloria|172/420|[from] move: Whirlpool|[partiallytrapped]","|turn|9","|","|move|p1a: Ludicolo|Rain Dance|p1a: Ludicolo","|-weather|RainDance","|move|p2a: Gloria|Whirlwind|p1a: Ludicolo","|drag|p1a: Ferrothorn|Ferrothorn, F|351/351","|-damage|p1a: Ferrothorn|330/351|[from] Stealth Rock","|","|-weather|RainDance|[upkeep]","|turn|10","|","|switch|p2a: Kaiju|Nidoking, M, shiny|304/304","|move|p1a: Ferrothorn|Stealth Rock|p2a: Kaiju","|-sidestart|p2: Fluffy Coconuts|move: Stealth Rock","|","|-weather|RainDance|[upkeep]","|turn|11","|","|move|p2a: Kaiju|Earth Power|p1a: Ferrothorn","|-damage|p1a: Ferrothorn|158/351","|move|p1a: Ferrothorn|Knock Off|p2a: Kaiju","|-damage|p2a: Kaiju|211/304","|-enditem|p2a: Kaiju|Life Orb|[from] move: Knock Off|[of] p1a: Ferrothorn","|","|-weather|RainDance|[upkeep]","|turn|12","|","|switch|p1a: Rotom-Mow|Rotom-Mow|241/241","|-damage|p1a: Rotom-Mow|211/241|[from] Stealth Rock","|move|p2a: Kaiju|Earth Power|p1a: Rotom-Mow","|-immune|p1a: Rotom-Mow|[msg]","|","|-weather|RainDance|[upkeep]","|turn|13","|","|switch|p2a: Synergy|Gliscor, M|353/353","|-damage|p2a: Synergy|309/353|[from] Stealth Rock","|move|p1a: Rotom-Mow|Trick|p2a: Synergy","|-activate|p1a: Rotom-Mow|move: Trick|[of] p2a: Synergy","|-item|p2a: Synergy|Choice Scarf|[from] move: Trick","|-item|p1a: Rotom-Mow|Toxic Orb|[from] move: Trick","|","|-weather|none","|-status|p1a: Rotom-Mow|tox|[from] item: Toxic Orb","|turn|14","|","|move|p2a: Synergy|Knock Off|p1a: Rotom-Mow","|-damage|p1a: Rotom-Mow|144/241 tox","|-enditem|p1a: Rotom-Mow|Toxic Orb|[from] move: Knock Off|[of] p2a: Synergy","|move|p1a: Rotom-Mow|Will-O-Wisp|p2a: Synergy","|-status|p2a: Synergy|brn","|","|-damage|p2a: Synergy|265/353 brn|[from] brn","|-damage|p1a: Rotom-Mow|129/241 tox|[from] psn","|turn|15","|","|switch|p2a: Kaiju|Nidoking, M, shiny|211/304","|-damage|p2a: Kaiju|192/304|[from] Stealth Rock","|switch|p1a: Ferrothorn|Ferrothorn, F|158/351","|-damage|p1a: Ferrothorn|137/351|[from] Stealth Rock","|","|turn|16","|","|switch|p1a: Ludicolo|Ludicolo, F|240/363","|-damage|p1a: Ludicolo|195/363|[from] Stealth Rock","|move|p2a: Kaiju|Flamethrower|p1a: Ludicolo","|-damage|p1a: Ludicolo|96/363","|","|turn|17","|","|move|p2a: Kaiju|Flamethrower|p1a: Ludicolo","|-crit|p1a: Ludicolo","|-damage|p1a: Ludicolo|0 fnt","|faint|p1a: Ludicolo","|","|","|switch|p1a: Sawsbuck|Sawsbuck, F|301/301","|-damage|p1a: Sawsbuck|264/301|[from] Stealth Rock","|turn|18","|","|move|p2a: Kaiju|Sludge Wave|p1a: Sawsbuck","|-supereffective|p1a: Sawsbuck","|-damage|p1a: Sawsbuck|0 fnt","|faint|p1a: Sawsbuck","|","|","|switch|p1a: Rotom-Mow|Rotom-Mow|129/241 tox","|-damage|p1a: Rotom-Mow|99/241 tox|[from] Stealth Rock","|turn|19","|","|move|p1a: Rotom-Mow|Will-O-Wisp|p2a: Kaiju","|-status|p2a: Kaiju|brn","|move|p2a: Kaiju|Sludge Wave|p1a: Rotom-Mow","|-supereffective|p1a: Rotom-Mow","|-damage|p1a: Rotom-Mow|0 fnt","|faint|p1a: Rotom-Mow","|","|-damage|p2a: Kaiju|154/304 brn|[from] brn","|","|switch|p1a: Serperior|Serperior, F|291/291","|-damage|p1a: Serperior|255/291|[from] Stealth Rock","|turn|20","|","|move|p1a: Serperior|Substitute|p1a: Serperior","|-start|p1a: Serperior|Substitute","|-damage|p1a: Serperior|183/291","|move|p2a: Kaiju|Sludge Wave|p1a: Serperior","|-supereffective|p1a: Serperior","|-end|p1a: Serperior|Substitute","|","|-damage|p2a: Kaiju|116/304 brn|[from] brn","|turn|21","|","|move|p1a: Serperior|Leaf Storm|p2a: Kaiju","|-crit|p2a: Kaiju","|-damage|p2a: Kaiju|0 fnt","|-boost|p1a: Serperior|spa|2","|faint|p2a: Kaiju","|","|","|switch|p2a: Synergy|Gliscor, M|265/353 brn","|-damage|p2a: Synergy|221/353 brn|[from] Stealth Rock","|turn|22","|","|move|p2a: Synergy|Knock Off|p1a: Serperior","|-damage|p1a: Serperior|144/291","|-enditem|p1a: Serperior|Miracle Seed|[from] move: Knock Off|[of] p2a: Synergy","|move|p1a: Serperior|Leaf Storm|p2a: Synergy","|-damage|p2a: Synergy|0 fnt","|-boost|p1a: Serperior|spa|2","|faint|p2a: Synergy","|","|","|switch|p2a: Gloria|Hippowdon, F, shiny|172/420","|-damage|p2a: Gloria|146/420|[from] Stealth Rock","|-weather|Sandstorm","|turn|23","|","|move|p1a: Serperior|Substitute|p1a: Serperior","|-start|p1a: Serperior|Substitute","|-damage|p1a: Serperior|72/291","|move|p2a: Gloria|Whirlwind|p1a: Serperior","|drag|p1a: Ferrothorn|Ferrothorn, F|137/351","|-damage|p1a: Ferrothorn|116/351|[from] Stealth Rock","|","|-weather|Sandstorm|[upkeep]","|turn|24","|","|move|p2a: Gloria|Earthquake|p1a: Ferrothorn","|-damage|p1a: Ferrothorn|32/351","|move|p1a: Ferrothorn|Sunny Day|p1a: Ferrothorn","|-weather|SunnyDay","|","|-weather|SunnyDay|[upkeep]","|turn|25","|","|move|p2a: Gloria|Earthquake|p1a: Ferrothorn","|-damage|p1a: Ferrothorn|0 fnt","|faint|p1a: Ferrothorn","|","|-weather|SunnyDay|[upkeep]","|","|switch|p1a: Cacturne|Cacturne, F|343/343","|-damage|p1a: Cacturne|301/343|[from] Stealth Rock","|turn|26","|","|switch|p2a: Cindy|Gastrodon, F|319/425","|-damage|p2a: Cindy|293/425|[from] Stealth Rock","|move|p1a: Cacturne|Swords Dance|p1a: Cacturne","|-boost|p1a: Cacturne|atk|2","|","|-weather|SunnyDay|[upkeep]","|turn|27","|","|move|p1a: Cacturne|Swords Dance|p1a: Cacturne","|-boost|p1a: Cacturne|atk|2","|move|p2a: Cindy|Scald|p1a: Cacturne","|-resisted|p1a: Cacturne","|-damage|p1a: Cacturne|265/343","|-status|p1a: Cacturne|brn","|","|-weather|SunnyDay|[upkeep]","|-damage|p1a: Cacturne|223/343 brn|[from] brn","|turn|28","|","|move|p1a: Cacturne|Drain Punch|p2a: Cindy","|-damage|p2a: Cindy|172/425","|-heal|p1a: Cacturne|284/343 brn|[from] drain|[of] p2a: Cindy","|move|p2a: Cindy|Scald|p1a: Cacturne","|-resisted|p1a: Cacturne","|-damage|p1a: Cacturne|251/343 brn","|","|-weather|none","|-damage|p1a: Cacturne|209/343 brn|[from] brn","|turn|29","|","|move|p1a: Cacturne|Sucker Punch|p2a: Cindy","|-fail|p1a: Cacturne","|move|p2a: Cindy|Recover|p2a: Cindy","|-heal|p2a: Cindy|385/425","|","|-damage|p1a: Cacturne|167/343 brn|[from] brn","|turn|30","|","|move|p1a: Cacturne|Drain Punch|p2a: Cindy","|-damage|p2a: Cindy|263/425","|-heal|p1a: Cacturne|228/343 brn|[from] drain|[of] p2a: Cindy","|move|p2a: Cindy|Scald|p1a: Cacturne","|-resisted|p1a: Cacturne","|-damage|p1a: Cacturne|161/343 brn","|","|-damage|p1a: Cacturne|119/343 brn|[from] brn","|turn|31","|","|move|p1a: Cacturne|Drain Punch|p2a: Cindy","|-damage|p2a: Cindy|140/425","|-heal|p1a: Cacturne|181/343 brn|[from] drain|[of] p2a: Cindy","|move|p2a: Cindy|Scald|p1a: Cacturne","|-resisted|p1a: Cacturne","|-damage|p1a: Cacturne|112/343 brn","|","|-damage|p1a: Cacturne|70/343 brn|[from] brn","|turn|32","|","|move|p1a: Cacturne|Swords Dance|p1a: Cacturne","|-boost|p1a: Cacturne|atk|2","|move|p2a: Cindy|Recover|p2a: Cindy","|-heal|p2a: Cindy|353/425","|","|-damage|p1a: Cacturne|28/343 brn|[from] brn","|turn|33","|","|move|p1a: Cacturne|Drain Punch|p2a: Cindy","|-damage|p2a: Cindy|187/425","|-heal|p1a: Cacturne|111/343 brn|[from] drain|[of] p2a: Cindy","|move|p2a: Cindy|Scald|p1a: Cacturne","|-resisted|p1a: Cacturne","|-damage|p1a: Cacturne|45/343 brn","|","|-damage|p1a: Cacturne|3/343 brn|[from] brn","|turn|34","|","|move|p1a: Cacturne|Drain Punch|p2a: Cindy","|-damage|p2a: Cindy|16/425","|-heal|p1a: Cacturne|89/343 brn|[from] drain|[of] p2a: Cindy","|move|p2a: Cindy|Scald|p1a: Cacturne","|-resisted|p1a: Cacturne","|-damage|p1a: Cacturne|19/343 brn","|","|-damage|p1a: Cacturne|0 fnt|[from] brn","|faint|p1a: Cacturne","|","|switch|p1a: Serperior|Serperior, F|72/291","|-damage|p1a: Serperior|36/291|[from] Stealth Rock","|turn|35","|","|move|p1a: Serperior|Leaf Storm|p2a: Cindy","|-supereffective|p2a: Cindy","|-enditem|p2a: Cindy|Rindo Berry|[eat]","|-damage|p2a: Cindy|0 fnt","|-boost|p1a: Serperior|spa|2","|faint|p2a: Cindy","|","|","|switch|p2a: Gloria|Hippowdon, F, shiny|146/420","|-damage|p2a: Gloria|120/420|[from] Stealth Rock","|-weather|Sandstorm","|turn|36","|","|move|p1a: Serperior|Leaf Storm|p2a: Gloria","|-supereffective|p2a: Gloria","|-damage|p2a: Gloria|0 fnt","|-boost|p1a: Serperior|spa|2","|faint|p2a: Gloria","|","|-weather|Sandstorm|[upkeep]","|-damage|p1a: Serperior|18/291|[from] sandstorm","|","|switch|p2a: Iris|Excadrill, F|361/361","|-damage|p2a: Iris|350/361|[from] Stealth Rock","|turn|37","|","|move|p2a: Iris|Earthquake|p1a: Serperior","|-resisted|p1a: Serperior","|-damage|p1a: Serperior|0 fnt","|-damage|p2a: Iris|314/361|[from] item: Life Orb","|faint|p1a: Serperior","|","|win|Fluffy Coconuts"],"p1rating":{"entryid":"9966","serverid":"eos","formatid":"monotype","userid":"guardwanderer","username":"Guard Wanderer","w":"20","l":36,"t":"0","gxe":37.9,"r":"1460.2300294704","rd":"51.851987647183","sigma":"0","rptime":"1440406800","rpr":1406.636659965,"rprd":46.757969620555,"rpsigma":"0","acre":1000,"lacre":1000,"oldacre":"1000"},"p2rating":{"entryid":421976,"formatid":"monotype","userid":"fluffycoconuts","username":"Fluffy Coconuts","r":1500,"rd":130,"sigma":0,"rpr":1537.5452529876,"rprd":122.04622540823,"rpsigma":0,"rptime":1440406800,"w":1,"l":0,"t":0,"gxe":54.7,"acre":1040,"lacre":1040,"oldacre":1000},"endType":"normal"}