{"seed":[42966,2000,54428,54601],"turns":17,"p1":"Gym Ldr Mitsuka∆","p2":"Jhu Jhu","p1team":[{"name":"Celebi","species":"Celebi","item":"lightclay","ability":"Natural Cure","moves":["uturn","reflect","psychic","lightscreen"],"nature":"Calm","evs":{"hp":248,"atk":0,"def":0,"spa":0,"spd":224,"spe":36},"ivs":{"hp":31,"atk":31,"def":31,"spa":31,"spd":31,"spe":31}},{"name":"Abomasnow","species":"Abomasnow","item":"abomasite","ability":"Soundproof","moves":["swordsdance","iceshard","earthquake","seedbomb"],"nature":"Adamant","evs":{"hp":76,"atk":200,"def":0,"spa":0,"spd":0,"spe":180},"ivs":{"hp":31,"atk":31,"def":31,"spa":31,"spd":31,"spe":31}},{"name":"Shiftry","species":"Shiftry","item":"lifeorb","ability":"Chlorophyll","moves":["fakeout","knockoff","suckerpunch","rockslide"],"nature":"Adamant","evs":{"hp":4,"atk":252,"def":0,"spa":0,"spd":0,"spe":252},"ivs":{"hp":31,"atk":30,"def":31,"spa":30,"spd":31,"spe":30}},{"name":"Cradily","species":"Cradily","item":"leftovers","ability":"Suction Cups","moves":["rocktomb","mirrorcoat","rest","stealthrock"],"nature":"Careful","evs":{"hp":252,"atk":0,"def":80,"spa":0,"spd":176,"spe":0},"ivs":{"hp":31,"atk":31,"def":31,"spa":31,"spd":31,"spe":31}},{"name":"Vileplume","species":"Vileplume","item":"rockyhelmet","ability":"Effect Spore","moves":["sleeppowder","moonblast","sludgebomb","moonlight"],"nature":"Bold","evs":{"hp":252,"atk":0,"def":252,"spa":0,"spd":4,"spe":0},"ivs":{"hp":31,"atk":31,"def":31,"spa":31,"spd":31,"spe":31}},{"name":"Shaymin","species":"Shaymin","item":"choicespecs","ability":"Natural Cure","moves":["seedflare","airslash","hiddenpowerfire","earthpower"],"nature":"Timid","evs":{"hp":0,"atk":0,"def":0,"spa":252,"spd":4,"spe":252},"ivs":{"hp":31,"atk":30,"def":31,"spa":30,"spd":31,"spe":30}}],"p2team":[{"name":"Charizard","species":"Charizard","item":"charizarditey","ability":"Blaze","moves":["flamethrower","airslash","solarbeam","focusblast"],"nature":"Timid","evs":{"hp":0,"atk":0,"def":0,"spa":252,"spd":4,"spe":252},"ivs":{"hp":31,"atk":31,"def":31,"spa":31,"spd":31,"spe":31}},{"name":"Victini","species":"Victini","item":"choicescarf","ability":"Victory Star","moves":["glaciate","blueflare","energyball","thunderbolt"],"nature":"Timid","evs":{"hp":0,"atk":0,"def":0,"spa":252,"spd":4,"spe":252},"ivs":{"hp":31,"atk":31,"def":31,"spa":31,"spd":31,"spe":31}},{"name":"Torkoal","species":"Torkoal","item":"leftovers","ability":"White Smoke","moves":["lavaplume","rapidspin","stealthrock","rest"],"nature":"Bold","evs":{"hp":252,"atk":0,"def":252,"spa":4,"spd":0,"spe":0},"ivs":{"hp":31,"atk":31,"def":31,"spa":31,"spd":31,"spe":31}},{"name":"Rotom-Heat","species":"Rotom-Heat","item":"leftovers","ability":"Levitate","moves":["voltswitch","overheat","painsplit","willowisp"],"nature":"Calm","evs":{"hp":252,"atk":0,"def":0,"spa":4,"spd":252,"spe":0},"ivs":{"hp":31,"atk":31,"def":31,"spa":31,"spd":31,"spe":31}},{"name":"Entei","species":"Entei","item":"lifeorb","ability":"Pressure","moves":["ironhead","sacredfire","stoneedge","extremespeed"],"nature":"Adamant","evs":{"hp":0,"atk":252,"def":0,"spa":0,"spd":4,"spe":252},"shiny":true,"ivs":{"hp":31,"atk":31,"def":31,"spa":31,"spd":31,"spe":31}},{"name":"Emboar","species":"Emboar","item":"choicescarf","ability":"Reckless","moves":["flareblitz","headsmash","wildcharge","superpower"],"nature":"Jolly","evs":{"hp":0,"atk":252,"def":0,"spa":0,"spd":4,"spe":252},"ivs":{"hp":31,"atk":31,"def":31,"spa":31,"spd":31,"spe":31}}],"log":["|player|p1|Gym Ldr Mitsuka∆|265","|player|p2|Jhu Jhu|248","|gametype|singles","|gen|6","|tier|Monotype","|rated","|rule|Baton Pass Clause: Limit one Baton Passer, can't pass Spe and other stats simultaneously","|rule|Swagger Clause: Swagger is banned","|rule|Same Type Clause: Pokémon in a team must share a type","|clearpoke","|poke|p1|Celebi","|poke|p1|Abomasnow, M","|poke|p1|Shiftry, M","|poke|p1|Cradily, M","|poke|p1|Vileplume, M","|poke|p1|Shaymin","|poke|p2|Charizard, F","|poke|p2|Victini","|poke|p2|Torkoal, M","|poke|p2|Rotom-Heat","|poke|p2|Entei, shiny","|poke|p2|Emboar, F","|rule|Sleep Clause Mod: Limit one foe put to sleep","|rule|Species Clause: Limit one of each Pokémon","|rule|OHKO Clause: OHKO moves are banned","|rule|Moody Clause: Moody is banned","|rule|Evasion Moves Clause: Evasion moves are banned","|rule|Endless Battle Clause: Forcing endless battles is banned","|rule|HP Percentage Mod: HP is shown in percentages","|teampreview","|","|start","|switch|p1a: Shaymin|Shaymin|341/341","|switch|p2a: Emboar|Emboar, F|361/361","|turn|1","|","|move|p2a: Emboar|Flare Blitz|p1a: Shaymin","|-supereffective|p1a: Shaymin","|-damage|p1a: Shaymin|0 fnt","|-damage|p2a: Emboar|248/361|[from] recoil|[of] p1a: Shaymin","|faint|p1a: Shaymin","|","|","|switch|p1a: Cradily|Cradily, M|376/376","|turn|2","|","|switch|p2a: Torkoal|Torkoal, M|344/344","|move|p1a: Cradily|Stealth Rock|p2a: Torkoal","|-sidestart|p2: Jhu Jhu|move: Stealth Rock","|","|turn|3","|","|move|p1a: Cradily|Rock Tomb|p2a: Torkoal","|-supereffective|p2a: Torkoal","|-damage|p2a: Torkoal|278/344","|move|p2a: Torkoal|Stealth Rock|p1a: Cradily","|-sidestart|p1: Gym Ldr Mitsuka∆|move: Stealth Rock","|","|-heal|p2a: Torkoal|299/344|[from] item: Leftovers","|turn|4","|","|switch|p1a: Shiftry|Shiftry, M|322/322","|-damage|p1a: Shiftry|282/322|[from] Stealth Rock","|move|p2a: Torkoal|Rapid Spin|p1a: Shiftry","|-damage|p1a: Shiftry|264/322","|-sideend|p2: Jhu Jhu|Stealth Rock|[from] move: Rapid Spin|[of] p2a: Torkoal","|","|-heal|p2a: Torkoal|320/344|[from] item: Leftovers","|turn|5","|","|move|p1a: Shiftry|Knock Off|p2a: Torkoal","|-damage|p2a: Torkoal|207/344","|-enditem|p2a: Torkoal|Leftovers|[from] move: Knock Off|[of] p1a: Shiftry","|-damage|p1a: Shiftry|232/322|[from] item: Life Orb","|move|p2a: Torkoal|Lava Plume|p1a: Shiftry","|-supereffective|p1a: Shiftry","|-damage|p1a: Shiftry|0 fnt","|faint|p1a: Shiftry","|","|","|switch|p1a: Celebi|Celebi|403/403","|-damage|p1a: Celebi|353/403|[from] Stealth Rock","|turn|6","|","|move|p1a: Celebi|Light Screen|p1a: Celebi","|-sidestart|p1: Gym Ldr Mitsuka∆|move: Light Screen","|move|p2a: Torkoal|Lava Plume|p1a: Celebi","|-supereffective|p1a: Celebi","|-damage|p1a: Celebi|290/403","|","|turn|7","|","|move|p1a: Celebi|Reflect|p1a: Celebi","|-sidestart|p1: Gym Ldr Mitsuka∆|Reflect","|move|p2a: Torkoal|Lava Plume|p1a: Celebi","|-supereffective|p1a: Celebi","|-damage|p1a: Celebi|230/403","|","|turn|8","|","|move|p1a: Celebi|U-turn|p2a: Torkoal","|-resisted|p2a: Torkoal","|-damage|p2a: Torkoal|193/344","|","|switch|p1a: Abomasnow|Abomasnow, M|340/340","|-damage|p1a: Abomasnow|255/340|[from] Stealth Rock","|move|p2a: Torkoal|Lava Plume|p1a: Abomasnow","|-supereffective|p1a: Abomasnow","|-damage|p1a: Abomasnow|75/340","|","|turn|9","|","|detailschange|p1a: Abomasnow|Abomasnow-Mega, M","|-mega|p1a: Abomasnow|Abomasnow|Abomasite","|-weather|Hail","|move|p1a: Abomasnow|Earthquake|p2a: Torkoal","|-supereffective|p2a: Torkoal","|-damage|p2a: Torkoal|43/344","|move|p2a: Torkoal|Lava Plume|p1a: Abomasnow","|-supereffective|p1a: Abomasnow","|-damage|p1a: Abomasnow|0 fnt","|faint|p1a: Abomasnow","|","|-weather|Hail|[upkeep]","|-damage|p2a: Torkoal|22/344|[from] hail","|","|switch|p1a: Cradily|Cradily, M|376/376","|-damage|p1a: Cradily|329/376|[from] Stealth Rock","|turn|10","|","|switch|p2a: Emboar|Emboar, F|248/361","|move|p1a: Cradily|Rock Tomb|p2a: Emboar","|-damage|p2a: Emboar|158/361","|-unboost|p2a: Emboar|spe|1","|","|-weather|Hail|[upkeep]","|-damage|p2a: Emboar|136/361|[from] hail","|-damage|p1a: Cradily|306/376|[from] hail","|-heal|p1a: Cradily|329/376|[from] item: Leftovers","|turn|11","|","|move|p2a: Emboar|Head Smash|p1a: Cradily|[miss]","|-miss|p2a: Emboar|p1a: Cradily","|move|p1a: Cradily|Rock Tomb|p2a: Emboar","|-damage|p2a: Emboar|57/361","|-unboost|p2a: Emboar|spe|1","|","|-weather|Hail|[upkeep]","|-damage|p2a: Emboar|35/361|[from] hail","|-damage|p1a: Cradily|306/376|[from] hail","|-heal|p1a: Cradily|329/376|[from] item: Leftovers","|turn|12","|","|move|p2a: Emboar|Head Smash|p1a: Cradily","|-damage|p1a: Cradily|229/376","|-damage|p2a: Emboar|0 fnt|[from] recoil|[of] p1a: Cradily","|faint|p2a: Emboar","|move|p1a: Cradily|Rock Tomb|p2: Emboar|[notarget]","|-notarget","|","|-weather|Hail|[upkeep]","|-damage|p1a: Cradily|206/376|[from] hail","|-heal|p1a: Cradily|229/376|[from] item: Leftovers","|","|switch|p2a: Charizard|Charizard, F|297/297","|turn|13","|","|switch|p2a: Torkoal|Torkoal, M|22/344","|move|p1a: Cradily|Rock Tomb|p2a: Torkoal","|-supereffective|p2a: Torkoal","|-damage|p2a: Torkoal|0 fnt","|faint|p2a: Torkoal","|","|-weather|none","|-heal|p1a: Cradily|252/376|[from] item: Leftovers","|-sideend|p1: Gym Ldr Mitsuka∆|move: Light Screen","|","|switch|p2a: Charizard|Charizard, F|297/297","|turn|14","|","|detailschange|p2a: Charizard|Charizard-Mega-Y, F","|-mega|p2a: Charizard|Charizard|Charizardite Y","|-weather|SunnyDay","|move|p2a: Charizard|Flamethrower|p1a: Cradily","|-damage|p1a: Cradily|47/376","|move|p1a: Cradily|Rock Tomb|p2a: Charizard","|-supereffective|p2a: Charizard","|-damage|p2a: Charizard|0 fnt","|faint|p2a: Charizard","|","|-weather|SunnyDay|[upkeep]","|-heal|p1a: Cradily|70/376|[from] item: Leftovers","|-sideend|p1: Gym Ldr Mitsuka∆|Reflect","|","|switch|p2a: Entei|Entei, shiny|371/371","|-ability|p2a: Entei|Pressure","|turn|15","|","|move|p2a: Entei|Iron Head|p1a: Cradily","|-supereffective|p1a: Cradily","|-damage|p1a: Cradily|0 fnt","|-damage|p2a: Entei|334/371|[from] item: Life Orb","|faint|p1a: Cradily","|","|-weather|SunnyDay|[upkeep]","|","|switch|p1a: Celebi|Celebi|230/403","|-damage|p1a: Celebi|180/403|[from] Stealth Rock","|turn|16","|","|move|p2a: Entei|Sacred Fire|p1a: Celebi","|-supereffective|p1a: Celebi","|-damage|p1a: Celebi|0 fnt","|-damage|p2a: Entei|297/371|[from] item: Life Orb","|faint|p1a: Celebi","|","|-weather|SunnyDay|[upkeep]","|","|switch|p1a: Vileplume|Vileplume, M|354/354","|-damage|p1a: Vileplume|310/354|[from] Stealth Rock","|turn|17","|","|move|p2a: Entei|Sacred Fire|p1a: Vileplume","|-supereffective|p1a: Vileplume","|-damage|p1a: Vileplume|0 fnt","|-damage|p2a: Entei|260/371|[from] item: Life Orb","|faint|p1a: Vileplume","|","|win|Jhu Jhu"],"p1rating":{"entryid":"379503","serverid":"eos","formatid":"monotype","userid":"gymldrmitsuka","username":"Gym Ldr Mitsuka∆","w":"3","l":10,"t":"0","gxe":34.2,"r":"1441.313944946","rd":"103.46670437715","sigma":"0","rptime":"1440406800","rpr":1373.4815753262,"rprd":81.612378331703,"rpsigma":"0","acre":1046.4590949329,"lacre":1046.4590949329,"oldacre":"1068.5597588891"},"p2rating":{"entryid":"417858","serverid":"eos","formatid":"monotype","userid":"jhujhu","username":"Jhu Jhu","w":2,"l":"1","t":"0","gxe":53.8,"r":"1500","rd":"130","sigma":"0","rptime":"1440406800","rpr":1530.1020209145,"rprd":110.92677186004,"rpsigma":"0","acre":1074.835492927,"lacre":1074.835492927,"oldacre":"1037.3586508071"},"endType":"normal"}