{"seed":[63708,35221,47576,31028],"turns":29,"p1":"Rain Ӝ̵̨̄ Zeref","p2":"Gym Ldr Mitsuka∆","p1team":[{"name":"Latias","species":"Latias","item":"lightclay","ability":"Levitate","moves":["thunderwave","lightscreen","reflect","healingwish"],"nature":"Timid","evs":{"hp":248,"atk":0,"def":0,"spa":0,"spd":8,"spe":252},"ivs":{"hp":31,"atk":31,"def":31,"spa":31,"spd":31,"spe":31}},{"name":"Goodra","species":"Goodra","item":"assaultvest","ability":"Gooey","moves":["muddywater","flamethrower","dracometeor","sludgewave"],"nature":"Modest","evs":{"hp":248,"atk":0,"def":0,"spa":252,"spd":8,"spe":0},"ivs":{"hp":31,"atk":31,"def":31,"spa":31,"spd":31,"spe":31}},{"name":"Zygarde","species":"Zygarde","item":"leftovers","ability":"Aura Break","moves":["coil","extremespeed","earthquake","dragontail"],"nature":"Adamant","evs":{"hp":252,"atk":252,"def":0,"spa":0,"spd":4,"spe":0},"ivs":{"hp":31,"atk":31,"def":31,"spa":31,"spd":31,"spe":31}},{"name":"Latios","species":"Latios","item":"choicescarf","ability":"Levitate","moves":["trick","energyball","dracometeor","icebeam"],"nature":"Timid","evs":{"hp":0,"atk":0,"def":0,"spa":252,"spd":4,"spe":252},"ivs":{"hp":31,"atk":31,"def":31,"spa":31,"spd":31,"spe":31}},{"name":"Salamence","species":"Salamence","item":"choicescarf","ability":"Moxie","moves":["crunch","outrage","earthquake","stoneedge"],"nature":"Jolly","evs":{"hp":0,"atk":252,"def":0,"spa":0,"spd":4,"spe":252},"ivs":{"hp":31,"atk":31,"def":31,"spa":31,"spd":31,"spe":31}},{"name":"Kyurem-Black","species":"Kyurem-Black","item":"choiceband","ability":"Teravolt","moves":["outrage","ironhead","fusionbolt","icebeam"],"nature":"Adamant","evs":{"hp":0,"atk":252,"def":0,"spa":0,"spd":4,"spe":252},"ivs":{"hp":31,"atk":31,"def":31,"spa":31,"spd":31,"spe":31}}],"p2team":[{"name":"Celebi","species":"Celebi","item":"choicescarf","ability":"Natural Cure","moves":["uturn","leafstorm","psychic","trick"],"nature":"Timid","evs":{"hp":4,"atk":0,"def":0,"spa":252,"spd":0,"spe":252},"ivs":{"hp":31,"atk":31,"def":31,"spa":31,"spd":31,"spe":31}},{"name":"Abomasnow","species":"Abomasnow","item":"abomasite","ability":"Soundproof","moves":["swordsdance","iceshard","earthquake","seedbomb"],"nature":"Adamant","evs":{"hp":76,"atk":200,"def":0,"spa":0,"spd":0,"spe":180},"ivs":{"hp":31,"atk":31,"def":31,"spa":31,"spd":31,"spe":31}},{"name":"Shiftry","species":"Shiftry","item":"lifeorb","ability":"Chlorophyll","moves":["fakeout","knockoff","suckerpunch","rockslide"],"nature":"Adamant","evs":{"hp":4,"atk":252,"def":0,"spa":0,"spd":0,"spe":252},"ivs":{"hp":31,"atk":30,"def":31,"spa":30,"spd":31,"spe":30}},{"name":"Cradily","species":"Cradily","item":"leftovers","ability":"Suction Cups","moves":["rocktomb","mirrorcoat","rest","stealthrock"],"nature":"Careful","evs":{"hp":252,"atk":0,"def":80,"spa":0,"spd":176,"spe":0},"ivs":{"hp":31,"atk":31,"def":31,"spa":31,"spd":31,"spe":31}},{"name":"Vileplume","species":"Vileplume","item":"rockyhelmet","ability":"Effect Spore","moves":["sleeppowder","moonblast","sludgebomb","moonlight"],"nature":"Bold","evs":{"hp":252,"atk":0,"def":252,"spa":0,"spd":4,"spe":0},"ivs":{"hp":31,"atk":31,"def":31,"spa":31,"spd":31,"spe":31}},{"name":"Shaymin","species":"Shaymin","item":"choicespecs","ability":"Natural Cure","moves":["seedflare","airslash","hiddenpowerfire","earthpower"],"nature":"Timid","evs":{"hp":0,"atk":0,"def":0,"spa":252,"spd":4,"spe":252},"ivs":{"hp":31,"atk":30,"def":31,"spa":30,"spd":31,"spe":30}}],"log":["|player|p1|Rain Ӝ̵̨̄ Zeref|rainzeref.png","|player|p2|Gym Ldr Mitsuka∆|265","|gametype|singles","|gen|6","|tier|Monotype","|rated","|rule|Baton Pass Clause: Limit one Baton Passer, can't pass Spe and other stats simultaneously","|rule|Swagger Clause: Swagger is banned","|rule|Same Type Clause: Pokémon in a team must share a type","|clearpoke","|poke|p1|Latias, F","|poke|p1|Goodra, F","|poke|p1|Zygarde","|poke|p1|Latios, M","|poke|p1|Salamence, M","|poke|p1|Kyurem-Black","|poke|p2|Celebi","|poke|p2|Abomasnow, F","|poke|p2|Shiftry, F","|poke|p2|Cradily, M","|poke|p2|Vileplume, M","|poke|p2|Shaymin","|rule|Sleep Clause Mod: Limit one foe put to sleep","|rule|Species Clause: Limit one of each Pokémon","|rule|OHKO Clause: OHKO moves are banned","|rule|Moody Clause: Moody is banned","|rule|Evasion Moves Clause: Evasion moves are banned","|rule|Endless Battle Clause: Forcing endless battles is banned","|rule|HP Percentage Mod: HP is shown in percentages","|teampreview","|","|start","|switch|p1a: Latias|Latias, F|363/363","|switch|p2a: Cradily|Cradily, M|376/376","|turn|1","|","|move|p1a: Latias|Thunder Wave|p2a: Cradily","|-status|p2a: Cradily|par","|move|p2a: Cradily|Stealth Rock|p1a: Latias","|-sidestart|p1: Rain Ӝ̵̨̄ Zeref|move: Stealth Rock","|","|turn|2","|","|switch|p1a: Latios|Latios, M|301/301","|-damage|p1a: Latios|264/301|[from] Stealth Rock","|switch|p2a: Abomasnow|Abomasnow, F|340/340","|","|turn|3","|","|move|p1a: Latios|Draco Meteor|p2a: Abomasnow","|-damage|p2a: Abomasnow|55/340","|-unboost|p1a: Latios|spa|2","|move|p2a: Abomasnow|Swords Dance|p2a: Abomasnow","|-boost|p2a: Abomasnow|atk|2","|","|turn|4","|","|detailschange|p2a: Abomasnow|Abomasnow-Mega, F","|-mega|p2a: Abomasnow|Abomasnow|Abomasite","|-weather|Hail","|move|p2a: Abomasnow|Ice Shard|p1a: Latios","|-supereffective|p1a: Latios","|-damage|p1a: Latios|0 fnt","|faint|p1a: Latios","|","|-weather|Hail|[upkeep]","|","|switch|p1a: Zygarde|Zygarde|420/420","|-damage|p1a: Zygarde|394/420|[from] Stealth Rock","|-ability|p1a: Zygarde|Aura Break","|turn|5","|","|switch|p2a: Vileplume|Vileplume, M|354/354","|move|p1a: Zygarde|Extreme Speed|p2a: Vileplume","|-damage|p2a: Vileplume|278/354","|-damage|p1a: Zygarde|324/420|[from] item: Rocky Helmet|[of] p2a: Vileplume","|","|-weather|Hail|[upkeep]","|-damage|p1a: Zygarde|298/420|[from] hail","|-damage|p2a: Vileplume|256/354|[from] hail","|-heal|p1a: Zygarde|324/420|[from] item: Leftovers","|turn|6","|","|switch|p1a: Goodra|Goodra, F|383/383","|-damage|p1a: Goodra|336/383|[from] Stealth Rock","|move|p2a: Vileplume|Moonblast|p1a: Goodra","|-supereffective|p1a: Goodra","|-damage|p1a: Goodra|260/383","|","|-weather|Hail|[upkeep]","|-damage|p1a: Goodra|237/383|[from] hail","|-damage|p2a: Vileplume|234/354|[from] hail","|turn|7","|","|switch|p2a: Cradily|Cradily, M|376/376 par","|move|p1a: Goodra|Flamethrower|p2a: Cradily","|-damage|p2a: Cradily|296/376 par","|","|-weather|Hail|[upkeep]","|-damage|p1a: Goodra|214/383|[from] hail","|-damage|p2a: Cradily|273/376 par|[from] hail","|-heal|p2a: Cradily|296/376 par|[from] item: Leftovers","|turn|8","|","|move|p1a: Goodra|Sludge Wave|p2a: Cradily","|-damage|p2a: Cradily|222/376 par","|move|p2a: Cradily|Rock Tomb|p1a: Goodra","|-damage|p1a: Goodra|141/383","|-unboost|p1a: Goodra|spe|1","|","|-weather|none","|-heal|p2a: Cradily|245/376 par|[from] item: Leftovers","|turn|9","|","|switch|p1a: Salamence|Salamence, M|331/331","|-damage|p1a: Salamence|249/331|[from] Stealth Rock","|cant|p2a: Cradily|par","|","|-heal|p2a: Cradily|268/376 par|[from] item: Leftovers","|turn|10","|","|switch|p2a: Vileplume|Vileplume, M|234/354","|move|p1a: Salamence|Outrage|p2a: Vileplume","|-damage|p2a: Vileplume|62/354","|-damage|p1a: Salamence|194/331|[from] item: Rocky Helmet|[of] p2a: Vileplume","|","|turn|11","|","|move|p1a: Salamence|Outrage|p2a: Vileplume|[from]lockedmove","|-damage|p2a: Vileplume|0 fnt","|-status|p1a: Salamence|slp","|-damage|p1a: Salamence|139/331 slp|[from] item: Rocky Helmet|[of] p2a: Vileplume","|-start|p1a: Salamence|confusion|[fatigue]","|faint|p2a: Vileplume","|-boost|p1a: Salamence|atk|1|[from] ability: Moxie","|","|","|switch|p2a: Abomasnow|Abomasnow-Mega, F|55/340","|-weather|Hail","|turn|12","|","|move|p2a: Abomasnow|Ice Shard|p1a: Salamence","|-supereffective|p1a: Salamence","|-damage|p1a: Salamence|0 fnt","|faint|p1a: Salamence","|","|-weather|Hail|[upkeep]","|","|switch|p1a: Zygarde|Zygarde|324/420","|-damage|p1a: Zygarde|298/420|[from] Stealth Rock","|-ability|p1a: Zygarde|Aura Break","|turn|13","|","|switch|p2a: Cradily|Cradily, M|268/376 par","|move|p1a: Zygarde|Extreme Speed|p2a: Cradily","|-resisted|p2a: Cradily","|-damage|p2a: Cradily|223/376 par","|","|-weather|Hail|[upkeep]","|-damage|p1a: Zygarde|272/420|[from] hail","|-damage|p2a: Cradily|200/376 par|[from] hail","|-heal|p1a: Zygarde|298/420|[from] item: Leftovers","|-heal|p2a: Cradily|223/376 par|[from] item: Leftovers","|turn|14","|","|move|p1a: Zygarde|Coil|p1a: Zygarde","|-boost|p1a: Zygarde|atk|1","|-boost|p1a: Zygarde|def|1","|-boost|p1a: Zygarde|accuracy|1","|move|p2a: Cradily|Rock Tomb|p1a: Zygarde","|-resisted|p1a: Zygarde","|-damage|p1a: Zygarde|280/420","|-unboost|p1a: Zygarde|spe|1","|","|-weather|Hail|[upkeep]","|-damage|p1a: Zygarde|254/420|[from] hail","|-damage|p2a: Cradily|200/376 par|[from] hail","|-heal|p1a: Zygarde|280/420|[from] item: Leftovers","|-heal|p2a: Cradily|223/376 par|[from] item: Leftovers","|turn|15","|","|switch|p2a: Shaymin|Shaymin|341/341","|move|p1a: Zygarde|Earthquake|p2a: Shaymin","|-resisted|p2a: Shaymin","|-damage|p2a: Shaymin|224/341","|","|-weather|Hail|[upkeep]","|-damage|p2a: Shaymin|203/341|[from] hail","|-damage|p1a: Zygarde|254/420|[from] hail","|-heal|p1a: Zygarde|280/420|[from] item: Leftovers","|turn|16","|","|switch|p1a: Goodra|Goodra, F|141/383","|-damage|p1a: Goodra|94/383|[from] Stealth Rock","|move|p2a: Shaymin|Seed Flare|p1a: Goodra","|-resisted|p1a: Goodra","|-damage|p1a: Goodra|36/383","|","|-weather|none","|turn|17","|","|move|p2a: Shaymin|Seed Flare|p1a: Goodra","|-resisted|p1a: Goodra","|-damage|p1a: Goodra|0 fnt","|faint|p1a: Goodra","|","|","|switch|p1a: Latias|Latias, F|363/363","|-damage|p1a: Latias|318/363|[from] Stealth Rock","|turn|18","|","|move|p1a: Latias|Light Screen|p1a: Latias","|-sidestart|p1: Rain Ӝ̵̨̄ Zeref|move: Light Screen","|move|p2a: Shaymin|Seed Flare|p1a: Latias","|-resisted|p1a: Latias","|-damage|p1a: Latias|265/363","|-unboost|p1a: Latias|spd|2","|","|turn|19","|","|move|p1a: Latias|Thunder Wave|p2a: Shaymin","|-status|p2a: Shaymin|par","|move|p2a: Shaymin|Seed Flare|p1a: Latias","|-resisted|p1a: Latias","|-damage|p1a: Latias|153/363","|","|turn|20","|","|move|p1a: Latias|Reflect|p1a: Latias","|-sidestart|p1: Rain Ӝ̵̨̄ Zeref|Reflect","|cant|p2a: Shaymin|par","|","|turn|21","|","|move|p1a: Latias|Healing Wish|p1a: Latias","|faint|p1a: Latias","|move|p2a: Shaymin|Seed Flare|p1: Latias|[notarget]","|-notarget","|","|","|switch|p1a: Kyurem-Black|Kyurem-Black|391/391","|-heal|p1a: Kyurem-Black|391/391|[from] move: Healing Wish","|-damage|p1a: Kyurem-Black|294/391|[from] Stealth Rock","|-ability|p1a: Kyurem-Black|Teravolt","|turn|22","|","|switch|p2a: Cradily|Cradily, M|223/376 par","|move|p1a: Kyurem-Black|Outrage|p2a: Cradily","|-damage|p2a: Cradily|0 fnt","|faint|p2a: Cradily","|","|","|switch|p2a: Shaymin|Shaymin|203/341","|turn|23","|","|move|p2a: Shaymin|Seed Flare|p1a: Kyurem-Black","|-resisted|p1a: Kyurem-Black","|-damage|p1a: Kyurem-Black|227/391","|move|p1a: Kyurem-Black|Outrage|p2a: Shaymin|[from]lockedmove","|-damage|p2a: Shaymin|0 fnt","|-start|p1a: Kyurem-Black|confusion|[fatigue]","|faint|p2a: Shaymin","|","|","|switch|p2a: Celebi|Celebi|342/342","|turn|24","|","|switch|p1a: Zygarde|Zygarde|280/420","|-damage|p1a: Zygarde|254/420|[from] Stealth Rock","|-ability|p1a: Zygarde|Aura Break","|move|p2a: Celebi|Trick|p1a: Zygarde","|-activate|p2a: Celebi|move: Trick|[of] p1a: Zygarde","|-item|p1a: Zygarde|Choice Scarf|[from] move: Trick","|-item|p2a: Celebi|Leftovers|[from] move: Trick","|","|turn|25","|","|move|p1a: Zygarde|Extreme Speed|p2a: Celebi","|-damage|p2a: Celebi|247/342","|move|p2a: Celebi|Psychic|p1a: Zygarde","|-damage|p1a: Zygarde|182/420","|","|-heal|p2a: Celebi|268/342|[from] item: Leftovers","|-sideend|p1: Rain Ӝ̵̨̄ Zeref|move: Light Screen","|turn|26","|","|move|p1a: Zygarde|Extreme Speed|p2a: Celebi","|-damage|p2a: Celebi|178/342","|move|p2a: Celebi|Psychic|p1a: Zygarde","|-damage|p1a: Zygarde|44/420","|","|-heal|p2a: Celebi|199/342|[from] item: Leftovers","|turn|27","|","|move|p1a: Zygarde|Extreme Speed|p2a: Celebi","|-damage|p2a: Celebi|107/342","|move|p2a: Celebi|Psychic|p1a: Zygarde","|-damage|p1a: Zygarde|0 fnt","|faint|p1a: Zygarde","|","|-heal|p2a: Celebi|128/342|[from] item: Leftovers","|-sideend|p1: Rain Ӝ̵̨̄ Zeref|Reflect","|","|switch|p1a: Kyurem-Black|Kyurem-Black|227/391","|-damage|p1a: Kyurem-Black|130/391|[from] Stealth Rock","|-ability|p1a: Kyurem-Black|Teravolt","|turn|28","|","|move|p2a: Celebi|U-turn|p1a: Kyurem-Black","|-damage|p1a: Kyurem-Black|84/391","|","|switch|p2a: Shiftry|Shiftry, F|322/322","|move|p1a: Kyurem-Black|Outrage|p2a: Shiftry","|-damage|p2a: Shiftry|0 fnt","|faint|p2a: Shiftry","|","|","|switch|p2a: Abomasnow|Abomasnow-Mega, F|55/340","|-weather|Hail","|turn|29","|","|move|p2a: Abomasnow|Ice Shard|p1a: Kyurem-Black","|-crit|p1a: Kyurem-Black","|-damage|p1a: Kyurem-Black|0 fnt","|faint|p1a: Kyurem-Black","|","|win|Gym Ldr Mitsuka∆"],"p1rating":{"entryid":"191502","serverid":"eos","formatid":"monotype","userid":"rainzeref","username":"Rain Zeref","w":"6","l":19,"t":"0","gxe":33.7,"r":"1340.3474674425","rd":"73.425000627431","sigma":"0","rptime":"1440406800","rpr":1370.5334987815,"rprd":67.025871792574,"rpsigma":"0","acre":1065.3222750101,"lacre":1065.3222750101,"oldacre":"1094.1714515526"},"p2rating":{"entryid":"379503","serverid":"eos","formatid":"monotype","userid":"gymldrmitsuka","username":"Gym Ldr Mitsuka∆","w":3,"l":"9","t":"0","gxe":35.7,"r":"1441.313944946","rd":"103.46670437715","sigma":"0","rptime":"1440406800","rpr":1385.9085654497,"rprd":83.557695319332,"rpsigma":"0","acre":1068.5597588891,"lacre":1068.5597588891,"oldacre":"1025.259001385"},"endType":"normal"}