{"seed":[53597,13683,24563,52986],"turns":29,"p1":"sovereign♕zoroark","p2":"Ready4Fredbear?","p1team":[{"name":"Abomasnow","species":"Abomasnow","item":"abomasite","ability":"Snow Warning","moves":["blizzard","gigadrain","hiddenpowerfire","iceshard"],"nature":"Brave","evs":{"hp":0,"atk":0,"def":4,"spa":252,"spd":252,"spe":0},"ivs":{"hp":31,"atk":30,"def":31,"spa":30,"spd":31,"spe":30},"shiny":true},{"name":"Froslass","species":"Froslass","item":"leftovers","ability":"Snow Cloak","moves":["substitute","thunderbolt","icebeam","destinybond"],"nature":"Timid","evs":{"hp":4,"atk":0,"def":0,"spa":252,"spd":0,"spe":252},"ivs":{"hp":31,"atk":31,"def":31,"spa":31,"spd":31,"spe":31}},{"name":"Kyurem-Black","species":"Kyurem-Black","item":"choicescarf","ability":"Teravolt","moves":["outrage","fusionbolt","stoneedge","facade"],"nature":"Jolly","evs":{"hp":4,"atk":252,"def":0,"spa":0,"spd":0,"spe":252},"shiny":true,"ivs":{"hp":31,"atk":31,"def":31,"spa":31,"spd":31,"spe":31}},{"name":"Mamoswine","species":"Mamoswine","item":"lifeorb","ability":"Snow Cloak","moves":["stealthrock","earthquake","iceshard","stoneedge"],"nature":"Adamant","evs":{"hp":4,"atk":252,"def":0,"spa":0,"spd":0,"spe":252},"ivs":{"hp":31,"atk":31,"def":31,"spa":31,"spd":31,"spe":31}},{"name":"Walrein","species":"Walrein","item":"choicespecs","ability":"Thick Fat","moves":["surf","icebeam","signalbeam","hiddenpowerfire"],"nature":"Modest","evs":{"hp":252,"atk":0,"def":0,"spa":252,"spd":0,"spe":4},"ivs":{"hp":31,"atk":30,"def":31,"spa":30,"spd":31,"spe":30}},{"name":"Cloyster","species":"Cloyster","item":"focussash","ability":"Skill Link","moves":["shellsmash","iciclespear","rockblast","razorshell"],"nature":"Adamant","evs":{"hp":24,"atk":252,"def":0,"spa":0,"spd":0,"spe":232},"ivs":{"hp":31,"atk":31,"def":31,"spa":31,"spd":31,"spe":31}}],"p2team":[{"name":"Loki","species":"sableye","item":"sablenite","ability":"Prankster","moves":["calmmind","recover","willowisp","snarl"],"nature":"Bold","evs":{"hp":252,"atk":0,"def":196,"spa":0,"spd":60,"spe":0},"gender":"M","ivs":{"hp":31,"atk":31,"def":31,"spa":31,"spd":31,"spe":31}},{"name":"Sobek","species":"tyranitar","item":"leftovers","ability":"Sand Stream","moves":["stoneedge","fireblast","stealthrock","thunderwave"],"nature":"Brave","evs":{"hp":252,"atk":56,"def":0,"spa":0,"spd":200,"spe":0},"gender":"M","ivs":{"hp":31,"atk":31,"def":31,"spa":31,"spd":31,"spe":31}},{"name":"Eros","species":"hoopaunbound","item":"choicescarf","ability":"Magician","moves":["hyperspacefury","hyperspacehole","gunkshot","energyball"],"nature":"Hasty","evs":{"hp":0,"atk":180,"def":0,"spa":76,"spd":0,"spe":252},"ivs":{"hp":31,"atk":31,"def":31,"spa":31,"spd":31,"spe":31}},{"name":"Akkorokamui","species":"crawdaunt","item":"lifeorb","ability":"Adaptability","moves":["knockoff","aquajet","swordsdance","crabhammer"],"nature":"Adamant","evs":{"hp":0,"atk":252,"def":0,"spa":0,"spd":4,"spe":252},"ivs":{"hp":31,"atk":31,"def":31,"spa":31,"spd":31,"spe":31}},{"name":"Urubutsin","species":"mandibuzz","item":"rockyhelmet","ability":"Overcoat","moves":["bravebird","foulplay","roost","defog"],"nature":"Impish","evs":{"hp":248,"atk":8,"def":252,"spa":0,"spd":0,"spe":0},"ivs":{"hp":31,"atk":31,"def":31,"spa":31,"spd":31,"spe":31}},{"name":"The Golem of Vilna","species":"bisharp","item":"lumberry","ability":"Defiant","moves":["swordsdance","knockoff","ironhead","suckerpunch"],"nature":"Adamant","evs":{"hp":0,"atk":252,"def":0,"spa":0,"spd":4,"spe":252},"gender":"M","ivs":{"hp":31,"atk":31,"def":31,"spa":31,"spd":31,"spe":31}}],"log":["|player|p1|sovereign♕zoroark|218","|player|p2|Ready4Fredbear?|149","|gametype|singles","|gen|6","|tier|Monotype","|rated","|rule|Baton Pass Clause: Limit one Baton Passer, can't pass Spe and other stats simultaneously","|rule|Swagger Clause: Swagger is banned","|rule|Same Type Clause: Pokémon in a team must share a type","|clearpoke","|poke|p1|Abomasnow, F, shiny","|poke|p1|Froslass, F","|poke|p1|Kyurem-Black, shiny","|poke|p1|Mamoswine, F","|poke|p1|Walrein, F","|poke|p1|Cloyster, M","|poke|p2|Sableye, M","|poke|p2|Tyranitar, M","|poke|p2|Hoopa-Unbound","|poke|p2|Crawdaunt, F","|poke|p2|Mandibuzz, F","|poke|p2|Bisharp, M","|rule|Sleep Clause Mod: Limit one foe put to sleep","|rule|Species Clause: Limit one of each Pokémon","|rule|OHKO Clause: OHKO moves are banned","|rule|Moody Clause: Moody is banned","|rule|Evasion Moves Clause: Evasion moves are banned","|rule|Endless Battle Clause: Forcing endless battles is banned","|rule|HP Percentage Mod: HP is shown in percentages","|teampreview","|","|start","|switch|p1a: Abomasnow|Abomasnow, F, shiny|321/321","|switch|p2a: Loki|Sableye, M|304/304","|-weather|Hail","|turn|1","|","|detailschange|p1a: Abomasnow|Abomasnow-Mega, F, shiny","|-mega|p1a: Abomasnow|Abomasnow|Abomasite","|move|p2a: Loki|Calm Mind|p2a: Loki","|-boost|p2a: Loki|spa|1","|-boost|p2a: Loki|spd|1","|move|p1a: Abomasnow|Blizzard|p2a: Loki","|-damage|p2a: Loki|123/304","|","|-weather|Hail|[upkeep]","|-damage|p2a: Loki|104/304|[from] hail","|turn|2","|","|move|p2a: Loki|Recover|p2a: Loki","|-heal|p2a: Loki|256/304","|move|p1a: Abomasnow|Ice Shard|p2a: Loki","|-damage|p2a: Loki|195/304","|","|-weather|Hail|[upkeep]","|-damage|p2a: Loki|176/304|[from] hail","|turn|3","|","|move|p2a: Loki|Recover|p2a: Loki","|-heal|p2a: Loki|304/304","|move|p1a: Abomasnow|Blizzard|p2a: Loki","|-damage|p2a: Loki|121/304","|","|-weather|Hail|[upkeep]","|-damage|p2a: Loki|102/304|[from] hail","|turn|4","|","|move|p2a: Loki|Recover|p2a: Loki","|-heal|p2a: Loki|254/304","|move|p1a: Abomasnow|Blizzard|p2a: Loki","|-damage|p2a: Loki|95/304","|","|-weather|Hail|[upkeep]","|-damage|p2a: Loki|76/304|[from] hail","|turn|5","|","|move|p2a: Loki|Recover|p2a: Loki","|-heal|p2a: Loki|228/304","|move|p1a: Abomasnow|Blizzard|p2a: Loki","|-damage|p2a: Loki|47/304","|","|-weather|none","|turn|6","|","|move|p2a: Loki|Recover|p2a: Loki","|-heal|p2a: Loki|199/304","|move|p1a: Abomasnow|Ice Shard|p2a: Loki","|-damage|p2a: Loki|138/304","|","|turn|7","|","|move|p2a: Loki|Recover|p2a: Loki","|-heal|p2a: Loki|290/304","|move|p1a: Abomasnow|Blizzard|p2a: Loki","|-miss|p1a: Abomasnow|p2a: Loki","|","|turn|8","|","|move|p2a: Loki|Calm Mind|p2a: Loki","|-boost|p2a: Loki|spa|1","|-boost|p2a: Loki|spd|1","|move|p1a: Abomasnow|Blizzard|p2a: Loki","|-miss|p1a: Abomasnow|p2a: Loki","|","|turn|9","|","|move|p2a: Loki|Calm Mind|p2a: Loki","|-boost|p2a: Loki|spa|1","|-boost|p2a: Loki|spd|1","|move|p1a: Abomasnow|Blizzard|p2a: Loki","|-miss|p1a: Abomasnow|p2a: Loki","|","|turn|10","|","|move|p2a: Loki|Calm Mind|p2a: Loki","|-boost|p2a: Loki|spa|1","|-boost|p2a: Loki|spd|1","|move|p1a: Abomasnow|Blizzard|p2a: Loki","|-damage|p2a: Loki|209/304","|","|turn|11","|","|move|p2a: Loki|Recover|p2a: Loki","|-heal|p2a: Loki|304/304","|move|p1a: Abomasnow|Ice Shard|p2a: Loki","|-damage|p2a: Loki|241/304","|","|turn|12","|","|move|p2a: Loki|Recover|p2a: Loki","|-heal|p2a: Loki|304/304","|move|p1a: Abomasnow|Ice Shard|p2a: Loki","|-damage|p2a: Loki|249/304","|","|turn|13","|","|move|p2a: Loki|Will-O-Wisp|p1a: Abomasnow","|-status|p1a: Abomasnow|brn","|move|p1a: Abomasnow|Ice Shard|p2a: Loki","|-damage|p2a: Loki|216/304","|","|-damage|p1a: Abomasnow|281/321 brn|[from] brn","|turn|14","|","|move|p2a: Loki|Recover|p2a: Loki","|-heal|p2a: Loki|304/304","|move|p1a: Abomasnow|Giga Drain|p2a: Loki","|-damage|p2a: Loki|246/304","|-heal|p1a: Abomasnow|310/321 brn|[from] drain|[of] p2a: Loki","|","|-damage|p1a: Abomasnow|270/321 brn|[from] brn","|turn|15","|","|detailschange|p2a: Loki|Sableye-Mega, M","|-mega|p2a: Loki|Sableye|Sablenite","|move|p2a: Loki|Snarl|p1a: Abomasnow","|-damage|p1a: Abomasnow|152/321 brn","|-unboost|p1a: Abomasnow|spa|1","|move|p1a: Abomasnow|Giga Drain|p2a: Loki","|-damage|p2a: Loki|221/304","|-heal|p1a: Abomasnow|165/321 brn|[from] drain|[of] p2a: Loki","|","|-damage|p1a: Abomasnow|125/321 brn|[from] brn","|turn|16","|","|move|p1a: Abomasnow|Giga Drain|p2a: Loki","|-damage|p2a: Loki|196/304","|-heal|p1a: Abomasnow|138/321 brn|[from] drain|[of] p2a: Loki","|move|p2a: Loki|Snarl|p1a: Abomasnow","|-damage|p1a: Abomasnow|2/321 brn","|-unboost|p1a: Abomasnow|spa|1","|","|-damage|p1a: Abomasnow|0 fnt|[from] brn","|faint|p1a: Abomasnow","|","|switch|p1a: Froslass|Froslass, F|282/282","|turn|17","|","|move|p1a: Froslass|Substitute|p1a: Froslass","|-start|p1a: Froslass|Substitute","|-damage|p1a: Froslass|212/282","|move|p2a: Loki|Will-O-Wisp|p1a: Froslass","|-fail|p1a: Froslass","|","|-heal|p1a: Froslass|229/282|[from] item: Leftovers","|turn|18","|","|move|p1a: Froslass|Ice Beam|p2a: Loki","|-damage|p2a: Loki|160/304","|move|p2a: Loki|Snarl|p1a: Froslass","|-supereffective|p1a: Froslass","|-damage|p1a: Froslass|0 fnt","|faint|p1a: Froslass","|","|","|switch|p1a: Kyurem-Black|Kyurem-Black, shiny|392/392","|-ability|p1a: Kyurem-Black|Teravolt","|turn|19","|","|move|p1a: Kyurem-Black|Outrage|p2a: Loki","|-damage|p2a: Loki|0 fnt","|faint|p2a: Loki","|","|","|switch|p2a: Sobek|Tyranitar, M|404/404","|-weather|Sandstorm","|turn|20","|","|move|p1a: Kyurem-Black|Outrage|p2a: Sobek|[from]lockedmove","|-damage|p2a: Sobek|170/404","|move|p2a: Sobek|Stone Edge|p1a: Kyurem-Black","|-supereffective|p1a: Kyurem-Black","|-damage|p1a: Kyurem-Black|50/392","|","|-weather|Sandstorm|[upkeep]","|-damage|p1a: Kyurem-Black|26/392|[from] sandstorm","|-heal|p2a: Sobek|195/404|[from] item: Leftovers","|turn|21","|","|move|p1a: Kyurem-Black|Outrage|p2a: Sobek|[from]lockedmove","|-damage|p2a: Sobek|0 fnt","|-start|p1a: Kyurem-Black|confusion|[fatigue]","|faint|p2a: Sobek","|","|-weather|Sandstorm|[upkeep]","|-damage|p1a: Kyurem-Black|2/392|[from] sandstorm","|","|switch|p2a: Akkorokamui|Crawdaunt, F|267/267","|turn|22","|","|move|p2a: Akkorokamui|Aqua Jet|p1a: Kyurem-Black","|-resisted|p1a: Kyurem-Black","|-damage|p1a: Kyurem-Black|0 fnt","|-damage|p2a: Akkorokamui|241/267|[from] item: Life Orb","|faint|p1a: Kyurem-Black","|","|-weather|Sandstorm|[upkeep]","|-damage|p2a: Akkorokamui|225/267|[from] sandstorm","|","|switch|p1a: Mamoswine|Mamoswine, F|362/362","|turn|23","|","|move|p2a: Akkorokamui|Aqua Jet|p1a: Mamoswine","|-supereffective|p1a: Mamoswine","|-damage|p1a: Mamoswine|34/362","|-damage|p2a: Akkorokamui|199/267|[from] item: Life Orb","|move|p1a: Mamoswine|Earthquake|p2a: Akkorokamui","|-damage|p2a: Akkorokamui|0 fnt","|-damage|p1a: Mamoswine|0 fnt|[from] item: Life Orb","|faint|p2a: Akkorokamui","|faint|p1a: Mamoswine","|","|-weather|Sandstorm|[upkeep]","|","|switch|p2a: Eros|Hoopa-Unbound|301/301","|switch|p1a: Cloyster|Cloyster, M|247/247","|turn|24","|","|move|p2a: Eros|Energy Ball|p1a: Cloyster","|-supereffective|p1a: Cloyster","|-enditem|p1a: Cloyster|Focus Sash","|-damage|p1a: Cloyster|1/247","|move|p1a: Cloyster|Icicle Spear|p2a: Eros","|-damage|p2a: Eros|234/301","|-crit|p2a: Eros","|-damage|p2a: Eros|134/301","|-crit|p2a: Eros","|-damage|p2a: Eros|26/301","|-damage|p2a: Eros|0 fnt","|-hitcount|p2a: Eros|4","|faint|p2a: Eros","|","|-weather|none","|","|switch|p2a: The Golem of Vilna|Bisharp, M|271/271","|turn|25","|","|move|p2a: The Golem of Vilna|Swords Dance|p2a: The Golem of Vilna","|-boost|p2a: The Golem of Vilna|atk|2","|move|p1a: Cloyster|Rock Blast|p2a: The Golem of Vilna","|-crit|p2a: The Golem of Vilna","|-resisted|p2a: The Golem of Vilna","|-damage|p2a: The Golem of Vilna|252/271","|-resisted|p2a: The Golem of Vilna","|-damage|p2a: The Golem of Vilna|238/271","|-resisted|p2a: The Golem of Vilna","|-damage|p2a: The Golem of Vilna|226/271","|-resisted|p2a: The Golem of Vilna","|-damage|p2a: The Golem of Vilna|214/271","|-resisted|p2a: The Golem of Vilna","|-damage|p2a: The Golem of Vilna|200/271","|-hitcount|p2a: The Golem of Vilna|5","|","|turn|26","|","|move|p2a: The Golem of Vilna|Sucker Punch|p1a: Cloyster","|-damage|p1a: Cloyster|0 fnt","|faint|p1a: Cloyster","|","|","|switch|p1a: Walrein|Walrein, F|424/424","|turn|27","|","|move|p2a: The Golem of Vilna|Iron Head|p1a: Walrein","|-damage|p1a: Walrein|94/424","|move|p1a: Walrein|Hidden Power|p2a: The Golem of Vilna","|-supereffective|p2a: The Golem of Vilna","|-damage|p2a: The Golem of Vilna|0 fnt","|faint|p2a: The Golem of Vilna","|","|","|switch|p2a: Urubutsin|Mandibuzz, F|423/423","|turn|28","|","|move|p2a: Urubutsin|Foul Play|p1a: Walrein","|-damage|p1a: Walrein|10/424","|move|p1a: Walrein|Hidden Power|p2a: Urubutsin","|-damage|p2a: Urubutsin|318/423","|","|turn|29","|","|move|p2a: Urubutsin|Foul Play|p1a: Walrein","|-damage|p1a: Walrein|0 fnt","|faint|p1a: Walrein","|","|win|Ready4Fredbear?"],"p1rating":{"entryid":"313593","serverid":"eos","formatid":"monotype","userid":"sovereignzoroark","username":"sovereign♕zoroark","w":"10","l":31,"t":"0","gxe":27.2,"r":"1322.0725980657","rd":"55.316099561562","sigma":"0","rptime":"1440406800","rpr":1312.6541233233,"rprd":54.328748013112,"rpsigma":"0","acre":1002.1576585162,"lacre":1002.1576585162,"oldacre":"1014.9210820473"},"p2rating":{"entryid":"393868","serverid":"eos","formatid":"monotype","userid":"ready4fredbear","username":"Ready4Fredbear?","w":1,"l":"1","t":"0","gxe":48.5,"r":"1500","rd":"130","sigma":"0","rptime":"1440406800","rpr":1488.2605430173,"rprd":117.39954552085,"rpsigma":"0","acre":1041.7167977047,"lacre":1041.7167977047,"oldacre":"1000"},"endType":"normal"}