{"seed":[24846,45767,2422,33167],"turns":19,"p1":"Gym Ldr Mitsuka∆","p2":"Guard Wanderer","p1team":[{"name":"Bellossom","species":"Bellossom","item":"rockyhelmet","ability":"Chlorophyll","moves":["sleeppowder","gigadrain","moonblast","teeterdance"],"nature":"Bold","evs":{"hp":252,"atk":0,"def":224,"spa":0,"spd":32,"spe":0},"ivs":{"hp":31,"atk":30,"def":31,"spa":30,"spd":31,"spe":30}},{"name":"Abomasnow","species":"Abomasnow","item":"abomasite","ability":"Soundproof","moves":["iceshard","blizzard","hiddenpowerfire","gigadrain"],"nature":"Timid","evs":{"hp":4,"atk":0,"def":0,"spa":252,"spd":0,"spe":252},"ivs":{"hp":31,"atk":30,"def":31,"spa":30,"spd":31,"spe":30}},{"name":"Roserade","species":"Roserade","item":"choicescarf","ability":"Technician","moves":["hiddenpowerrock","extrasensory","sludgebomb","gigadrain"],"nature":"Timid","evs":{"hp":0,"atk":0,"def":0,"spa":252,"spd":4,"spe":252},"ivs":{"hp":31,"atk":31,"def":30,"spa":31,"spd":30,"spe":30}},{"name":"Shiftry","species":"Shiftry","item":"lifeorb","ability":"Chlorophyll","moves":["defog","suckerpunch","knockoff","leafblade"],"nature":"Adamant","evs":{"hp":0,"atk":252,"def":0,"spa":0,"spd":4,"spe":252},"ivs":{"hp":31,"atk":31,"def":31,"spa":31,"spd":31,"spe":31}},{"name":"Ferrothorn","species":"Ferrothorn","item":"occaberry","ability":"Iron Barbs","moves":["stealthrock","thunderwave","knockoff","ironhead"],"nature":"Impish","evs":{"hp":252,"atk":0,"def":128,"spa":0,"spd":128,"spe":0},"ivs":{"hp":31,"atk":31,"def":31,"spa":31,"spd":31,"spe":31}},{"name":"Breloom","species":"Breloom","item":"focussash","ability":"Technician","moves":["spore","machpunch","bulletseed","rocktomb"],"nature":"Jolly","evs":{"hp":0,"atk":252,"def":0,"spa":0,"spd":4,"spe":252},"ivs":{"hp":31,"atk":31,"def":31,"spa":31,"spd":31,"spe":31}}],"p2team":[{"name":"Ferrothorn","species":"Ferrothorn","item":"rockyhelmet","ability":"Iron Barbs","moves":["knockoff","stealthrock","thunderwave","sunnyday"],"nature":"Relaxed","evs":{"hp":248,"atk":8,"def":252,"spa":0,"spd":0,"spe":0},"ivs":{"hp":31,"atk":31,"def":31,"spa":31,"spd":31,"spe":0}},{"name":"Rotom-Mow","species":"Rotom-Mow","item":"choicescarf","ability":"Levitate","moves":["trick","willowisp","discharge","voltswitch"],"nature":"Timid","evs":{"hp":0,"atk":0,"def":0,"spa":252,"spd":4,"spe":252},"ivs":{"hp":31,"atk":31,"def":31,"spa":31,"spd":31,"spe":31}},{"name":"Ludicolo","species":"Ludicolo","item":"bindingband","ability":"Swift Swim","moves":["raindance","scald","leechseed","whirlpool"],"nature":"Modest","evs":{"hp":248,"atk":0,"def":0,"spa":252,"spd":8,"spe":0},"ivs":{"hp":31,"atk":31,"def":31,"spa":31,"spd":31,"spe":31}},{"name":"Sawsbuck","species":"Sawsbuck","item":"silkscarf","ability":"Chlorophyll","moves":["return","attract","retaliate","thunderwave"],"nature":"Adamant","evs":{"hp":0,"atk":252,"def":0,"spa":0,"spd":4,"spe":252},"gender":"F","ivs":{"hp":31,"atk":31,"def":31,"spa":31,"spd":31,"spe":31}},{"name":"Serperior","species":"Serperior","item":"miracleseed","ability":"Contrary","moves":["substitute","dragonpulse","leafstorm","hiddenpowerrock"],"nature":"Timid","evs":{"hp":0,"atk":0,"def":0,"spa":252,"spd":4,"spe":252},"ivs":{"hp":31,"atk":31,"def":30,"spa":31,"spd":30,"spe":30}},{"name":"Cacturne","species":"Cacturne","item":"focussash","ability":"Sand Veil","moves":["suckerpunch","spikyshield","swordsdance","drainpunch"],"nature":"Adamant","evs":{"hp":248,"atk":252,"def":0,"spa":0,"spd":8,"spe":0},"ivs":{"hp":31,"atk":31,"def":31,"spa":31,"spd":31,"spe":31}}],"log":["|player|p1|Gym Ldr Mitsuka∆|265","|player|p2|Guard Wanderer|235","|gametype|singles","|gen|6","|tier|Monotype","|rated","|rule|Baton Pass Clause: Limit one Baton Passer, can't pass Spe and other stats simultaneously","|rule|Swagger Clause: Swagger is banned","|rule|Same Type Clause: Pokémon in a team must share a type","|clearpoke","|poke|p1|Bellossom, F","|poke|p1|Abomasnow, M","|poke|p1|Roserade, F","|poke|p1|Shiftry, F","|poke|p1|Ferrothorn, F","|poke|p1|Breloom, M","|poke|p2|Ferrothorn, F","|poke|p2|Rotom-Mow","|poke|p2|Ludicolo, F","|poke|p2|Sawsbuck, F","|poke|p2|Serperior, M","|poke|p2|Cacturne, F","|rule|Sleep Clause Mod: Limit one foe put to sleep","|rule|Species Clause: Limit one of each Pokémon","|rule|OHKO Clause: OHKO moves are banned","|rule|Moody Clause: Moody is banned","|rule|Evasion Moves Clause: Evasion moves are banned","|rule|Endless Battle Clause: Forcing endless battles is banned","|rule|HP Percentage Mod: HP is shown in percentages","|teampreview","|","|start","|switch|p1a: Abomasnow|Abomasnow, M|322/322","|switch|p2a: Ferrothorn|Ferrothorn, F|351/351","|turn|1","|","|detailschange|p1a: Abomasnow|Abomasnow-Mega, M","|-mega|p1a: Abomasnow|Abomasnow|Abomasite","|-weather|Hail","|move|p1a: Abomasnow|Hidden Power|p2a: Ferrothorn","|-supereffective|p2a: Ferrothorn","|-damage|p2a: Ferrothorn|111/351","|move|p2a: Ferrothorn|Stealth Rock|p1a: Abomasnow","|-sidestart|p1: Gym Ldr Mitsuka∆|move: Stealth Rock","|","|-weather|Hail|[upkeep]","|-damage|p2a: Ferrothorn|90/351|[from] hail","|turn|2","|","|switch|p2a: Ludicolo|Ludicolo, F|363/363","|move|p1a: Abomasnow|Blizzard|p2a: Ludicolo","|-damage|p2a: Ludicolo|168/363","|","|-weather|Hail|[upkeep]","|-damage|p2a: Ludicolo|146/363|[from] hail","|turn|3","|","|move|p2a: Ludicolo|Rain Dance|p2a: Ludicolo","|-weather|RainDance","|move|p1a: Abomasnow|Blizzard|p2a: Ludicolo","|-miss|p1a: Abomasnow|p2a: Ludicolo","|","|-weather|RainDance|[upkeep]","|turn|4","|","|move|p2a: Ludicolo|Scald|p1a: Abomasnow","|-resisted|p1a: Abomasnow","|-damage|p1a: Abomasnow|232/322","|-status|p1a: Abomasnow|brn","|move|p1a: Abomasnow|Giga Drain|p2a: Ludicolo","|-damage|p2a: Ludicolo|1/363","|-heal|p1a: Abomasnow|305/322 brn|[from] drain|[of] p2a: Ludicolo","|","|-weather|RainDance|[upkeep]","|-damage|p1a: Abomasnow|265/322 brn|[from] brn","|turn|5","|","|switch|p2a: Ferrothorn|Ferrothorn, F|90/351","|move|p1a: Abomasnow|Ice Shard|p2a: Ferrothorn","|-damage|p2a: Ferrothorn|75/351","|","|-weather|RainDance|[upkeep]","|-damage|p1a: Abomasnow|225/322 brn|[from] brn","|turn|6","|","|move|p1a: Abomasnow|Hidden Power|p2a: Ferrothorn","|-supereffective|p2a: Ferrothorn","|-damage|p2a: Ferrothorn|0 fnt","|faint|p2a: Ferrothorn","|","|-weather|RainDance|[upkeep]","|-damage|p1a: Abomasnow|185/322 brn|[from] brn","|","|switch|p2a: Cacturne|Cacturne, F|343/343","|turn|7","|","|move|p1a: Abomasnow|Blizzard|p2a: Cacturne","|-supereffective|p2a: Cacturne","|-enditem|p2a: Cacturne|Focus Sash","|-damage|p2a: Cacturne|1/343","|move|p2a: Cacturne|Drain Punch|p1a: Abomasnow","|-supereffective|p1a: Abomasnow","|-damage|p1a: Abomasnow|11/322 brn","|-heal|p2a: Cacturne|88/343|[from] drain|[of] p1a: Abomasnow","|","|-weather|none","|-damage|p1a: Abomasnow|0 fnt|[from] brn","|faint|p1a: Abomasnow","|","|switch|p1a: Shiftry|Shiftry, F|321/321","|-damage|p1a: Shiftry|281/321|[from] Stealth Rock","|turn|8","|","|move|p1a: Shiftry|Knock Off|p2a: Cacturne","|-resisted|p2a: Cacturne","|-damage|p2a: Cacturne|0 fnt","|-damage|p1a: Shiftry|249/321|[from] item: Life Orb","|faint|p2a: Cacturne","|","|","|switch|p2a: Sawsbuck|Sawsbuck, F|301/301","|turn|9","|","|move|p2a: Sawsbuck|Retaliate|p1a: Shiftry","|-crit|p1a: Shiftry","|-damage|p1a: Shiftry|0 fnt","|faint|p1a: Shiftry","|","|","|switch|p1a: Ferrothorn|Ferrothorn, F|352/352","|-damage|p1a: Ferrothorn|330/352|[from] Stealth Rock","|turn|10","|","|switch|p2a: Rotom-Mow|Rotom-Mow|241/241","|move|p1a: Ferrothorn|Thunder Wave|p2a: Rotom-Mow","|-immune|p2a: Rotom-Mow|[msg]","|","|turn|11","|","|move|p2a: Rotom-Mow|Trick|p1a: Ferrothorn","|-activate|p2a: Rotom-Mow|move: Trick|[of] p1a: Ferrothorn","|-item|p1a: Ferrothorn|Choice Scarf|[from] move: Trick","|-item|p2a: Rotom-Mow|Occa Berry|[from] move: Trick","|move|p1a: Ferrothorn|Stealth Rock|p2a: Rotom-Mow","|-sidestart|p2: Guard Wanderer|move: Stealth Rock","|","|turn|12","|","|switch|p1a: Bellossom|Bellossom, F|354/354","|-damage|p1a: Bellossom|310/354|[from] Stealth Rock","|move|p2a: Rotom-Mow|Will-O-Wisp|p1a: Bellossom","|-status|p1a: Bellossom|brn","|","|-damage|p1a: Bellossom|266/354 brn|[from] brn","|turn|13","|","|move|p2a: Rotom-Mow|Volt Switch|p1a: Bellossom","|-resisted|p1a: Bellossom","|-damage|p1a: Bellossom|214/354 brn","|","|switch|p2a: Ludicolo|Ludicolo, F|1/363","|-damage|p2a: Ludicolo|0 fnt|[from] Stealth Rock","|faint|p2a: Ludicolo","|move|p1a: Bellossom|Teeter Dance|p2: Ludicolo|[notarget]","|-notarget","|","|-damage|p1a: Bellossom|170/354 brn|[from] brn","|","|switch|p2a: Sawsbuck|Sawsbuck, F|301/301","|-damage|p2a: Sawsbuck|264/301|[from] Stealth Rock","|turn|14","|","|switch|p1a: Ferrothorn|Ferrothorn, F|330/352","|-damage|p1a: Ferrothorn|308/352|[from] Stealth Rock","|move|p2a: Sawsbuck|Retaliate|p1a: Ferrothorn","|-resisted|p1a: Ferrothorn","|-damage|p1a: Ferrothorn|224/352","|-damage|p2a: Sawsbuck|227/301|[from] ability: Iron Barbs|[of] p1a: Ferrothorn","|","|turn|15","|","|move|p2a: Sawsbuck|Thunder Wave|p1a: Ferrothorn","|-status|p1a: Ferrothorn|par","|move|p1a: Ferrothorn|Knock Off|p2a: Sawsbuck","|-damage|p2a: Sawsbuck|128/301","|-enditem|p2a: Sawsbuck|Silk Scarf|[from] move: Knock Off|[of] p1a: Ferrothorn","|","|turn|16","|","|move|p2a: Sawsbuck|Return|p1a: Ferrothorn","|-resisted|p1a: Ferrothorn","|-damage|p1a: Ferrothorn|168/352 par","|-damage|p2a: Sawsbuck|91/301|[from] ability: Iron Barbs|[of] p1a: Ferrothorn","|move|p1a: Ferrothorn|Knock Off|p2a: Sawsbuck","|-damage|p2a: Sawsbuck|21/301","|","|turn|17","|","|switch|p1a: Bellossom|Bellossom, F|170/354 brn","|-damage|p1a: Bellossom|126/354 brn|[from] Stealth Rock","|move|p2a: Sawsbuck|Return|p1a: Bellossom","|-damage|p1a: Bellossom|3/354 brn","|-damage|p2a: Sawsbuck|0 fnt|[from] item: Rocky Helmet|[of] p1a: Bellossom","|faint|p2a: Sawsbuck","|","|-damage|p1a: Bellossom|0 fnt|[from] brn","|faint|p1a: Bellossom","|","|switch|p2a: Serperior|Serperior, M|291/291","|switch|p1a: Roserade|Roserade, F|261/261","|-damage|p1a: Roserade|229/261|[from] Stealth Rock","|-damage|p2a: Serperior|255/291|[from] Stealth Rock","|turn|18","|","|move|p1a: Roserade|Sludge Bomb|p2a: Serperior","|-supereffective|p2a: Serperior","|-damage|p2a: Serperior|0 fnt","|faint|p2a: Serperior","|","|","|switch|p2a: Rotom-Mow|Rotom-Mow|241/241","|-damage|p2a: Rotom-Mow|211/241|[from] Stealth Rock","|turn|19","|","|move|p1a: Roserade|Sludge Bomb|p2a: Rotom-Mow","|-supereffective|p2a: Rotom-Mow","|-damage|p2a: Rotom-Mow|0 fnt","|faint|p2a: Rotom-Mow","|","|win|Gym Ldr Mitsuka∆"],"p1rating":{"entryid":"379503","serverid":"eos","formatid":"monotype","userid":"gymldrmitsuka","username":"Gym Ldr Mitsuka∆","w":4,"l":"11","t":"0","gxe":35.7,"r":"1441.313944946","rd":"103.46670437715","sigma":"0","rptime":"1440406800","rpr":1386.2740303199,"rprd":77.919170812293,"rpsigma":"0","acre":1067.6008981878,"lacre":1067.6008981878,"oldacre":"1036.7470943425"},"p2rating":{"entryid":"9966","serverid":"eos","formatid":"monotype","userid":"guardwanderer","username":"Guard Wanderer","w":"20","l":39,"t":"0","gxe":36.3,"r":"1460.2300294704","rd":"51.851987647183","sigma":"0","rptime":"1440406800","rpr":1392.9809261769,"rprd":45.688496309465,"rpsigma":"0","acre":1000,"lacre":1000,"oldacre":"1000"},"endType":"normal"}