{"seed":[9820,3506,39204,1653],"turns":30,"p1":"Alliance ♋ akaFila","p2":"Silver LadyLaxus","p1team":[{"name":"Hoopa-Unbound","species":"Hoopa-Unbound","item":"choiceband","ability":"Magician","moves":["hyperspacefury","facade","icepunch","drainpunch"],"nature":"Adamant","evs":{"hp":248,"atk":252,"def":0,"spa":0,"spd":8,"spe":0},"ivs":{"hp":31,"atk":31,"def":31,"spa":31,"spd":31,"spe":31}},{"name":"Sharpedo","species":"Sharpedo","item":"lifeorb","ability":"Speed Boost","moves":["hydropump","darkpulse","destinybond","protect"],"nature":"Modest","evs":{"hp":0,"atk":0,"def":0,"spa":252,"spd":4,"spe":252},"ivs":{"hp":31,"atk":31,"def":31,"spa":31,"spd":31,"spe":31}},{"name":"Pangoro","species":"Pangoro","item":"choicescarf","ability":"Iron Fist","moves":["drainpunch","knockoff","earthquake","partingshot"],"nature":"Jolly","evs":{"hp":0,"atk":252,"def":0,"spa":0,"spd":4,"spe":252},"ivs":{"hp":31,"atk":31,"def":31,"spa":31,"spd":31,"spe":31}},{"name":"Mandibuzz","species":"Mandibuzz","item":"rockyhelmet","ability":"Overcoat","moves":["foulplay","toxic","roost","defog"],"nature":"Bold","evs":{"hp":248,"atk":0,"def":252,"spa":0,"spd":8,"spe":0},"ivs":{"hp":31,"atk":31,"def":31,"spa":31,"spd":31,"spe":31}},{"name":"Tyranitar","species":"Tyranitar","item":"assaultvest","ability":"Sand Stream","moves":["crunch","earthquake","stoneedge","fireblast"],"nature":"Sassy","evs":{"hp":252,"atk":0,"def":6,"spa":0,"spd":252,"spe":0},"ivs":{"hp":31,"atk":31,"def":31,"spa":31,"spd":31,"spe":31}},{"name":"Bisharp","species":"Bisharp","item":"focussash","ability":"Defiant","moves":["swordsdance","knockoff","ironhead","suckerpunch"],"nature":"Adamant","evs":{"hp":248,"atk":252,"def":0,"spa":0,"spd":8,"spe":0},"ivs":{"hp":31,"atk":31,"def":31,"spa":31,"spd":31,"spe":31}}],"p2team":[{"name":"Houndoom","species":"Houndoom","item":"houndoominite","ability":"Flash Fire","moves":["fireblast","destinybond","darkpulse","nastyplot"],"nature":"Timid","evs":{"hp":0,"atk":0,"def":0,"spa":252,"spd":4,"spe":252},"ivs":{"hp":31,"atk":31,"def":31,"spa":31,"spd":31,"spe":31}},{"name":"Sableye","species":"Sableye","item":"ejectbutton","ability":"Prankster","moves":["sunnyday","snarl","calmmind","recover"],"nature":"Bold","evs":{"hp":248,"atk":0,"def":252,"spa":8,"spd":0,"spe":0},"ivs":{"hp":31,"atk":31,"def":31,"spa":31,"spd":31,"spe":31}},{"name":"Tyranitar","species":"Tyranitar","item":"assaultvest","ability":"Unnerve","moves":["crunch","stoneedge","earthquake","fireblast"],"nature":"Naughty","evs":{"hp":248,"atk":252,"def":0,"spa":8,"spd":0,"spe":0},"ivs":{"hp":31,"atk":31,"def":31,"spa":31,"spd":31,"spe":31}},{"name":"Krookodile","species":"Krookodile","item":"choicescarf","ability":"Moxie","moves":["earthquake","crunch","brickbreak","firefang"],"nature":"Jolly","evs":{"hp":0,"atk":252,"def":0,"spa":0,"spd":4,"spe":252},"ivs":{"hp":31,"atk":31,"def":31,"spa":31,"spd":31,"spe":31}},{"name":"Honchkrow","species":"Honchkrow","item":"leftovers","ability":"Super Luck","moves":["heatwave","aircutter","defog","psychic"],"nature":"Modest","evs":{"hp":252,"atk":0,"def":0,"spa":252,"spd":4,"spe":0},"ivs":{"hp":31,"atk":31,"def":31,"spa":31,"spd":31,"spe":31}},{"name":"Bisharp","species":"Bisharp","item":"focussash","ability":"Defiant","moves":["metalburst","knockoff","ironhead","swordsdance"],"nature":"Adamant","evs":{"hp":248,"atk":252,"def":0,"spa":0,"spd":8,"spe":0},"ivs":{"hp":31,"atk":31,"def":31,"spa":31,"spd":31,"spe":31}}],"log":["|player|p1|Alliance ♋ akaFila|allianceakafila.gif","|player|p2|Silver LadyLaxus|100","|gametype|singles","|gen|6","|tier|Monotype","|rated","|rule|Baton Pass Clause: Limit one Baton Passer, can't pass Spe and other stats simultaneously","|rule|Swagger Clause: Swagger is banned","|rule|Same Type Clause: Pokémon in a team must share a type","|clearpoke","|poke|p1|Hoopa-Unbound","|poke|p1|Sharpedo, M","|poke|p1|Pangoro, M","|poke|p1|Mandibuzz, F","|poke|p1|Tyranitar, M","|poke|p1|Bisharp, M","|poke|p2|Houndoom, M","|poke|p2|Sableye, M","|poke|p2|Tyranitar, F","|poke|p2|Krookodile, F","|poke|p2|Honchkrow, F","|poke|p2|Bisharp, F","|rule|Sleep Clause Mod: Limit one foe put to sleep","|rule|Species Clause: Limit one of each Pokémon","|rule|OHKO Clause: OHKO moves are banned","|rule|Moody Clause: Moody is banned","|rule|Evasion Moves Clause: Evasion moves are banned","|rule|Endless Battle Clause: Forcing endless battles is banned","|rule|HP Percentage Mod: HP is shown in percentages","|teampreview","|","|start","|switch|p1a: Mandibuzz|Mandibuzz, F|423/423","|switch|p2a: Sableye|Sableye, M|303/303","|turn|1","|","|move|p2a: Sableye|Sunny Day|p2a: Sableye","|-weather|SunnyDay","|move|p1a: Mandibuzz|Toxic|p2a: Sableye","|-status|p2a: Sableye|tox","|","|-weather|SunnyDay|[upkeep]","|-damage|p2a: Sableye|285/303 tox|[from] psn","|turn|2","|","|switch|p2a: Houndoom|Houndoom, M|291/291","|move|p1a: Mandibuzz|Foul Play|p2a: Houndoom","|-resisted|p2a: Houndoom","|-damage|p2a: Houndoom|214/291","|","|-weather|SunnyDay|[upkeep]","|turn|3","|","|switch|p1a: Tyranitar|Tyranitar, M|404/404","|-weather|Sandstorm","|detailschange|p2a: Houndoom|Houndoom-Mega, M","|-mega|p2a: Houndoom|Houndoom|Houndoominite","|move|p2a: Houndoom|Fire Blast|p1a: Tyranitar","|-resisted|p1a: Tyranitar","|-damage|p1a: Tyranitar|373/404","|","|-weather|Sandstorm|[upkeep]","|-damage|p2a: Houndoom|196/291|[from] sandstorm","|turn|4","|","|switch|p2a: Krookodile|Krookodile, F|331/331","|move|p1a: Tyranitar|Earthquake|p2a: Krookodile","|-crit|p2a: Krookodile","|-damage|p2a: Krookodile|135/331","|","|-weather|Sandstorm|[upkeep]","|turn|5","|","|switch|p1a: Mandibuzz|Mandibuzz, F|423/423","|move|p2a: Krookodile|Brick Break|p1a: Mandibuzz","|-damage|p1a: Mandibuzz|367/423","|-damage|p2a: Krookodile|80/331|[from] item: Rocky Helmet|[of] p1a: Mandibuzz","|","|-weather|Sandstorm|[upkeep]","|turn|6","|","|switch|p2a: Tyranitar|Tyranitar, F|403/403","|-ability|p2a: Tyranitar|Unnerve|p1: Alliance ♋ akaFila","|move|p1a: Mandibuzz|Toxic|p2a: Tyranitar","|-status|p2a: Tyranitar|tox","|","|-weather|Sandstorm|[upkeep]","|-damage|p2a: Tyranitar|378/403 tox|[from] psn","|turn|7","|","|move|p1a: Mandibuzz|Foul Play|p2a: Tyranitar","|-resisted|p2a: Tyranitar","|-damage|p2a: Tyranitar|293/403 tox","|move|p2a: Tyranitar|Earthquake|p1a: Mandibuzz","|-immune|p1a: Mandibuzz|[msg]","|","|-weather|none","|-damage|p2a: Tyranitar|243/403 tox|[from] psn","|turn|8","|","|move|p1a: Mandibuzz|Roost|p1a: Mandibuzz","|-heal|p1a: Mandibuzz|423/423","|move|p2a: Tyranitar|Stone Edge|p1a: Mandibuzz","|-crit|p1a: Mandibuzz","|-damage|p1a: Mandibuzz|197/423","|","|-damage|p2a: Tyranitar|168/403 tox|[from] psn","|turn|9","|","|move|p1a: Mandibuzz|Roost|p1a: Mandibuzz","|-heal|p1a: Mandibuzz|409/423","|move|p2a: Tyranitar|Stone Edge|p1a: Mandibuzz","|-damage|p1a: Mandibuzz|258/423","|","|-damage|p2a: Tyranitar|68/403 tox|[from] psn","|turn|10","|","|switch|p2a: Honchkrow|Honchkrow, F|404/404","|move|p1a: Mandibuzz|Foul Play|p2a: Honchkrow","|-resisted|p2a: Honchkrow","|-damage|p2a: Honchkrow|295/404","|","|-heal|p2a: Honchkrow|320/404|[from] item: Leftovers","|turn|11","|","|move|p1a: Mandibuzz|Roost|p1a: Mandibuzz","|-heal|p1a: Mandibuzz|423/423","|move|p2a: Honchkrow|Air Cutter|p1a: Mandibuzz","|-crit|p1a: Mandibuzz","|-damage|p1a: Mandibuzz|255/423","|","|-heal|p2a: Honchkrow|345/404|[from] item: Leftovers","|turn|12","|","|move|p1a: Mandibuzz|Roost|p1a: Mandibuzz","|-heal|p1a: Mandibuzz|423/423","|move|p2a: Honchkrow|Air Cutter|p1a: Mandibuzz","|-damage|p1a: Mandibuzz|320/423","|","|-heal|p2a: Honchkrow|370/404|[from] item: Leftovers","|turn|13","|","|move|p1a: Mandibuzz|Toxic|p2a: Honchkrow|[miss]","|-miss|p1a: Mandibuzz|p2a: Honchkrow","|move|p2a: Honchkrow|Air Cutter|p1a: Mandibuzz","|-crit|p1a: Mandibuzz","|-damage|p1a: Mandibuzz|152/423","|","|-heal|p2a: Honchkrow|395/404|[from] item: Leftovers","|turn|14","|","|switch|p1a: Tyranitar|Tyranitar, M|373/404","|-weather|Sandstorm","|move|p2a: Honchkrow|Air Cutter|p1a: Tyranitar","|-crit|p1a: Tyranitar","|-resisted|p1a: Tyranitar","|-damage|p1a: Tyranitar|349/404","|","|-weather|Sandstorm|[upkeep]","|-damage|p2a: Honchkrow|370/404|[from] sandstorm","|-heal|p2a: Honchkrow|395/404|[from] item: Leftovers","|turn|15","|","|switch|p2a: Bisharp|Bisharp, F|333/333","|move|p1a: Tyranitar|Stone Edge|p2a: Bisharp|[miss]","|-miss|p1a: Tyranitar|p2a: Bisharp","|","|-weather|Sandstorm|[upkeep]","|turn|16","|","|switch|p1a: Mandibuzz|Mandibuzz, F|152/423","|move|p2a: Bisharp|Iron Head|p1a: Mandibuzz","|-damage|p1a: Mandibuzz|53/423","|-damage|p2a: Bisharp|278/333|[from] item: Rocky Helmet|[of] p1a: Mandibuzz","|","|-weather|Sandstorm|[upkeep]","|turn|17","|","|move|p1a: Mandibuzz|Roost|p1a: Mandibuzz","|-heal|p1a: Mandibuzz|265/423","|move|p2a: Bisharp|Iron Head|p1a: Mandibuzz","|-damage|p1a: Mandibuzz|168/423","|-damage|p2a: Bisharp|223/333|[from] item: Rocky Helmet|[of] p1a: Mandibuzz","|","|-weather|Sandstorm|[upkeep]","|turn|18","|","|move|p1a: Mandibuzz|Foul Play|p2a: Bisharp","|-resisted|p2a: Bisharp","|-damage|p2a: Bisharp|136/333","|move|p2a: Bisharp|Swords Dance|p2a: Bisharp","|-boost|p2a: Bisharp|atk|2","|","|-weather|none","|turn|19","|","|move|p1a: Mandibuzz|Foul Play|p2a: Bisharp","|-resisted|p2a: Bisharp","|-damage|p2a: Bisharp|0 fnt","|faint|p2a: Bisharp","|","|","|switch|p2a: Tyranitar|Tyranitar, F|68/403 tox","|-ability|p2a: Tyranitar|Unnerve|p1: Alliance ♋ akaFila","|turn|20","|","|move|p1a: Mandibuzz|Roost|p1a: Mandibuzz","|-heal|p1a: Mandibuzz|380/423","|move|p2a: Tyranitar|Stone Edge|p1a: Mandibuzz","|-crit|p1a: Mandibuzz","|-damage|p1a: Mandibuzz|184/423","|","|-damage|p2a: Tyranitar|43/403 tox|[from] psn","|turn|21","|","|switch|p2a: Honchkrow|Honchkrow, F|395/404","|move|p1a: Mandibuzz|Roost|p1a: Mandibuzz","|-heal|p1a: Mandibuzz|396/423","|","|-heal|p2a: Honchkrow|404/404|[from] item: Leftovers","|turn|22","|","|switch|p1a: Tyranitar|Tyranitar, M|349/404","|-weather|Sandstorm","|switch|p2a: Krookodile|Krookodile, F|80/331","|","|-weather|Sandstorm|[upkeep]","|turn|23","|","|switch|p2a: Houndoom|Houndoom-Mega, M|196/291","|switch|p1a: Mandibuzz|Mandibuzz, F|396/423","|","|-weather|Sandstorm|[upkeep]","|-damage|p2a: Houndoom|178/291|[from] sandstorm","|turn|24","|","|move|p2a: Houndoom|Fire Blast|p1a: Mandibuzz","|-damage|p1a: Mandibuzz|171/423","|move|p1a: Mandibuzz|Toxic|p2a: Houndoom","|-status|p2a: Houndoom|tox","|","|-weather|Sandstorm|[upkeep]","|-damage|p2a: Houndoom|160/291 tox|[from] sandstorm","|-damage|p2a: Houndoom|142/291 tox|[from] psn","|turn|25","|","|switch|p1a: Tyranitar|Tyranitar, M|349/404","|move|p2a: Houndoom|Fire Blast|p1a: Tyranitar","|-resisted|p1a: Tyranitar","|-damage|p1a: Tyranitar|316/404","|","|-weather|Sandstorm|[upkeep]","|-damage|p2a: Houndoom|124/291 tox|[from] sandstorm","|-damage|p2a: Houndoom|88/291 tox|[from] psn","|turn|26","|","|move|p2a: Houndoom|Destiny Bond|p2a: Houndoom","|-singlemove|p2a: Houndoom|Destiny Bond","|move|p1a: Tyranitar|Earthquake|p2a: Houndoom","|-supereffective|p2a: Houndoom","|-damage|p2a: Houndoom|0 fnt","|faint|p2a: Houndoom","|-activate|p2a: Houndoom|Destiny Bond","|faint|p1a: Tyranitar","|","|-weather|none","|","|switch|p1a: Sharpedo|Sharpedo, M|281/281","|switch|p2a: Honchkrow|Honchkrow, F|404/404","|turn|27","|","|move|p1a: Sharpedo|Hydro Pump|p2a: Honchkrow","|-damage|p2a: Honchkrow|0 fnt","|-damage|p1a: Sharpedo|253/281|[from] item: Life Orb","|faint|p2a: Honchkrow","|","|-boost|p1a: Sharpedo|spe|1|[from] ability: Speed Boost","|","|switch|p2a: Sableye|Sableye, M|285/303 tox","|turn|28","|","|move|p1a: Sharpedo|Hydro Pump|p2a: Sableye","|-damage|p2a: Sableye|0 fnt","|-damage|p1a: Sharpedo|225/281|[from] item: Life Orb","|faint|p2a: Sableye","|","|-boost|p1a: Sharpedo|spe|1|[from] ability: Speed Boost","|","|switch|p2a: Tyranitar|Tyranitar, F|43/403 tox","|-ability|p2a: Tyranitar|Unnerve|p1: Alliance ♋ akaFila","|turn|29","|","|move|p1a: Sharpedo|Dark Pulse|p2a: Tyranitar","|-resisted|p2a: Tyranitar","|-damage|p2a: Tyranitar|0 fnt","|-damage|p1a: Sharpedo|197/281|[from] item: Life Orb","|faint|p2a: Tyranitar","|","|-boost|p1a: Sharpedo|spe|1|[from] ability: Speed Boost","|","|switch|p2a: Krookodile|Krookodile, F|80/331","|turn|30","|","|move|p1a: Sharpedo|Dark Pulse|p2a: Krookodile","|-resisted|p2a: Krookodile","|-damage|p2a: Krookodile|0 fnt","|-damage|p1a: Sharpedo|169/281|[from] item: Life Orb","|faint|p2a: Krookodile","|","|win|Alliance ♋ akaFila"],"p1rating":{"entryid":"126995","serverid":"eos","formatid":"monotype","userid":"allianceakafila","username":"Alliance ♋ akaFila","w":12,"l":"10","t":"0","gxe":51.6,"r":"1497.6019119775","rd":"69.448135282431","sigma":"0","rptime":"1440406800","rpr":1512.0362554205,"rprd":68.245482749726,"rpsigma":"0","acre":1124.6918557944,"lacre":1124.6918557944,"oldacre":"1098.7038523647"},"p2rating":{"entryid":"221665","serverid":"eos","formatid":"monotype","userid":"silverladylaxus","username":"Silver LadyLaxus","w":"6","l":5,"t":"0","gxe":56.2,"r":"1545.9049391545","rd":"101.75961480727","sigma":"0","rptime":"1440406800","rpr":1548.5708869447,"rprd":84.125579818768,"rpsigma":"0","acre":1083.863644199,"lacre":1083.863644199,"oldacre":"1109.6511015178"},"endType":"normal"}