{"seed":[14452,46539,16040,34904],"turns":29,"p1":"ApexProf SMogOn","p2":"Gym Ldr Mitsuka∆","p1team":[{"name":"Landorus-Therian","species":"Landorus-Therian","item":"choicescarf","ability":"Intimidate","moves":["stoneedge","earthquake","knockoff","uturn"],"nature":"Jolly","evs":{"hp":0,"atk":252,"def":0,"spa":0,"spd":4,"spe":252},"ivs":{"hp":31,"atk":31,"def":31,"spa":31,"spd":31,"spe":31}},{"name":"Garchomp","species":"Garchomp","item":"choicescarf","ability":"Rough Skin","moves":["outrage","earthquake","stoneedge","fireblast"],"nature":"Naive","evs":{"hp":0,"atk":252,"def":0,"spa":4,"spd":0,"spe":252},"ivs":{"hp":31,"atk":31,"def":31,"spa":31,"spd":31,"spe":31}},{"name":"Gliscor","species":"Gliscor","item":"toxicorb","ability":"Poison Heal","moves":["swordsdance","knockoff","earthquake","roost"],"nature":"Adamant","evs":{"hp":184,"atk":252,"def":0,"spa":0,"spd":0,"spe":72},"gender":"M","ivs":{"hp":31,"atk":31,"def":31,"spa":31,"spd":31,"spe":31}},{"name":"Gastrodon","species":"Gastrodon","item":"leftovers","ability":"Storm Drain","moves":["toxic","stockpile","scald","recover"],"nature":"Bold","evs":{"hp":252,"atk":0,"def":252,"spa":0,"spd":4,"spe":0},"gender":"M","ivs":{"hp":31,"atk":31,"def":31,"spa":31,"spd":31,"spe":31}},{"name":"Nidoking","species":"Nidoking","item":"choicescarf","ability":"Sheer Force","moves":["thunderbolt","fireblast","sludgebomb","icebeam"],"nature":"Timid","evs":{"hp":0,"atk":0,"def":0,"spa":252,"spd":4,"spe":252},"ivs":{"hp":31,"atk":31,"def":31,"spa":31,"spd":31,"spe":31}},{"name":"Zygarde","species":"Zygarde","item":"lumberry","ability":"Aura Break","moves":["dragondance","outrage","earthquake","extremespeed"],"nature":"Adamant","evs":{"hp":0,"atk":252,"def":0,"spa":0,"spd":4,"spe":252},"ivs":{"hp":31,"atk":31,"def":31,"spa":31,"spd":31,"spe":31}}],"p2team":[{"name":"Celebi","species":"Celebi","item":"lifeorb","ability":"Natural Cure","moves":["recover","suckerpunch","zenheadbutt","swordsdance"],"nature":"Adamant","evs":{"hp":176,"atk":252,"def":0,"spa":0,"spd":0,"spe":80},"ivs":{"hp":31,"atk":31,"def":31,"spa":31,"spd":31,"spe":31}},{"name":"Abomasnow","species":"Abomasnow","item":"abomasite","ability":"Soundproof","moves":["swordsdance","iceshard","earthquake","seedbomb"],"nature":"Adamant","evs":{"hp":76,"atk":252,"def":0,"spa":0,"spd":0,"spe":180},"ivs":{"hp":31,"atk":31,"def":31,"spa":31,"spd":31,"spe":31}},{"name":"Shiftry","species":"Shiftry","item":"lifeorb","ability":"Chlorophyll","moves":["focusblast","darkpulse","extrasensory","hiddenpowerfire"],"nature":"Timid","evs":{"hp":0,"atk":0,"def":0,"spa":252,"spd":4,"spe":252},"ivs":{"hp":31,"atk":30,"def":31,"spa":30,"spd":31,"spe":30}},{"name":"Cradily","species":"Cradily","item":"leftovers","ability":"Suction Cups","moves":["rocktomb","toxic","recover","curse"],"nature":"Careful","evs":{"hp":252,"atk":4,"def":20,"spa":0,"spd":232,"spe":0},"ivs":{"hp":31,"atk":31,"def":31,"spa":31,"spd":31,"spe":31}},{"name":"Vileplume","species":"Vileplume","item":"rockyhelmet","ability":"Effect Spore","moves":["sleeppowder","moonblast","sludgebomb","gigadrain"],"nature":"Bold","evs":{"hp":252,"atk":0,"def":252,"spa":0,"spd":4,"spe":0},"ivs":{"hp":31,"atk":31,"def":31,"spa":31,"spd":31,"spe":31}},{"name":"Victreebel","species":"Victreebel","item":"focussash","ability":"Chlorophyll","moves":["hiddenpowerrock","gigadrain","acidspray","sleeppowder"],"nature":"Timid","evs":{"hp":0,"atk":0,"def":0,"spa":252,"spd":4,"spe":252},"ivs":{"hp":31,"atk":31,"def":30,"spa":31,"spd":30,"spe":30}}],"log":["|player|p1|ApexProf SMogOn|290","|player|p2|Gym Ldr Mitsuka∆|1","|gametype|singles","|gen|6","|tier|Monotype","|rated","|rule|Baton Pass Clause: Limit one Baton Passer, can't pass Spe and other stats simultaneously","|rule|Swagger Clause: Swagger is banned","|rule|Same Type Clause: Pokémon in a team must share a type","|clearpoke","|poke|p1|Landorus-Therian, M","|poke|p1|Garchomp, M","|poke|p1|Gliscor, M","|poke|p1|Gastrodon, M","|poke|p1|Nidoking, M","|poke|p1|Zygarde","|poke|p2|Celebi","|poke|p2|Abomasnow, M","|poke|p2|Shiftry, M","|poke|p2|Cradily, M","|poke|p2|Vileplume, F","|poke|p2|Victreebel, M","|rule|Sleep Clause Mod: Limit one foe put to sleep","|rule|Species Clause: Limit one of each Pokémon","|rule|OHKO Clause: OHKO moves are banned","|rule|Moody Clause: Moody is banned","|rule|Evasion Moves Clause: Evasion moves are banned","|rule|Endless Battle Clause: Forcing endless battles is banned","|rule|HP Percentage Mod: HP is shown in percentages","|teampreview","|","|start","|switch|p1a: Nidoking|Nidoking, M|303/303","|switch|p2a: Victreebel|Victreebel, M|301/301","|turn|1","|","|move|p1a: Nidoking|Fire Blast|p2a: Victreebel","|-supereffective|p2a: Victreebel","|-enditem|p2a: Victreebel|Focus Sash","|-damage|p2a: Victreebel|1/301","|move|p2a: Victreebel|Sleep Powder|p1a: Nidoking","|-status|p1a: Nidoking|slp","|","|turn|2","|","|cant|p1a: Nidoking|slp","|move|p2a: Victreebel|Giga Drain|p1a: Nidoking","|-damage|p1a: Nidoking|171/303 slp","|-heal|p2a: Victreebel|67/301|[from] drain|[of] p1a: Nidoking","|","|turn|3","|","|switch|p2a: Cradily|Cradily, M|376/376","|-curestatus|p1a: Nidoking|slp","|move|p1a: Nidoking|Fire Blast|p2a: Cradily","|-damage|p2a: Cradily|292/376","|","|-heal|p2a: Cradily|315/376|[from] item: Leftovers","|turn|4","|","|switch|p1a: Landorus-Therian|Landorus-Therian, M|319/319","|-ability|p1a: Landorus-Therian|Intimidate","|-unboost|p2a: Cradily|atk|1","|move|p2a: Cradily|Curse|p2a: Cradily","|-unboost|p2a: Cradily|spe|1","|-boost|p2a: Cradily|atk|1","|-boost|p2a: Cradily|def|1","|","|-heal|p2a: Cradily|338/376|[from] item: Leftovers","|turn|5","|","|move|p1a: Landorus-Therian|U-turn|p2a: Cradily","|-supereffective|p2a: Cradily","|-damage|p2a: Cradily|214/376","|","|switch|p1a: Garchomp|Garchomp, M|357/357","|move|p2a: Cradily|Curse|p2a: Cradily","|-unboost|p2a: Cradily|spe|1","|-boost|p2a: Cradily|atk|1","|-boost|p2a: Cradily|def|1","|","|-heal|p2a: Cradily|237/376|[from] item: Leftovers","|turn|6","|","|move|p1a: Garchomp|Outrage|p2a: Cradily","|-damage|p2a: Cradily|137/376","|move|p2a: Cradily|Curse|p2a: Cradily","|-unboost|p2a: Cradily|spe|1","|-boost|p2a: Cradily|atk|1","|-boost|p2a: Cradily|def|1","|","|-heal|p2a: Cradily|160/376|[from] item: Leftovers","|turn|7","|","|move|p1a: Garchomp|Outrage|p2a: Cradily|[from]lockedmove","|-damage|p2a: Cradily|76/376","|-start|p1a: Garchomp|confusion|[fatigue]","|move|p2a: Cradily|Recover|p2a: Cradily","|-heal|p2a: Cradily|264/376","|","|-heal|p2a: Cradily|287/376|[from] item: Leftovers","|turn|8","|","|switch|p1a: Gastrodon|Gastrodon, M|426/426","|move|p2a: Cradily|Toxic|p1a: Gastrodon","|-status|p1a: Gastrodon|tox","|","|-heal|p2a: Cradily|310/376|[from] item: Leftovers","|-damage|p1a: Gastrodon|400/426 tox|[from] psn","|turn|9","|","|move|p1a: Gastrodon|Toxic|p2a: Cradily","|-status|p2a: Cradily|tox","|move|p2a: Cradily|Curse|p2a: Cradily","|-unboost|p2a: Cradily|spe|1","|-boost|p2a: Cradily|atk|1","|-boost|p2a: Cradily|def|1","|","|-heal|p1a: Gastrodon|426/426 tox|[from] item: Leftovers","|-heal|p2a: Cradily|333/376 tox|[from] item: Leftovers","|-damage|p1a: Gastrodon|374/426 tox|[from] psn","|-damage|p2a: Cradily|310/376 tox|[from] psn","|turn|10","|","|move|p1a: Gastrodon|Scald|p2a: Cradily","|-damage|p2a: Cradily|250/376 tox","|move|p2a: Cradily|Rock Tomb|p1a: Gastrodon","|-resisted|p1a: Gastrodon","|-damage|p1a: Gastrodon|300/426 tox","|-unboost|p1a: Gastrodon|spe|1","|","|-heal|p1a: Gastrodon|326/426 tox|[from] item: Leftovers","|-heal|p2a: Cradily|273/376 tox|[from] item: Leftovers","|-damage|p1a: Gastrodon|248/426 tox|[from] psn","|-damage|p2a: Cradily|227/376 tox|[from] psn","|turn|11","|","|move|p1a: Gastrodon|Stockpile|p1a: Gastrodon","|-start|p1a: Gastrodon|stockpile1","|-boost|p1a: Gastrodon|def|1","|-boost|p1a: Gastrodon|spd|1","|move|p2a: Cradily|Recover|p2a: Cradily","|-heal|p2a: Cradily|376/376 tox","|","|-heal|p1a: Gastrodon|274/426 tox|[from] item: Leftovers","|-damage|p1a: Gastrodon|170/426 tox|[from] psn","|-damage|p2a: Cradily|307/376 tox|[from] psn","|turn|12","|","|move|p1a: Gastrodon|Recover|p1a: Gastrodon","|-heal|p1a: Gastrodon|383/426 tox","|move|p2a: Cradily|Rock Tomb|p1a: Gastrodon","|-resisted|p1a: Gastrodon","|-damage|p1a: Gastrodon|338/426 tox","|-unboost|p1a: Gastrodon|spe|1","|","|-heal|p1a: Gastrodon|364/426 tox|[from] item: Leftovers","|-heal|p2a: Cradily|330/376 tox|[from] item: Leftovers","|-damage|p1a: Gastrodon|234/426 tox|[from] psn","|-damage|p2a: Cradily|238/376 tox|[from] psn","|turn|13","|","|move|p1a: Gastrodon|Stockpile|p1a: Gastrodon","|-start|p1a: Gastrodon|stockpile2","|-boost|p1a: Gastrodon|def|1","|-boost|p1a: Gastrodon|spd|1","|move|p2a: Cradily|Recover|p2a: Cradily","|-heal|p2a: Cradily|376/376 tox","|","|-heal|p1a: Gastrodon|260/426 tox|[from] item: Leftovers","|-damage|p1a: Gastrodon|104/426 tox|[from] psn","|-damage|p2a: Cradily|261/376 tox|[from] psn","|turn|14","|","|switch|p2a: Victreebel|Victreebel, M|67/301","|move|p1a: Gastrodon|Recover|p1a: Gastrodon","|-heal|p1a: Gastrodon|317/426 tox","|","|-heal|p1a: Gastrodon|343/426 tox|[from] item: Leftovers","|-damage|p1a: Gastrodon|161/426 tox|[from] psn","|turn|15","|","|move|p2a: Victreebel|Giga Drain|p1a: Gastrodon","|-supereffective|p1a: Gastrodon","|-damage|p1a: Gastrodon|0 fnt","|-heal|p2a: Victreebel|148/301|[from] drain|[of] p1a: Gastrodon","|faint|p1a: Gastrodon","|","|","|switch|p1a: Nidoking|Nidoking, M|171/303","|turn|16","|","|switch|p2a: Cradily|Cradily, M|261/376 tox","|move|p1a: Nidoking|Ice Beam|p2a: Cradily","|-supereffective|p2a: Cradily","|-damage|p2a: Cradily|103/376 tox","|","|-heal|p2a: Cradily|126/376 tox|[from] item: Leftovers","|-damage|p2a: Cradily|103/376 tox|[from] psn","|turn|17","|","|move|p1a: Nidoking|Ice Beam|p2a: Cradily","|-supereffective|p2a: Cradily","|-damage|p2a: Cradily|0 fnt","|faint|p2a: Cradily","|","|","|switch|p2a: Celebi|Celebi|385/385","|turn|18","|","|switch|p1a: Landorus-Therian|Landorus-Therian, M|319/319","|-ability|p1a: Landorus-Therian|Intimidate","|-unboost|p2a: Celebi|atk|1","|move|p2a: Celebi|Zen Headbutt|p1a: Landorus-Therian","|-damage|p1a: Landorus-Therian|206/319","|-damage|p2a: Celebi|347/385|[from] item: Life Orb","|","|turn|19","|","|switch|p2a: Vileplume|Vileplume, F|354/354","|move|p1a: Landorus-Therian|U-turn|p2a: Vileplume","|-damage|p2a: Vileplume|281/354","|-status|p1a: Landorus-Therian|par","|-damage|p1a: Landorus-Therian|153/319 par|[from] item: Rocky Helmet|[of] p2a: Vileplume","|","|switch|p1a: Nidoking|Nidoking, M|171/303","|","|turn|20","|","|move|p1a: Nidoking|Fire Blast|p2a: Vileplume","|-supereffective|p2a: Vileplume","|-damage|p2a: Vileplume|27/354","|move|p2a: Vileplume|Sleep Powder|p1a: Nidoking","|-status|p1a: Nidoking|slp","|","|turn|21","|","|cant|p1a: Nidoking|slp","|move|p2a: Vileplume|Giga Drain|p1a: Nidoking","|-damage|p1a: Nidoking|51/303 slp","|-heal|p2a: Vileplume|87/354|[from] drain|[of] p1a: Nidoking","|","|turn|22","|","|cant|p1a: Nidoking|slp","|move|p2a: Vileplume|Giga Drain|p1a: Nidoking","|-damage|p1a: Nidoking|0 fnt","|-heal|p2a: Vileplume|113/354|[from] drain|[of] p1a: Nidoking","|faint|p1a: Nidoking","|","|","|switch|p1a: Garchomp|Garchomp, M|357/357","|turn|23","|","|move|p1a: Garchomp|Fire Blast|p2a: Vileplume|[miss]","|-miss|p1a: Garchomp|p2a: Vileplume","|move|p2a: Vileplume|Moonblast|p1a: Garchomp","|-crit|p1a: Garchomp","|-supereffective|p1a: Garchomp","|-damage|p1a: Garchomp|45/357","|","|turn|24","|","|move|p1a: Garchomp|Fire Blast|p2a: Vileplume","|-supereffective|p2a: Vileplume","|-damage|p2a: Vileplume|0 fnt","|faint|p2a: Vileplume","|","|","|switch|p2a: Abomasnow|Abomasnow, M|340/340","|turn|25","|","|detailschange|p2a: Abomasnow|Abomasnow-Mega, M","|-mega|p2a: Abomasnow|Abomasnow|Abomasite","|-weather|Hail","|move|p2a: Abomasnow|Ice Shard|p1a: Garchomp","|-supereffective|p1a: Garchomp","|-damage|p1a: Garchomp|0 fnt","|faint|p1a: Garchomp","|","|-weather|Hail|[upkeep]","|","|switch|p1a: Landorus-Therian|Landorus-Therian, M|153/319 par","|-ability|p1a: Landorus-Therian|Intimidate","|-unboost|p2a: Abomasnow|atk|1","|turn|26","|","|move|p2a: Abomasnow|Ice Shard|p1a: Landorus-Therian","|-supereffective|p1a: Landorus-Therian","|-damage|p1a: Landorus-Therian|0 fnt","|faint|p1a: Landorus-Therian","|","|-weather|Hail|[upkeep]","|","|switch|p1a: Gliscor|Gliscor, M|337/337","|turn|27","|","|move|p1a: Gliscor|Swords Dance|p1a: Gliscor","|-boost|p1a: Gliscor|atk|2","|move|p2a: Abomasnow|Swords Dance|p2a: Abomasnow","|-boost|p2a: Abomasnow|atk|2","|","|-weather|Hail|[upkeep]","|-damage|p1a: Gliscor|316/337|[from] hail","|-status|p1a: Gliscor|tox|[from] item: Toxic Orb","|turn|28","|","|move|p2a: Abomasnow|Ice Shard|p1a: Gliscor","|-supereffective|p1a: Gliscor","|-damage|p1a: Gliscor|0 fnt","|faint|p1a: Gliscor","|","|-weather|Hail|[upkeep]","|","|switch|p1a: Zygarde|Zygarde|357/357","|-ability|p1a: Zygarde|Aura Break","|turn|29","|","|move|p2a: Abomasnow|Ice Shard|p1a: Zygarde","|-supereffective|p1a: Zygarde","|-damage|p1a: Zygarde|0 fnt","|faint|p1a: Zygarde","|","|win|Gym Ldr Mitsuka∆"],"p1rating":{"entryid":"318042","serverid":"eos","formatid":"monotype","userid":"apexprofsmogon","username":"ApexProf","w":"5","l":5,"t":"0","gxe":54.6,"r":"1524.0907258551","rd":"107.23573718583","sigma":"0","rptime":"1440320400","rpr":1536.0451270879,"rprd":87.835639672862,"rpsigma":"0","acre":1078.5429550867,"lacre":1078.5429550867,"oldacre":"1111.2876727916"},"p2rating":{"entryid":379503,"formatid":"monotype","userid":"gymldrmitsuka","username":"Gym Ldr Mitsuka∆","r":1500,"rd":130,"sigma":0,"rpr":1543.6174786282,"rprd":122.56892071694,"rpsigma":0,"rptime":1440320400,"w":1,"l":0,"t":0,"gxe":55.4,"acre":1052.3915483278,"lacre":1052.3915483278,"oldacre":1000},"endType":"normal"}