{"seed":[14923,59910,26246,17414],"turns":23,"p1":"Adviser♕Boo","p2":"Alliance - Asurax","p1team":[{"name":"Scary d00d","species":"aegislash","item":"weaknesspolicy","ability":"Stance Change","moves":["kingsshield","shadowsneak","sacredsword","swordsdance"],"nature":"Adamant","evs":{"hp":248,"atk":252,"def":0,"spa":0,"spd":8,"spe":0},"ivs":{"hp":31,"atk":31,"def":31,"spa":31,"spd":31,"spe":31}},{"name":"Scarier d00d","species":"dusclops","item":"eviolite","ability":"Pressure","moves":["painsplit","willowisp","nightshade","trickroom"],"nature":"Bold","evs":{"hp":248,"atk":0,"def":252,"spa":0,"spd":8,"spe":0},"ivs":{"hp":31,"atk":31,"def":31,"spa":31,"spd":31,"spe":0}},{"name":"Scariest d00d","species":"sableye","item":"sablenite","ability":"Keen Eye","moves":["willowisp","calmmind","recover","darkpulse"],"nature":"Serious","evs":{"hp":252,"atk":0,"def":4,"spa":0,"spd":252,"spe":0},"ivs":{"hp":31,"atk":31,"def":31,"spa":31,"spd":31,"spe":31}},{"name":"Jellicent","species":"Jellicent","item":"leftovers","ability":"Water Absorb","moves":["scald","recover","confuseray","hex"],"nature":"Calm","evs":{"hp":252,"atk":0,"def":0,"spa":4,"spd":252,"spe":0},"ivs":{"hp":31,"atk":31,"def":31,"spa":31,"spd":31,"spe":31}},{"name":"Trevenant","species":"Trevenant","item":"sitrusberry","ability":"Harvest","moves":["leechseed","willowisp","trickroom","hornleech"],"nature":"Careful","evs":{"hp":248,"atk":8,"def":0,"spa":0,"spd":252,"spe":0},"ivs":{"hp":31,"atk":31,"def":31,"spa":31,"spd":31,"spe":0}},{"name":"Chandelure","species":"Chandelure","item":"choicescarf","ability":"Flash Fire","moves":["flamethrower","energyball","shadowball","trick"],"nature":"Timid","evs":{"hp":0,"atk":0,"def":0,"spa":252,"spd":4,"spe":252},"ivs":{"hp":31,"atk":31,"def":31,"spa":31,"spd":31,"spe":31}}],"p2team":[{"name":"Skarmory","species":"Skarmory","item":"custapberry","ability":"Sturdy","moves":["bravebird","stealthrock","spikes","tailwind"],"nature":"Adamant","evs":{"hp":0,"atk":252,"def":4,"spa":0,"spd":0,"spe":252},"ivs":{"hp":31,"atk":31,"def":31,"spa":31,"spd":31,"spe":31}},{"name":"Bisharp","species":"Bisharp","item":"focussash","ability":"Defiant","moves":["suckerpunch","knockoff","psychocut","swordsdance"],"nature":"Adamant","evs":{"hp":0,"atk":252,"def":4,"spa":0,"spd":0,"spe":252},"ivs":{"hp":31,"atk":31,"def":31,"spa":31,"spd":31,"spe":31}},{"name":"Doublade","species":"Doublade","item":"eviolite","ability":"No Guard","moves":["shadowsneak","swordsdance","gyroball","sacredsword"],"nature":"Brave","evs":{"hp":252,"atk":252,"def":4,"spa":0,"spd":0,"spe":0},"ivs":{"hp":31,"atk":31,"def":31,"spa":31,"spd":31,"spe":0}},{"name":"Scizor","species":"Scizor","item":"scizorite","ability":"Technician","moves":["swordsdance","bulletpunch","bugbite","roost"],"nature":"Adamant","evs":{"hp":248,"atk":252,"def":0,"spa":0,"spd":8,"spe":0},"ivs":{"hp":31,"atk":31,"def":31,"spa":31,"spd":31,"spe":31}},{"name":"Heatran","species":"Heatran","item":"airballoon","ability":"Flash Fire","moves":["stoneedge","hiddenpowerice","fireblast","earthpower"],"nature":"Modest","evs":{"hp":0,"atk":0,"def":0,"spa":252,"spd":52,"spe":204},"ivs":{"hp":31,"atk":30,"def":30,"spa":31,"spd":31,"spe":31}},{"name":"Lucario","species":"Lucario","item":"lifeorb","ability":"Inner Focus","moves":["icepunch","extremespeed","closecombat","swordsdance"],"nature":"Jolly","evs":{"hp":0,"atk":252,"def":4,"spa":0,"spd":0,"spe":252},"ivs":{"hp":31,"atk":31,"def":31,"spa":31,"spd":31,"spe":31}}],"log":["|player|p1|Adviser♕Boo|adviserboo.gif","|player|p2|Alliance - Asurax|allianceasurax.png","|gametype|singles","|gen|6","|tier|Monotype","|rated","|rule|Baton Pass Clause: Limit one Baton Passer, can't pass Spe and other stats simultaneously","|rule|Swagger Clause: Swagger is banned","|rule|Same Type Clause: Pokémon in a team must share a type","|clearpoke","|poke|p1|Aegislash, F","|poke|p1|Dusclops, M","|poke|p1|Sableye, M","|poke|p1|Jellicent, M","|poke|p1|Trevenant, M","|poke|p1|Chandelure, M","|poke|p2|Skarmory, F","|poke|p2|Bisharp, M","|poke|p2|Doublade, F","|poke|p2|Scizor, M","|poke|p2|Heatran, M","|poke|p2|Lucario, M","|rule|Sleep Clause Mod: Limit one foe put to sleep","|rule|Species Clause: Limit one of each Pokémon","|rule|OHKO Clause: OHKO moves are banned","|rule|Moody Clause: Moody is banned","|rule|Evasion Moves Clause: Evasion moves are banned","|rule|Endless Battle Clause: Forcing endless battles is banned","|rule|HP Percentage Mod: HP is shown in percentages","|teampreview","|","|start","|switch|p1a: Scariest d00d|Sableye, M|304/304","|switch|p2a: Skarmory|Skarmory, F|271/271","|turn|1","|","|switch|p2a: Heatran|Heatran, M|323/323","|-item|p2a: Heatran|Air Balloon","|detailschange|p1a: Scariest d00d|Sableye-Mega, M","|-mega|p1a: Scariest d00d|Sableye|Sablenite","|move|p1a: Scariest d00d|Calm Mind|p1a: Scariest d00d","|-boost|p1a: Scariest d00d|spa|1","|-boost|p1a: Scariest d00d|spd|1","|","|turn|2","|","|move|p2a: Heatran|Fire Blast|p1a: Scariest d00d","|-damage|p1a: Scariest d00d|196/304","|move|p1a: Scariest d00d|Dark Pulse|p2a: Heatran","|-damage|p2a: Heatran|218/323","|-enditem|p2a: Heatran|Air Balloon","|","|turn|3","|","|switch|p2a: Scizor|Scizor, M|343/343","|move|p1a: Scariest d00d|Calm Mind|p1a: Scariest d00d","|-boost|p1a: Scariest d00d|spa|1","|-boost|p1a: Scariest d00d|spd|1","|","|turn|4","|","|detailschange|p2a: Scizor|Scizor-Mega, M","|-mega|p2a: Scizor|Scizor|Scizorite","|move|p2a: Scizor|Bug Bite|p1a: Scariest d00d","|-damage|p1a: Scariest d00d|43/304","|move|p1a: Scariest d00d|Will-O-Wisp|p2a: Scizor","|-status|p2a: Scizor|brn","|","|-damage|p2a: Scizor|301/343 brn|[from] brn","|turn|5","|","|move|p2a: Scizor|Bug Bite|p1a: Scariest d00d","|-damage|p1a: Scariest d00d|0 fnt","|faint|p1a: Scariest d00d","|","|-damage|p2a: Scizor|259/343 brn|[from] brn","|","|switch|p1a: Scarier d00d|Dusclops, M|283/283","|-ability|p1a: Scarier d00d|Pressure","|turn|6","|","|move|p2a: Scizor|Bug Bite|p1a: Scarier d00d","|-resisted|p1a: Scarier d00d","|-damage|p1a: Scarier d00d|262/283","|move|p1a: Scarier d00d|Trick Room|p1a: Scarier d00d","|-fieldstart|move: Trick Room|[of] p1a: Scarier d00d","|","|-damage|p2a: Scizor|217/343 brn|[from] brn","|turn|7","|","|move|p1a: Scarier d00d|Night Shade|p2a: Scizor","|-damage|p2a: Scizor|117/343 brn","|move|p2a: Scizor|Roost|p2a: Scizor","|-heal|p2a: Scizor|289/343 brn","|","|-damage|p2a: Scizor|247/343 brn|[from] brn","|turn|8","|","|switch|p1a: Trevenant|Trevenant, M|373/373","|move|p2a: Scizor|Swords Dance|p2a: Scizor","|-boost|p2a: Scizor|atk|2","|","|-damage|p2a: Scizor|205/343 brn|[from] brn","|turn|9","|","|move|p1a: Trevenant|Leech Seed|p2a: Scizor","|-start|p2a: Scizor|move: Leech Seed","|move|p2a: Scizor|Bug Bite|p1a: Trevenant","|-damage|p1a: Trevenant|124/373","|-enditem|p1a: Trevenant|Sitrus Berry|[from] stealeat|[move] Bug Bite|[of] p2a: Scizor","|-heal|p2a: Scizor|290/343 brn|[from] item: Sitrus Berry","|","|-damage|p2a: Scizor|248/343 brn|[from] Leech Seed|[of] p1a: Trevenant","|-heal|p1a: Trevenant|166/373|[silent]","|-damage|p2a: Scizor|206/343 brn|[from] brn","|turn|10","|","|switch|p1a: Scary d00d|Aegislash, F|323/323","|move|p2a: Scizor|Bug Bite|p1a: Scary d00d","|-resisted|p1a: Scary d00d","|-damage|p1a: Scary d00d|290/323","|","|-damage|p2a: Scizor|164/343 brn|[from] Leech Seed|[of] p1a: Scary d00d","|-heal|p1a: Scary d00d|323/323|[silent]","|-damage|p2a: Scizor|122/343 brn|[from] brn","|-fieldend|move: Trick Room","|turn|11","|","|switch|p2a: Heatran|Heatran, M|218/323","|move|p1a: Scary d00d|Swords Dance|p1a: Scary d00d","|-boost|p1a: Scary d00d|atk|2","|","|turn|12","|","|move|p1a: Scary d00d|King's Shield|p1a: Scary d00d","|-singleturn|p1a: Scary d00d|Protect","|move|p2a: Heatran|Fire Blast|p1a: Scary d00d","|-activate|p1a: Scary d00d|Protect","|","|turn|13","|","|move|p2a: Heatran|Fire Blast|p1a: Scary d00d","|-supereffective|p1a: Scary d00d","|-damage|p1a: Scary d00d|23/323","|-enditem|p1a: Scary d00d|Weakness Policy","|-boost|p1a: Scary d00d|atk|2|[from] item: Weakness Policy","|-boost|p1a: Scary d00d|spa|2|[from] item: Weakness Policy","|move|p1a: Scary d00d|Swords Dance|p1a: Scary d00d","|-boost|p1a: Scary d00d|atk|2","|","|turn|14","|","|switch|p2a: Lucario|Lucario, M|281/281","|-formechange|p1a: Scary d00d|Aegislash-Blade","|move|p1a: Scary d00d|Shadow Sneak|p2a: Lucario","|-damage|p2a: Lucario|0 fnt","|faint|p2a: Lucario","|","|","|switch|p2a: Scizor|Scizor-Mega, M|122/343 brn","|turn|15","|","|-formechange|p1a: Scary d00d|Aegislash","|move|p1a: Scary d00d|King's Shield|p1a: Scary d00d","|-singleturn|p1a: Scary d00d|Protect","|move|p2a: Scizor|Roost|p2a: Scizor","|-heal|p2a: Scizor|294/343 brn","|","|-damage|p2a: Scizor|252/343 brn|[from] brn","|turn|16","|","|move|p2a: Scizor|Bullet Punch|p1a: Scary d00d","|-resisted|p1a: Scary d00d","|-damage|p1a: Scary d00d|0 fnt","|faint|p1a: Scary d00d","|","|-damage|p2a: Scizor|210/343 brn|[from] brn","|","|switch|p1a: Jellicent|Jellicent, M|404/404","|turn|17","|","|move|p2a: Scizor|Roost|p2a: Scizor","|-heal|p2a: Scizor|343/343 brn","|move|p1a: Jellicent|Hex|p2a: Scizor","|-damage|p2a: Scizor|201/343 brn","|","|-damage|p2a: Scizor|159/343 brn|[from] brn","|turn|18","|","|move|p2a: Scizor|Roost|p2a: Scizor","|-heal|p2a: Scizor|331/343 brn","|move|p1a: Jellicent|Confuse Ray|p2a: Scizor","|-start|p2a: Scizor|confusion","|","|-damage|p2a: Scizor|289/343 brn|[from] brn","|turn|19","|","|-activate|p2a: Scizor|confusion","|move|p2a: Scizor|Bug Bite|p1a: Jellicent","|-resisted|p1a: Jellicent","|-damage|p1a: Jellicent|344/404","|move|p1a: Jellicent|Hex|p2a: Scizor","|-damage|p2a: Scizor|159/343 brn","|","|-heal|p1a: Jellicent|369/404|[from] item: Leftovers","|-damage|p2a: Scizor|117/343 brn|[from] brn","|turn|20","|","|-activate|p2a: Scizor|confusion","|move|p2a: Scizor|Bug Bite|p1a: Jellicent","|-resisted|p1a: Jellicent","|-damage|p1a: Jellicent|304/404","|move|p1a: Jellicent|Hex|p2a: Scizor","|-damage|p2a: Scizor|0 fnt","|faint|p2a: Scizor","|","|-heal|p1a: Jellicent|329/404|[from] item: Leftovers","|","|switch|p2a: Bisharp|Bisharp, M|271/271","|turn|21","|","|switch|p1a: Scarier d00d|Dusclops, M|262/283","|-ability|p1a: Scarier d00d|Pressure","|move|p2a: Bisharp|Knock Off|p1a: Scarier d00d","|-supereffective|p1a: Scarier d00d","|-damage|p1a: Scarier d00d|112/283","|-enditem|p1a: Scarier d00d|Eviolite|[from] move: Knock Off|[of] p2a: Bisharp","|","|turn|22","|","|move|p2a: Bisharp|Knock Off|p1a: Scarier d00d","|-supereffective|p1a: Scarier d00d","|-damage|p1a: Scarier d00d|0 fnt","|faint|p1a: Scarier d00d","|","|","|switch|p1a: Chandelure|Chandelure, M|261/261","|turn|23","|","|move|p2a: Bisharp|Sucker Punch|p1a: Chandelure","|-crit|p1a: Chandelure","|-supereffective|p1a: Chandelure","|-damage|p1a: Chandelure|0 fnt","|faint|p1a: Chandelure","|","|","|win|Alliance - Asurax"],"p1rating":{"entryid":"283327","serverid":"eos","formatid":"monotype","userid":"adviserboo","username":"Adviser♕Boo","w":"1","l":3,"t":"0","gxe":44.9,"r":"1479.6436599757","rd":110.60011958373,"sigma":"0","rptime":1440406800,"rpr":1460.0950461259,"rprd":106.2938087017,"rpsigma":"0","acre":1022.2628758557,"lacre":1022.2628758557,"oldacre":"1026.524888108"},"p2rating":{"entryid":"36158","serverid":"eos","formatid":"monotype","userid":"allianceasurax","username":"Alliance - Asurax","w":26,"l":"8","t":"0","gxe":72.8,"r":1682.8810448051,"rd":59.334771287313,"sigma":"0","rptime":1440406800,"rpr":1687.5521434125,"rprd":58.766634966397,"rpsigma":"0","acre":1330.6428774306,"lacre":1330.6428774306,"oldacre":"1324.5450255203"},"endType":"forfeit"}