{"seed":[2663,43037,49379,14818],"turns":30,"p1":"twizz","p2":"Carnie Red","p1team":[{"name":"0.F.U","species":"magnezone","item":"leftovers","ability":"Sturdy","moves":["flashcannon","thunderbolt","protect","hiddenpowerice"],"nature":"Modest","evs":{"hp":76,"atk":0,"def":180,"spa":252,"spd":0,"spe":0},"ivs":{"hp":31,"atk":30,"def":30,"spa":31,"spd":31,"spe":31}},{"name":"Nope","species":"zapdos","item":"leftovers","ability":"Pressure","moves":["discharge","heatwave","toxic","roost"],"nature":"Bold","evs":{"hp":4,"atk":0,"def":252,"spa":56,"spd":196,"spe":0},"ivs":{"hp":31,"atk":31,"def":31,"spa":31,"spd":31,"spe":31}},{"name":"Amphabulous","species":"ampharos","item":"ampharosite","ability":"Static","moves":["cottonguard","rest","sleeptalk","dragonpulse"],"nature":"Bold","evs":{"hp":0,"atk":0,"def":252,"spa":136,"spd":120,"spe":0},"ivs":{"hp":31,"atk":31,"def":31,"spa":31,"spd":31,"spe":31}},{"name":"Raikou","species":"Raikou","item":"leftovers","ability":"Pressure","moves":["calmmind","substitute","thunderbolt","extrasensory"],"nature":"Timid","evs":{"hp":0,"atk":0,"def":0,"spa":252,"spd":4,"spe":252},"ivs":{"hp":31,"atk":30,"def":30,"spa":31,"spd":31,"spe":31}},{"name":"Fuck you","species":"rotomwash","item":"choicescarf","ability":"Levitate","moves":["voltswitch","hydropump","willowisp","trick"],"nature":"Timid","evs":{"hp":0,"atk":0,"def":0,"spa":252,"spd":4,"spe":252},"ivs":{"hp":31,"atk":31,"def":31,"spa":31,"spd":31,"spe":31}},{"name":"Thundurus","species":"Thundurus","item":"lifeorb","ability":"Prankster","moves":["thunderwave","thunderbolt","uturn","psychic"],"nature":"Serious","evs":{"hp":4,"atk":96,"def":0,"spa":156,"spd":0,"spe":252},"ivs":{"hp":31,"atk":31,"def":31,"spa":31,"spd":31,"spe":31}}],"p2team":[{"name":"Trevenant","species":"Trevenant","item":"sitrusberry","ability":"Harvest","moves":["hornleech","leechseed","shadowclaw","willowisp"],"nature":"Careful","evs":{"hp":248,"atk":8,"def":0,"spa":0,"spd":252,"spe":0},"shiny":true,"ivs":{"hp":31,"atk":31,"def":31,"spa":31,"spd":31,"spe":31}},{"name":"Serperior","species":"Serperior","item":"lifeorb","ability":"Contrary","moves":["leafstorm","gigadrain","dragonpulse","glare"],"nature":"Timid","evs":{"hp":0,"atk":0,"def":0,"spa":252,"spd":4,"spe":252},"shiny":true,"ivs":{"hp":31,"atk":31,"def":31,"spa":31,"spd":31,"spe":31}},{"name":"Ludicolo","species":"Ludicolo","item":"leftovers","ability":"Swift Swim","moves":["gigadrain","scald","leechseed","icebeam"],"nature":"Timid","evs":{"hp":0,"atk":0,"def":0,"spa":252,"spd":4,"spe":252},"shiny":true,"ivs":{"hp":31,"atk":31,"def":31,"spa":31,"spd":31,"spe":31}},{"name":"Venusaur","species":"Venusaur","item":"venusaurite","ability":"Overgrow","moves":["gigadrain","leechseed","sleeppowder","synthesis"],"nature":"Bold","evs":{"hp":248,"atk":0,"def":252,"spa":8,"spd":0,"spe":0},"ivs":{"hp":31,"atk":31,"def":31,"spa":31,"spd":31,"spe":31}},{"name":"Breloom","species":"Breloom","item":"focussash","ability":"Technician","moves":["seedbomb","machpunch","rocktomb","spore"],"nature":"Jolly","evs":{"hp":0,"atk":252,"def":0,"spa":0,"spd":4,"spe":252},"ivs":{"hp":31,"atk":31,"def":31,"spa":31,"spd":31,"spe":31}},{"name":"Cradily","species":"Cradily","item":"leftovers","ability":"Storm Drain","moves":["gigadrain","stealthrock","toxic","recover"],"nature":"Calm","evs":{"hp":252,"atk":0,"def":0,"spa":4,"spd":252,"spe":0},"ivs":{"hp":31,"atk":31,"def":31,"spa":31,"spd":31,"spe":31}}],"log":["|player|p1|twizz|264","|player|p2|Carnie Red|162","|gametype|singles","|gen|6","|tier|Monotype","|rated","|rule|Baton Pass Clause: Limit one Baton Passer, can't pass Spe and other stats simultaneously","|rule|Swagger Clause: Swagger is banned","|rule|Same Type Clause: Pokémon in a team must share a type","|clearpoke","|poke|p1|Magnezone","|poke|p1|Zapdos","|poke|p1|Ampharos, F","|poke|p1|Raikou","|poke|p1|Rotom-Wash","|poke|p1|Thundurus, M","|poke|p2|Trevenant, M, shiny","|poke|p2|Serperior, F, shiny","|poke|p2|Ludicolo, F, shiny","|poke|p2|Venusaur, F","|poke|p2|Breloom, M","|poke|p2|Cradily, F","|rule|Sleep Clause Mod: Limit one foe put to sleep","|rule|Species Clause: Limit one of each Pokémon","|rule|OHKO Clause: OHKO moves are banned","|rule|Moody Clause: Moody is banned","|rule|Evasion Moves Clause: Evasion moves are banned","|rule|Endless Battle Clause: Forcing endless battles is banned","|rule|HP Percentage Mod: HP is shown in percentages","|teampreview","|","|start","|switch|p1a: Fuck you|Rotom-Wash|241/241","|switch|p2a: Cradily|Cradily, F|376/376","|turn|1","|","|move|p1a: Fuck you|Trick|p2a: Cradily","|-activate|p1a: Fuck you|move: Trick|[of] p2a: Cradily","|-item|p2a: Cradily|Choice Scarf|[from] move: Trick","|-item|p1a: Fuck you|Leftovers|[from] move: Trick","|move|p2a: Cradily|Stealth Rock|p1a: Fuck you","|-sidestart|p1: twizz|move: Stealth Rock","|","|turn|2","|","|switch|p2a: Venusaur|Venusaur, F|363/363","|move|p1a: Fuck you|Will-O-Wisp|p2a: Venusaur","|-status|p2a: Venusaur|brn","|","|-damage|p2a: Venusaur|318/363 brn|[from] brn","|turn|3","|","|detailschange|p2a: Venusaur|Venusaur-Mega, F","|-mega|p2a: Venusaur|Venusaur|Venusaurite","|move|p1a: Fuck you|Volt Switch|p2a: Venusaur","|-resisted|p2a: Venusaur","|-damage|p2a: Venusaur|272/363 brn","|","|switch|p1a: 0.F.U|Magnezone|300/300","|-damage|p1a: 0.F.U|282/300|[from] Stealth Rock","|move|p2a: Venusaur|Leech Seed|p1a: 0.F.U","|-start|p1a: 0.F.U|move: Leech Seed","|","|-heal|p1a: 0.F.U|300/300|[from] item: Leftovers","|-damage|p1a: 0.F.U|263/300|[from] Leech Seed|[of] p2a: Venusaur","|-heal|p2a: Venusaur|309/363 brn|[silent]","|-damage|p2a: Venusaur|264/363 brn|[from] brn","|turn|4","|","|switch|p1a: Fuck you|Rotom-Wash|241/241","|-damage|p1a: Fuck you|211/241|[from] Stealth Rock","|move|p2a: Venusaur|Sleep Powder|p1a: Fuck you","|-status|p1a: Fuck you|slp","|","|-heal|p1a: Fuck you|226/241 slp|[from] item: Leftovers","|-damage|p2a: Venusaur|219/363 brn|[from] brn","|turn|5","|","|switch|p1a: 0.F.U|Magnezone|263/300","|-damage|p1a: 0.F.U|245/300|[from] Stealth Rock","|move|p2a: Venusaur|Leech Seed|p1a: 0.F.U","|-start|p1a: 0.F.U|move: Leech Seed","|","|-heal|p1a: 0.F.U|263/300|[from] item: Leftovers","|-damage|p1a: 0.F.U|226/300|[from] Leech Seed|[of] p2a: Venusaur","|-heal|p2a: Venusaur|256/363 brn|[silent]","|-damage|p2a: Venusaur|211/363 brn|[from] brn","|turn|6","|","|switch|p1a: Raikou|Raikou|321/321","|-damage|p1a: Raikou|281/321|[from] Stealth Rock","|-ability|p1a: Raikou|Pressure","|move|p2a: Venusaur|Synthesis|p2a: Venusaur","|-heal|p2a: Venusaur|363/363 brn","|","|-heal|p1a: Raikou|301/321|[from] item: Leftovers","|-damage|p2a: Venusaur|318/363 brn|[from] brn","|turn|7","|","|move|p1a: Raikou|Substitute|p1a: Raikou","|-start|p1a: Raikou|Substitute","|-damage|p1a: Raikou|221/321","|move|p2a: Venusaur|Leech Seed|p1a: Raikou","|-fail|p1a: Raikou","|","|-heal|p1a: Raikou|241/321|[from] item: Leftovers","|-damage|p2a: Venusaur|273/363 brn|[from] brn","|turn|8","|","|move|p1a: Raikou|Calm Mind|p1a: Raikou","|-boost|p1a: Raikou|spa|1","|-boost|p1a: Raikou|spd|1","|move|p2a: Venusaur|Giga Drain|p1a: Raikou","|-activate|p1a: Raikou|Substitute|[damage]","|-heal|p2a: Venusaur|308/363 brn|[from] drain|[of] p1a: Raikou","|","|-heal|p1a: Raikou|261/321|[from] item: Leftovers","|-damage|p2a: Venusaur|263/363 brn|[from] brn","|turn|9","|","|switch|p2a: Breloom|Breloom, M|261/261","|move|p1a: Raikou|Calm Mind|p1a: Raikou","|-boost|p1a: Raikou|spa|1","|-boost|p1a: Raikou|spd|1","|","|-heal|p1a: Raikou|281/321|[from] item: Leftovers","|turn|10","|","|switch|p1a: Nope|Zapdos|322/322","|-damage|p1a: Nope|242/322|[from] Stealth Rock","|-ability|p1a: Nope|Pressure","|move|p2a: Breloom|Seed Bomb|p1a: Nope","|-resisted|p1a: Nope","|-damage|p1a: Nope|182/322","|","|-heal|p1a: Nope|202/322|[from] item: Leftovers","|turn|11","|","|move|p2a: Breloom|Rock Tomb|p1a: Nope","|-supereffective|p1a: Nope","|-damage|p1a: Nope|34/322","|-unboost|p1a: Nope|spe|1","|move|p1a: Nope|Roost|p1a: Nope","|-heal|p1a: Nope|195/322","|","|-heal|p1a: Nope|215/322|[from] item: Leftovers","|turn|12","|","|move|p2a: Breloom|Rock Tomb|p1a: Nope","|-supereffective|p1a: Nope","|-damage|p1a: Nope|43/322","|-unboost|p1a: Nope|spe|1","|move|p1a: Nope|Roost|p1a: Nope","|-heal|p1a: Nope|204/322","|","|-heal|p1a: Nope|224/322|[from] item: Leftovers","|turn|13","|","|switch|p1a: 0.F.U|Magnezone|226/300","|-damage|p1a: 0.F.U|208/300|[from] Stealth Rock","|move|p2a: Breloom|Rock Tomb|p1a: 0.F.U","|-crit|p1a: 0.F.U","|-resisted|p1a: 0.F.U","|-damage|p1a: 0.F.U|144/300","|-unboost|p1a: 0.F.U|spe|1","|","|-heal|p1a: 0.F.U|162/300|[from] item: Leftovers","|turn|14","|","|move|p1a: 0.F.U|Protect|p1a: 0.F.U","|-singleturn|p1a: 0.F.U|Protect","|move|p2a: Breloom|Mach Punch|p1a: 0.F.U","|-activate|p1a: 0.F.U|Protect","|","|-heal|p1a: 0.F.U|180/300|[from] item: Leftovers","|turn|15","|","|move|p2a: Breloom|Rock Tomb|p1a: 0.F.U","|-resisted|p1a: 0.F.U","|-damage|p1a: 0.F.U|139/300","|-unboost|p1a: 0.F.U|spe|1","|move|p1a: 0.F.U|Hidden Power|p2a: Breloom","|-supereffective|p2a: Breloom","|-damage|p2a: Breloom|21/261","|","|-heal|p1a: 0.F.U|157/300|[from] item: Leftovers","|turn|16","|","|move|p1a: 0.F.U|Protect|p1a: 0.F.U","|-singleturn|p1a: 0.F.U|Protect","|move|p2a: Breloom|Mach Punch|p1a: 0.F.U","|-activate|p1a: 0.F.U|Protect","|","|-heal|p1a: 0.F.U|175/300|[from] item: Leftovers","|turn|17","|","|switch|p1a: Nope|Zapdos|224/322","|-damage|p1a: Nope|144/322|[from] Stealth Rock","|-ability|p1a: Nope|Pressure","|move|p2a: Breloom|Mach Punch|p1a: Nope","|-resisted|p1a: Nope","|-damage|p1a: Nope|102/322","|","|-heal|p1a: Nope|122/322|[from] item: Leftovers","|turn|18","|","|switch|p1a: 0.F.U|Magnezone|175/300","|-damage|p1a: 0.F.U|157/300|[from] Stealth Rock","|move|p2a: Breloom|Rock Tomb|p1a: 0.F.U","|-resisted|p1a: 0.F.U","|-damage|p1a: 0.F.U|113/300","|-unboost|p1a: 0.F.U|spe|1","|","|-heal|p1a: 0.F.U|131/300|[from] item: Leftovers","|turn|19","|","|move|p1a: 0.F.U|Protect|p1a: 0.F.U","|-singleturn|p1a: 0.F.U|Protect","|move|p2a: Breloom|Mach Punch|p1a: 0.F.U","|-activate|p1a: 0.F.U|Protect","|","|-heal|p1a: 0.F.U|149/300|[from] item: Leftovers","|turn|20","|","|move|p2a: Breloom|Mach Punch|p1a: 0.F.U","|-supereffective|p1a: 0.F.U","|-damage|p1a: 0.F.U|0 fnt","|faint|p1a: 0.F.U","|","|","|switch|p1a: Amphabulous|Ampharos, F|321/321","|-damage|p1a: Amphabulous|281/321|[from] Stealth Rock","|turn|21","|","|detailschange|p1a: Amphabulous|Ampharos-Mega, F","|-mega|p1a: Amphabulous|Ampharos|Ampharosite","|-ability|p1a: Amphabulous|Mold Breaker","|move|p2a: Breloom|Mach Punch|p1a: Amphabulous","|-damage|p1a: Amphabulous|205/321","|move|p1a: Amphabulous|Dragon Pulse|p2a: Breloom","|-damage|p2a: Breloom|0 fnt","|faint|p2a: Breloom","|","|","|switch|p2a: Trevenant|Trevenant, M, shiny|373/373","|turn|22","|","|move|p2a: Trevenant|Leech Seed|p1a: Amphabulous","|-start|p1a: Amphabulous|move: Leech Seed","|move|p1a: Amphabulous|Dragon Pulse|p2a: Trevenant","|-damage|p2a: Trevenant|226/373","|","|-damage|p1a: Amphabulous|165/321|[from] Leech Seed|[of] p2a: Trevenant","|-heal|p2a: Trevenant|266/373|[silent]","|turn|23","|","|switch|p1a: Thundurus|Thundurus, M|300/300","|-damage|p1a: Thundurus|225/300|[from] Stealth Rock","|move|p2a: Trevenant|Shadow Claw|p1a: Thundurus","|-damage|p1a: Thundurus|95/300","|","|turn|24","|","|move|p1a: Thundurus|Thunder Wave|p2a: Trevenant","|-status|p2a: Trevenant|par","|move|p2a: Trevenant|Shadow Claw|p1a: Thundurus","|-damage|p1a: Thundurus|0 fnt","|faint|p1a: Thundurus","|","|","|switch|p1a: Raikou|Raikou|281/321","|-damage|p1a: Raikou|241/321|[from] Stealth Rock","|-ability|p1a: Raikou|Pressure","|turn|25","|","|move|p1a: Raikou|Substitute|p1a: Raikou","|-start|p1a: Raikou|Substitute","|-damage|p1a: Raikou|161/321","|move|p2a: Trevenant|Shadow Claw|p1a: Raikou","|-end|p1a: Raikou|Substitute","|","|-heal|p1a: Raikou|181/321|[from] item: Leftovers","|turn|26","|","|move|p1a: Raikou|Substitute|p1a: Raikou","|-start|p1a: Raikou|Substitute","|-damage|p1a: Raikou|101/321","|move|p2a: Trevenant|Shadow Claw|p1a: Raikou","|-end|p1a: Raikou|Substitute","|","|-heal|p1a: Raikou|121/321|[from] item: Leftovers","|turn|27","|","|move|p1a: Raikou|Substitute|p1a: Raikou","|-start|p1a: Raikou|Substitute","|-damage|p1a: Raikou|41/321","|cant|p2a: Trevenant|par","|","|-heal|p1a: Raikou|61/321|[from] item: Leftovers","|turn|28","|","|move|p1a: Raikou|Calm Mind|p1a: Raikou","|-boost|p1a: Raikou|spa|1","|-boost|p1a: Raikou|spd|1","|move|p2a: Trevenant|Shadow Claw|p1a: Raikou","|-end|p1a: Raikou|Substitute","|","|-heal|p1a: Raikou|81/321|[from] item: Leftovers","|turn|29","|","|move|p1a: Raikou|Substitute|p1a: Raikou","|-start|p1a: Raikou|Substitute","|-damage|p1a: Raikou|1/321","|move|p2a: Trevenant|Shadow Claw|p1a: Raikou","|-end|p1a: Raikou|Substitute","|","|-heal|p1a: Raikou|21/321|[from] item: Leftovers","|turn|30","|","|move|p1a: Raikou|Extrasensory|p2a: Trevenant","|-damage|p2a: Trevenant|155/373 par","|-enditem|p2a: Trevenant|Sitrus Berry|[eat]","|-heal|p2a: Trevenant|248/373 par|[from] item: Sitrus Berry","|move|p2a: Trevenant|Horn Leech|p1a: Raikou","|-damage|p1a: Raikou|0 fnt","|-heal|p2a: Trevenant|259/373 par|[from] drain|[of] p1a: Raikou","|faint|p1a: Raikou","|","|-item|p2a: Trevenant|Sitrus Berry|[from] ability: Harvest","|","|win|Carnie Red"],"p1rating":{"entryid":"66045","serverid":"eos","formatid":"monotype","userid":"twizz","username":"Twizz","w":"13","l":7,"t":"0","gxe":56.8,"r":"1564.9912930591","rd":"73.36040690763","sigma":"0","rptime":"1440406800","rpr":1552.2971748655,"rprd":71.907406638442,"rpsigma":"0","acre":1144.3484836789,"lacre":1144.3484836789,"oldacre":"1167.7943981508"},"p2rating":{"entryid":"272068","serverid":"eos","formatid":"monotype","userid":"carniered","username":"Carnie Red","w":15,"l":"5","t":"0","gxe":65.1,"r":"1606.4584837125","rd":"87.917289443417","sigma":"0","rptime":"1440406800","rpr":1619.995738401,"rprd":71.580979377684,"rpsigma":"0","acre":1212.8659819608,"lacre":1212.8659819608,"oldacre":"1189.4200674889"},"endType":"forfeit"}