{"seed":[11409,20934,62067,55647],"turns":29,"p1":"LightOfAKnowing","p2":"Knight Bronze <3","p1team":[{"name":"DJ","species":"exploud","item":"wiseglasses","ability":"Scrappy","moves":["boomburst","icebeam","flamethrower","shadowball"],"nature":"Modest","evs":{"hp":248,"atk":0,"def":0,"spa":252,"spd":8,"spe":0},"gender":"M","ivs":{"hp":31,"atk":31,"def":31,"spa":31,"spd":31,"spe":31}},{"name":"Egg","species":"chansey","item":"eviolite","ability":"Natural Cure","moves":["healbell","wish","toxic","seismictoss"],"nature":"Bold","evs":{"hp":248,"atk":0,"def":252,"spa":0,"spd":8,"spe":0},"ivs":{"hp":31,"atk":31,"def":31,"spa":31,"spd":31,"spe":31}},{"name":"Merica","species":"braviary","item":"choicescarf","ability":"Sheer Force","moves":["bravebird","rockslide","thrash","steelwing"],"nature":"Jolly","evs":{"hp":0,"atk":252,"def":0,"spa":0,"spd":4,"spe":252},"shiny":true,"ivs":{"hp":31,"atk":31,"def":31,"spa":31,"spd":31,"spe":31}},{"name":"Melo","species":"meloetta","item":"assaultvest","ability":"Serene Grace","moves":["shadowball","psychic","energyball","hypervoice"],"nature":"Modest","evs":{"hp":248,"atk":0,"def":0,"spa":252,"spd":8,"spe":0},"ivs":{"hp":31,"atk":31,"def":31,"spa":31,"spd":31,"spe":31}},{"name":"FanService","species":"lopunny","item":"lopunnite","ability":"Cute Charm","moves":["fakeout","drainpunch","frustration","icepunch"],"nature":"Jolly","evs":{"hp":0,"atk":252,"def":0,"spa":0,"spd":4,"spe":252},"gender":"F","happiness":0,"ivs":{"hp":31,"atk":31,"def":31,"spa":31,"spd":31,"spe":31}},{"name":"Dough","species":"snorlax","item":"weaknesspolicy","ability":"Thick Fat","moves":["curse","rest","frustration","crunch"],"nature":"Adamant","evs":{"hp":248,"atk":252,"def":0,"spa":0,"spd":8,"spe":0},"gender":"M","happiness":0,"ivs":{"hp":31,"atk":31,"def":31,"spa":31,"spd":31,"spe":31}}],"p2team":[{"name":"GENERICTINI","species":"victini","item":"choicescarf","ability":"Victory Star","moves":["vcreate","boltstrike","uturn","zenheadbutt"],"nature":"Jolly","evs":{"hp":0,"atk":252,"def":0,"spa":0,"spd":4,"spe":252},"ivs":{"hp":31,"atk":31,"def":31,"spa":31,"spd":31,"spe":31}},{"name":"Y U UNBAN!!!!!","species":"gallade","item":"galladite","ability":"Justified","moves":["drainpunch","bulkup","shadowsneak","knockoff"],"nature":"Jolly","evs":{"hp":0,"atk":176,"def":80,"spa":0,"spd":0,"spe":252},"ivs":{"hp":31,"atk":31,"def":31,"spa":31,"spd":31,"spe":31}},{"name":"STICK IT IN","species":"hoopaunbound","item":"choicescarf","ability":"Magician","moves":["drainpunch","gunkshot","hyperspacefury","firepunch"],"nature":"Jolly","evs":{"hp":0,"atk":252,"def":0,"spa":0,"spd":4,"spe":252},"ivs":{"hp":31,"atk":31,"def":31,"spa":31,"spd":31,"spe":31}},{"name":"Nyaaaaa~","species":"mew","item":"leftovers","ability":"Synchronize","moves":["roost","defog","rockslide","willowisp"],"nature":"Careful","evs":{"hp":248,"atk":8,"def":0,"spa":0,"spd":252,"spe":0},"ivs":{"hp":31,"atk":31,"def":31,"spa":31,"spd":31,"spe":31}},{"name":"Poopface","species":"slowbro","item":"leftovers","ability":"Regenerator","moves":["scald","grassknot","slackoff","thunderwave"],"nature":"Bold","evs":{"hp":252,"atk":0,"def":252,"spa":4,"spd":0,"spe":0},"ivs":{"hp":31,"atk":31,"def":31,"spa":31,"spd":31,"spe":31}},{"name":"Melody","species":"meloetta","item":"leftovers","ability":"Serene Grace","moves":["dazzlinggleam","calmmind","psyshock","substitute"],"nature":"Calm","evs":{"hp":248,"atk":0,"def":200,"spa":0,"spd":60,"spe":0},"ivs":{"hp":31,"atk":0,"def":31,"spa":31,"spd":31,"spe":31}}],"log":["|player|p1|LightOfAKnowing|lightofaknowing.gif","|player|p2|Knight Bronze <3|287","|gametype|singles","|gen|6","|tier|Monotype","|rated","|rule|Baton Pass Clause: Limit one Baton Passer, can't pass Spe and other stats simultaneously","|rule|Swagger Clause: Swagger is banned","|rule|Same Type Clause: Pokémon in a team must share a type","|clearpoke","|poke|p1|Exploud, M","|poke|p1|Chansey, F","|poke|p1|Braviary, M, shiny","|poke|p1|Meloetta","|poke|p1|Lopunny, F","|poke|p1|Snorlax, M","|poke|p2|Victini","|poke|p2|Gallade, M","|poke|p2|Hoopa-Unbound","|poke|p2|Mew","|poke|p2|Slowbro, F","|poke|p2|Meloetta","|rule|Sleep Clause Mod: Limit one foe put to sleep","|rule|Species Clause: Limit one of each Pokémon","|rule|OHKO Clause: OHKO moves are banned","|rule|Moody Clause: Moody is banned","|rule|Evasion Moves Clause: Evasion moves are banned","|rule|Endless Battle Clause: Forcing endless battles is banned","|rule|HP Percentage Mod: HP is shown in percentages","|teampreview","|","|start","|switch|p1a: DJ|Exploud, M|411/411","|switch|p2a: Poopface|Slowbro, F|394/394","|turn|1","|","|move|p1a: DJ|Boomburst|p2a: Poopface","|-damage|p2a: Poopface|124/394","|move|p2a: Poopface|Thunder Wave|p1a: DJ","|-status|p1a: DJ|par","|","|-heal|p2a: Poopface|148/394|[from] item: Leftovers","|turn|2","|","|move|p2a: Poopface|Slack Off|p2a: Poopface","|-heal|p2a: Poopface|345/394","|cant|p1a: DJ|par","|","|-heal|p2a: Poopface|369/394|[from] item: Leftovers","|turn|3","|","|switch|p2a: Melody|Meloetta|403/403","|move|p1a: DJ|Boomburst|p2a: Melody","|-damage|p2a: Melody|247/403","|","|-heal|p2a: Melody|272/403|[from] item: Leftovers","|turn|4","|","|switch|p1a: Egg|Chansey, F|703/703","|move|p2a: Melody|Psyshock|p1a: Egg","|-crit|p1a: Egg","|-damage|p1a: Egg|483/703","|","|-heal|p2a: Melody|297/403|[from] item: Leftovers","|turn|5","|","|move|p2a: Melody|Substitute|p2a: Melody","|-start|p2a: Melody|Substitute","|-damage|p2a: Melody|197/403","|move|p1a: Egg|Toxic|p2a: Melody|[miss]","|-miss|p1a: Egg|p2a: Melody","|","|-heal|p2a: Melody|222/403|[from] item: Leftovers","|turn|6","|","|move|p2a: Melody|Calm Mind|p2a: Melody","|-boost|p2a: Melody|spa|1","|-boost|p2a: Melody|spd|1","|move|p1a: Egg|Seismic Toss|p2a: Melody","|-end|p2a: Melody|Substitute","|","|-heal|p2a: Melody|247/403|[from] item: Leftovers","|turn|7","|","|move|p2a: Melody|Psyshock|p1a: Egg","|-damage|p1a: Egg|251/703","|move|p1a: Egg|Seismic Toss|p2a: Melody","|-damage|p2a: Melody|147/403","|","|-heal|p2a: Melody|172/403|[from] item: Leftovers","|turn|8","|","|move|p2a: Melody|Psyshock|p1a: Egg","|-crit|p1a: Egg","|-damage|p1a: Egg|0 fnt","|faint|p1a: Egg","|","|-heal|p2a: Melody|197/403|[from] item: Leftovers","|","|switch|p1a: Merica|Braviary, M, shiny|341/341","|turn|9","|","|switch|p2a: Nyaaaaa~|Mew|403/403","|move|p1a: Merica|Thrash|p2a: Nyaaaaa~","|-damage|p2a: Nyaaaaa~|201/403","|","|-heal|p2a: Nyaaaaa~|226/403|[from] item: Leftovers","|turn|10","|","|move|p1a: Merica|Thrash|p2a: Nyaaaaa~|[from]lockedmove","|-damage|p2a: Nyaaaaa~|21/403","|move|p2a: Nyaaaaa~|Will-O-Wisp|p1a: Merica","|-status|p1a: Merica|brn","|","|-heal|p2a: Nyaaaaa~|46/403|[from] item: Leftovers","|-damage|p1a: Merica|299/341 brn|[from] brn","|turn|11","|","|switch|p2a: Poopface|Slowbro, F|394/394","|move|p1a: Merica|Thrash|p2a: Poopface|[from]lockedmove","|-damage|p2a: Poopface|322/394","|-start|p1a: Merica|confusion|[fatigue]","|","|-heal|p2a: Poopface|346/394|[from] item: Leftovers","|-damage|p1a: Merica|257/341 brn|[from] brn","|turn|12","|","|-activate|p1a: Merica|confusion","|move|p1a: Merica|Thrash|p2a: Poopface","|-damage|p2a: Poopface|274/394","|move|p2a: Poopface|Scald|p1a: Merica","|-damage|p1a: Merica|139/341 brn","|","|-heal|p2a: Poopface|298/394|[from] item: Leftovers","|-damage|p1a: Merica|97/341 brn|[from] brn","|turn|13","|","|-activate|p1a: Merica|confusion","|move|p1a: Merica|Thrash|p2a: Poopface|[from]lockedmove","|-damage|p2a: Poopface|229/394","|move|p2a: Poopface|Scald|p1a: Merica","|-damage|p1a: Merica|0 fnt","|faint|p1a: Merica","|","|-heal|p2a: Poopface|253/394|[from] item: Leftovers","|","|switch|p1a: Dough|Snorlax, M|523/523","|turn|14","|","|move|p2a: Poopface|Scald|p1a: Dough","|-damage|p1a: Dough|429/523","|-status|p1a: Dough|brn","|move|p1a: Dough|Curse|p1a: Dough","|-unboost|p1a: Dough|spe|1","|-boost|p1a: Dough|atk|1","|-boost|p1a: Dough|def|1","|","|-heal|p2a: Poopface|277/394|[from] item: Leftovers","|-damage|p1a: Dough|364/523 brn|[from] brn","|turn|15","|","|switch|p2a: Nyaaaaa~|Mew|46/403","|move|p1a: Dough|Curse|p1a: Dough","|-unboost|p1a: Dough|spe|1","|-boost|p1a: Dough|atk|1","|-boost|p1a: Dough|def|1","|","|-heal|p2a: Nyaaaaa~|71/403|[from] item: Leftovers","|-damage|p1a: Dough|299/523 brn|[from] brn","|turn|16","|","|move|p2a: Nyaaaaa~|Roost|p2a: Nyaaaaa~","|-heal|p2a: Nyaaaaa~|273/403","|move|p1a: Dough|Rest|p1a: Dough","|-status|p1a: Dough|slp","|-heal|p1a: Dough|523/523 slp|[silent]","|-status|p1a: Dough|slp|[from] move: Rest","|","|-heal|p2a: Nyaaaaa~|298/403|[from] item: Leftovers","|turn|17","|","|move|p2a: Nyaaaaa~|Roost|p2a: Nyaaaaa~","|-heal|p2a: Nyaaaaa~|403/403","|cant|p1a: Dough|slp","|","|turn|18","|","|switch|p2a: STICK IT IN|Hoopa-Unbound|301/301","|cant|p1a: Dough|slp","|","|turn|19","|","|move|p2a: STICK IT IN|Drain Punch|p1a: Dough","|-crit|p1a: Dough","|-supereffective|p1a: Dough","|-damage|p1a: Dough|115/523 slp","|-enditem|p1a: Dough|Weakness Policy","|-boost|p1a: Dough|atk|2|[from] item: Weakness Policy","|-boost|p1a: Dough|spa|2|[from] item: Weakness Policy","|-curestatus|p1a: Dough|slp","|move|p1a: Dough|Frustration|p2a: STICK IT IN","|-crit|p2a: STICK IT IN","|-damage|p2a: STICK IT IN|0 fnt","|faint|p2a: STICK IT IN","|","|","|switch|p2a: Nyaaaaa~|Mew|403/403","|turn|20","|","|move|p2a: Nyaaaaa~|Will-O-Wisp|p1a: Dough","|-status|p1a: Dough|brn","|move|p1a: Dough|Rest|p1a: Dough","|-status|p1a: Dough|slp","|-heal|p1a: Dough|523/523 slp|[silent]","|-status|p1a: Dough|slp|[from] move: Rest","|","|turn|21","|","|switch|p2a: Y U UNBAN!!!!!|Gallade, M|277/277","|cant|p1a: Dough|slp","|","|turn|22","|","|detailschange|p2a: Y U UNBAN!!!!!|Gallade-Mega, M","|-mega|p2a: Y U UNBAN!!!!!|Gallade|Galladite","|move|p2a: Y U UNBAN!!!!!|Bulk Up|p2a: Y U UNBAN!!!!!","|-boost|p2a: Y U UNBAN!!!!!|atk|1","|-boost|p2a: Y U UNBAN!!!!!|def|1","|cant|p1a: Dough|slp","|","|turn|23","|","|move|p2a: Y U UNBAN!!!!!|Bulk Up|p2a: Y U UNBAN!!!!!","|-boost|p2a: Y U UNBAN!!!!!|atk|1","|-boost|p2a: Y U UNBAN!!!!!|def|1","|-curestatus|p1a: Dough|slp","|move|p1a: Dough|Frustration|p2a: Y U UNBAN!!!!!","|-damage|p2a: Y U UNBAN!!!!!|36/277","|","|turn|24","|","|move|p2a: Y U UNBAN!!!!!|Drain Punch|p1a: Dough","|-supereffective|p1a: Dough","|-damage|p1a: Dough|125/523","|-heal|p2a: Y U UNBAN!!!!!|235/277|[from] drain|[of] p1a: Dough","|move|p1a: Dough|Frustration|p2a: Y U UNBAN!!!!!","|-damage|p2a: Y U UNBAN!!!!!|0 fnt","|faint|p2a: Y U UNBAN!!!!!","|","|","|switch|p2a: Melody|Meloetta|197/403","|turn|25","|","|move|p2a: Melody|Dazzling Gleam|p1a: Dough","|-damage|p1a: Dough|57/523","|move|p1a: Dough|Rest|p1a: Dough","|-status|p1a: Dough|slp","|-heal|p1a: Dough|523/523 slp|[silent]","|-status|p1a: Dough|slp|[from] move: Rest","|","|-heal|p2a: Melody|222/403|[from] item: Leftovers","|turn|26","|","|move|p2a: Melody|Calm Mind|p2a: Melody","|-boost|p2a: Melody|spa|1","|-boost|p2a: Melody|spd|1","|cant|p1a: Dough|slp","|","|-heal|p2a: Melody|247/403|[from] item: Leftovers","|turn|27","|","|move|p2a: Melody|Calm Mind|p2a: Melody","|-boost|p2a: Melody|spa|1","|-boost|p2a: Melody|spd|1","|cant|p1a: Dough|slp","|","|-heal|p2a: Melody|272/403|[from] item: Leftovers","|turn|28","|","|move|p2a: Melody|Dazzling Gleam|p1a: Dough","|-damage|p1a: Dough|377/523 slp","|-curestatus|p1a: Dough|slp","|move|p1a: Dough|Crunch|p2a: Melody","|-crit|p2a: Melody","|-supereffective|p2a: Melody","|-damage|p2a: Melody|0 fnt","|faint|p2a: Melody","|","|","|switch|p2a: GENERICTINI|Victini|341/341","|turn|29","|","|move|p2a: GENERICTINI|V-create|p1a: Dough","|-damage|p1a: Dough|287/523","|-unboost|p2a: GENERICTINI|spe|1","|-unboost|p2a: GENERICTINI|def|1","|-unboost|p2a: GENERICTINI|spd|1","|move|p1a: Dough|Crunch|p2a: GENERICTINI","|-crit|p2a: GENERICTINI","|-supereffective|p2a: GENERICTINI","|-damage|p2a: GENERICTINI|0 fnt","|faint|p2a: GENERICTINI","|","|","|win|LightOfAKnowing"],"p1rating":{"entryid":"386","serverid":"eos","formatid":"monotype","userid":"lightofaknowing","username":"LightOfAKnowing","w":19,"l":"31","t":"0","gxe":41.4,"r":"1416.9477002435","rd":"51.599175927199","sigma":"0","rptime":"1440406800","rpr":1433.6739131393,"rprd":50.655946711245,"rpsigma":"0","acre":1132.4027090684,"lacre":1132.4027090684,"oldacre":"1112.0894833916"},"p2rating":{"entryid":"405536","serverid":"eos","formatid":"monotype","userid":"knightbronze3","username":"Knight Bronze <3","w":"1","l":1,"t":"0","gxe":48.6,"r":"1500","rd":"130","sigma":"0","rptime":"1440406800","rpr":1488.6633069213,"rprd":116.33744082815,"rpsigma":"0","acre":1032.4226650004,"lacre":1032.4226650004,"oldacre":"1046.1758363826"},"endType":"forfeit"}