{"seed":[8179,44494,1526,44204],"turns":27,"p1":"Sable and ed","p2":"willwolf","p1team":[{"name":"Diancie","species":"Diancie","item":"leftovers","ability":"Clear Body","moves":["stealthrock","trickroom","diamondstorm","explosion"],"nature":"Brave","evs":{"hp":248,"atk":252,"def":8,"spa":0,"spd":0,"spe":0},"ivs":{"hp":31,"atk":31,"def":31,"spa":31,"spd":31,"spe":0}},{"name":"Sylveon","species":"Sylveon","item":"choicespecs","ability":"Pixilate","moves":["hypervoice","hiddenpowerfire","psyshock","shadowball"],"nature":"Quiet","evs":{"hp":248,"atk":0,"def":8,"spa":252,"spd":0,"spe":0},"gender":"M","ivs":{"hp":31,"atk":0,"def":31,"spa":30,"spd":31,"spe":0}},{"name":"Azumarill","species":"Azumarill","item":"lifeorb","ability":"Huge Power","moves":["playrough","waterfall","superpower","aquajet"],"nature":"Brave","evs":{"hp":248,"atk":252,"def":0,"spa":0,"spd":8,"spe":0},"gender":"M","ivs":{"hp":31,"atk":31,"def":31,"spa":31,"spd":31,"spe":0}},{"name":"Gardevoir","species":"Gardevoir","item":"gardevoirite","ability":"Trace","moves":["hypervoice","focusblast","trickroom","healingwish"],"nature":"Quiet","evs":{"hp":248,"atk":0,"def":8,"spa":252,"spd":0,"spe":0},"gender":"M","ivs":{"hp":31,"atk":0,"def":31,"spa":31,"spd":31,"spe":0},"shiny":true},{"name":"Klefki","species":"Klefki","item":"lightclay","ability":"Prankster","moves":["reflect","lightscreen","foulplay","spikes"],"nature":"Bold","evs":{"hp":248,"atk":0,"def":252,"spa":0,"spd":8,"spe":0},"ivs":{"hp":31,"atk":0,"def":31,"spa":31,"spd":31,"spe":31}},{"name":"Togekiss","species":"Togekiss","item":"choicescarf","ability":"Serene Grace","moves":["airslash","fireblast","dazzlinggleam","trick"],"nature":"Timid","evs":{"hp":0,"atk":0,"def":0,"spa":252,"spd":4,"spe":252},"ivs":{"hp":31,"atk":0,"def":31,"spa":31,"spd":31,"spe":31}}],"p2team":[{"name":"Scizor","species":"Scizor","item":"leftovers","ability":"Technician","moves":["swordsdance","bulletpunch","bugbite","knockoff"],"nature":"Impish","evs":{"hp":252,"atk":76,"def":180,"spa":0,"spd":0,"spe":0},"ivs":{"hp":31,"atk":31,"def":31,"spa":31,"spd":31,"spe":31}},{"name":"Heatran","species":"Heatran","item":"choicescarf","ability":"Flash Fire","moves":["overheat","flashcannon","hiddenpowerice","earthpower"],"nature":"Timid","evs":{"hp":0,"atk":0,"def":0,"spa":252,"spd":4,"spe":252},"ivs":{"hp":31,"atk":30,"def":30,"spa":31,"spd":31,"spe":31}},{"name":"Empoleon","species":"Empoleon","item":"assaultvest","ability":"Torrent","moves":["hydrocannon","scald","icebeam","flashcannon"],"nature":"Modest","evs":{"hp":248,"atk":0,"def":0,"spa":252,"spd":8,"spe":0},"ivs":{"hp":31,"atk":31,"def":31,"spa":31,"spd":31,"spe":31}},{"name":"Lucario","species":"Lucario","item":"salacberry","ability":"Justified","moves":["extremespeed","endure","reversal","icepunch"],"nature":"Adamant","evs":{"hp":0,"atk":252,"def":0,"spa":0,"spd":4,"spe":252},"ivs":{"hp":31,"atk":31,"def":31,"spa":31,"spd":31,"spe":31}},{"name":"Steelix","species":"Steelix","item":"steelixite","ability":"Sturdy","moves":["earthquake","irontail","stoneedge","aquatail"],"nature":"Adamant","evs":{"hp":248,"atk":252,"def":0,"spa":0,"spd":8,"spe":0},"ivs":{"hp":31,"atk":31,"def":31,"spa":31,"spd":31,"spe":31}},{"name":"Durant","species":"Durant","item":"lifeorb","ability":"Hustle","moves":["ironhead","superpower","xscissor","stoneedge"],"nature":"Jolly","evs":{"hp":0,"atk":252,"def":0,"spa":0,"spd":4,"spe":252},"ivs":{"hp":31,"atk":31,"def":31,"spa":31,"spd":31,"spe":31}}],"log":["|player|p1|Sable and ed|102","|player|p2|willwolf|54","|gametype|singles","|gen|6","|tier|Monotype","|rated","|rule|Baton Pass Clause: Limit one Baton Passer, can't pass Spe and other stats simultaneously","|rule|Swagger Clause: Swagger is banned","|rule|Same Type Clause: Pokémon in a team must share a type","|clearpoke","|poke|p1|Diancie","|poke|p1|Sylveon, M","|poke|p1|Azumarill, M","|poke|p1|Gardevoir, M, shiny","|poke|p1|Klefki, M","|poke|p1|Togekiss, M","|poke|p2|Scizor, M","|poke|p2|Heatran, M","|poke|p2|Empoleon, F","|poke|p2|Lucario, F","|poke|p2|Steelix, M","|poke|p2|Durant, M","|rule|Sleep Clause Mod: Limit one foe put to sleep","|rule|Species Clause: Limit one of each Pokémon","|rule|OHKO Clause: OHKO moves are banned","|rule|Moody Clause: Moody is banned","|rule|Evasion Moves Clause: Evasion moves are banned","|rule|Endless Battle Clause: Forcing endless battles is banned","|rule|HP Percentage Mod: HP is shown in percentages","|teampreview","|","|start","|switch|p1a: Togekiss|Togekiss, M|311/311","|switch|p2a: Scizor|Scizor, M|344/344","|turn|1","|","|switch|p1a: Klefki|Klefki, M|317/317","|switch|p2a: Heatran|Heatran, M|323/323","|","|turn|2","|","|switch|p1a: Gardevoir|Gardevoir, M, shiny|339/339","|-ability|p1a: Gardevoir|Flash Fire|[from] ability: Trace|[of] p2a: Heatran","|move|p2a: Heatran|Overheat|p1a: Gardevoir","|-start|p1a: Gardevoir|ability: Flash Fire","|","|turn|3","|","|switch|p2a: Empoleon|Empoleon, F|371/371","|-end|p1a: Gardevoir|ability: Flash Fire|[silent]","|switch|p1a: Azumarill|Azumarill, M|403/403","|","|turn|4","|","|move|p2a: Empoleon|Flash Cannon|p1a: Azumarill","|-crit|p1a: Azumarill","|-damage|p1a: Azumarill|174/403","|move|p1a: Azumarill|Superpower|p2a: Empoleon","|-supereffective|p2a: Empoleon","|-damage|p2a: Empoleon|0 fnt","|-unboost|p1a: Azumarill|atk|1","|-unboost|p1a: Azumarill|def|1","|-damage|p1a: Azumarill|134/403|[from] item: Life Orb","|faint|p2a: Empoleon","|","|","|switch|p2a: Scizor|Scizor, M|344/344","|turn|5","|","|switch|p1a: Klefki|Klefki, M|317/317","|move|p2a: Scizor|Swords Dance|p2a: Scizor","|-boost|p2a: Scizor|atk|2","|","|turn|6","|","|move|p1a: Klefki|Reflect|p1a: Klefki","|-sidestart|p1: Sable and ed|Reflect","|move|p2a: Scizor|Swords Dance|p2a: Scizor","|-boost|p2a: Scizor|atk|2","|","|turn|7","|","|move|p1a: Klefki|Foul Play|p2a: Scizor","|-damage|p2a: Scizor|101/344","|move|p2a: Scizor|Swords Dance|p2a: Scizor","|-boost|p2a: Scizor|atk|2","|","|-heal|p2a: Scizor|122/344|[from] item: Leftovers","|turn|8","|","|move|p2a: Scizor|Bullet Punch|p1a: Klefki","|-damage|p1a: Klefki|162/317","|move|p1a: Klefki|Foul Play|p2a: Scizor","|-damage|p2a: Scizor|0 fnt","|faint|p2a: Scizor","|","|","|switch|p2a: Steelix|Steelix, M|353/353","|turn|9","|","|switch|p1a: Togekiss|Togekiss, M|311/311","|detailschange|p2a: Steelix|Steelix-Mega, M","|-mega|p2a: Steelix|Steelix|Steelixite","|move|p2a: Steelix|Iron Tail|p1a: Togekiss|[miss]","|-miss|p2a: Steelix|p1a: Togekiss","|","|turn|10","|","|switch|p2a: Heatran|Heatran, M|323/323","|move|p1a: Togekiss|Fire Blast|p2a: Heatran","|-start|p2a: Heatran|ability: Flash Fire","|","|turn|11","|","|switch|p1a: Gardevoir|Gardevoir, M, shiny|339/339","|-ability|p1a: Gardevoir|Flash Fire|[from] ability: Trace|[of] p2a: Heatran","|move|p2a: Heatran|Flash Cannon|p1a: Gardevoir","|-supereffective|p1a: Gardevoir","|-damage|p1a: Gardevoir|85/339","|","|turn|12","|","|switch|p1a: Togekiss|Togekiss, M|311/311","|move|p2a: Heatran|Flash Cannon|p1a: Togekiss","|-supereffective|p1a: Togekiss","|-damage|p1a: Togekiss|53/311","|","|turn|13","|","|move|p1a: Togekiss|Air Slash|p2a: Heatran","|-resisted|p2a: Heatran","|-damage|p2a: Heatran|265/323","|cant|p2a: Heatran|flinch","|","|-sideend|p1: Sable and ed|Reflect","|turn|14","|","|move|p1a: Togekiss|Air Slash|p2a: Heatran","|-resisted|p2a: Heatran","|-damage|p2a: Heatran|201/323","|cant|p2a: Heatran|flinch","|","|turn|15","|","|-end|p2a: Heatran|ability: Flash Fire|[silent]","|switch|p2a: Lucario|Lucario, F|281/281","|move|p1a: Togekiss|Air Slash|p2a: Lucario","|-damage|p2a: Lucario|109/281","|","|turn|16","|","|switch|p1a: Diancie|Diancie|303/303","|move|p2a: Lucario|Extreme Speed|p1a: Diancie","|-resisted|p1a: Diancie","|-damage|p1a: Diancie|271/303","|","|-heal|p1a: Diancie|289/303|[from] item: Leftovers","|turn|17","|","|move|p2a: Lucario|Endure|p2a: Lucario","|-singleturn|p2a: Lucario|move: Endure","|move|p1a: Diancie|Trick Room|p1a: Diancie","|-fieldstart|move: Trick Room|[of] p1a: Diancie","|","|-heal|p1a: Diancie|303/303|[from] item: Leftovers","|turn|18","|","|move|p2a: Lucario|Extreme Speed|p1a: Diancie","|-resisted|p1a: Diancie","|-damage|p1a: Diancie|269/303","|move|p1a: Diancie|Explosion|p2a: Lucario","|-crit|p2a: Lucario","|-resisted|p2a: Lucario","|-damage|p2a: Lucario|0 fnt","|faint|p1a: Diancie","|faint|p2a: Lucario","|","|","|switch|p2a: Steelix|Steelix-Mega, M|353/353","|switch|p1a: Azumarill|Azumarill, M|134/403","|turn|19","|","|move|p1a: Azumarill|Waterfall|p2a: Steelix","|-supereffective|p2a: Steelix","|-damage|p2a: Steelix|148/353","|-damage|p1a: Azumarill|94/403|[from] item: Life Orb","|cant|p2a: Steelix|flinch","|","|turn|20","|","|move|p1a: Azumarill|Waterfall|p2a: Steelix","|-supereffective|p2a: Steelix","|-damage|p2a: Steelix|0 fnt","|-damage|p1a: Azumarill|54/403|[from] item: Life Orb","|faint|p2a: Steelix","|","|","|switch|p2a: Durant|Durant, M|257/257","|turn|21","|","|switch|p1a: Klefki|Klefki, M|162/317","|move|p2a: Durant|Iron Head|p1a: Klefki","|-damage|p1a: Klefki|0 fnt","|-damage|p2a: Durant|232/257|[from] item: Life Orb","|faint|p1a: Klefki","|","|-fieldend|move: Trick Room","|","|switch|p1a: Togekiss|Togekiss, M|53/311","|turn|22","|","|switch|p2a: Heatran|Heatran, M|201/323","|move|p1a: Togekiss|Air Slash|p2a: Heatran","|-resisted|p2a: Heatran","|-damage|p2a: Heatran|146/323","|","|turn|23","|","|move|p1a: Togekiss|Air Slash|p2a: Heatran","|-resisted|p2a: Heatran","|-damage|p2a: Heatran|86/323","|move|p2a: Heatran|Flash Cannon|p1a: Togekiss","|-supereffective|p1a: Togekiss","|-damage|p1a: Togekiss|0 fnt","|faint|p1a: Togekiss","|","|","|switch|p1a: Azumarill|Azumarill, M|54/403","|turn|24","|","|move|p1a: Azumarill|Aqua Jet|p2a: Heatran","|-supereffective|p2a: Heatran","|-damage|p2a: Heatran|0 fnt","|-damage|p1a: Azumarill|14/403|[from] item: Life Orb","|faint|p2a: Heatran","|","|","|switch|p2a: Durant|Durant, M|232/257","|turn|25","|","|move|p1a: Azumarill|Aqua Jet|p2a: Durant","|-damage|p2a: Durant|127/257","|-damage|p1a: Azumarill|0 fnt|[from] item: Life Orb","|faint|p1a: Azumarill","|move|p2a: Durant|Iron Head|p1: Azumarill|[notarget]","|-notarget","|","|","|switch|p1a: Gardevoir|Gardevoir, M, shiny|85/339","|-ability|p1a: Gardevoir|Hustle|[from] ability: Trace|[of] p2a: Durant","|turn|26","|","|detailschange|p1a: Gardevoir|Gardevoir-Mega, M, shiny","|-mega|p1a: Gardevoir|Gardevoir|Gardevoirite","|move|p2a: Durant|X-Scissor|p1a: Gardevoir|[miss]","|-miss|p2a: Durant|p1a: Gardevoir","|move|p1a: Gardevoir|Trick Room|p1a: Gardevoir","|-fieldstart|move: Trick Room|[of] p1a: Gardevoir","|","|turn|27","|","|move|p1a: Gardevoir|Hyper Voice|p2a: Durant","|-resisted|p2a: Durant","|-damage|p2a: Durant|0 fnt","|faint|p2a: Durant","|","|win|Sable and ed"],"p1rating":{"entryid":"422954","serverid":"eos","formatid":"monotype","userid":"sableanded","username":"Sable and ed","w":3,"l":"3","t":"0","gxe":48.3,"r":"1500","rd":"130","sigma":"0","rptime":"1440406800","rpr":1486.5884614428,"rprd":98.75370514457,"rpsigma":"0","acre":1075.5270823621,"lacre":1075.5270823621,"oldacre":"1044.6522585441"},"p2rating":{"entryid":"414338","serverid":"eos","formatid":"monotype","userid":"willwolf","username":"willwolf","w":"5","l":10,"t":"0","gxe":38.8,"r":"1500","rd":"130","sigma":"0","rptime":"1440406800","rpr":1411.9112043203,"rprd":77.636472648408,"rpsigma":"0","acre":1007.3305039238,"lacre":1007.3305039238,"oldacre":"1019.2832849938"},"endType":"normal"}