{"seed":[16761,41505,42946,35766],"turns":27,"p1":"Inferno Sableye","p2":"Silver LadyLaxus","p1team":[{"name":"Not op","species":"sableye","item":"sablenite","ability":"Prankster","moves":["shadowball","recover","calmmind","willowisp"],"nature":"Bold","evs":{"hp":248,"atk":0,"def":252,"spa":0,"spd":8,"spe":0},"ivs":{"hp":31,"atk":0,"def":31,"spa":31,"spd":31,"spe":31}},{"name":"Rawwrrrr","species":"tyranitar","item":"chopleberry","ability":"Sand Stream","moves":["stealthrock","thunderwave","rockslide","earthquake"],"nature":"Impish","evs":{"hp":252,"atk":0,"def":80,"spa":0,"spd":176,"spe":0},"ivs":{"hp":31,"atk":31,"def":31,"spa":31,"spd":31,"spe":31}},{"name":"Bish Plz","species":"bisharp","item":"lumberry","ability":"Defiant","moves":["knockoff","suckerpunch","ironhead","swordsdance"],"nature":"Adamant","evs":{"hp":0,"atk":252,"def":4,"spa":0,"spd":0,"spe":252},"gender":"M","shiny":true,"ivs":{"hp":31,"atk":31,"def":31,"spa":31,"spd":31,"spe":31}},{"name":"Oit of this world","species":"hoopaunbound","item":"choicescarf","ability":"Magician","moves":["gunkshot","psychic","hyperspacefury","drainpunch"],"nature":"Hasty","evs":{"hp":0,"atk":252,"def":0,"spa":4,"spd":0,"spe":252},"ivs":{"hp":31,"atk":31,"def":31,"spa":31,"spd":31,"spe":31}},{"name":"No pressure","species":"weavile","item":"lifeorb","ability":"Pressure","moves":["iciclecrash","iceshard","knockoff","lowkick"],"nature":"Jolly","evs":{"hp":0,"atk":252,"def":0,"spa":0,"spd":4,"spe":252},"ivs":{"hp":31,"atk":31,"def":31,"spa":31,"spd":31,"spe":31}},{"name":"Buzz off bitch","species":"mandibuzz","item":"rockyhelmet","ability":"Overcoat","moves":["roost","defog","whirlwind","foulplay"],"nature":"Bold","evs":{"hp":176,"atk":0,"def":252,"spa":0,"spd":80,"spe":0},"ivs":{"hp":31,"atk":31,"def":31,"spa":31,"spd":31,"spe":31}}],"p2team":[{"name":"never works","species":"lopunny","item":"lopunnite","ability":"Limber","moves":["endure","flail","highjumpkick","healingwish"],"nature":"Jolly","evs":{"hp":0,"atk":252,"def":0,"spa":0,"spd":4,"spe":252},"ivs":{"hp":31,"atk":31,"def":31,"spa":31,"spd":31,"spe":31}},{"name":"Emobird","species":"staraptor","item":"safetygoggles","ability":"Reckless","moves":["bravebird","doubleedge","closecombat","uturn"],"nature":"Jolly","evs":{"hp":0,"atk":252,"def":0,"spa":0,"spd":4,"spe":252},"shiny":true,"ivs":{"hp":31,"atk":31,"def":31,"spa":31,"spd":31,"spe":31}},{"name":"CopyMachine","species":"ditto","item":"choicescarf","ability":"Imposter","moves":["transform"],"nature":"Bold","evs":{"hp":0,"atk":0,"def":252,"spa":0,"spd":4,"spe":0},"ivs":{"hp":31,"atk":31,"def":31,"spa":31,"spd":31,"spe":31}},{"name":"Nala","species":"pyroar","item":"focussash","ability":"Moxie","moves":["return","overheat","wildcharge","crunch"],"nature":"Naive","evs":{"hp":0,"atk":252,"def":0,"spa":4,"spd":0,"spe":252},"gender":"F","ivs":{"hp":31,"atk":31,"def":31,"spa":31,"spd":31,"spe":31}},{"name":"Android","species":"porygon2","item":"eviolite","ability":"Analytic","moves":["icebeam","thunderbolt","magiccoat","recover"],"nature":"Calm","evs":{"hp":248,"atk":0,"def":0,"spa":8,"spd":252,"spe":0},"ivs":{"hp":31,"atk":31,"def":31,"spa":31,"spd":31,"spe":31}},{"name":"Canada","species":"chansey","item":"eviolite","ability":"Natural Cure","moves":["wish","seismictoss","stealthrock","toxic"],"nature":"Bold","evs":{"hp":248,"atk":0,"def":4,"spa":0,"spd":4,"spe":0},"ivs":{"hp":31,"atk":31,"def":31,"spa":31,"spd":31,"spe":31}}],"log":["|player|p1|Inferno Sableye|infernosableye.gif","|player|p2|Silver LadyLaxus|100","|gametype|singles","|gen|6","|tier|Monotype","|rated","|rule|Baton Pass Clause: Limit one Baton Passer, can't pass Spe and other stats simultaneously","|rule|Swagger Clause: Swagger is banned","|rule|Same Type Clause: Pokémon in a team must share a type","|clearpoke","|poke|p1|Sableye, F","|poke|p1|Tyranitar, M","|poke|p1|Bisharp, M, shiny","|poke|p1|Hoopa-Unbound","|poke|p1|Weavile, M","|poke|p1|Mandibuzz, F","|poke|p2|Lopunny, F","|poke|p2|Staraptor, M, shiny","|poke|p2|Ditto","|poke|p2|Pyroar, F","|poke|p2|Porygon2","|poke|p2|Chansey, F","|rule|Sleep Clause Mod: Limit one foe put to sleep","|rule|Species Clause: Limit one of each Pokémon","|rule|OHKO Clause: OHKO moves are banned","|rule|Moody Clause: Moody is banned","|rule|Evasion Moves Clause: Evasion moves are banned","|rule|Endless Battle Clause: Forcing endless battles is banned","|rule|HP Percentage Mod: HP is shown in percentages","|teampreview","|","|start","|switch|p1a: Not op|Sableye, F|303/303","|switch|p2a: Nala|Pyroar, F|313/313","|turn|1","|","|detailschange|p1a: Not op|Sableye-Mega, F","|-mega|p1a: Not op|Sableye|Sablenite","|move|p1a: Not op|Calm Mind|p1a: Not op","|-boost|p1a: Not op|spa|1","|-boost|p1a: Not op|spd|1","|move|p2a: Nala|Overheat|p1a: Not op","|-damage|p1a: Not op|209/303","|-unboost|p2a: Nala|spa|2","|","|turn|2","|","|move|p2a: Nala|Crunch|p1a: Not op","|-damage|p1a: Not op|167/303","|move|p1a: Not op|Recover|p1a: Not op","|-heal|p1a: Not op|303/303","|","|turn|3","|","|switch|p2a: CopyMachine|Ditto|237/237","|-transform|p2a: CopyMachine|p1a: Not op","|move|p1a: Not op|Calm Mind|p1a: Not op","|-boost|p1a: Not op|spa|1","|-boost|p1a: Not op|spd|1","|","|turn|4","|","|switch|p2a: Nala|Pyroar, F|313/313","|move|p1a: Not op|Recover|p1a: Not op","|-fail|p1a: Not op","|","|turn|5","|","|switch|p1a: Rawwrrrr|Tyranitar, M|404/404","|-weather|Sandstorm","|move|p2a: Nala|Crunch|p1a: Rawwrrrr","|-resisted|p1a: Rawwrrrr","|-damage|p1a: Rawwrrrr|381/404","|","|-weather|Sandstorm|[upkeep]","|-damage|p2a: Nala|294/313|[from] sandstorm","|turn|6","|","|switch|p2a: CopyMachine|Ditto|237/237","|-transform|p2a: CopyMachine|p1a: Rawwrrrr","|move|p1a: Rawwrrrr|Stealth Rock|p2a: CopyMachine","|-sidestart|p2: Silver LadyLaxus|move: Stealth Rock","|","|-weather|Sandstorm|[upkeep]","|turn|7","|","|switch|p1a: Not op|Sableye-Mega, F|303/303","|move|p2a: CopyMachine|Rock Slide|p1a: Not op","|-damage|p1a: Not op|231/303","|","|-weather|Sandstorm|[upkeep]","|-damage|p1a: Not op|213/303|[from] sandstorm","|turn|8","|","|move|p2a: CopyMachine|Rock Slide|p1a: Not op","|-damage|p1a: Not op|140/303","|move|p1a: Not op|Recover|p1a: Not op","|-heal|p1a: Not op|292/303","|","|-weather|Sandstorm|[upkeep]","|-damage|p1a: Not op|274/303|[from] sandstorm","|turn|9","|","|move|p2a: CopyMachine|Rock Slide|p1a: Not op","|-miss|p2a: CopyMachine|p1a: Not op","|move|p1a: Not op|Will-O-Wisp|p2a: CopyMachine","|-status|p2a: CopyMachine|brn","|","|-weather|none","|-damage|p2a: CopyMachine|208/237 brn|[from] brn","|turn|10","|","|switch|p2a: Nala|Pyroar, F|294/313","|-damage|p2a: Nala|216/313|[from] Stealth Rock","|move|p1a: Not op|Recover|p1a: Not op","|-heal|p1a: Not op|303/303","|","|turn|11","|","|switch|p2a: never works|Lopunny, F|271/271","|-damage|p2a: never works|238/271|[from] Stealth Rock","|switch|p1a: Rawwrrrr|Tyranitar, M|381/404","|-weather|Sandstorm","|","|-weather|Sandstorm|[upkeep]","|-damage|p2a: never works|222/271|[from] sandstorm","|turn|12","|","|switch|p1a: Buzz off bitch|Mandibuzz, F|405/405","|detailschange|p2a: never works|Lopunny-Mega, F","|-mega|p2a: never works|Lopunny|Lopunnite","|move|p2a: never works|High Jump Kick|p1a: Buzz off bitch","|-damage|p1a: Buzz off bitch|240/405","|-damage|p2a: never works|177/271|[from] item: Rocky Helmet|[of] p1a: Buzz off bitch","|","|-weather|Sandstorm|[upkeep]","|-damage|p2a: never works|161/271|[from] sandstorm","|turn|13","|","|switch|p2a: Canada|Chansey, F|703/703","|-damage|p2a: Canada|616/703|[from] Stealth Rock","|move|p1a: Buzz off bitch|Roost|p1a: Buzz off bitch","|-heal|p1a: Buzz off bitch|405/405","|","|-weather|Sandstorm|[upkeep]","|-damage|p2a: Canada|573/703|[from] sandstorm","|turn|14","|","|switch|p1a: Not op|Sableye-Mega, F|303/303","|move|p2a: Canada|Wish|p2a: Canada","|","|-weather|Sandstorm|[upkeep]","|-damage|p2a: Canada|530/703|[from] sandstorm","|-damage|p1a: Not op|285/303|[from] sandstorm","|turn|15","|","|switch|p2a: Nala|Pyroar, F|216/313","|-damage|p2a: Nala|138/313|[from] Stealth Rock","|switch|p1a: Bish Plz|Bisharp, M, shiny|271/271","|","|-weather|none","|-heal|p2a: Nala|313/313|[from] move: Wish|[wisher] Canada","|turn|16","|","|move|p1a: Bish Plz|Sucker Punch|p2a: Nala","|-damage|p2a: Nala|129/313","|move|p2a: Nala|Overheat|p1a: Bish Plz","|-supereffective|p1a: Bish Plz","|-damage|p1a: Bish Plz|0 fnt","|-unboost|p2a: Nala|spa|2","|faint|p1a: Bish Plz","|-boost|p2a: Nala|atk|1|[from] ability: Moxie","|","|","|switch|p1a: Oit of this world|Hoopa-Unbound|301/301","|turn|17","|","|switch|p2a: Android|Porygon2|373/373","|-damage|p2a: Android|327/373|[from] Stealth Rock","|move|p1a: Oit of this world|Drain Punch|p2a: Android","|-supereffective|p2a: Android","|-damage|p2a: Android|173/373","|","|turn|18","|","|move|p1a: Oit of this world|Drain Punch|p2a: Android","|-supereffective|p2a: Android","|-damage|p2a: Android|17/373","|move|p2a: Android|Ice Beam|p1a: Oit of this world","|-damage|p1a: Oit of this world|225/301","|","|turn|19","|","|move|p1a: Oit of this world|Drain Punch|p2a: Android","|-supereffective|p2a: Android","|-damage|p2a: Android|0 fnt","|-heal|p1a: Oit of this world|234/301|[from] drain|[of] p2a: Android","|faint|p2a: Android","|","|","|switch|p2a: Emobird|Staraptor, M, shiny|311/311","|-damage|p2a: Emobird|234/311|[from] Stealth Rock","|turn|20","|","|switch|p1a: Rawwrrrr|Tyranitar, M|381/404","|-weather|Sandstorm","|move|p2a: Emobird|Brave Bird|p1a: Rawwrrrr","|-crit|p1a: Rawwrrrr","|-resisted|p1a: Rawwrrrr","|-damage|p1a: Rawwrrrr|228/404","|-damage|p2a: Emobird|184/311|[from] recoil|[of] p1a: Rawwrrrr","|","|-weather|Sandstorm|[upkeep]","|turn|21","|","|move|p2a: Emobird|Close Combat|p1a: Rawwrrrr","|-supereffective|p1a: Rawwrrrr","|-enditem|p1a: Rawwrrrr|Chople Berry|[eat]","|-damage|p1a: Rawwrrrr|28/404","|-unboost|p2a: Emobird|def|1","|-unboost|p2a: Emobird|spd|1","|move|p1a: Rawwrrrr|Rock Slide|p2a: Emobird","|-supereffective|p2a: Emobird","|-damage|p2a: Emobird|0 fnt","|faint|p2a: Emobird","|","|-weather|Sandstorm|[upkeep]","|","|switch|p2a: never works|Lopunny-Mega, F|161/271","|-damage|p2a: never works|145/271|[from] Stealth Rock","|turn|22","|","|switch|p2a: Canada|Chansey, F|530/703","|-damage|p2a: Canada|443/703|[from] Stealth Rock","|switch|p1a: Buzz off bitch|Mandibuzz, F|405/405","|","|-weather|Sandstorm|[upkeep]","|-damage|p2a: Canada|400/703|[from] sandstorm","|turn|23","|","|switch|p1a: No pressure|Weavile, M|281/281","|-ability|p1a: No pressure|Pressure","|move|p2a: Canada|Wish|p2a: Canada","|","|-weather|Sandstorm|[upkeep]","|-damage|p1a: No pressure|264/281|[from] sandstorm","|-damage|p2a: Canada|357/703|[from] sandstorm","|turn|24","|","|move|p1a: No pressure|Knock Off|p2a: Canada","|-damage|p2a: Canada|0 fnt","|-enditem|p2a: Canada|Eviolite|[from] move: Knock Off|[of] p1a: No pressure","|-damage|p1a: No pressure|236/281|[from] item: Life Orb","|faint|p2a: Canada","|","|-weather|none","|","|switch|p2a: never works|Lopunny-Mega, F|145/271","|-damage|p2a: never works|129/271|[from] Stealth Rock","|turn|25","|","|switch|p1a: Buzz off bitch|Mandibuzz, F|405/405","|move|p2a: never works|High Jump Kick|p1a: Buzz off bitch","|-damage|p1a: Buzz off bitch|224/405","|-damage|p2a: never works|84/271|[from] item: Rocky Helmet|[of] p1a: Buzz off bitch","|","|turn|26","|","|switch|p2a: Nala|Pyroar, F|129/313","|-damage|p2a: Nala|51/313|[from] Stealth Rock","|move|p1a: Buzz off bitch|Roost|p1a: Buzz off bitch","|-heal|p1a: Buzz off bitch|405/405","|","|turn|27","|","|switch|p1a: Rawwrrrr|Tyranitar, M|28/404","|-weather|Sandstorm","|move|p2a: Nala|Overheat|p1a: Rawwrrrr","|-resisted|p1a: Rawwrrrr","|-damage|p1a: Rawwrrrr|0 fnt","|-unboost|p2a: Nala|spa|2","|faint|p1a: Rawwrrrr","|-boost|p2a: Nala|atk|1|[from] ability: Moxie","|","|-weather|Sandstorm|[upkeep]","|-damage|p2a: Nala|32/313|[from] sandstorm","|","|win|Inferno Sableye"],"p1rating":{"entryid":"83803","serverid":"eos","formatid":"monotype","userid":"infernosableye","username":"Inferno Sableye","w":50,"l":"14","t":"0","gxe":74.9,"r":"1684.0737894333","rd":"50.231927762125","sigma":"0","rptime":"1440406800","rpr":1707.0626966764,"rprd":46.554063933046,"rpsigma":"0","acre":1358.0320970451,"lacre":1358.0320970451,"oldacre":"1351.6392949977"},"p2rating":{"entryid":"221665","serverid":"eos","formatid":"monotype","userid":"silverladylaxus","username":"Silver LadyLaxus","w":"6","l":7,"t":"0","gxe":51.6,"r":"1545.9049391545","rd":"101.75961480727","sigma":"0","rptime":"1440406800","rpr":1512.1689974447,"rprd":80.237461802926,"rpsigma":"0","acre":1057.1094365372,"lacre":1057.1094365372,"oldacre":"1063.3428760696"},"endType":"forfeit"}