{"seed":[29355,64161,48633,20538],"turns":21,"p1":"GTX♅Asian","p2":"DJ Gible","p1team":[{"name":"Cloyster","species":"Cloyster","item":"focussash","ability":"Skill Link","moves":["shellsmash","iciclespear","rockblast","razorshell"],"nature":"Adamant","evs":{"hp":0,"atk":252,"def":0,"spa":0,"spd":4,"spe":252},"gender":"M","shiny":true,"ivs":{"hp":31,"atk":31,"def":31,"spa":31,"spd":31,"spe":31}},{"name":"Azumarill","species":"Azumarill","item":"assaultvest","ability":"Huge Power","moves":["aquajet","superpower","playrough","waterfall"],"nature":"Adamant","evs":{"hp":248,"atk":252,"def":0,"spa":0,"spd":8,"spe":0},"gender":"F","ivs":{"hp":31,"atk":30,"def":30,"spa":30,"spd":31,"spe":31}},{"name":"Rotom-Wash","species":"Rotom-Wash","item":"leftovers","ability":"Levitate","moves":["voltswitch","hydropump","painsplit","willowisp"],"nature":"Calm","evs":{"hp":252,"atk":0,"def":0,"spa":4,"spd":252,"spe":0},"ivs":{"hp":31,"atk":31,"def":31,"spa":31,"spd":31,"spe":31}},{"name":"Sharpedo","species":"Sharpedo","item":"sharpedonite","ability":"Speed Boost","moves":["protect","crunch","waterfall","icefang"],"nature":"Adamant","evs":{"hp":0,"atk":252,"def":0,"spa":0,"spd":4,"spe":252},"gender":"M","ivs":{"hp":31,"atk":31,"def":31,"spa":31,"spd":31,"spe":31}},{"name":"Keldeo","species":"Keldeo","item":"lifeorb","ability":"Justified","moves":["scald","secretsword","icywind","hiddenpowerfire"],"nature":"Timid","evs":{"hp":0,"atk":0,"def":0,"spa":252,"spd":4,"spe":252},"ivs":{"hp":31,"atk":30,"def":31,"spa":30,"spd":31,"spe":30}},{"name":"Gastrodon","species":"Gastrodon","item":"leftovers","ability":"Storm Drain","moves":["scald","recover","toxic","earthpower"],"nature":"Bold","evs":{"hp":252,"atk":0,"def":252,"spa":4,"spd":0,"spe":0},"gender":"F","ivs":{"hp":31,"atk":31,"def":31,"spa":31,"spd":31,"spe":31}}],"p2team":[{"name":"Calamari","species":"malamar","item":"choicescarf","ability":"Contrary","moves":["rockslide","psychocut","superpower","nightslash"],"nature":"Jolly","evs":{"hp":4,"atk":252,"def":0,"spa":0,"spd":0,"spe":252},"ivs":{"hp":31,"atk":31,"def":31,"spa":31,"spd":31,"spe":31}},{"name":"Hoodlum","species":"scrafty","item":"focussash","ability":"Moxie","moves":["dragondance","crunch","drainpunch","icepunch"],"nature":"Adamant","evs":{"hp":4,"atk":252,"def":0,"spa":0,"spd":0,"spe":252},"ivs":{"hp":31,"atk":31,"def":31,"spa":31,"spd":31,"spe":31}},{"name":"Tyrant","species":"tyranitar","item":"tyranitarite","ability":"Sand Stream","moves":["dragondance","stoneedge","earthquake","crunch"],"nature":"Adamant","evs":{"hp":0,"atk":252,"def":0,"spa":0,"spd":4,"spe":252},"ivs":{"hp":31,"atk":31,"def":31,"spa":31,"spd":31,"spe":31}},{"name":"Cpt. Buzz","species":"mandibuzz","item":"leftovers","ability":"Big Pecks","moves":["foulplay","roost","defog","whirlwind"],"nature":"Bold","evs":{"hp":252,"atk":0,"def":252,"spa":0,"spd":4,"spe":0},"ivs":{"hp":31,"atk":31,"def":31,"spa":31,"spd":31,"spe":31}},{"name":"Hoopa-Unbound","species":"Hoopa-Unbound","item":"lifeorb","ability":"Magician","moves":["zenheadbutt","hyperspacefury","gunkshot","substitute"],"nature":"Jolly","evs":{"hp":0,"atk":252,"def":0,"spa":0,"spd":4,"spe":252},"ivs":{"hp":31,"atk":31,"def":31,"spa":31,"spd":31,"spe":31}},{"name":"Hydreigon","species":"Hydreigon","item":"choicescarf","ability":"Levitate","moves":["dracometeor","dragonpulse","darkpulse","flashcannon"],"nature":"Timid","evs":{"hp":0,"atk":0,"def":0,"spa":252,"spd":4,"spe":252},"ivs":{"hp":31,"atk":31,"def":31,"spa":31,"spd":31,"spe":31}}],"log":["|player|p1|GTX♅Asian|222","|player|p2|DJ Gible|198","|gametype|singles","|gen|6","|tier|Monotype","|rated","|rule|Baton Pass Clause: Limit one Baton Passer, can't pass Spe and other stats simultaneously","|rule|Swagger Clause: Swagger is banned","|rule|Same Type Clause: Pokémon in a team must share a type","|clearpoke","|poke|p1|Cloyster, M, shiny","|poke|p1|Azumarill, F","|poke|p1|Rotom-Wash","|poke|p1|Sharpedo, M","|poke|p1|Keldeo","|poke|p1|Gastrodon, F","|poke|p2|Malamar, F","|poke|p2|Scrafty, M","|poke|p2|Tyranitar, F","|poke|p2|Mandibuzz, F","|poke|p2|Hoopa-Unbound","|poke|p2|Hydreigon, M","|rule|Sleep Clause Mod: Limit one foe put to sleep","|rule|Species Clause: Limit one of each Pokémon","|rule|OHKO Clause: OHKO moves are banned","|rule|Moody Clause: Moody is banned","|rule|Evasion Moves Clause: Evasion moves are banned","|rule|Endless Battle Clause: Forcing endless battles is banned","|rule|HP Percentage Mod: HP is shown in percentages","|teampreview","|","|start","|switch|p1a: Cloyster|Cloyster, M, shiny|241/241","|switch|p2a: Calamari|Malamar, F|314/314","|turn|1","|","|move|p2a: Calamari|Superpower|p1a: Cloyster","|-supereffective|p1a: Cloyster","|-damage|p1a: Cloyster|117/241","|-boost|p2a: Calamari|atk|1","|-boost|p2a: Calamari|def|1","|move|p1a: Cloyster|Shell Smash|p1a: Cloyster","|-unboost|p1a: Cloyster|def|1","|-unboost|p1a: Cloyster|spd|1","|-boost|p1a: Cloyster|atk|2","|-boost|p1a: Cloyster|spa|2","|-boost|p1a: Cloyster|spe|2","|","|turn|2","|","|move|p1a: Cloyster|Icicle Spear|p2a: Calamari","|-damage|p2a: Calamari|260/314","|-damage|p2a: Calamari|200/314","|-damage|p2a: Calamari|139/314","|-damage|p2a: Calamari|79/314","|-damage|p2a: Calamari|21/314","|-hitcount|p2a: Calamari|5","|move|p2a: Calamari|Superpower|p1a: Cloyster","|-supereffective|p1a: Cloyster","|-damage|p1a: Cloyster|0 fnt","|-boost|p2a: Calamari|atk|1","|-boost|p2a: Calamari|def|1","|faint|p1a: Cloyster","|","|","|switch|p1a: Azumarill|Azumarill, F|403/403","|turn|3","|","|move|p1a: Azumarill|Aqua Jet|p2a: Calamari","|-damage|p2a: Calamari|0 fnt","|faint|p2a: Calamari","|","|","|switch|p2a: Hoopa-Unbound|Hoopa-Unbound|301/301","|turn|4","|","|move|p2a: Hoopa-Unbound|Substitute|p2a: Hoopa-Unbound","|-start|p2a: Hoopa-Unbound|Substitute","|-damage|p2a: Hoopa-Unbound|226/301","|move|p1a: Azumarill|Play Rough|p2a: Hoopa-Unbound","|-supereffective|p2a: Hoopa-Unbound","|-end|p2a: Hoopa-Unbound|Substitute","|","|turn|5","|","|move|p2a: Hoopa-Unbound|Gunk Shot|p1a: Azumarill","|-supereffective|p1a: Azumarill","|-damage|p1a: Azumarill|0 fnt","|-damage|p2a: Hoopa-Unbound|196/301|[from] item: Life Orb","|faint|p1a: Azumarill","|","|","|switch|p1a: Sharpedo|Sharpedo, M|281/281","|turn|6","|","|switch|p2a: Cpt. Buzz|Mandibuzz, F|424/424","|move|p1a: Sharpedo|Protect|p1a: Sharpedo","|-fail|p1a: Sharpedo","|","|-boost|p1a: Sharpedo|spe|1|[from] ability: Speed Boost","|turn|7","|","|move|p1a: Sharpedo|Ice Fang|p2a: Cpt. Buzz","|-supereffective|p2a: Cpt. Buzz","|-damage|p2a: Cpt. Buzz|304/424","|move|p2a: Cpt. Buzz|Whirlwind|p1a: Sharpedo","|drag|p1a: Keldeo|Keldeo|323/323","|","|-heal|p2a: Cpt. Buzz|330/424|[from] item: Leftovers","|turn|8","|","|switch|p1a: Rotom-Wash|Rotom-Wash|304/304","|move|p2a: Cpt. Buzz|Foul Play|p1a: Rotom-Wash","|-damage|p1a: Rotom-Wash|234/304","|","|-heal|p1a: Rotom-Wash|253/304|[from] item: Leftovers","|-heal|p2a: Cpt. Buzz|356/424|[from] item: Leftovers","|turn|9","|","|move|p1a: Rotom-Wash|Hydro Pump|p2a: Cpt. Buzz","|-damage|p2a: Cpt. Buzz|206/424","|move|p2a: Cpt. Buzz|Whirlwind|p1a: Rotom-Wash","|drag|p1a: Sharpedo|Sharpedo, M|281/281","|","|-heal|p2a: Cpt. Buzz|232/424|[from] item: Leftovers","|turn|10","|","|move|p1a: Sharpedo|Protect|p1a: Sharpedo","|-singleturn|p1a: Sharpedo|Protect","|move|p2a: Cpt. Buzz|Roost|p2a: Cpt. Buzz","|-heal|p2a: Cpt. Buzz|424/424","|","|-boost|p1a: Sharpedo|spe|1|[from] ability: Speed Boost","|turn|11","|","|detailschange|p1a: Sharpedo|Sharpedo-Mega, M","|-mega|p1a: Sharpedo|Sharpedo|Sharpedonite","|move|p1a: Sharpedo|Ice Fang|p2a: Cpt. Buzz","|-supereffective|p2a: Cpt. Buzz","|-damage|p2a: Cpt. Buzz|228/424","|move|p2a: Cpt. Buzz|Whirlwind|p1a: Sharpedo","|drag|p1a: Gastrodon|Gastrodon, F|426/426","|","|-heal|p2a: Cpt. Buzz|254/424|[from] item: Leftovers","|turn|12","|","|switch|p2a: Hoodlum|Scrafty, M|272/272","|move|p1a: Gastrodon|Toxic|p2a: Hoodlum","|-status|p2a: Hoodlum|tox","|","|-damage|p2a: Hoodlum|255/272 tox|[from] psn","|turn|13","|","|move|p2a: Hoodlum|Dragon Dance|p2a: Hoodlum","|-boost|p2a: Hoodlum|atk|1","|-boost|p2a: Hoodlum|spe|1","|move|p1a: Gastrodon|Earth Power|p2a: Hoodlum","|-damage|p2a: Hoodlum|170/272 tox","|","|-damage|p2a: Hoodlum|136/272 tox|[from] psn","|turn|14","|","|move|p2a: Hoodlum|Ice Punch|p1a: Gastrodon","|-damage|p1a: Gastrodon|317/426","|move|p1a: Gastrodon|Earth Power|p2a: Hoodlum","|-damage|p2a: Hoodlum|43/272 tox","|","|-heal|p1a: Gastrodon|343/426|[from] item: Leftovers","|-damage|p2a: Hoodlum|0 fnt|[from] psn","|faint|p2a: Hoodlum","|","|switch|p2a: Hoopa-Unbound|Hoopa-Unbound|196/301","|turn|15","|","|move|p2a: Hoopa-Unbound|Substitute|p2a: Hoopa-Unbound","|-start|p2a: Hoopa-Unbound|Substitute","|-damage|p2a: Hoopa-Unbound|121/301","|move|p1a: Gastrodon|Earth Power|p2a: Hoopa-Unbound","|-end|p2a: Hoopa-Unbound|Substitute","|","|-heal|p1a: Gastrodon|369/426|[from] item: Leftovers","|turn|16","|","|move|p2a: Hoopa-Unbound|Hyperspace Fury|p1a: Gastrodon","|-damage|p1a: Gastrodon|126/426","|-unboost|p2a: Hoopa-Unbound|def|1","|-damage|p2a: Hoopa-Unbound|91/301|[from] item: Life Orb","|move|p1a: Gastrodon|Earth Power|p2a: Hoopa-Unbound","|-damage|p2a: Hoopa-Unbound|13/301","|-unboost|p2a: Hoopa-Unbound|spd|1","|","|-heal|p1a: Gastrodon|152/426|[from] item: Leftovers","|turn|17","|","|move|p2a: Hoopa-Unbound|Hyperspace Fury|p1a: Gastrodon","|-damage|p1a: Gastrodon|0 fnt","|-unboost|p2a: Hoopa-Unbound|def|1","|-damage|p2a: Hoopa-Unbound|0 fnt|[from] item: Life Orb","|faint|p1a: Gastrodon","|faint|p2a: Hoopa-Unbound","|","|","|switch|p1a: Keldeo|Keldeo|323/323","|switch|p2a: Tyrant|Tyranitar, F|341/341","|-weather|Sandstorm","|turn|18","|","|switch|p2a: Cpt. Buzz|Mandibuzz, F|254/424","|move|p1a: Keldeo|Secret Sword|p2a: Cpt. Buzz","|-damage|p2a: Cpt. Buzz|125/424","|-damage|p1a: Keldeo|291/323|[from] item: Life Orb","|","|-weather|Sandstorm|[upkeep]","|-damage|p1a: Keldeo|271/323|[from] sandstorm","|-damage|p2a: Cpt. Buzz|99/424|[from] sandstorm","|-heal|p2a: Cpt. Buzz|125/424|[from] item: Leftovers","|turn|19","|","|move|p1a: Keldeo|Icy Wind|p2a: Cpt. Buzz","|-supereffective|p2a: Cpt. Buzz","|-damage|p2a: Cpt. Buzz|0 fnt","|-damage|p1a: Keldeo|239/323|[from] item: Life Orb","|faint|p2a: Cpt. Buzz","|","|-weather|Sandstorm|[upkeep]","|-damage|p1a: Keldeo|219/323|[from] sandstorm","|","|switch|p2a: Hydreigon|Hydreigon, M|325/325","|turn|20","|","|move|p2a: Hydreigon|Draco Meteor|p1a: Keldeo|[miss]","|-miss|p2a: Hydreigon|p1a: Keldeo","|move|p1a: Keldeo|Secret Sword|p2a: Hydreigon","|-supereffective|p2a: Hydreigon","|-damage|p2a: Hydreigon|0 fnt","|-damage|p1a: Keldeo|187/323|[from] item: Life Orb","|faint|p2a: Hydreigon","|","|-weather|Sandstorm|[upkeep]","|-damage|p1a: Keldeo|167/323|[from] sandstorm","|","|switch|p2a: Tyrant|Tyranitar, F|341/341","|turn|21","|","|detailschange|p2a: Tyrant|Tyranitar-Mega, F","|-mega|p2a: Tyrant|Tyranitar|Tyranitarite","|move|p1a: Keldeo|Secret Sword|p2a: Tyrant","|-supereffective|p2a: Tyrant","|-damage|p2a: Tyrant|0 fnt","|-damage|p1a: Keldeo|135/323|[from] item: Life Orb","|faint|p2a: Tyrant","|","|win|GTX♅Asian"],"p1rating":{"entryid":"370034","serverid":"eos","formatid":"monotype","userid":"gtxasian","username":"GTX♅Asian","w":3,"l":"2","t":"0","gxe":52.4,"r":"1465.3538060066","rd":"117.73616620292","sigma":"0","rptime":"1440406800","rpr":1518.4982231459,"rprd":104.45313311481,"rpsigma":"0","acre":1087.9562494045,"lacre":1087.9562494045,"oldacre":"1055.1207440938"},"p2rating":{"entryid":"166635","serverid":"eos","formatid":"monotype","userid":"djgible","username":"DJ Gible","w":"2","l":3,"t":"0","gxe":48.3,"r":"1543.9111610629","rd":"123.07983607339","sigma":"0","rptime":"1440406800","rpr":1486.6429048167,"rprd":102.96072767245,"rpsigma":"0","acre":1046.429427011,"lacre":1046.429427011,"oldacre":"1067.2092306814"},"endType":"normal"}