{"seed":[13521,64225,34042,65197],"turns":22,"p1":"Void Neo","p2":"GTX♅Bzumzum","p1team":[{"name":"Miller","species":"skarmory","item":"rockyhelmet","ability":"Sturdy","moves":["stealthrock","whirlwind","roost","bravebird"],"nature":"Impish","evs":{"hp":248,"atk":0,"def":252,"spa":0,"spd":0,"spe":8},"ivs":{"hp":31,"atk":31,"def":31,"spa":31,"spd":31,"spe":31}},{"name":"Andrea","species":"togekiss","item":"leftovers","ability":"Serene Grace","moves":["dazzlinggleam","airslash","defog","roost"],"nature":"Calm","evs":{"hp":252,"atk":0,"def":0,"spa":4,"spd":252,"spe":0},"ivs":{"hp":31,"atk":31,"def":31,"spa":31,"spd":31,"spe":31}},{"name":"Ohnta","species":"gyarados","item":"leftovers","ability":"Moxie","moves":["dragondance","substitute","icefang","earthquake"],"nature":"Jolly","evs":{"hp":0,"atk":252,"def":0,"spa":0,"spd":4,"spe":252},"ivs":{"hp":31,"atk":31,"def":31,"spa":31,"spd":31,"spe":31}},{"name":"Rafique","species":"landorustherian","item":"choicescarf","ability":"Intimidate","moves":["uturn","earthquake","stoneedge","knockoff"],"nature":"Jolly","evs":{"hp":0,"atk":252,"def":0,"spa":0,"spd":4,"spe":252},"ivs":{"hp":31,"atk":31,"def":31,"spa":31,"spd":31,"spe":31}},{"name":"Zapdos","species":"Zapdos","item":"leftovers","ability":"Pressure","moves":["discharge","heatwave","toxic","roost"],"nature":"Calm","evs":{"hp":252,"atk":0,"def":0,"spa":4,"spd":252,"spe":0},"ivs":{"hp":31,"atk":31,"def":31,"spa":31,"spd":31,"spe":31}},{"name":"Cyron","species":"dragonite","item":"choiceband","ability":"Multiscale","moves":["outrage","extremespeed","firepunch","brickbreak"],"nature":"Adamant","evs":{"hp":0,"atk":252,"def":0,"spa":0,"spd":8,"spe":248},"ivs":{"hp":31,"atk":31,"def":31,"spa":31,"spd":31,"spe":31}}],"p2team":[{"name":"Creeps","species":"sableye","item":"sablenite","ability":"Prankster","moves":["dazzlinggleam","calmmind","recover","willowisp"],"nature":"Calm","evs":{"hp":216,"atk":0,"def":0,"spa":40,"spd":252,"spe":0},"gender":"M","ivs":{"hp":31,"atk":31,"def":31,"spa":31,"spd":31,"spe":31}},{"name":"The One","species":"zoroark","item":"focussash","ability":"Illusion","moves":["hiddenpowersteel","extrasensory","snarl","flamethrower"],"nature":"Timid","evs":{"hp":0,"atk":0,"def":0,"spa":252,"spd":4,"spe":252},"gender":"M","ivs":{"hp":31,"atk":31,"def":31,"spa":31,"spd":30,"spe":31}},{"name":"Weasice","species":"weavile","item":"choiceband","ability":"Pressure","moves":["iciclecrash","poisonjab","toxic","assist"],"nature":"Bashful","evs":{"hp":0,"atk":252,"def":0,"spa":0,"spd":4,"spe":252},"gender":"M","ivs":{"hp":31,"atk":31,"def":31,"spa":31,"spd":31,"spe":31}},{"name":"Tyranidark","species":"tyranitar","item":"choicescarf","ability":"Sand Stream","moves":["aerialace","earthquake","rockslide","icepunch"],"nature":"Jolly","evs":{"hp":0,"atk":252,"def":0,"spa":0,"spd":4,"spe":252},"gender":"M","ivs":{"hp":31,"atk":31,"def":31,"spa":31,"spd":31,"spe":31}},{"name":"Try-my-Hydreigon!","species":"hydreigon","item":"choicescarf","ability":"Levitate","moves":["flashcannon","surf","triattack","darkpulse"],"nature":"Timid","evs":{"hp":0,"atk":0,"def":0,"spa":252,"spd":4,"spe":252},"gender":"M","ivs":{"hp":31,"atk":31,"def":31,"spa":31,"spd":31,"spe":31}},{"name":"Annoyance","species":"mandibuzz","item":"leftovers","ability":"Overcoat","moves":["defog","protect","knockoff","bravebird"],"nature":"Impish","evs":{"hp":100,"atk":148,"def":68,"spa":0,"spd":148,"spe":44},"shiny":true,"ivs":{"hp":31,"atk":31,"def":31,"spa":31,"spd":31,"spe":31}}],"log":["|player|p1|Void Neo|266","|player|p2|GTX♅Bzumzum|225","|gametype|singles","|gen|6","|tier|Monotype","|rated","|rule|Baton Pass Clause: Limit one Baton Passer, can't pass Spe and other stats simultaneously","|rule|Swagger Clause: Swagger is banned","|rule|Same Type Clause: Pokémon in a team must share a type","|clearpoke","|poke|p1|Skarmory, F","|poke|p1|Togekiss, M","|poke|p1|Gyarados, M","|poke|p1|Landorus-Therian, M","|poke|p1|Zapdos","|poke|p1|Dragonite, M","|poke|p2|Sableye, M","|poke|p2|Zoroark, M","|poke|p2|Weavile, M","|poke|p2|Tyranitar, M","|poke|p2|Hydreigon, M","|poke|p2|Mandibuzz, F, shiny","|rule|Sleep Clause Mod: Limit one foe put to sleep","|rule|Species Clause: Limit one of each Pokémon","|rule|OHKO Clause: OHKO moves are banned","|rule|Moody Clause: Moody is banned","|rule|Evasion Moves Clause: Evasion moves are banned","|rule|Endless Battle Clause: Forcing endless battles is banned","|rule|HP Percentage Mod: HP is shown in percentages","|teampreview","|","|start","|switch|p1a: Rafique|Landorus-Therian, M|319/319","|switch|p2a: Weasice|Weavile, M|261/261","|-ability|p1a: Rafique|Intimidate","|-unboost|p2a: Weasice|atk|1","|turn|1","|","|switch|p1a: Miller|Skarmory, F|333/333","|move|p2a: Weasice|Hidden Power|p1a: Miller","|-resisted|p1a: Miller","|-damage|p1a: Miller|289/333","|","|turn|2","|","|switch|p1a: Andrea|Togekiss, M|374/374","|move|p2a: Weasice|Flamethrower|p1a: Andrea","|-damage|p1a: Andrea|305/374","|","|-heal|p1a: Andrea|328/374|[from] item: Leftovers","|turn|3","|","|switch|p2a: Tyranidark|Tyranitar, M|341/341","|-weather|Sandstorm","|move|p1a: Andrea|Dazzling Gleam|p2a: Tyranidark","|-supereffective|p2a: Tyranidark","|-damage|p2a: Tyranidark|203/341","|","|-weather|Sandstorm|[upkeep]","|-damage|p1a: Andrea|305/374|[from] sandstorm","|-heal|p1a: Andrea|328/374|[from] item: Leftovers","|turn|4","|","|switch|p1a: Rafique|Landorus-Therian, M|319/319","|-ability|p1a: Rafique|Intimidate","|-unboost|p2a: Tyranidark|atk|1","|move|p2a: Tyranidark|Rock Slide|p1a: Rafique","|-damage|p1a: Rafique|211/319","|","|-weather|Sandstorm|[upkeep]","|turn|5","|","|move|p1a: Rafique|U-turn|p2a: Tyranidark","|-supereffective|p2a: Tyranidark","|-damage|p2a: Tyranidark|45/341","|","|switch|p1a: Miller|Skarmory, F|289/333","|move|p2a: Tyranidark|Rock Slide|p1a: Miller","|-damage|p1a: Miller|240/333","|","|-weather|Sandstorm|[upkeep]","|turn|6","|","|move|p2a: Tyranidark|Rock Slide|p1a: Miller","|-damage|p1a: Miller|191/333","|move|p1a: Miller|Stealth Rock|p2a: Tyranidark","|-sidestart|p2: GTX♅Bzumzum|move: Stealth Rock","|","|-weather|Sandstorm|[upkeep]","|turn|7","|","|switch|p2a: Weasice|Weavile, M|281/281","|-damage|p2a: Weasice|211/281|[from] Stealth Rock","|-ability|p2a: Weasice|Pressure","|move|p1a: Miller|Roost|p1a: Miller","|-heal|p1a: Miller|333/333","|","|-weather|none","|turn|8","|","|switch|p1a: Andrea|Togekiss, M|328/374","|move|p2a: Weasice|Assist|p2a: Weasice","|move|p2a: Weasice|Flamethrower|p1a: Andrea|[from]Assist","|-damage|p1a: Andrea|302/374","|","|-heal|p1a: Andrea|325/374|[from] item: Leftovers","|turn|9","|","|move|p2a: Weasice|Assist|p2a: Weasice","|move|p2a: Weasice|Earthquake|p1a: Andrea|[from]Assist","|-immune|p1a: Andrea|[msg]","|move|p1a: Andrea|Dazzling Gleam|p2a: Weasice","|-supereffective|p2a: Weasice","|-damage|p2a: Weasice|0 fnt","|faint|p2a: Weasice","|","|-heal|p1a: Andrea|348/374|[from] item: Leftovers","|","|switch|p2a: Annoyance|Mandibuzz, F, shiny|386/386","|-damage|p2a: Annoyance|290/386|[from] Stealth Rock","|turn|10","|","|move|p2a: Annoyance|Defog|p1a: Andrea","|-unboost|p1a: Andrea|evasion|1","|-sideend|p2: GTX♅Bzumzum|Stealth Rock|[from] move: Defog|[of] p2a: Annoyance","|move|p1a: Andrea|Dazzling Gleam|p2a: Annoyance","|-supereffective|p2a: Annoyance","|-damage|p2a: Annoyance|90/386","|","|-heal|p2a: Annoyance|114/386|[from] item: Leftovers","|-heal|p1a: Andrea|371/374|[from] item: Leftovers","|turn|11","|","|move|p2a: Annoyance|Protect|p2a: Annoyance","|-singleturn|p2a: Annoyance|Protect","|move|p1a: Andrea|Dazzling Gleam|p2a: Annoyance","|-activate|p2a: Annoyance|Protect","|","|-heal|p2a: Annoyance|138/386|[from] item: Leftovers","|-heal|p1a: Andrea|374/374|[from] item: Leftovers","|turn|12","|","|move|p2a: Annoyance|Knock Off|p1a: Andrea","|-resisted|p1a: Andrea","|-damage|p1a: Andrea|327/374","|-enditem|p1a: Andrea|Leftovers|[from] move: Knock Off|[of] p2a: Annoyance","|move|p1a: Andrea|Dazzling Gleam|p2a: Annoyance","|-supereffective|p2a: Annoyance","|-damage|p2a: Annoyance|0 fnt","|faint|p2a: Annoyance","|","|","|switch|p2a: Tyranidark|Tyranitar, M|261/261","|turn|13","|","|move|p2a: Tyranidark|Hidden Power|p1a: Andrea","|-supereffective|p1a: Andrea","|-damage|p1a: Andrea|239/374","|move|p1a: Andrea|Dazzling Gleam|p2a: Tyranidark","|-supereffective|p2a: Tyranidark","|-enditem|p2a: Tyranidark|Focus Sash","|replace|p2a: The One|Zoroark, M|261/261","|-damage|p2a: The One|1/261","|","|turn|14","|","|move|p2a: The One|Extrasensory|p1a: Andrea","|-damage|p1a: Andrea|178/374","|cant|p1a: Andrea|flinch","|","|turn|15","|","|move|p2a: The One|Snarl|p1a: Andrea","|-resisted|p1a: Andrea","|-damage|p1a: Andrea|150/374","|-unboost|p1a: Andrea|spa|1","|move|p1a: Andrea|Roost|p1a: Andrea","|-heal|p1a: Andrea|337/374","|","|turn|16","|","|switch|p1a: Rafique|Landorus-Therian, M|211/319","|-ability|p1a: Rafique|Intimidate","|-unboost|p2a: The One|atk|1","|move|p2a: The One|Extrasensory|p1a: Rafique","|-damage|p1a: Rafique|111/319","|","|turn|17","|","|move|p1a: Rafique|U-turn|p2a: The One","|-supereffective|p2a: The One","|-damage|p2a: The One|0 fnt","|faint|p2a: The One","|","|switch|p1a: Ohnta|Gyarados, M|331/331","|","|","|switch|p2a: Creeps|Sableye, M|295/295","|turn|18","|","|switch|p1a: Andrea|Togekiss, M|337/374","|detailschange|p2a: Creeps|Sableye-Mega, M","|-mega|p2a: Creeps|Sableye|Sablenite","|move|p2a: Creeps|Dazzling Gleam|p1a: Andrea","|-damage|p1a: Andrea|296/374","|","|turn|19","|","|move|p1a: Andrea|Dazzling Gleam|p2a: Creeps","|-supereffective|p2a: Creeps","|-damage|p2a: Creeps|145/295","|move|p2a: Creeps|Will-O-Wisp|p1a: Andrea","|-status|p1a: Andrea|brn","|","|-damage|p1a: Andrea|250/374 brn|[from] brn","|turn|20","|","|move|p1a: Andrea|Dazzling Gleam|p2a: Creeps","|-supereffective|p2a: Creeps","|-damage|p2a: Creeps|0 fnt","|faint|p2a: Creeps","|","|-damage|p1a: Andrea|204/374 brn|[from] brn","|","|switch|p2a: Try-my-Hydreigon!|Hydreigon, M|325/325","|turn|21","|","|move|p2a: Try-my-Hydreigon!|Flash Cannon|p1a: Andrea","|-supereffective|p1a: Andrea","|-damage|p1a: Andrea|76/374 brn","|move|p1a: Andrea|Dazzling Gleam|p2a: Try-my-Hydreigon!","|-crit|p2a: Try-my-Hydreigon!","|-supereffective|p2a: Try-my-Hydreigon!","|-damage|p2a: Try-my-Hydreigon!|0 fnt","|faint|p2a: Try-my-Hydreigon!","|","|-damage|p1a: Andrea|30/374 brn|[from] brn","|","|switch|p2a: Tyranidark|Tyranitar, M|45/341","|-weather|Sandstorm","|turn|22","|","|switch|p1a: Miller|Skarmory, F|333/333","|move|p2a: Tyranidark|Ice Punch|p1a: Miller","|-damage|p1a: Miller|278/333","|-damage|p2a: Tyranidark|0 fnt|[from] item: Rocky Helmet|[of] p1a: Miller","|faint|p2a: Tyranidark","|","|win|Void Neo"],"p1rating":{"entryid":413977,"formatid":"monotype","userid":"voidneo","username":"Void Neo","r":1500,"rd":130,"sigma":0,"rpr":1527.9108773286,"rprd":122.84726821967,"rpsigma":0,"rptime":1440406800,"w":1,"l":0,"t":0,"gxe":53.5,"acre":1048.4719481837,"lacre":1048.4719481837,"oldacre":1000},"p2rating":{"entryid":"1463","serverid":"eos","formatid":"monotype","userid":"gtxbzumzum","username":"GTX♅Bzumzum","w":"17","l":37,"t":"0","gxe":32.7,"r":"1371.7255151614","rd":"50.612050208139","sigma":"0","rptime":"1440406800","rpr":1362.8608757956,"rprd":49.812722659223,"rpsigma":"0","acre":1049.0179931799,"lacre":1049.0179931799,"oldacre":"1074.7173358437"},"endType":"normal"}