{"seed":[35360,24021,51000,7777],"turns":30,"p1":"Carnie Red","p2":"Void Who","p1team":[{"name":"Darmanitan","species":"Darmanitan","item":"choicescarf","ability":"Sheer Force","moves":["flareblitz","earthquake","superpower","uturn"],"nature":"Jolly","evs":{"hp":0,"atk":252,"def":0,"spa":0,"spd":4,"spe":252},"ivs":{"hp":31,"atk":31,"def":31,"spa":31,"spd":31,"spe":31}},{"name":"Charizard","species":"Charizard","item":"charizarditey","ability":"Blaze","moves":["airslash","roost","dragonpulse","fireblast"],"nature":"Timid","evs":{"hp":248,"atk":0,"def":0,"spa":252,"spd":8,"spe":0},"shiny":true,"ivs":{"hp":31,"atk":31,"def":31,"spa":31,"spd":31,"spe":31}},{"name":"Heatran","species":"Heatran","item":"airballoon","ability":"Flash Fire","moves":["flashcannon","protect","toxic","magmastorm"],"nature":"Calm","evs":{"hp":248,"atk":0,"def":0,"spa":8,"spd":252,"spe":0},"shiny":true,"ivs":{"hp":31,"atk":31,"def":31,"spa":31,"spd":31,"spe":31}},{"name":"Typhlosion","species":"Typhlosion","item":"choicescarf","ability":"Flash Fire","moves":["eruption","solarbeam","focusblast","extrasensory"],"nature":"Timid","evs":{"hp":0,"atk":0,"def":0,"spa":252,"spd":4,"spe":252},"ivs":{"hp":31,"atk":31,"def":31,"spa":31,"spd":31,"spe":31}},{"name":"Houndoom","species":"Houndoom","item":"lifeorb","ability":"Flash Fire","moves":["darkpulse","nastyplot","flamethrower","sludgebomb"],"nature":"Timid","evs":{"hp":0,"atk":0,"def":0,"spa":252,"spd":4,"spe":252},"ivs":{"hp":31,"atk":31,"def":31,"spa":31,"spd":31,"spe":31}},{"name":"Chandelure","species":"Chandelure","item":"choicescarf","ability":"Flash Fire","moves":["fireblast","shadowball","trick","energyball"],"nature":"Timid","evs":{"hp":0,"atk":0,"def":0,"spa":252,"spd":4,"spe":252},"shiny":true,"ivs":{"hp":31,"atk":31,"def":31,"spa":31,"spd":31,"spe":31}}],"p2team":[{"name":"Jewsus","species":"mew","item":"rockyhelmet","ability":"Synchronize","moves":["defog","knockoff","roost","willowisp"],"nature":"Careful","evs":{"hp":248,"atk":8,"def":0,"spa":0,"spd":252,"spe":0},"ivs":{"hp":31,"atk":31,"def":31,"spa":31,"spd":31,"spe":31}},{"name":"Lolo Teabag","species":"medicham","item":"medichamite","ability":"Pure Power","moves":["fakeout","drainpunch","bulletpunch","psychocut"],"nature":"Adamant","evs":{"hp":248,"atk":252,"def":0,"spa":0,"spd":8,"spe":0},"ivs":{"hp":31,"atk":31,"def":31,"spa":31,"spd":31,"spe":31}},{"name":"Rick Astley","species":"victini","item":"choicescarf","ability":"Victory Star","moves":["boltstrike","vcreate","uturn","zenheadbutt"],"nature":"Jolly","evs":{"hp":0,"atk":252,"def":0,"spa":0,"spd":4,"spe":252},"ivs":{"hp":31,"atk":31,"def":31,"spa":31,"spd":31,"spe":31}},{"name":"Celery","species":"slowbro","item":"leftovers","ability":"Regenerator","moves":["flamethrower","scald","thunderwave","slackoff"],"nature":"Bold","evs":{"hp":252,"atk":0,"def":252,"spa":4,"spd":0,"spe":0},"ivs":{"hp":31,"atk":31,"def":31,"spa":31,"spd":31,"spe":31}},{"name":"Hoopa-Unbound","species":"Hoopa-Unbound","item":"choicescarf","ability":"Magician","moves":["hyperspacefury","firepunch","drainpunch","hyperspacehole"],"nature":"Hasty","evs":{"hp":0,"atk":252,"def":0,"spa":4,"spd":0,"spe":252},"ivs":{"hp":31,"atk":31,"def":31,"spa":31,"spd":31,"spe":31}},{"name":"I.G.G.Y","species":"meloetta","item":"assaultvest","ability":"Serene Grace","moves":["psychic","focusblast","energyball","hypervoice"],"nature":"Modest","evs":{"hp":248,"atk":0,"def":0,"spa":252,"spd":8,"spe":0},"ivs":{"hp":31,"atk":31,"def":31,"spa":31,"spd":31,"spe":31}}],"log":["|player|p1|Carnie Red|162","|player|p2|Void Who|voidwho.gif","|gametype|singles","|gen|6","|tier|Monotype","|rated","|rule|Baton Pass Clause: Limit one Baton Passer, can't pass Spe and other stats simultaneously","|rule|Swagger Clause: Swagger is banned","|rule|Same Type Clause: Pokémon in a team must share a type","|clearpoke","|poke|p1|Darmanitan, F","|poke|p1|Charizard, F, shiny","|poke|p1|Heatran, M, shiny","|poke|p1|Typhlosion, F","|poke|p1|Houndoom, M","|poke|p1|Chandelure, F, shiny","|poke|p2|Mew","|poke|p2|Medicham, M","|poke|p2|Victini","|poke|p2|Slowbro, M","|poke|p2|Hoopa-Unbound","|poke|p2|Meloetta","|rule|Sleep Clause Mod: Limit one foe put to sleep","|rule|Species Clause: Limit one of each Pokémon","|rule|OHKO Clause: OHKO moves are banned","|rule|Moody Clause: Moody is banned","|rule|Evasion Moves Clause: Evasion moves are banned","|rule|Endless Battle Clause: Forcing endless battles is banned","|rule|HP Percentage Mod: HP is shown in percentages","|teampreview","|","|start","|switch|p1a: Chandelure|Chandelure, F, shiny|261/261","|switch|p2a: Rick Astley|Victini|341/341","|turn|1","|","|move|p2a: Rick Astley|U-turn|p1a: Chandelure","|-resisted|p1a: Chandelure","|-damage|p1a: Chandelure|241/261","|","|switch|p2a: I.G.G.Y|Meloetta|403/403","|move|p1a: Chandelure|Trick|p2a: I.G.G.Y","|-activate|p1a: Chandelure|move: Trick|[of] p2a: I.G.G.Y","|-item|p2a: I.G.G.Y|Choice Scarf|[from] move: Trick","|-item|p1a: Chandelure|Assault Vest|[from] move: Trick","|","|turn|2","|","|move|p2a: I.G.G.Y|Psychic|p1a: Chandelure","|-damage|p1a: Chandelure|121/261","|move|p1a: Chandelure|Fire Blast|p2a: I.G.G.Y|[miss]","|-miss|p1a: Chandelure|p2a: I.G.G.Y","|","|turn|3","|","|switch|p2a: Rick Astley|Victini|341/341","|switch|p1a: Houndoom|Houndoom, M|291/291","|","|turn|4","|","|switch|p1a: Heatran|Heatran, M, shiny|385/385","|-item|p1a: Heatran|Air Balloon","|move|p2a: Rick Astley|U-turn|p1a: Heatran","|-resisted|p1a: Heatran","|-damage|p1a: Heatran|368/385","|-enditem|p1a: Heatran|Air Balloon","|","|switch|p2a: Lolo Teabag|Medicham, M|323/323","|","|turn|5","|","|switch|p1a: Chandelure|Chandelure, F, shiny|121/261","|detailschange|p2a: Lolo Teabag|Medicham-Mega, M","|-mega|p2a: Lolo Teabag|Medicham|Medichamite","|move|p2a: Lolo Teabag|Psycho Cut|p1a: Chandelure","|-damage|p1a: Chandelure|0 fnt","|faint|p1a: Chandelure","|","|","|switch|p1a: Darmanitan|Darmanitan, F|351/351","|turn|6","|","|switch|p2a: Celery|Slowbro, M|394/394","|move|p1a: Darmanitan|U-turn|p2a: Celery","|-supereffective|p2a: Celery","|-damage|p2a: Celery|276/394","|","|switch|p1a: Charizard|Charizard, F, shiny|359/359","|","|-heal|p2a: Celery|300/394|[from] item: Leftovers","|turn|7","|","|switch|p2a: Rick Astley|Victini|341/341","|detailschange|p1a: Charizard|Charizard-Mega-Y, F, shiny","|-mega|p1a: Charizard|Charizard|Charizardite Y","|-weather|SunnyDay","|move|p1a: Charizard|Fire Blast|p2a: Rick Astley","|-resisted|p2a: Rick Astley","|-damage|p2a: Rick Astley|173/341","|","|-weather|SunnyDay|[upkeep]","|turn|8","|","|switch|p1a: Heatran|Heatran, M, shiny|368/385","|move|p2a: Rick Astley|Bolt Strike|p1a: Heatran|[miss]","|-miss|p2a: Rick Astley|p1a: Heatran","|","|-weather|SunnyDay|[upkeep]","|turn|9","|","|switch|p2a: I.G.G.Y|Meloetta|403/403","|move|p1a: Heatran|Toxic|p2a: I.G.G.Y","|-status|p2a: I.G.G.Y|tox","|","|-weather|SunnyDay|[upkeep]","|-damage|p2a: I.G.G.Y|378/403 tox|[from] psn","|turn|10","|","|move|p2a: I.G.G.Y|Focus Blast|p1a: Heatran|[miss]","|-miss|p2a: I.G.G.Y|p1a: Heatran","|move|p1a: Heatran|Magma Storm|p2a: I.G.G.Y|[miss]","|-miss|p1a: Heatran|p2a: I.G.G.Y","|","|-weather|SunnyDay|[upkeep]","|-damage|p2a: I.G.G.Y|328/403 tox|[from] psn","|turn|11","|","|switch|p2a: Jewsus|Mew|403/403","|move|p1a: Heatran|Magma Storm|p2a: Jewsus","|-damage|p2a: Jewsus|237/403","|-activate|p2a: Jewsus|move: Magma Storm|[of] p1a: Heatran","|","|-weather|none","|-damage|p2a: Jewsus|187/403|[from] move: Magma Storm|[partiallytrapped]","|turn|12","|","|move|p1a: Heatran|Protect|p1a: Heatran","|-singleturn|p1a: Heatran|Protect","|move|p2a: Jewsus|Roost|p2a: Jewsus","|-heal|p2a: Jewsus|389/403","|","|-damage|p2a: Jewsus|339/403|[from] move: Magma Storm|[partiallytrapped]","|turn|13","|","|move|p2a: Jewsus|Knock Off|p1a: Heatran","|-damage|p1a: Heatran|323/385","|move|p1a: Heatran|Toxic|p2a: Jewsus","|-status|p2a: Jewsus|tox","|","|-damage|p2a: Jewsus|314/403 tox|[from] psn","|-damage|p2a: Jewsus|264/403 tox|[from] move: Magma Storm|[partiallytrapped]","|turn|14","|","|move|p2a: Jewsus|Roost|p2a: Jewsus","|-heal|p2a: Jewsus|403/403 tox","|move|p1a: Heatran|Flash Cannon|p2a: Jewsus","|-damage|p2a: Jewsus|315/403 tox","|","|-damage|p2a: Jewsus|265/403 tox|[from] psn","|-damage|p2a: Jewsus|215/403 tox|[from] move: Magma Storm|[partiallytrapped]","|turn|15","|","|move|p2a: Jewsus|Roost|p2a: Jewsus","|-heal|p2a: Jewsus|403/403 tox","|move|p1a: Heatran|Magma Storm|p2a: Jewsus","|-damage|p2a: Jewsus|303/403 tox","|","|-damage|p2a: Jewsus|228/403 tox|[from] psn","|-damage|p2a: Jewsus|178/403 tox|[from] move: Magma Storm|[partiallytrapped]","|turn|16","|","|move|p2a: Jewsus|Roost|p2a: Jewsus","|-heal|p2a: Jewsus|380/403 tox","|move|p1a: Heatran|Magma Storm|p2a: Jewsus","|-damage|p2a: Jewsus|277/403 tox","|","|-damage|p2a: Jewsus|177/403 tox|[from] psn","|-end|p2a: Jewsus|Magma Storm|[partiallytrapped]","|turn|17","|","|switch|p2a: I.G.G.Y|Meloetta|328/403 tox","|move|p1a: Heatran|Magma Storm|p2a: I.G.G.Y","|-damage|p2a: I.G.G.Y|211/403 tox","|-activate|p2a: I.G.G.Y|move: Magma Storm|[of] p1a: Heatran","|","|-damage|p2a: I.G.G.Y|186/403 tox|[from] psn","|-damage|p2a: I.G.G.Y|136/403 tox|[from] move: Magma Storm|[partiallytrapped]","|turn|18","|","|move|p1a: Heatran|Protect|p1a: Heatran","|-singleturn|p1a: Heatran|Protect","|move|p2a: I.G.G.Y|Focus Blast|p1a: Heatran","|-activate|p1a: Heatran|Protect","|","|-damage|p2a: I.G.G.Y|86/403 tox|[from] psn","|-damage|p2a: I.G.G.Y|36/403 tox|[from] move: Magma Storm|[partiallytrapped]","|turn|19","|","|switch|p1a: Charizard|Charizard-Mega-Y, F, shiny|359/359","|-weather|SunnyDay","|move|p2a: I.G.G.Y|Focus Blast|p1a: Charizard","|-resisted|p1a: Charizard","|-damage|p1a: Charizard|288/359","|-unboost|p1a: Charizard|spd|1","|","|-weather|SunnyDay|[upkeep]","|-damage|p2a: I.G.G.Y|0 fnt|[from] psn","|faint|p2a: I.G.G.Y","|","|switch|p2a: Hoopa-Unbound|Hoopa-Unbound|301/301","|turn|20","|","|move|p2a: Hoopa-Unbound|Hyperspace Fury|p1a: Charizard","|-damage|p1a: Charizard|39/359","|-unboost|p2a: Hoopa-Unbound|def|1","|move|p1a: Charizard|Fire Blast|p2a: Hoopa-Unbound","|-damage|p2a: Hoopa-Unbound|45/301","|","|-weather|SunnyDay|[upkeep]","|turn|21","|","|switch|p1a: Heatran|Heatran, M, shiny|323/385","|move|p2a: Hoopa-Unbound|Hyperspace Fury|p1a: Heatran","|-damage|p1a: Heatran|127/385","|-unboost|p2a: Hoopa-Unbound|def|1","|","|-weather|SunnyDay|[upkeep]","|turn|22","|","|move|p2a: Hoopa-Unbound|Hyperspace Fury|p1a: Heatran","|-damage|p1a: Heatran|0 fnt","|-unboost|p2a: Hoopa-Unbound|def|1","|faint|p1a: Heatran","|","|-weather|SunnyDay|[upkeep]","|","|switch|p1a: Darmanitan|Darmanitan, F|351/351","|turn|23","|","|switch|p2a: Celery|Slowbro, M|394/394","|move|p1a: Darmanitan|U-turn|p2a: Celery","|-supereffective|p2a: Celery","|-damage|p2a: Celery|266/394","|","|switch|p1a: Houndoom|Houndoom, M|291/291","|","|-weather|none","|-heal|p2a: Celery|290/394|[from] item: Leftovers","|turn|24","|","|move|p1a: Houndoom|Dark Pulse|p2a: Celery","|-supereffective|p2a: Celery","|-damage|p2a: Celery|0 fnt","|-damage|p1a: Houndoom|262/291|[from] item: Life Orb","|faint|p2a: Celery","|","|","|switch|p2a: Lolo Teabag|Medicham-Mega, M|323/323","|turn|25","|","|move|p1a: Houndoom|Flamethrower|p2a: Lolo Teabag","|-damage|p2a: Lolo Teabag|116/323","|-status|p2a: Lolo Teabag|brn","|-damage|p1a: Houndoom|233/291|[from] item: Life Orb","|move|p2a: Lolo Teabag|Drain Punch|p1a: Houndoom","|-supereffective|p1a: Houndoom","|-damage|p1a: Houndoom|0 fnt","|-heal|p2a: Lolo Teabag|233/323 brn|[from] drain|[of] p1a: Houndoom","|faint|p1a: Houndoom","|","|-damage|p2a: Lolo Teabag|193/323 brn|[from] brn","|","|switch|p1a: Typhlosion|Typhlosion, F|297/297","|turn|26","|","|switch|p2a: Jewsus|Mew|177/403 tox","|move|p1a: Typhlosion|Eruption|p2a: Jewsus","|-damage|p2a: Jewsus|0 fnt","|faint|p2a: Jewsus","|","|","|switch|p2a: Lolo Teabag|Medicham-Mega, M|193/323 brn","|turn|27","|","|switch|p1a: Charizard|Charizard-Mega-Y, F, shiny|39/359","|-weather|SunnyDay","|move|p2a: Lolo Teabag|Fake Out|p1a: Charizard","|-damage|p1a: Charizard|0 fnt","|faint|p1a: Charizard","|","|-weather|SunnyDay|[upkeep]","|-damage|p2a: Lolo Teabag|153/323 brn|[from] brn","|","|switch|p1a: Typhlosion|Typhlosion, F|297/297","|turn|28","|","|move|p2a: Lolo Teabag|Bullet Punch|p1a: Typhlosion","|-resisted|p1a: Typhlosion","|-damage|p1a: Typhlosion|270/297","|move|p1a: Typhlosion|Eruption|p2a: Lolo Teabag","|-damage|p2a: Lolo Teabag|0 fnt","|faint|p2a: Lolo Teabag","|","|-weather|SunnyDay|[upkeep]","|","|switch|p2a: Hoopa-Unbound|Hoopa-Unbound|45/301","|turn|29","|","|move|p1a: Typhlosion|Eruption|p2a: Hoopa-Unbound","|-damage|p2a: Hoopa-Unbound|0 fnt","|faint|p2a: Hoopa-Unbound","|","|-weather|SunnyDay|[upkeep]","|","|switch|p2a: Rick Astley|Victini|173/341","|turn|30","|","|move|p2a: Rick Astley|V-create|p1a: Typhlosion","|-start|p1a: Typhlosion|ability: Flash Fire","|move|p1a: Typhlosion|Eruption|p2a: Rick Astley","|-resisted|p2a: Rick Astley","|-damage|p2a: Rick Astley|0 fnt","|faint|p2a: Rick Astley","|","|win|Carnie Red"],"p1rating":{"entryid":"272068","serverid":"eos","formatid":"monotype","userid":"carniered","username":"Carnie Red","w":16,"l":"5","t":"0","gxe":66.5,"r":"1606.4584837125","rd":"87.917289443417","sigma":"0","rptime":"1440406800","rpr":1631.1794441873,"rprd":70.203447864408,"rpsigma":"0","acre":1230.6919683298,"lacre":1230.6919683298,"oldacre":"1212.8659819608"},"p2rating":{"entryid":"114352","serverid":"eos","formatid":"monotype","userid":"voidwho","username":"Void Who","w":"17","l":13,"t":"0","gxe":54.8,"r":"1550.2422625244","rd":"66.623910946599","sigma":"0","rptime":"1440406800","rpr":1536.6845897331,"rprd":60.19967379672,"rpsigma":"0","acre":1092.4593270388,"lacre":1092.4593270388,"oldacre":"1110.2853134078"},"endType":"normal"}