{"seed":[56905,43106,14620,38543],"turns":19,"p1":"Union Wevrm","p2":"Gym Ldr Mitsuka∆","p1team":[{"name":"Flygon","species":"Flygon","item":"choiceband","ability":"Levitate","moves":["earthquake","stoneedge","outrage","superpower"],"nature":"Jolly","evs":{"hp":0,"atk":252,"def":0,"spa":0,"spd":4,"spe":252},"ivs":{"hp":31,"atk":31,"def":31,"spa":31,"spd":31,"spe":31}},{"name":"Zygarde","species":"Zygarde","item":"leftovers","ability":"Aura Break","moves":["dragondance","extremespeed","rockslide","substitute"],"nature":"Adamant","evs":{"hp":0,"atk":252,"def":0,"spa":0,"spd":4,"spe":252},"ivs":{"hp":31,"atk":31,"def":31,"spa":31,"spd":31,"spe":31}},{"name":"Latios","species":"Latios","item":"latiosite","ability":"Levitate","moves":["dracometeor","psychic","thunderbolt","dragonpulse"],"nature":"Timid","evs":{"hp":0,"atk":0,"def":0,"spa":252,"spd":4,"spe":252},"ivs":{"hp":31,"atk":31,"def":31,"spa":31,"spd":31,"spe":31}},{"name":"Noivern","species":"Noivern","item":"choicespecs","ability":"Frisk","moves":["airslash","boomburst","dracometeor","flamethrower"],"nature":"Timid","evs":{"hp":0,"atk":0,"def":0,"spa":252,"spd":4,"spe":252},"ivs":{"hp":31,"atk":31,"def":31,"spa":31,"spd":31,"spe":31}},{"name":"Kingdra","species":"Kingdra","item":"leftovers","ability":"Sniper","moves":["dragondance","outrage","bounce","waterfall"],"nature":"Adamant","evs":{"hp":0,"atk":0,"def":0,"spa":0,"spd":4,"spe":252},"ivs":{"hp":31,"atk":31,"def":31,"spa":31,"spd":31,"spe":31}},{"name":"Hydreigon","species":"Hydreigon","item":"lifeorb","ability":"Levitate","moves":["crunch","dragonrush","flamethrower","steelwing"],"nature":"Hasty","evs":{"hp":0,"atk":252,"def":0,"spa":4,"spd":0,"spe":252},"ivs":{"hp":31,"atk":31,"def":31,"spa":31,"spd":31,"spe":31}}],"p2team":[{"name":"Celebi","species":"Celebi","item":"choicescarf","ability":"Natural Cure","moves":["uturn","leafstorm","psychic","trick"],"nature":"Timid","evs":{"hp":0,"atk":0,"def":0,"spa":252,"spd":4,"spe":252},"ivs":{"hp":31,"atk":31,"def":31,"spa":31,"spd":31,"spe":31}},{"name":"Abomasnow","species":"Abomasnow","item":"abomasite","ability":"Soundproof","moves":["swordsdance","iceshard","earthquake","seedbomb"],"nature":"Adamant","evs":{"hp":76,"atk":200,"def":0,"spa":0,"spd":0,"spe":180},"ivs":{"hp":31,"atk":31,"def":31,"spa":31,"spd":31,"spe":31}},{"name":"Shiftry","species":"Shiftry","item":"choicespecs","ability":"Chlorophyll","moves":["focusblast","darkpulse","extrasensory","hiddenpowerfire"],"nature":"Timid","evs":{"hp":4,"atk":0,"def":0,"spa":252,"spd":0,"spe":252},"ivs":{"hp":31,"atk":30,"def":31,"spa":30,"spd":31,"spe":30}},{"name":"Cradily","species":"Cradily","item":"leftovers","ability":"Suction Cups","moves":["rocktomb","toxic","recover","curse"],"nature":"Careful","evs":{"hp":252,"atk":4,"def":20,"spa":0,"spd":232,"spe":0},"ivs":{"hp":31,"atk":31,"def":31,"spa":31,"spd":31,"spe":31}},{"name":"Vileplume","species":"Vileplume","item":"rockyhelmet","ability":"Effect Spore","moves":["sleeppowder","moonblast","sludgebomb","gigadrain"],"nature":"Bold","evs":{"hp":252,"atk":0,"def":252,"spa":0,"spd":4,"spe":0},"ivs":{"hp":31,"atk":31,"def":31,"spa":31,"spd":31,"spe":31}},{"name":"Shaymin","species":"Shaymin","item":"choicescarf","ability":"Natural Cure","moves":["seedflare","airslash","hiddenpowerrock","healingwish"],"nature":"Timid","evs":{"hp":0,"atk":0,"def":0,"spa":252,"spd":4,"spe":252},"ivs":{"hp":31,"atk":31,"def":30,"spa":31,"spd":30,"spe":30}}],"log":["|player|p1|Union Wevrm|unionwevrm.png","|player|p2|Gym Ldr Mitsuka∆|1","|gametype|singles","|gen|6","|tier|Monotype","|rated","|rule|Baton Pass Clause: Limit one Baton Passer, can't pass Spe and other stats simultaneously","|rule|Swagger Clause: Swagger is banned","|rule|Same Type Clause: Pokémon in a team must share a type","|clearpoke","|poke|p1|Flygon, F","|poke|p1|Zygarde","|poke|p1|Latios, M","|poke|p1|Noivern, M","|poke|p1|Kingdra, F","|poke|p1|Hydreigon, F","|poke|p2|Celebi","|poke|p2|Abomasnow, F","|poke|p2|Shiftry, M","|poke|p2|Cradily, F","|poke|p2|Vileplume, M","|poke|p2|Shaymin","|rule|Sleep Clause Mod: Limit one foe put to sleep","|rule|Species Clause: Limit one of each Pokémon","|rule|OHKO Clause: OHKO moves are banned","|rule|Moody Clause: Moody is banned","|rule|Evasion Moves Clause: Evasion moves are banned","|rule|Endless Battle Clause: Forcing endless battles is banned","|rule|HP Percentage Mod: HP is shown in percentages","|teampreview","|","|start","|switch|p1a: Zygarde|Zygarde|357/357","|switch|p2a: Cradily|Cradily, F|376/376","|-ability|p1a: Zygarde|Aura Break","|turn|1","|","|move|p1a: Zygarde|Substitute|p1a: Zygarde","|-start|p1a: Zygarde|Substitute","|-damage|p1a: Zygarde|268/357","|move|p2a: Cradily|Curse|p2a: Cradily","|-unboost|p2a: Cradily|spe|1","|-boost|p2a: Cradily|atk|1","|-boost|p2a: Cradily|def|1","|","|-heal|p1a: Zygarde|290/357|[from] item: Leftovers","|turn|2","|","|move|p1a: Zygarde|Dragon Dance|p1a: Zygarde","|-boost|p1a: Zygarde|atk|1","|-boost|p1a: Zygarde|spe|1","|move|p2a: Cradily|Curse|p2a: Cradily","|-unboost|p2a: Cradily|spe|1","|-boost|p2a: Cradily|atk|1","|-boost|p2a: Cradily|def|1","|","|-heal|p1a: Zygarde|312/357|[from] item: Leftovers","|turn|3","|","|move|p1a: Zygarde|Dragon Dance|p1a: Zygarde","|-boost|p1a: Zygarde|atk|1","|-boost|p1a: Zygarde|spe|1","|move|p2a: Cradily|Curse|p2a: Cradily","|-unboost|p2a: Cradily|spe|1","|-boost|p2a: Cradily|atk|1","|-boost|p2a: Cradily|def|1","|","|-heal|p1a: Zygarde|334/357|[from] item: Leftovers","|turn|4","|","|move|p1a: Zygarde|Dragon Dance|p1a: Zygarde","|-boost|p1a: Zygarde|atk|1","|-boost|p1a: Zygarde|spe|1","|move|p2a: Cradily|Curse|p2a: Cradily","|-unboost|p2a: Cradily|spe|1","|-boost|p2a: Cradily|atk|1","|-boost|p2a: Cradily|def|1","|","|-heal|p1a: Zygarde|356/357|[from] item: Leftovers","|turn|5","|","|move|p1a: Zygarde|Dragon Dance|p1a: Zygarde","|-boost|p1a: Zygarde|atk|1","|-boost|p1a: Zygarde|spe|1","|move|p2a: Cradily|Curse|p2a: Cradily","|-unboost|p2a: Cradily|spe|1","|-boost|p2a: Cradily|atk|1","|-boost|p2a: Cradily|def|1","|","|-heal|p1a: Zygarde|357/357|[from] item: Leftovers","|turn|6","|","|move|p1a: Zygarde|Dragon Dance|p1a: Zygarde","|-boost|p1a: Zygarde|atk|1","|-boost|p1a: Zygarde|spe|1","|move|p2a: Cradily|Curse|p2a: Cradily","|-unboost|p2a: Cradily|spe|1","|-boost|p2a: Cradily|atk|1","|-boost|p2a: Cradily|def|1","|","|turn|7","|","|move|p1a: Zygarde|Dragon Dance|p1a: Zygarde","|-boost|p1a: Zygarde|atk|1","|-boost|p1a: Zygarde|spe|1","|move|p2a: Cradily|Rock Tomb|p1a: Zygarde","|-resisted|p1a: Zygarde","|-end|p1a: Zygarde|Substitute","|","|turn|8","|","|move|p1a: Zygarde|Rock Slide|p2a: Cradily","|-damage|p2a: Cradily|291/376","|cant|p2a: Cradily|flinch","|","|-heal|p2a: Cradily|314/376|[from] item: Leftovers","|turn|9","|","|move|p1a: Zygarde|Rock Slide|p2a: Cradily","|-damage|p2a: Cradily|235/376","|move|p2a: Cradily|Rock Tomb|p1a: Zygarde","|-resisted|p1a: Zygarde","|-damage|p1a: Zygarde|264/357","|-unboost|p1a: Zygarde|spe|1","|","|-heal|p1a: Zygarde|286/357|[from] item: Leftovers","|-heal|p2a: Cradily|258/376|[from] item: Leftovers","|turn|10","|","|move|p1a: Zygarde|Rock Slide|p2a: Cradily","|-damage|p2a: Cradily|169/376","|move|p2a: Cradily|Toxic|p1a: Zygarde","|-status|p1a: Zygarde|tox","|","|-heal|p1a: Zygarde|308/357 tox|[from] item: Leftovers","|-heal|p2a: Cradily|192/376|[from] item: Leftovers","|-damage|p1a: Zygarde|286/357 tox|[from] psn","|turn|11","|","|move|p1a: Zygarde|Rock Slide|p2a: Cradily","|-crit|p2a: Cradily","|-damage|p2a: Cradily|0 fnt","|faint|p2a: Cradily","|","|-heal|p1a: Zygarde|308/357 tox|[from] item: Leftovers","|-damage|p1a: Zygarde|264/357 tox|[from] psn","|","|switch|p2a: Abomasnow|Abomasnow, F|340/340","|turn|12","|","|detailschange|p2a: Abomasnow|Abomasnow-Mega, F","|-mega|p2a: Abomasnow|Abomasnow|Abomasite","|-weather|Hail","|move|p1a: Zygarde|Extreme Speed|p2a: Abomasnow","|-damage|p2a: Abomasnow|0 fnt","|faint|p2a: Abomasnow","|","|-weather|Hail|[upkeep]","|-damage|p1a: Zygarde|242/357 tox|[from] hail","|-heal|p1a: Zygarde|264/357 tox|[from] item: Leftovers","|-damage|p1a: Zygarde|198/357 tox|[from] psn","|","|switch|p2a: Vileplume|Vileplume, M|354/354","|turn|13","|","|move|p1a: Zygarde|Rock Slide|p2a: Vileplume","|-damage|p2a: Vileplume|87/354","|move|p2a: Vileplume|Moonblast|p1a: Zygarde","|-supereffective|p1a: Zygarde","|-damage|p1a: Zygarde|26/357 tox","|","|-weather|Hail|[upkeep]","|-damage|p1a: Zygarde|4/357 tox|[from] hail","|-damage|p2a: Vileplume|65/354|[from] hail","|-heal|p1a: Zygarde|26/357 tox|[from] item: Leftovers","|-damage|p1a: Zygarde|0 fnt|[from] psn","|faint|p1a: Zygarde","|","|switch|p1a: Noivern|Noivern, M|311/311","|-item|p2a: Vileplume|Rocky Helmet|[from] ability: Frisk|[of] p1a: Noivern|[identify]","|turn|14","|","|move|p1a: Noivern|Air Slash|p2a: Vileplume","|-supereffective|p2a: Vileplume","|-damage|p2a: Vileplume|0 fnt","|faint|p2a: Vileplume","|","|-weather|Hail|[upkeep]","|-damage|p1a: Noivern|292/311|[from] hail","|","|switch|p2a: Shaymin|Shaymin|341/341","|turn|15","|","|move|p2a: Shaymin|Hidden Power|p1a: Noivern","|-supereffective|p1a: Noivern","|-damage|p1a: Noivern|152/311","|move|p1a: Noivern|Air Slash|p2a: Shaymin","|-supereffective|p2a: Shaymin","|-damage|p2a: Shaymin|0 fnt","|faint|p2a: Shaymin","|","|-weather|Hail|[upkeep]","|-damage|p1a: Noivern|133/311|[from] hail","|","|switch|p2a: Celebi|Celebi|341/341","|turn|16","|","|move|p2a: Celebi|Psychic|p1a: Noivern","|-damage|p1a: Noivern|0 fnt","|faint|p1a: Noivern","|","|-weather|none","|","|switch|p1a: Hydreigon|Hydreigon, F|325/325","|turn|17","|","|switch|p2a: Shiftry|Shiftry, M|322/322","|move|p1a: Hydreigon|Flamethrower|p2a: Shiftry","|-supereffective|p2a: Shiftry","|-damage|p2a: Shiftry|0 fnt","|-damage|p1a: Hydreigon|293/325|[from] item: Life Orb","|faint|p2a: Shiftry","|","|","|switch|p2a: Celebi|Celebi|341/341","|turn|18","|","|move|p2a: Celebi|U-turn|p1a: Hydreigon","|-supereffective|p1a: Hydreigon","|-damage|p1a: Hydreigon|179/325","|move|p1a: Hydreigon|Flamethrower|p2a: Celebi","|-supereffective|p2a: Celebi","|-damage|p2a: Celebi|120/341","|-damage|p1a: Hydreigon|147/325|[from] item: Life Orb","|","|turn|19","|","|move|p2a: Celebi|U-turn|p1a: Hydreigon","|-supereffective|p1a: Hydreigon","|-damage|p1a: Hydreigon|27/325","|move|p1a: Hydreigon|Flamethrower|p2a: Celebi","|-supereffective|p2a: Celebi","|-damage|p2a: Celebi|0 fnt","|-damage|p1a: Hydreigon|0 fnt|[from] item: Life Orb","|faint|p2a: Celebi","|faint|p1a: Hydreigon","|","|win|Union Wevrm"],"p1rating":{"entryid":"373318","serverid":"eos","formatid":"monotype","userid":"unionwevrm","username":"Union Wevrm","w":3,"l":"3","t":"0","gxe":49.8,"r":"1500","rd":"130","sigma":"0","rptime":"1440320400","rpr":1498.8010721827,"rprd":98.297024950931,"rpsigma":"0","acre":1064.0689825439,"lacre":1064.0689825439,"oldacre":"1028.6901464942"},"p2rating":{"entryid":"379503","serverid":"eos","formatid":"monotype","userid":"gymldrmitsuka","username":"Gym Ldr Mitsuka∆","w":"1","l":3,"t":"0","gxe":44.3,"r":"1500","rd":"130","sigma":"0","rptime":"1440320400","rpr":1454.6329482416,"rprd":107.17015258945,"rpsigma":"0","acre":1011.8818257995,"lacre":1011.8818257995,"oldacre":"1025.5984398316"},"endType":"normal"}