{"seed":[58653,63850,9995,7606],"turns":21,"p1":"SWL BLIZZ","p2":"Quilluminati","p1team":[{"name":"Cloyster","species":"Cloyster","item":"focussash","ability":"Skill Link","moves":["shellsmash","razorshell","iciclespear","rockblast"],"nature":"Adamant","evs":{"hp":0,"atk":252,"def":0,"spa":0,"spd":4,"spe":252},"ivs":{"hp":31,"atk":31,"def":31,"spa":31,"spd":31,"spe":31}},{"name":"Kyurem-Black","species":"Kyurem-Black","item":"choiceband","ability":"Teravolt","moves":["dracometeor","outrage","flashcannon","fusionbolt"],"nature":"Naughty","evs":{"hp":248,"atk":252,"def":0,"spa":8,"spd":0,"spe":0},"ivs":{"hp":31,"atk":31,"def":31,"spa":31,"spd":31,"spe":31}},{"name":"Weavile","species":"Weavile","item":"lifeorb","ability":"Pressure","moves":["fakeout","iciclecrash","knockoff","iceshard"],"nature":"Jolly","evs":{"hp":0,"atk":252,"def":0,"spa":0,"spd":4,"spe":252},"ivs":{"hp":31,"atk":31,"def":31,"spa":31,"spd":31,"spe":31}},{"name":"Froslass","species":"Froslass","item":"focussash","ability":"Cursed Body","moves":["thunderwave","destinybond","crunch","avalanche"],"nature":"Jolly","evs":{"hp":0,"atk":252,"def":0,"spa":0,"spd":4,"spe":252},"ivs":{"hp":31,"atk":31,"def":31,"spa":31,"spd":31,"spe":31}},{"name":"Avalugg","species":"Avalugg","item":"leftovers","ability":"Sturdy","moves":["rapidspin","toxic","recover","avalanche"],"nature":"Impish","evs":{"hp":252,"atk":4,"def":252,"spa":0,"spd":0,"spe":0},"ivs":{"hp":31,"atk":31,"def":31,"spa":31,"spd":31,"spe":31}},{"name":"Glalie","species":"Glalie","item":"glalitite","ability":"Inner Focus","moves":["iceshard","headbutt","doubleedge","earthquake"],"nature":"Adamant","evs":{"hp":248,"atk":16,"def":0,"spa":0,"spd":8,"spe":0},"ivs":{"hp":31,"atk":31,"def":31,"spa":31,"spd":31,"spe":31}}],"p2team":[{"name":"Aggron","species":"Aggron","item":"aggronite","ability":"Sturdy","moves":["heavyslam","curse","rest","sleeptalk"],"nature":"Impish","evs":{"hp":252,"atk":0,"def":16,"spa":0,"spd":240,"spe":0},"shiny":true,"ivs":{"hp":31,"atk":31,"def":31,"spa":31,"spd":31,"spe":31}},{"name":"Aerodactyl","species":"Aerodactyl","item":"focussash","ability":"Rock Head","moves":["aerialace","honeclaws","stoneedge","firefang"],"nature":"Jolly","evs":{"hp":0,"atk":252,"def":0,"spa":0,"spd":4,"spe":252},"ivs":{"hp":31,"atk":31,"def":31,"spa":31,"spd":31,"spe":31}},{"name":"Cradily","species":"Cradily","item":"rockyhelmet","ability":"Storm Drain","moves":["gigadrain","stockpile","recover","toxic"],"nature":"Calm","evs":{"hp":44,"atk":0,"def":216,"spa":48,"spd":140,"spe":60},"ivs":{"hp":31,"atk":31,"def":31,"spa":31,"spd":31,"spe":31}},{"name":"Tyranitar","species":"Tyranitar","item":"assaultvest","ability":"Sand Stream","moves":["fireblast","crunch","earthquake","stoneedge"],"nature":"Naughty","evs":{"hp":252,"atk":152,"def":0,"spa":104,"spd":0,"spe":0},"ivs":{"hp":31,"atk":31,"def":31,"spa":31,"spd":31,"spe":31}},{"name":"Terrakion","species":"Terrakion","item":"choicescarf","ability":"Justified","moves":["closecombat","earthquake","ironhead","stoneedge"],"nature":"Jolly","evs":{"hp":0,"atk":252,"def":0,"spa":0,"spd":4,"spe":252},"ivs":{"hp":31,"atk":31,"def":31,"spa":31,"spd":31,"spe":31}},{"name":"Omastar","species":"Omastar","item":"focussash","ability":"Shell Armor","moves":["shellsmash","icebeam","surf","earthpower"],"nature":"Modest","evs":{"hp":0,"atk":0,"def":0,"spa":252,"spd":4,"spe":252},"ivs":{"hp":31,"atk":31,"def":31,"spa":31,"spd":31,"spe":31}}],"log":["|player|p1|SWL BLIZZ|1","|player|p2|Quilluminati|80","|gametype|singles","|gen|6","|tier|Monotype","|rated","|rule|Baton Pass Clause: Limit one Baton Passer, can't pass Spe and other stats simultaneously","|rule|Swagger Clause: Swagger is banned","|rule|Same Type Clause: Pokémon in a team must share a type","|clearpoke","|poke|p1|Cloyster, F","|poke|p1|Kyurem-Black","|poke|p1|Weavile, F","|poke|p1|Froslass, F","|poke|p1|Avalugg, M","|poke|p1|Glalie, F","|poke|p2|Aggron, F, shiny","|poke|p2|Aerodactyl, M","|poke|p2|Cradily, M","|poke|p2|Tyranitar, F","|poke|p2|Terrakion","|poke|p2|Omastar, M","|rule|Sleep Clause Mod: Limit one foe put to sleep","|rule|Species Clause: Limit one of each Pokémon","|rule|OHKO Clause: OHKO moves are banned","|rule|Moody Clause: Moody is banned","|rule|Evasion Moves Clause: Evasion moves are banned","|rule|Endless Battle Clause: Forcing endless battles is banned","|rule|HP Percentage Mod: HP is shown in percentages","|teampreview","|","|start","|switch|p1a: Cloyster|Cloyster, F|241/241","|switch|p2a: Aerodactyl|Aerodactyl, M|301/301","|turn|1","|","|move|p2a: Aerodactyl|Hone Claws|p2a: Aerodactyl","|-boost|p2a: Aerodactyl|atk|1","|-boost|p2a: Aerodactyl|accuracy|1","|move|p1a: Cloyster|Shell Smash|p1a: Cloyster","|-unboost|p1a: Cloyster|def|1","|-unboost|p1a: Cloyster|spd|1","|-boost|p1a: Cloyster|atk|2","|-boost|p1a: Cloyster|spa|2","|-boost|p1a: Cloyster|spe|2","|","|turn|2","|","|move|p1a: Cloyster|Razor Shell|p2a: Aerodactyl","|-supereffective|p2a: Aerodactyl","|-enditem|p2a: Aerodactyl|Focus Sash","|-damage|p2a: Aerodactyl|1/301","|-unboost|p2a: Aerodactyl|def|1","|move|p2a: Aerodactyl|Stone Edge|p1a: Cloyster","|-supereffective|p1a: Cloyster","|-enditem|p1a: Cloyster|Focus Sash","|-damage|p1a: Cloyster|1/241","|","|turn|3","|","|move|p1a: Cloyster|Icicle Spear|p2a: Aerodactyl","|-supereffective|p2a: Aerodactyl","|-damage|p2a: Aerodactyl|0 fnt","|-hitcount|p2a: Aerodactyl|1","|faint|p2a: Aerodactyl","|","|","|switch|p2a: Terrakion|Terrakion|323/323","|turn|4","|","|move|p2a: Terrakion|Stone Edge|p1a: Cloyster","|-supereffective|p1a: Cloyster","|-damage|p1a: Cloyster|0 fnt","|faint|p1a: Cloyster","|","|","|switch|p1a: Avalugg|Avalugg, M|394/394","|turn|5","|","|switch|p2a: Tyranitar|Tyranitar, F|404/404","|-weather|Sandstorm","|move|p1a: Avalugg|Toxic|p2a: Tyranitar","|-status|p2a: Tyranitar|tox","|","|-weather|Sandstorm|[upkeep]","|-damage|p1a: Avalugg|370/394|[from] sandstorm","|-heal|p1a: Avalugg|394/394|[from] item: Leftovers","|-damage|p2a: Tyranitar|379/404 tox|[from] psn","|turn|6","|","|move|p2a: Tyranitar|Fire Blast|p1a: Avalugg","|-supereffective|p1a: Avalugg","|-damage|p1a: Avalugg|66/394","|move|p1a: Avalugg|Avalanche|p2a: Tyranitar","|-damage|p2a: Tyranitar|232/404 tox","|","|-weather|Sandstorm|[upkeep]","|-damage|p1a: Avalugg|42/394|[from] sandstorm","|-heal|p1a: Avalugg|66/394|[from] item: Leftovers","|-damage|p2a: Tyranitar|182/404 tox|[from] psn","|turn|7","|","|move|p2a: Tyranitar|Stone Edge|p1a: Avalugg|[miss]","|-miss|p2a: Tyranitar|p1a: Avalugg","|move|p1a: Avalugg|Recover|p1a: Avalugg","|-heal|p1a: Avalugg|263/394","|","|-weather|Sandstorm|[upkeep]","|-damage|p1a: Avalugg|239/394|[from] sandstorm","|-heal|p1a: Avalugg|263/394|[from] item: Leftovers","|-damage|p2a: Tyranitar|107/404 tox|[from] psn","|turn|8","|","|move|p2a: Tyranitar|Fire Blast|p1a: Avalugg|[miss]","|-miss|p2a: Tyranitar|p1a: Avalugg","|move|p1a: Avalugg|Recover|p1a: Avalugg","|-heal|p1a: Avalugg|394/394","|","|-weather|Sandstorm|[upkeep]","|-damage|p1a: Avalugg|370/394|[from] sandstorm","|-heal|p1a: Avalugg|394/394|[from] item: Leftovers","|-damage|p2a: Tyranitar|7/404 tox|[from] psn","|turn|9","|","|move|p2a: Tyranitar|Fire Blast|p1a: Avalugg","|-supereffective|p1a: Avalugg","|-damage|p1a: Avalugg|80/394","|move|p1a: Avalugg|Recover|p1a: Avalugg","|-heal|p1a: Avalugg|277/394","|","|-weather|none","|-heal|p1a: Avalugg|301/394|[from] item: Leftovers","|-damage|p2a: Tyranitar|0 fnt|[from] psn","|faint|p2a: Tyranitar","|","|switch|p2a: Terrakion|Terrakion|323/323","|turn|10","|","|move|p2a: Terrakion|Close Combat|p1a: Avalugg","|-supereffective|p1a: Avalugg","|-damage|p1a: Avalugg|97/394","|-unboost|p2a: Terrakion|def|1","|-unboost|p2a: Terrakion|spd|1","|move|p1a: Avalugg|Toxic|p2a: Terrakion","|-status|p2a: Terrakion|tox","|","|-heal|p1a: Avalugg|121/394|[from] item: Leftovers","|-damage|p2a: Terrakion|303/323 tox|[from] psn","|turn|11","|","|move|p2a: Terrakion|Close Combat|p1a: Avalugg","|-supereffective|p1a: Avalugg","|-damage|p1a: Avalugg|0 fnt","|-unboost|p2a: Terrakion|def|1","|-unboost|p2a: Terrakion|spd|1","|faint|p1a: Avalugg","|","|-damage|p2a: Terrakion|263/323 tox|[from] psn","|","|switch|p1a: Froslass|Froslass, F|281/281","|turn|12","|","|switch|p2a: Aggron|Aggron, F, shiny|344/344","|move|p1a: Froslass|Thunder Wave|p2a: Aggron","|-status|p2a: Aggron|par","|","|turn|13","|","|detailschange|p2a: Aggron|Aggron-Mega, F, shiny","|-mega|p2a: Aggron|Aggron|Aggronite","|move|p1a: Froslass|Destiny Bond|p1a: Froslass","|-singlemove|p1a: Froslass|Destiny Bond","|move|p2a: Aggron|Heavy Slam|p1a: Froslass","|-supereffective|p1a: Froslass","|-enditem|p1a: Froslass|Focus Sash","|-damage|p1a: Froslass|1/281","|-start|p2a: Aggron|Disable|Heavy Slam","|","|turn|14","|","|move|p1a: Froslass|Destiny Bond|p1a: Froslass","|-singlemove|p1a: Froslass|Destiny Bond","|move|p2a: Aggron|Sleep Talk|p2a: Aggron","|-fail|p2a: Aggron","|","|turn|15","|","|move|p1a: Froslass|Destiny Bond|p1a: Froslass","|-singlemove|p1a: Froslass|Destiny Bond","|cant|p2a: Aggron|par","|","|turn|16","|","|switch|p2a: Cradily|Cradily, M|324/324","|move|p1a: Froslass|Destiny Bond|p1a: Froslass","|-singlemove|p1a: Froslass|Destiny Bond","|","|turn|17","|","|move|p1a: Froslass|Destiny Bond|p1a: Froslass","|-singlemove|p1a: Froslass|Destiny Bond","|move|p2a: Cradily|Toxic|p1a: Froslass|[miss]","|-miss|p2a: Cradily|p1a: Froslass","|","|turn|18","|","|move|p2a: Cradily|Toxic|p1a: Froslass","|-status|p1a: Froslass|tox","|move|p1a: Froslass|Avalanche|p2a: Cradily","|-supereffective|p2a: Cradily","|-damage|p2a: Cradily|202/324","|-damage|p1a: Froslass|0 fnt|[from] item: Rocky Helmet|[of] p2a: Cradily","|faint|p1a: Froslass","|","|","|switch|p1a: Kyurem-Black|Kyurem-Black|453/453","|-ability|p1a: Kyurem-Black|Teravolt","|turn|19","|","|move|p1a: Kyurem-Black|Outrage|p2a: Cradily","|-damage|p2a: Cradily|0 fnt","|-damage|p1a: Kyurem-Black|378/453|[from] item: Rocky Helmet|[of] p2a: Cradily","|faint|p2a: Cradily","|","|","|switch|p2a: Terrakion|Terrakion|263/323 tox","|turn|20","|","|move|p2a: Terrakion|Close Combat|p1a: Kyurem-Black","|-supereffective|p1a: Kyurem-Black","|-damage|p1a: Kyurem-Black|0 fnt","|-unboost|p2a: Terrakion|def|1","|-unboost|p2a: Terrakion|spd|1","|faint|p1a: Kyurem-Black","|","|-damage|p2a: Terrakion|243/323 tox|[from] psn","|","|switch|p1a: Glalie|Glalie, F|363/363","|turn|21","|","|detailschange|p1a: Glalie|Glalie-Mega, F","|-mega|p1a: Glalie|Glalie|Glalitite","|move|p2a: Terrakion|Close Combat|p1a: Glalie","|-supereffective|p1a: Glalie","|-damage|p1a: Glalie|0 fnt","|-unboost|p2a: Terrakion|def|1","|-unboost|p2a: Terrakion|spd|1","|faint|p1a: Glalie","|","|-damage|p2a: Terrakion|203/323 tox|[from] psn","|","|win|Quilluminati"],"p1rating":{"entryid":"400111","serverid":"eos","formatid":"monotype","userid":"swlblizz","username":"SWL BLIZZ","w":"0","l":5,"t":"0","gxe":32,"r":"1500","rd":"130","sigma":"0","rptime":"1440406800","rpr":1352.2728865705,"rprd":103.04101340618,"rpsigma":"0","acre":1000,"lacre":1000,"oldacre":"1000"},"p2rating":{"entryid":"261237","serverid":"eos","formatid":"monotype","userid":"quilluminati","username":"Quilluminati","w":5,"l":"0","t":"0","gxe":66.3,"r":"1540.1606143388","rd":"123.22070420879","sigma":"0","rptime":"1440406800","rpr":1632.4550211096,"rprd":103.34526431727,"rpsigma":"0","acre":1149.3174767355,"lacre":1149.3174767355,"oldacre":"1133.475643274"},"endType":"forfeit"}