{"seed":[9604,63390,44883,47229],"turns":53,"p1":"Guard Wanderer","p2":"Recruiter♅Bronze","p1team":[{"name":"Smeargle","species":"Smeargle","item":"focussash","ability":"Own Tempo","moves":["simplebeam","nightshade","kingsshield","spore"],"nature":"Timid","evs":{"hp":252,"atk":0,"def":0,"spa":0,"spd":4,"spe":252},"ivs":{"hp":31,"atk":31,"def":31,"spa":31,"spd":31,"spe":31}},{"name":"Porygon2","species":"Porygon2","item":"eviolite","ability":"Trace","moves":["agility","chargebeam","triattack","recover"],"nature":"Calm","evs":{"hp":252,"atk":0,"def":0,"spa":4,"spd":252,"spe":0},"ivs":{"hp":31,"atk":31,"def":31,"spa":31,"spd":31,"spe":31}},{"name":"Miltank","species":"Miltank","item":"leftovers","ability":"Sap Sipper","moves":["firepunch","earthquake","bodyslam","facade"],"nature":"Adamant","evs":{"hp":252,"atk":252,"def":0,"spa":0,"spd":4,"spe":0},"ivs":{"hp":31,"atk":31,"def":31,"spa":31,"spd":31,"spe":31}},{"name":"Cinccino","species":"Cinccino","item":"kingsrock","ability":"Skill Link","moves":["bulletseed","rockblast","tailslap","uturn"],"nature":"Jolly","evs":{"hp":0,"atk":252,"def":0,"spa":0,"spd":4,"spe":252},"ivs":{"hp":31,"atk":31,"def":31,"spa":31,"spd":31,"spe":31}},{"name":"Ditto","species":"Ditto","item":"choicescarf","ability":"Imposter","moves":["transform"],"nature":"Bold","evs":{"hp":248,"atk":0,"def":252,"spa":0,"spd":8,"spe":0},"ivs":{"hp":31,"atk":31,"def":31,"spa":31,"spd":31,"spe":31}},{"name":"Furfrou","species":"Furfrou","item":"marangaberry","ability":"Fur Coat","moves":["thunderwave","toxic","snarl","refresh"],"nature":"Timid","evs":{"hp":248,"atk":0,"def":0,"spa":8,"spd":0,"spe":252},"ivs":{"hp":31,"atk":31,"def":31,"spa":31,"spd":31,"spe":31}}],"p2team":[{"name":"Victini","species":"Victini","item":"choicescarf","ability":"Victory Star","moves":["vcreate","boltstrike","uturn","zenheadbutt"],"nature":"Jolly","evs":{"hp":0,"atk":252,"def":0,"spa":0,"spd":4,"spe":252},"ivs":{"hp":31,"atk":31,"def":31,"spa":31,"spd":31,"spe":31}},{"name":"Y U UNBAN!!!!!","species":"gallade","item":"galladite","ability":"Justified","moves":["closecombat","bulkup","shadowsneak","knockoff"],"nature":"Jolly","evs":{"hp":0,"atk":252,"def":0,"spa":0,"spd":4,"spe":252},"ivs":{"hp":31,"atk":31,"def":31,"spa":31,"spd":31,"spe":31}},{"name":"Hoopa-Unbound","species":"Hoopa-Unbound","item":"choicescarf","ability":"Magician","moves":["drainpunch","gunkshot","hyperspacefury","firepunch"],"nature":"Jolly","evs":{"hp":0,"atk":252,"def":0,"spa":0,"spd":4,"spe":252},"ivs":{"hp":31,"atk":31,"def":31,"spa":31,"spd":31,"spe":31}},{"name":"Mew","species":"Mew","item":"leftovers","ability":"Synchronize","moves":["roost","defog","rockslide","willowisp"],"nature":"Careful","evs":{"hp":248,"atk":8,"def":0,"spa":0,"spd":252,"spe":0},"ivs":{"hp":31,"atk":31,"def":31,"spa":31,"spd":31,"spe":31}},{"name":"Slowbro","species":"Slowbro","item":"leftovers","ability":"Regenerator","moves":["scald","grassknot","slackoff","thunderwave"],"nature":"Bold","evs":{"hp":252,"atk":0,"def":252,"spa":4,"spd":0,"spe":0},"ivs":{"hp":31,"atk":31,"def":31,"spa":31,"spd":31,"spe":31}},{"name":"Meloetta","species":"Meloetta","item":"leftovers","ability":"Serene Grace","moves":["dazzlinggleam","calmmind","psyshock","substitute"],"nature":"Calm","evs":{"hp":248,"atk":0,"def":200,"spa":0,"spd":60,"spe":0},"ivs":{"hp":31,"atk":0,"def":31,"spa":31,"spd":31,"spe":31}}],"log":["|player|p1|Guard Wanderer|235","|player|p2|Recruiter♅Bronze|23","|gametype|singles","|gen|6","|tier|Monotype","|rated","|rule|Baton Pass Clause: Limit one Baton Passer, can't pass Spe and other stats simultaneously","|rule|Swagger Clause: Swagger is banned","|rule|Same Type Clause: Pokémon in a team must share a type","|clearpoke","|poke|p1|Smeargle, F","|poke|p1|Porygon2","|poke|p1|Miltank, F","|poke|p1|Cinccino, F","|poke|p1|Ditto","|poke|p1|Furfrou, F","|poke|p2|Victini","|poke|p2|Gallade, M","|poke|p2|Hoopa-Unbound","|poke|p2|Mew","|poke|p2|Slowbro, F","|poke|p2|Meloetta","|rule|Sleep Clause Mod: Limit one foe put to sleep","|rule|Species Clause: Limit one of each Pokémon","|rule|OHKO Clause: OHKO moves are banned","|rule|Moody Clause: Moody is banned","|rule|Evasion Moves Clause: Evasion moves are banned","|rule|Endless Battle Clause: Forcing endless battles is banned","|rule|HP Percentage Mod: HP is shown in percentages","|teampreview","|","|start","|switch|p1a: Furfrou|Furfrou, F|353/353","|switch|p2a: Mew|Mew|403/403","|turn|1","|","|move|p1a: Furfrou|Toxic|p2a: Mew","|-status|p2a: Mew|tox","|-status|p1a: Furfrou|tox","|move|p2a: Mew|Will-O-Wisp|p1a: Furfrou","|-fail|p1a: Furfrou","|","|-damage|p1a: Furfrou|331/353 tox|[from] psn","|-damage|p2a: Mew|378/403 tox|[from] psn","|turn|2","|","|switch|p2a: Meloetta|Meloetta|403/403","|move|p1a: Furfrou|Refresh|p1a: Furfrou","|-curestatus|p1a: Furfrou|tox","|","|turn|3","|","|move|p1a: Furfrou|Snarl|p2a: Meloetta","|-supereffective|p2a: Meloetta","|-damage|p2a: Meloetta|357/403","|-unboost|p2a: Meloetta|spa|1","|move|p2a: Meloetta|Substitute|p2a: Meloetta","|-start|p2a: Meloetta|Substitute","|-damage|p2a: Meloetta|257/403","|","|-heal|p2a: Meloetta|282/403|[from] item: Leftovers","|turn|4","|","|move|p1a: Furfrou|Snarl|p2a: Meloetta","|-supereffective|p2a: Meloetta","|-damage|p2a: Meloetta|234/403","|-unboost|p2a: Meloetta|spa|1","|move|p2a: Meloetta|Calm Mind|p2a: Meloetta","|-boost|p2a: Meloetta|spa|1","|-boost|p2a: Meloetta|spd|1","|","|-heal|p2a: Meloetta|259/403|[from] item: Leftovers","|turn|5","|","|move|p1a: Furfrou|Snarl|p2a: Meloetta","|-supereffective|p2a: Meloetta","|-damage|p2a: Meloetta|229/403","|-unboost|p2a: Meloetta|spa|1","|move|p2a: Meloetta|Calm Mind|p2a: Meloetta","|-boost|p2a: Meloetta|spa|1","|-boost|p2a: Meloetta|spd|1","|","|-heal|p2a: Meloetta|254/403|[from] item: Leftovers","|turn|6","|","|move|p1a: Furfrou|Snarl|p2a: Meloetta","|-supereffective|p2a: Meloetta","|-damage|p2a: Meloetta|230/403","|-unboost|p2a: Meloetta|spa|1","|move|p2a: Meloetta|Calm Mind|p2a: Meloetta","|-boost|p2a: Meloetta|spa|1","|-boost|p2a: Meloetta|spd|1","|","|-heal|p2a: Meloetta|255/403|[from] item: Leftovers","|turn|7","|","|move|p1a: Furfrou|Snarl|p2a: Meloetta","|-supereffective|p2a: Meloetta","|-damage|p2a: Meloetta|235/403","|-unboost|p2a: Meloetta|spa|1","|move|p2a: Meloetta|Calm Mind|p2a: Meloetta","|-boost|p2a: Meloetta|spa|1","|-boost|p2a: Meloetta|spd|1","|","|-heal|p2a: Meloetta|260/403|[from] item: Leftovers","|turn|8","|","|move|p1a: Furfrou|Snarl|p2a: Meloetta","|-supereffective|p2a: Meloetta","|-damage|p2a: Meloetta|246/403","|-unboost|p2a: Meloetta|spa|1","|move|p2a: Meloetta|Calm Mind|p2a: Meloetta","|-boost|p2a: Meloetta|spa|1","|-boost|p2a: Meloetta|spd|1","|","|-heal|p2a: Meloetta|271/403|[from] item: Leftovers","|turn|9","|","|switch|p1a: Cinccino|Cinccino, F|291/291","|move|p2a: Meloetta|Calm Mind|p2a: Meloetta","|-boost|p2a: Meloetta|spa|1","|-boost|p2a: Meloetta|spd|1","|","|-heal|p2a: Meloetta|296/403|[from] item: Leftovers","|turn|10","|","|move|p1a: Cinccino|U-turn|p2a: Meloetta","|-supereffective|p2a: Meloetta","|-end|p2a: Meloetta|Substitute","|","|switch|p1a: Furfrou|Furfrou, F|331/353","|move|p2a: Meloetta|Psyshock|p1a: Furfrou","|-damage|p1a: Furfrou|247/353","|-enditem|p1a: Furfrou|Maranga Berry|[eat]","|-boost|p1a: Furfrou|spd|1|[from] item: Maranga Berry","|","|-heal|p2a: Meloetta|321/403|[from] item: Leftovers","|turn|11","|","|switch|p2a: Mew|Mew|378/403 tox","|move|p1a: Furfrou|Toxic|p2a: Mew","|-fail|p2a: Mew|tox","|","|-heal|p2a: Mew|403/403 tox|[from] item: Leftovers","|-damage|p2a: Mew|378/403 tox|[from] psn","|turn|12","|","|move|p1a: Furfrou|Snarl|p2a: Mew","|-supereffective|p2a: Mew","|-damage|p2a: Mew|330/403 tox","|-unboost|p2a: Mew|spa|1","|move|p2a: Mew|Rock Slide|p1a: Furfrou","|-damage|p1a: Furfrou|202/353","|","|-heal|p2a: Mew|355/403 tox|[from] item: Leftovers","|-damage|p2a: Mew|305/403 tox|[from] psn","|turn|13","|","|switch|p2a: Y U UNBAN!!!!!|Gallade, M|277/277","|move|p1a: Furfrou|Snarl|p2a: Y U UNBAN!!!!!","|-damage|p2a: Y U UNBAN!!!!!|248/277","|-boost|p2a: Y U UNBAN!!!!!|atk|1|[from] ability: Justified","|-unboost|p2a: Y U UNBAN!!!!!|spa|1","|","|turn|14","|","|detailschange|p2a: Y U UNBAN!!!!!|Gallade-Mega, M","|-mega|p2a: Y U UNBAN!!!!!|Gallade|Galladite","|move|p1a: Furfrou|Thunder Wave|p2a: Y U UNBAN!!!!!","|-status|p2a: Y U UNBAN!!!!!|par","|cant|p2a: Y U UNBAN!!!!!|par","|","|turn|15","|","|move|p1a: Furfrou|Refresh|p1a: Furfrou","|move|p2a: Y U UNBAN!!!!!|Close Combat|p1a: Furfrou","|-supereffective|p1a: Furfrou","|-damage|p1a: Furfrou|0 fnt","|-unboost|p2a: Y U UNBAN!!!!!|def|1","|-unboost|p2a: Y U UNBAN!!!!!|spd|1","|faint|p1a: Furfrou","|","|","|switch|p1a: Smeargle|Smeargle, F|314/314","|turn|16","|","|move|p1a: Smeargle|Simple Beam|p2a: Y U UNBAN!!!!!","|-endability|p2a: Y U UNBAN!!!!!|innerfocus|[from] move: Simple Beam","|-ability|p2a: Y U UNBAN!!!!!|Simple|[from] move: Simple Beam","|move|p2a: Y U UNBAN!!!!!|Close Combat|p1a: Smeargle","|-supereffective|p1a: Smeargle","|-enditem|p1a: Smeargle|Focus Sash","|-damage|p1a: Smeargle|1/314","|-unboost|p2a: Y U UNBAN!!!!!|def|2","|-unboost|p2a: Y U UNBAN!!!!!|spd|2","|","|turn|17","|","|move|p1a: Smeargle|King's Shield|p1a: Smeargle","|-singleturn|p1a: Smeargle|Protect","|move|p2a: Y U UNBAN!!!!!|Bulk Up|p2a: Y U UNBAN!!!!!","|-boost|p2a: Y U UNBAN!!!!!|atk|2","|-boost|p2a: Y U UNBAN!!!!!|def|2","|","|turn|18","|","|move|p1a: Smeargle|Night Shade|p2a: Y U UNBAN!!!!!","|-damage|p2a: Y U UNBAN!!!!!|148/277 par","|cant|p2a: Y U UNBAN!!!!!|par","|","|turn|19","|","|move|p1a: Smeargle|Night Shade|p2a: Y U UNBAN!!!!!","|-damage|p2a: Y U UNBAN!!!!!|48/277 par","|cant|p2a: Y U UNBAN!!!!!|par","|","|turn|20","|","|move|p1a: Smeargle|King's Shield|p1a: Smeargle","|-singleturn|p1a: Smeargle|Protect","|move|p2a: Y U UNBAN!!!!!|Close Combat|p1a: Smeargle","|-activate|p1a: Smeargle|Protect","|-unboost|p2a: Y U UNBAN!!!!!|atk|4","|","|turn|21","|","|switch|p1a: Porygon2|Porygon2|374/374","|-ability|p1a: Porygon2|Simple|[from] ability: Trace|[of] p2a: Y U UNBAN!!!!!","|cant|p2a: Y U UNBAN!!!!!|par","|","|turn|22","|","|move|p1a: Porygon2|Agility|p1a: Porygon2","|-boost|p1a: Porygon2|spe|4","|move|p2a: Y U UNBAN!!!!!|Knock Off|p1a: Porygon2","|-damage|p1a: Porygon2|307/374","|-enditem|p1a: Porygon2|Eviolite|[from] move: Knock Off|[of] p2a: Y U UNBAN!!!!!","|","|turn|23","|","|move|p1a: Porygon2|Charge Beam|p2a: Y U UNBAN!!!!!","|-damage|p2a: Y U UNBAN!!!!!|0 fnt","|-boost|p1a: Porygon2|spa|2","|faint|p2a: Y U UNBAN!!!!!","|","|","|switch|p2a: Hoopa-Unbound|Hoopa-Unbound|301/301","|turn|24","|","|move|p1a: Porygon2|Tri Attack|p2a: Hoopa-Unbound","|-damage|p2a: Hoopa-Unbound|153/301","|move|p2a: Hoopa-Unbound|Drain Punch|p1a: Porygon2","|-supereffective|p1a: Porygon2","|-damage|p1a: Porygon2|67/374","|-heal|p2a: Hoopa-Unbound|273/301|[from] drain|[of] p1a: Porygon2","|","|turn|25","|","|move|p1a: Porygon2|Tri Attack|p2a: Hoopa-Unbound","|-damage|p2a: Hoopa-Unbound|129/301","|-status|p2a: Hoopa-Unbound|par","|cant|p2a: Hoopa-Unbound|par","|","|turn|26","|","|move|p1a: Porygon2|Tri Attack|p2a: Hoopa-Unbound","|-damage|p2a: Hoopa-Unbound|0 fnt","|faint|p2a: Hoopa-Unbound","|","|","|switch|p2a: Victini|Victini|341/341","|turn|27","|","|move|p2a: Victini|U-turn|p1a: Porygon2","|-damage|p1a: Porygon2|0 fnt","|faint|p1a: Porygon2","|","|switch|p2a: Slowbro|Slowbro, F|394/394","|","|","|switch|p1a: Cinccino|Cinccino, F|291/291","|turn|28","|","|move|p1a: Cinccino|Bullet Seed|p2a: Slowbro","|-supereffective|p2a: Slowbro","|-damage|p2a: Slowbro|362/394","|-supereffective|p2a: Slowbro","|-damage|p2a: Slowbro|326/394","|-supereffective|p2a: Slowbro","|-damage|p2a: Slowbro|294/394","|-supereffective|p2a: Slowbro","|-damage|p2a: Slowbro|260/394","|-supereffective|p2a: Slowbro","|-damage|p2a: Slowbro|226/394","|-hitcount|p2a: Slowbro|5","|cant|p2a: Slowbro|flinch","|","|-heal|p2a: Slowbro|250/394|[from] item: Leftovers","|turn|29","|","|move|p1a: Cinccino|Bullet Seed|p2a: Slowbro","|-supereffective|p2a: Slowbro","|-damage|p2a: Slowbro|218/394","|-crit|p2a: Slowbro","|-supereffective|p2a: Slowbro","|-damage|p2a: Slowbro|166/394","|-supereffective|p2a: Slowbro","|-damage|p2a: Slowbro|128/394","|-supereffective|p2a: Slowbro","|-damage|p2a: Slowbro|96/394","|-supereffective|p2a: Slowbro","|-damage|p2a: Slowbro|62/394","|-hitcount|p2a: Slowbro|5","|move|p2a: Slowbro|Scald|p1a: Cinccino","|-damage|p1a: Cinccino|155/291","|-status|p1a: Cinccino|brn","|","|-heal|p2a: Slowbro|86/394|[from] item: Leftovers","|-damage|p1a: Cinccino|119/291 brn|[from] brn","|turn|30","|","|switch|p2a: Mew|Mew|305/403 tox","|move|p1a: Cinccino|Bullet Seed|p2a: Mew","|-damage|p2a: Mew|293/403 tox","|-damage|p2a: Mew|280/403 tox","|-damage|p2a: Mew|268/403 tox","|-damage|p2a: Mew|255/403 tox","|-crit|p2a: Mew","|-damage|p2a: Mew|237/403 tox","|-hitcount|p2a: Mew|5","|","|-heal|p2a: Mew|262/403 tox|[from] item: Leftovers","|-damage|p1a: Cinccino|83/291 brn|[from] brn","|-damage|p2a: Mew|237/403 tox|[from] psn","|turn|31","|","|move|p1a: Cinccino|U-turn|p2a: Mew","|-supereffective|p2a: Mew","|-damage|p2a: Mew|173/403 tox","|","|switch|p1a: Smeargle|Smeargle, F|1/314","|move|p2a: Mew|Roost|p2a: Mew","|-heal|p2a: Mew|375/403 tox","|","|-heal|p2a: Mew|400/403 tox|[from] item: Leftovers","|-damage|p2a: Mew|350/403 tox|[from] psn","|turn|32","|","|switch|p1a: Miltank|Miltank, F|394/394","|move|p2a: Mew|Will-O-Wisp|p1a: Miltank","|-status|p1a: Miltank|brn","|","|-heal|p2a: Mew|375/403 tox|[from] item: Leftovers","|-damage|p1a: Miltank|345/394 brn|[from] brn","|-damage|p2a: Mew|300/403 tox|[from] psn","|turn|33","|","|switch|p2a: Meloetta|Meloetta|321/403","|move|p1a: Miltank|Facade|p2a: Meloetta","|-damage|p2a: Meloetta|110/403","|","|-heal|p1a: Miltank|369/394 brn|[from] item: Leftovers","|-heal|p2a: Meloetta|135/403|[from] item: Leftovers","|-damage|p1a: Miltank|320/394 brn|[from] brn","|turn|34","|","|move|p1a: Miltank|Facade|p2a: Meloetta","|-damage|p2a: Meloetta|0 fnt","|faint|p2a: Meloetta","|","|-heal|p1a: Miltank|344/394 brn|[from] item: Leftovers","|-damage|p1a: Miltank|295/394 brn|[from] brn","|","|switch|p2a: Victini|Victini|341/341","|turn|35","|","|switch|p1a: Ditto|Ditto|299/299","|-transform|p1a: Ditto|p2a: Victini","|move|p2a: Victini|V-create|p1a: Ditto","|-resisted|p1a: Ditto","|-damage|p1a: Ditto|167/299","|-unboost|p2a: Victini|spe|1","|-unboost|p2a: Victini|def|1","|-unboost|p2a: Victini|spd|1","|","|turn|36","|","|switch|p2a: Slowbro|Slowbro, F|217/394","|move|p1a: Ditto|Bolt Strike|p2a: Slowbro","|-supereffective|p2a: Slowbro","|-damage|p2a: Slowbro|41/394","|","|-heal|p2a: Slowbro|65/394|[from] item: Leftovers","|turn|37","|","|switch|p2a: Mew|Mew|300/403 tox","|move|p1a: Ditto|Bolt Strike|p2a: Mew","|-damage|p2a: Mew|172/403 tox","|","|-heal|p2a: Mew|197/403 tox|[from] item: Leftovers","|-damage|p2a: Mew|172/403 tox|[from] psn","|turn|38","|","|switch|p1a: Miltank|Miltank, F|295/394 brn","|move|p2a: Mew|Rock Slide|p1a: Miltank","|-damage|p1a: Miltank|240/394 brn","|","|-heal|p2a: Mew|197/403 tox|[from] item: Leftovers","|-heal|p1a: Miltank|264/394 brn|[from] item: Leftovers","|-damage|p1a: Miltank|215/394 brn|[from] brn","|-damage|p2a: Mew|147/403 tox|[from] psn","|turn|39","|","|move|p2a: Mew|Roost|p2a: Mew","|-heal|p2a: Mew|349/403 tox","|move|p1a: Miltank|Facade|p2a: Mew","|-damage|p2a: Mew|151/403 tox","|","|-heal|p2a: Mew|176/403 tox|[from] item: Leftovers","|-heal|p1a: Miltank|239/394 brn|[from] item: Leftovers","|-damage|p1a: Miltank|190/394 brn|[from] brn","|-damage|p2a: Mew|101/403 tox|[from] psn","|turn|40","|","|switch|p2a: Slowbro|Slowbro, F|196/394","|move|p1a: Miltank|Facade|p2a: Slowbro","|-damage|p2a: Slowbro|64/394","|","|-heal|p1a: Miltank|214/394 brn|[from] item: Leftovers","|-heal|p2a: Slowbro|88/394|[from] item: Leftovers","|-damage|p1a: Miltank|165/394 brn|[from] brn","|turn|41","|","|switch|p2a: Mew|Mew|101/403 tox","|move|p1a: Miltank|Facade|p2a: Mew","|-damage|p2a: Mew|0 fnt","|faint|p2a: Mew","|","|-heal|p1a: Miltank|189/394 brn|[from] item: Leftovers","|-damage|p1a: Miltank|140/394 brn|[from] brn","|","|switch|p2a: Victini|Victini|341/341","|turn|42","|","|move|p2a: Victini|U-turn|p1a: Miltank","|-damage|p1a: Miltank|71/394 brn","|","|switch|p2a: Slowbro|Slowbro, F|219/394","|move|p1a: Miltank|Earthquake|p2a: Slowbro","|-damage|p2a: Slowbro|184/394","|","|-heal|p1a: Miltank|95/394 brn|[from] item: Leftovers","|-heal|p2a: Slowbro|208/394|[from] item: Leftovers","|-damage|p1a: Miltank|46/394 brn|[from] brn","|turn|43","|","|move|p1a: Miltank|Facade|p2a: Slowbro","|-damage|p2a: Slowbro|66/394","|move|p2a: Slowbro|Slack Off|p2a: Slowbro","|-heal|p2a: Slowbro|263/394","|","|-heal|p1a: Miltank|70/394 brn|[from] item: Leftovers","|-heal|p2a: Slowbro|287/394|[from] item: Leftovers","|-damage|p1a: Miltank|21/394 brn|[from] brn","|turn|44","|","|move|p1a: Miltank|Facade|p2a: Slowbro","|-damage|p2a: Slowbro|152/394","|move|p2a: Slowbro|Slack Off|p2a: Slowbro","|-heal|p2a: Slowbro|349/394","|","|-heal|p1a: Miltank|45/394 brn|[from] item: Leftovers","|-heal|p2a: Slowbro|373/394|[from] item: Leftovers","|-damage|p1a: Miltank|0 fnt|[from] brn","|faint|p1a: Miltank","|","|switch|p1a: Cinccino|Cinccino, F|83/291 brn","|turn|45","|","|move|p1a: Cinccino|Bullet Seed|p2a: Slowbro","|-crit|p2a: Slowbro","|-supereffective|p2a: Slowbro","|-damage|p2a: Slowbro|348/394","|-supereffective|p2a: Slowbro","|-damage|p2a: Slowbro|330/394","|-supereffective|p2a: Slowbro","|-damage|p2a: Slowbro|312/394","|-supereffective|p2a: Slowbro","|-damage|p2a: Slowbro|295/394","|-supereffective|p2a: Slowbro","|-damage|p2a: Slowbro|279/394","|-hitcount|p2a: Slowbro|5","|cant|p2a: Slowbro|flinch","|","|-heal|p2a: Slowbro|303/394|[from] item: Leftovers","|-damage|p1a: Cinccino|47/291 brn|[from] brn","|turn|46","|","|switch|p2a: Victini|Victini|341/341","|move|p1a: Cinccino|Rock Blast|p2a: Victini","|-supereffective|p2a: Victini","|-damage|p2a: Victini|315/341","|-supereffective|p2a: Victini","|-damage|p2a: Victini|290/341","|-supereffective|p2a: Victini","|-damage|p2a: Victini|266/341","|-supereffective|p2a: Victini","|-damage|p2a: Victini|239/341","|-supereffective|p2a: Victini","|-damage|p2a: Victini|215/341","|-hitcount|p2a: Victini|5","|","|-damage|p1a: Cinccino|11/291 brn|[from] brn","|turn|47","|","|switch|p1a: Ditto|Ditto|167/299","|-transform|p1a: Ditto|p2a: Victini","|move|p2a: Victini|U-turn|p1a: Ditto","|-damage|p1a: Ditto|94/299","|","|switch|p2a: Slowbro|Slowbro, F|394/394","|","|turn|48","|","|move|p1a: Ditto|Bolt Strike|p2a: Slowbro","|-crit|p2a: Slowbro","|-supereffective|p2a: Slowbro","|-damage|p2a: Slowbro|134/394","|move|p2a: Slowbro|Scald|p1a: Ditto","|-supereffective|p1a: Ditto","|-damage|p1a: Ditto|0 fnt","|faint|p1a: Ditto","|","|-heal|p2a: Slowbro|158/394|[from] item: Leftovers","|","|switch|p1a: Smeargle|Smeargle, F|1/314","|turn|49","|","|move|p1a: Smeargle|Spore|p2a: Slowbro","|-status|p2a: Slowbro|slp","|cant|p2a: Slowbro|slp","|","|-heal|p2a: Slowbro|182/394 slp|[from] item: Leftovers","|turn|50","|","|move|p1a: Smeargle|Simple Beam|p2a: Slowbro","|-endability|p2a: Slowbro|regenerator|[from] move: Simple Beam","|-ability|p2a: Slowbro|Simple|[from] move: Simple Beam","|cant|p2a: Slowbro|slp","|","|-heal|p2a: Slowbro|206/394 slp|[from] item: Leftovers","|turn|51","|","|move|p1a: Smeargle|Night Shade|p2a: Slowbro","|-damage|p2a: Slowbro|106/394 slp","|cant|p2a: Slowbro|slp","|","|-heal|p2a: Slowbro|130/394 slp|[from] item: Leftovers","|turn|52","|","|move|p1a: Smeargle|Night Shade|p2a: Slowbro","|-damage|p2a: Slowbro|30/394 slp","|-curestatus|p2a: Slowbro|slp","|move|p2a: Slowbro|Scald|p1a: Smeargle","|-damage|p1a: Smeargle|0 fnt","|faint|p1a: Smeargle","|","|-heal|p2a: Slowbro|54/394|[from] item: Leftovers","|","|switch|p1a: Cinccino|Cinccino, F|11/291 brn","|turn|53","|","|move|p1a: Cinccino|Bullet Seed|p2a: Slowbro","|-supereffective|p2a: Slowbro","|-damage|p2a: Slowbro|36/394","|-supereffective|p2a: Slowbro","|-damage|p2a: Slowbro|20/394","|-supereffective|p2a: Slowbro","|-damage|p2a: Slowbro|3/394","|-supereffective|p2a: Slowbro","|-damage|p2a: Slowbro|0 fnt","|-hitcount|p2a: Slowbro|4","|faint|p2a: Slowbro","|","|-damage|p1a: Cinccino|0 fnt|[from] brn","|faint|p1a: Cinccino","|","|win|Recruiter♅Bronze"],"p1rating":{"entryid":"9966","serverid":"eos","formatid":"monotype","userid":"guardwanderer","username":"Guard Wanderer","w":"20","l":30,"t":"0","gxe":41.3,"r":"1460.2300294704","rd":"51.851987647183","sigma":"0","rptime":"1440406800","rpr":1433.3429109899,"rprd":49.083767877218,"rpsigma":"0","acre":1038.5220717545,"lacre":1038.5220717545,"oldacre":"1061.0001961768"},"p2rating":{"entryid":399735,"formatid":"monotype","userid":"recruiterbronze","username":"Recruiter♅Bronze","r":1500,"rd":130,"sigma":0,"rpr":1537.5452529876,"rprd":122.04622540823,"rpsigma":0,"rptime":1440406800,"w":1,"l":0,"t":0,"gxe":54.7,"acre":1046.9516237739,"lacre":1046.9516237739,"oldacre":1000},"endType":"normal"}