{"seed":[17322,56555,62696,24960],"turns":32,"p1":"DSV","p2":"Guard Wanderer","p1team":[{"name":"Guillotine","species":"scizor","item":"scizorite","ability":"Technician","moves":["bulletpunch","knockoff","swordsdance","roost"],"nature":"Adamant","evs":{"hp":248,"atk":252,"def":0,"spa":0,"spd":8,"spe":0},"ivs":{"hp":31,"atk":31,"def":31,"spa":31,"spd":31,"spe":31}},{"name":"King Trident","species":"empoleon","item":"assaultvest","ability":"Torrent","moves":["aquajet","surf","grassknot","icebeam"],"nature":"Mild","evs":{"hp":248,"atk":8,"def":0,"spa":252,"spd":0,"spe":0},"ivs":{"hp":31,"atk":31,"def":31,"spa":31,"spd":31,"spe":31}},{"name":"Big Boss","species":"heatran","item":"airballoon","ability":"Flash Fire","moves":["earthpower","lavaplume","stealthrock","protect"],"nature":"Calm","evs":{"hp":248,"atk":0,"def":0,"spa":8,"spd":252,"spe":0},"ivs":{"hp":31,"atk":31,"def":31,"spa":31,"spd":31,"spe":31}},{"name":"Rufus","species":"excadrill","item":"choicescarf","ability":"Mold Breaker","moves":["earthquake","ironhead","rockslide","rapidspin"],"nature":"Jolly","evs":{"hp":0,"atk":252,"def":0,"spa":0,"spd":4,"spe":252},"ivs":{"hp":31,"atk":31,"def":31,"spa":31,"spd":31,"spe":31}},{"name":"Wall Maria","species":"skarmory","item":"rockyhelmet","ability":"Sturdy","moves":["roost","drillpeck","toxic","whirlwind"],"nature":"Impish","evs":{"hp":248,"atk":0,"def":236,"spa":0,"spd":0,"spe":24},"ivs":{"hp":31,"atk":31,"def":31,"spa":31,"spd":31,"spe":31}},{"name":"U.F.O 3825","species":"magnezone","item":"choicespecs","ability":"Sturdy","moves":["thunderbolt","flashcannon","hiddenpowerice","voltswitch"],"nature":"Modest","evs":{"hp":4,"atk":0,"def":0,"spa":252,"spd":0,"spe":252},"ivs":{"hp":31,"atk":30,"def":30,"spa":31,"spd":31,"spe":31}}],"p2team":[{"name":"Malamar","species":"Malamar","item":"focussash","ability":"Contrary","moves":["flatter","superpower","payback","topsyturvy"],"nature":"Impish","evs":{"hp":252,"atk":4,"def":252,"spa":0,"spd":0,"spe":0},"shiny":true,"ivs":{"hp":31,"atk":31,"def":31,"spa":31,"spd":31,"spe":31}},{"name":"Xatu","species":"Xatu","item":"ejectbutton","ability":"Magic Bounce","moves":["simplebeam","featherdance","roost","nightshade"],"nature":"Timid","evs":{"hp":252,"atk":0,"def":0,"spa":0,"spd":4,"spe":252},"ivs":{"hp":31,"atk":31,"def":31,"spa":31,"spd":31,"spe":31}},{"name":"Delphox","species":"Delphox","item":"redcard","ability":"Magician","moves":["switcheroo","roleplay","grassknot","mysticalfire"],"nature":"Timid","evs":{"hp":252,"atk":0,"def":0,"spa":4,"spd":0,"spe":252},"ivs":{"hp":31,"atk":31,"def":31,"spa":31,"spd":31,"spe":31}},{"name":"Starmie","species":"Starmie","item":"lumberry","ability":"Natural Cure","moves":["reflecttype","psychup","recover","scald"],"nature":"Bold","evs":{"hp":252,"atk":0,"def":252,"spa":4,"spd":0,"spe":0},"ivs":{"hp":31,"atk":31,"def":31,"spa":31,"spd":31,"spe":31}},{"name":"Gardevoir","species":"Gardevoir","item":"leftovers","ability":"Trace","moves":["calmmind","moonblast","storedpower","thunderbolt"],"nature":"Hasty","evs":{"hp":176,"atk":0,"def":0,"spa":144,"spd":0,"spe":188},"ivs":{"hp":31,"atk":31,"def":31,"spa":31,"spd":31,"spe":31}},{"name":"Medicham","species":"Medicham","item":"medichamite","ability":"Pure Power","moves":["icepunch","psychocut","bulletpunch","drainpunch"],"nature":"Jolly","evs":{"hp":0,"atk":252,"def":0,"spa":0,"spd":4,"spe":252},"ivs":{"hp":31,"atk":31,"def":31,"spa":31,"spd":31,"spe":31}}],"log":["|player|p1|DSV|dsv.png","|player|p2|Guard Wanderer|235","|gametype|singles","|gen|6","|tier|Monotype","|rated","|rule|Baton Pass Clause: Limit one Baton Passer, can't pass Spe and other stats simultaneously","|rule|Swagger Clause: Swagger is banned","|rule|Same Type Clause: Pokémon in a team must share a type","|clearpoke","|poke|p1|Scizor, F","|poke|p1|Empoleon, F","|poke|p1|Heatran, F","|poke|p1|Excadrill, M","|poke|p1|Skarmory, M","|poke|p1|Magnezone","|poke|p2|Malamar, F, shiny","|poke|p2|Xatu, M","|poke|p2|Delphox, M","|poke|p2|Starmie","|poke|p2|Gardevoir, M","|poke|p2|Medicham, F","|rule|Sleep Clause Mod: Limit one foe put to sleep","|rule|Species Clause: Limit one of each Pokémon","|rule|OHKO Clause: OHKO moves are banned","|rule|Moody Clause: Moody is banned","|rule|Evasion Moves Clause: Evasion moves are banned","|rule|Endless Battle Clause: Forcing endless battles is banned","|rule|HP Percentage Mod: HP is shown in percentages","|teampreview","|","|start","|switch|p1a: U.F.O 3825|Magnezone|282/282","|switch|p2a: Delphox|Delphox, M|354/354","|turn|1","|","|move|p2a: Delphox|Switcheroo|p1a: U.F.O 3825","|-activate|p2a: Delphox|move: Trick|[of] p1a: U.F.O 3825","|-item|p1a: U.F.O 3825|Red Card|[from] Trick","|-item|p2a: Delphox|Choice Specs|[from] Trick","|move|p1a: U.F.O 3825|Volt Switch|p2a: Delphox","|-damage|p2a: Delphox|227/354","|","|switch|p1a: Big Boss|Heatran, F|385/385","|-item|p1a: Big Boss|Air Balloon","|","|turn|2","|","|switch|p1a: U.F.O 3825|Magnezone|282/282","|move|p2a: Delphox|Switcheroo|p1a: U.F.O 3825","|-activate|p2a: Delphox|move: Trick|[of] p1a: U.F.O 3825","|-item|p1a: U.F.O 3825|Choice Specs|[from] Trick","|-item|p2a: Delphox|Red Card|[from] Trick","|","|turn|3","|","|move|p2a: Delphox|Mystical Fire|p1a: U.F.O 3825","|-supereffective|p1a: U.F.O 3825","|-damage|p1a: U.F.O 3825|90/282","|-unboost|p1a: U.F.O 3825|spa|1","|move|p1a: U.F.O 3825|Thunderbolt|p2a: Delphox","|-damage|p2a: Delphox|43/354","|-enditem|p2a: Delphox|Red Card|[of] p1a: U.F.O 3825","|drag|p1a: Rufus|Excadrill, M|361/361","|-ability|p1a: Rufus|Mold Breaker","|","|turn|4","|","|move|p1a: Rufus|Iron Head|p2a: Delphox","|-resisted|p2a: Delphox","|-damage|p2a: Delphox|0 fnt","|faint|p2a: Delphox","|","|","|switch|p2a: Xatu|Xatu, M|334/334","|turn|5","|","|switch|p1a: U.F.O 3825|Magnezone|90/282","|move|p2a: Xatu|Simple Beam|p1a: U.F.O 3825","|-endability|p1a: U.F.O 3825|sturdy|[from] move: Simple Beam","|-ability|p1a: U.F.O 3825|Simple|[from] move: Simple Beam","|","|turn|6","|","|switch|p2a: Gardevoir|Gardevoir, M|321/321","|-ability|p2a: Gardevoir|Simple|[from] ability: Trace|[of] p1a: U.F.O 3825","|move|p1a: U.F.O 3825|Volt Switch|p2a: Gardevoir","|-damage|p2a: Gardevoir|152/321","|","|switch|p1a: Rufus|Excadrill, M|361/361","|-ability|p1a: Rufus|Mold Breaker","|","|-heal|p2a: Gardevoir|172/321|[from] item: Leftovers","|turn|7","|","|switch|p2a: Starmie|Starmie|324/324","|move|p1a: Rufus|Iron Head|p2a: Starmie","|-resisted|p2a: Starmie","|-damage|p2a: Starmie|269/324","|","|turn|8","|","|switch|p1a: U.F.O 3825|Magnezone|90/282","|move|p2a: Starmie|Reflect Type|p1a: U.F.O 3825","|-start|p2a: Starmie|typechange|[from] move: Reflect Type|[of] p1a: U.F.O 3825","|","|turn|9","|","|move|p2a: Starmie|Scald|p1a: U.F.O 3825","|-damage|p1a: U.F.O 3825|22/282","|move|p1a: U.F.O 3825|Volt Switch|p2a: Starmie","|-resisted|p2a: Starmie","|-damage|p2a: Starmie|158/324","|","|switch|p1a: Big Boss|Heatran, F|385/385","|-item|p1a: Big Boss|Air Balloon","|","|turn|10","|","|switch|p2a: Xatu|Xatu, M|334/334","|move|p1a: Big Boss|Lava Plume|p2a: Xatu","|-damage|p2a: Xatu|178/334","|-status|p2a: Xatu|brn","|-enditem|p2a: Xatu|Eject Button","|","|switch|p2a: Medicham|Medicham, F|261/261","|","|turn|11","|","|detailschange|p2a: Medicham|Medicham-Mega, F","|-mega|p2a: Medicham|Medicham|Medichamite","|move|p1a: Big Boss|Protect|p1a: Big Boss","|-singleturn|p1a: Big Boss|Protect","|move|p2a: Medicham|Drain Punch|p1a: Big Boss","|-activate|p1a: Big Boss|Protect","|","|turn|12","|","|switch|p2a: Starmie|Starmie|158/324","|switch|p1a: U.F.O 3825|Magnezone|22/282","|","|turn|13","|","|move|p2a: Starmie|Scald|p1a: U.F.O 3825","|-damage|p1a: U.F.O 3825|0 fnt","|faint|p1a: U.F.O 3825","|","|","|switch|p1a: Rufus|Excadrill, M|361/361","|-ability|p1a: Rufus|Mold Breaker","|turn|14","|","|switch|p2a: Gardevoir|Gardevoir, M|172/321","|-ability|p2a: Gardevoir|Mold Breaker|[from] ability: Trace|[of] p1a: Rufus","|-ability|p2a: Gardevoir|Mold Breaker","|move|p1a: Rufus|Earthquake|p2a: Gardevoir","|-damage|p2a: Gardevoir|0 fnt","|faint|p2a: Gardevoir","|","|","|switch|p2a: Xatu|Xatu, M|178/334 brn","|turn|15","|","|switch|p1a: King Trident|Empoleon, F|371/371","|move|p2a: Xatu|Simple Beam|p1a: King Trident","|-endability|p1a: King Trident|torrent|[from] move: Simple Beam","|-ability|p1a: King Trident|Simple|[from] move: Simple Beam","|","|-damage|p2a: Xatu|137/334 brn|[from] brn","|turn|16","|","|move|p2a: Xatu|Roost|p2a: Xatu","|-heal|p2a: Xatu|304/334 brn","|move|p1a: King Trident|Surf|p2a: Xatu","|-damage|p2a: Xatu|111/334 brn","|","|-damage|p2a: Xatu|70/334 brn|[from] brn","|turn|17","|","|move|p2a: Xatu|Night Shade|p1a: King Trident","|-damage|p1a: King Trident|271/371","|move|p1a: King Trident|Grass Knot|p2a: Xatu","|-crit|p2a: Xatu","|-resisted|p2a: Xatu","|-damage|p2a: Xatu|19/334 brn","|","|-damage|p2a: Xatu|0 fnt|[from] brn","|faint|p2a: Xatu","|","|switch|p2a: Malamar|Malamar, F, shiny|376/376","|turn|18","|","|move|p2a: Malamar|Flatter|p1a: King Trident","|-boost|p1a: King Trident|spa|2","|-start|p1a: King Trident|confusion","|-activate|p1a: King Trident|confusion","|-damage|p1a: King Trident|238/371|[from] confusion","|","|turn|19","|","|switch|p2a: Starmie|Starmie|158/324","|-activate|p1a: King Trident|confusion","|move|p1a: King Trident|Surf|p2a: Starmie","|-resisted|p2a: Starmie","|-damage|p2a: Starmie|0 fnt","|faint|p2a: Starmie","|","|","|switch|p2a: Malamar|Malamar, F, shiny|376/376","|turn|20","|","|move|p2a: Malamar|Topsy-Turvy|p1a: King Trident","|-invertboost|p1a: King Trident|[from] move: Topsy-turvy","|-activate|p1a: King Trident|confusion","|-damage|p1a: King Trident|205/371|[from] confusion","|","|turn|21","|","|switch|p1a: Big Boss|Heatran, F|385/385","|-item|p1a: Big Boss|Air Balloon","|move|p2a: Malamar|Superpower|p1a: Big Boss","|-supereffective|p1a: Big Boss","|-damage|p1a: Big Boss|223/385","|-enditem|p1a: Big Boss|Air Balloon","|-boost|p2a: Malamar|atk|1","|-boost|p2a: Malamar|def|1","|","|turn|22","|","|move|p1a: Big Boss|Lava Plume|p2a: Malamar","|-damage|p2a: Malamar|216/376","|move|p2a: Malamar|Superpower|p1a: Big Boss","|-supereffective|p1a: Big Boss","|-damage|p1a: Big Boss|0 fnt","|-boost|p2a: Malamar|atk|1","|-boost|p2a: Malamar|def|1","|faint|p1a: Big Boss","|","|","|switch|p1a: Wall Maria|Skarmory, M|333/333","|turn|23","|","|move|p2a: Malamar|Flatter|p1a: Wall Maria","|-boost|p1a: Wall Maria|spa|1","|-start|p1a: Wall Maria|confusion","|-activate|p1a: Wall Maria|confusion","|move|p1a: Wall Maria|Whirlwind|p2a: Malamar","|drag|p2a: Medicham|Medicham-Mega, F|261/261","|","|turn|24","|","|switch|p1a: King Trident|Empoleon, F|205/371","|move|p2a: Medicham|Drain Punch|p1a: King Trident","|-supereffective|p1a: King Trident","|-damage|p1a: King Trident|0 fnt","|faint|p1a: King Trident","|","|","|switch|p1a: Wall Maria|Skarmory, M|333/333","|turn|25","|","|move|p2a: Medicham|Drain Punch|p1a: Wall Maria","|-damage|p1a: Wall Maria|204/333","|-damage|p2a: Medicham|218/261|[from] item: Rocky Helmet|[of] p1a: Wall Maria","|move|p1a: Wall Maria|Toxic|p2a: Medicham","|-status|p2a: Medicham|tox","|","|-damage|p2a: Medicham|202/261 tox|[from] psn","|turn|26","|","|move|p2a: Medicham|Drain Punch|p1a: Wall Maria","|-damage|p1a: Wall Maria|78/333","|-heal|p2a: Medicham|261/261 tox|[from] drain|[of] p1a: Wall Maria","|-damage|p2a: Medicham|218/261 tox|[from] item: Rocky Helmet|[of] p1a: Wall Maria","|move|p1a: Wall Maria|Roost|p1a: Wall Maria","|-heal|p1a: Wall Maria|245/333","|","|-damage|p2a: Medicham|186/261 tox|[from] psn","|turn|27","|","|switch|p2a: Malamar|Malamar, F, shiny|216/376","|move|p1a: Wall Maria|Drill Peck|p2a: Malamar","|-damage|p2a: Malamar|159/376","|","|turn|28","|","|move|p1a: Wall Maria|Toxic|p2a: Malamar","|-status|p2a: Malamar|tox","|move|p2a: Malamar|Flatter|p1a: Wall Maria","|-boost|p1a: Wall Maria|spa|1","|-start|p1a: Wall Maria|confusion","|","|-damage|p2a: Malamar|136/376 tox|[from] psn","|turn|29","|","|switch|p1a: Guillotine|Scizor, F|343/343","|move|p2a: Malamar|Superpower|p1a: Guillotine","|-damage|p1a: Guillotine|253/343","|-boost|p2a: Malamar|atk|1","|-boost|p2a: Malamar|def|1","|","|-damage|p2a: Malamar|90/376 tox|[from] psn","|turn|30","|","|detailschange|p1a: Guillotine|Scizor-Mega, F","|-mega|p1a: Guillotine|Scizor|Scizorite","|move|p1a: Guillotine|Bullet Punch|p2a: Malamar","|-damage|p2a: Malamar|26/376 tox","|move|p2a: Malamar|Topsy-Turvy|p1a: Guillotine","|-invertboost|p1a: Guillotine|[from] move: Topsy-turvy","|","|-damage|p2a: Malamar|0 fnt|[from] psn","|faint|p2a: Malamar","|","|switch|p2a: Medicham|Medicham-Mega, F|186/261 tox","|turn|31","|","|move|p1a: Guillotine|Bullet Punch|p2a: Medicham","|-damage|p2a: Medicham|30/261 tox","|move|p2a: Medicham|Drain Punch|p1a: Guillotine","|-damage|p1a: Guillotine|97/343","|-heal|p2a: Medicham|108/261 tox|[from] drain|[of] p1a: Guillotine","|","|-damage|p2a: Medicham|92/261 tox|[from] psn","|turn|32","|","|move|p2a: Medicham|Bullet Punch|p1a: Guillotine","|-resisted|p1a: Guillotine","|-damage|p1a: Guillotine|70/343","|move|p1a: Guillotine|Bullet Punch|p2a: Medicham","|-crit|p2a: Medicham","|-damage|p2a: Medicham|0 fnt","|faint|p2a: Medicham","|","|win|DSV"],"p1rating":{"entryid":"159982","serverid":"eos","formatid":"monotype","userid":"dsv","username":"DSV","w":7,"l":"6","t":"0","gxe":53,"r":"1506.8919604366","rd":"83.398567608464","sigma":"0","rptime":"1440406800","rpr":1523.1467126891,"rprd":81.19071406439,"rpsigma":"0","acre":1126.2481863826,"lacre":1126.2481863826,"oldacre":"1107.1713929577"},"p2rating":{"entryid":"9966","serverid":"eos","formatid":"monotype","userid":"guardwanderer","username":"Guard Wanderer","w":"20","l":32,"t":"0","gxe":40.1,"r":"1460.2300294704","rd":"51.851987647183","sigma":"0","rptime":"1440406800","rpr":1423.6845452739,"rprd":48.249487005966,"rpsigma":"0","acre":1012.9666907312,"lacre":1012.9666907312,"oldacre":"1023.2597350671"},"endType":"normal"}