{"seed":[41046,55185,4517,44704],"turns":32,"p1":"SL Rorich","p2":"OleBoyRoy","p1team":[{"name":"Terropion","species":"terrakion","item":"choicescarf","ability":"Justified","moves":["closecombat","earthquake","rockslide","ironhead"],"nature":"Jolly","evs":{"hp":0,"atk":252,"def":0,"spa":0,"spd":4,"spe":252},"shiny":true,"ivs":{"hp":31,"atk":31,"def":31,"spa":31,"spd":31,"spe":31}},{"name":"Punchy","species":"conkeldurr","item":"assaultvest","ability":"Guts","moves":["drainpunch","knockoff","machpunch","icepunch"],"nature":"Adamant","evs":{"hp":4,"atk":252,"def":0,"spa":0,"spd":252,"spe":0},"gender":"F","shiny":true,"ivs":{"hp":31,"atk":31,"def":31,"spa":31,"spd":31,"spe":31}},{"name":"Scarflucha","species":"hawlucha","item":"choicescarf","ability":"Limber","moves":["acrobatics","flyingpress","highjumpkick","swordsdance"],"nature":"Jolly","evs":{"hp":4,"atk":252,"def":0,"spa":0,"spd":0,"spe":252},"shiny":true,"ivs":{"hp":31,"atk":31,"def":31,"spa":31,"spd":31,"spe":31}},{"name":"SWORD","species":"gallade","item":"galladite","ability":"Steadfast","moves":["closecombat","swordsdance","shadowsneak","psychocut"],"nature":"Jolly","evs":{"hp":4,"atk":252,"def":0,"spa":0,"spd":0,"spe":252},"ivs":{"hp":31,"atk":31,"def":31,"spa":31,"spd":31,"spe":31}},{"name":"Ninja Monkey","species":"infernape","item":"focussash","ability":"Blaze","moves":["flareblitz","machpunch","uturn","closecombat"],"nature":"Jolly","evs":{"hp":0,"atk":252,"def":0,"spa":0,"spd":4,"spe":252},"ivs":{"hp":31,"atk":31,"def":31,"spa":31,"spd":31,"spe":31}},{"name":"Chesnaught","species":"Chesnaught","item":"rockyhelmet","ability":"Bulletproof","moves":["leechseed","spikyshield","woodhammer","drainpunch"],"nature":"Adamant","evs":{"hp":248,"atk":252,"def":0,"spa":0,"spd":8,"spe":0},"ivs":{"hp":31,"atk":31,"def":31,"spa":31,"spd":31,"spe":31}}],"p2team":[{"name":"Cradily","species":"Cradily","item":"leftovers","ability":"Storm Drain","moves":["toxic","recover","stealthrock","gigadrain"],"nature":"Modest","evs":{"hp":252,"atk":0,"def":0,"spa":4,"spd":252,"spe":0},"ivs":{"hp":31,"atk":31,"def":31,"spa":31,"spd":31,"spe":31}},{"name":"Aggron","species":"Aggron","item":"aggronite","ability":"Rock Head","moves":["stealthrock","roar","heavyslam","earthquake"],"nature":"Adamant","evs":{"hp":240,"atk":252,"def":0,"spa":0,"spd":16,"spe":0},"ivs":{"hp":31,"atk":31,"def":31,"spa":31,"spd":31,"spe":31}},{"name":"Omastar","species":"Omastar","item":"focussash","ability":"Shell Armor","moves":["icebeam","scald","shellsmash","earthpower"],"nature":"Modest","evs":{"hp":4,"atk":0,"def":0,"spa":252,"spd":0,"spe":252},"ivs":{"hp":31,"atk":31,"def":31,"spa":31,"spd":31,"spe":31}},{"name":"Shuckle","species":"Shuckle","item":"leftovers","ability":"Contrary","moves":["shellsmash","rest","protect","infestation"],"nature":"Bold","evs":{"hp":0,"atk":0,"def":252,"spa":4,"spd":252,"spe":0},"ivs":{"hp":31,"atk":31,"def":31,"spa":31,"spd":31,"spe":31}},{"name":"Tyrantrum","species":"Tyrantrum","item":"choicescarf","ability":"Rock Head","moves":["headsmash","outrage","ironhead","superpower"],"nature":"Impish","evs":{"hp":0,"atk":252,"def":4,"spa":0,"spd":0,"spe":252},"ivs":{"hp":31,"atk":31,"def":31,"spa":31,"spd":31,"spe":31}},{"name":"Tyranitar","species":"Tyranitar","item":"choicescarf","ability":"Sand Stream","moves":["stoneedge","pursuit","superpower","crunch"],"nature":"Jolly","evs":{"hp":4,"atk":252,"def":0,"spa":0,"spd":0,"spe":252},"ivs":{"hp":31,"atk":31,"def":31,"spa":31,"spd":31,"spe":31}}],"log":["|player|p1|SL Rorich|137","|player|p2|OleBoyRoy|10","|gametype|singles","|gen|6","|tier|Monotype","|rated","|rule|Baton Pass Clause: Limit one Baton Passer, can't pass Spe and other stats simultaneously","|rule|Swagger Clause: Swagger is banned","|rule|Same Type Clause: Pokémon in a team must share a type","|clearpoke","|poke|p1|Terrakion, shiny","|poke|p1|Conkeldurr, F, shiny","|poke|p1|Hawlucha, F, shiny","|poke|p1|Gallade, M","|poke|p1|Infernape, M","|poke|p1|Chesnaught, M","|poke|p2|Cradily, M","|poke|p2|Aggron, M","|poke|p2|Omastar, F","|poke|p2|Shuckle, F","|poke|p2|Tyrantrum, M","|poke|p2|Tyranitar, F","|rule|Sleep Clause Mod: Limit one foe put to sleep","|rule|Species Clause: Limit one of each Pokémon","|rule|OHKO Clause: OHKO moves are banned","|rule|Moody Clause: Moody is banned","|rule|Evasion Moves Clause: Evasion moves are banned","|rule|Endless Battle Clause: Forcing endless battles is banned","|rule|HP Percentage Mod: HP is shown in percentages","|teampreview","|","|start","|switch|p1a: Chesnaught|Chesnaught, M|379/379","|switch|p2a: Aggron|Aggron, M|341/341","|turn|1","|","|detailschange|p2a: Aggron|Aggron-Mega, M","|-mega|p2a: Aggron|Aggron|Aggronite","|move|p1a: Chesnaught|Leech Seed|p2a: Aggron|[miss]","|-miss|p1a: Chesnaught|p2a: Aggron","|move|p2a: Aggron|Stealth Rock|p1a: Chesnaught","|-sidestart|p1: SL Rorich|move: Stealth Rock","|","|turn|2","|","|move|p1a: Chesnaught|Leech Seed|p2a: Aggron","|-start|p2a: Aggron|move: Leech Seed","|move|p2a: Aggron|Roar|p1a: Chesnaught","|drag|p1a: SWORD|Gallade, M|278/278","|-damage|p1a: SWORD|261/278|[from] Stealth Rock","|","|-damage|p2a: Aggron|299/341|[from] Leech Seed|[of] p1a: SWORD","|-heal|p1a: SWORD|278/278|[silent]","|turn|3","|","|detailschange|p1a: SWORD|Gallade-Mega, M","|-mega|p1a: SWORD|Gallade|Galladite","|move|p1a: SWORD|Close Combat|p2a: Aggron","|-supereffective|p2a: Aggron","|-damage|p2a: Aggron|127/341","|-unboost|p1a: SWORD|def|1","|-unboost|p1a: SWORD|spd|1","|move|p2a: Aggron|Heavy Slam|p1a: SWORD","|-damage|p1a: SWORD|0 fnt","|faint|p1a: SWORD","|","|","|switch|p1a: Terropion|Terrakion, shiny|323/323","|-damage|p1a: Terropion|303/323|[from] Stealth Rock","|turn|4","|","|move|p1a: Terropion|Earthquake|p2a: Aggron","|-supereffective|p2a: Aggron","|-damage|p2a: Aggron|39/341","|move|p2a: Aggron|Earthquake|p1a: Terropion","|-supereffective|p1a: Terropion","|-damage|p1a: Terropion|1/323","|","|-damage|p2a: Aggron|0 fnt|[from] Leech Seed|[of] p1a: Terropion","|-heal|p1a: Terropion|40/323|[silent]","|faint|p2a: Aggron","|","|switch|p2a: Cradily|Cradily, M|376/376","|turn|5","|","|move|p1a: Terropion|Earthquake|p2a: Cradily","|-damage|p2a: Cradily|251/376","|move|p2a: Cradily|Toxic|p1a: Terropion","|-status|p1a: Terropion|tox","|","|-heal|p2a: Cradily|274/376|[from] item: Leftovers","|-damage|p1a: Terropion|20/323 tox|[from] psn","|turn|6","|","|move|p1a: Terropion|Earthquake|p2a: Cradily","|-damage|p2a: Cradily|146/376","|move|p2a: Cradily|Recover|p2a: Cradily","|-heal|p2a: Cradily|334/376","|","|-heal|p2a: Cradily|357/376|[from] item: Leftovers","|-damage|p1a: Terropion|0 fnt|[from] psn","|faint|p1a: Terropion","|","|switch|p1a: Punchy|Conkeldurr, F, shiny|352/352","|-damage|p1a: Punchy|330/352|[from] Stealth Rock","|turn|7","|","|move|p1a: Punchy|Ice Punch|p2a: Cradily","|-supereffective|p2a: Cradily","|-damage|p2a: Cradily|149/376","|-status|p2a: Cradily|frz","|cant|p2a: Cradily|frz","|","|-heal|p2a: Cradily|172/376 frz|[from] item: Leftovers","|turn|8","|","|move|p1a: Punchy|Ice Punch|p2a: Cradily","|-supereffective|p2a: Cradily","|-damage|p2a: Cradily|0 fnt","|faint|p2a: Cradily","|","|","|switch|p2a: Shuckle|Shuckle, F|181/181","|turn|9","|","|move|p1a: Punchy|Knock Off|p2a: Shuckle","|-damage|p2a: Shuckle|126/181","|-enditem|p2a: Shuckle|Leftovers|[from] move: Knock Off|[of] p1a: Punchy","|move|p2a: Shuckle|Shell Smash|p2a: Shuckle","|-boost|p2a: Shuckle|def|1","|-boost|p2a: Shuckle|spd|1","|-unboost|p2a: Shuckle|atk|2","|-unboost|p2a: Shuckle|spa|2","|-unboost|p2a: Shuckle|spe|2","|","|turn|10","|","|move|p1a: Punchy|Ice Punch|p2a: Shuckle","|-damage|p2a: Shuckle|96/181","|move|p2a: Shuckle|Infestation|p1a: Punchy","|-crit|p1a: Punchy","|-resisted|p1a: Punchy","|-damage|p1a: Punchy|327/352","|-activate|p1a: Punchy|move: Infestation|[of] p2a: Shuckle","|","|-damage|p1a: Punchy|283/352|[from] move: Infestation|[partiallytrapped]","|turn|11","|","|move|p1a: Punchy|Drain Punch|p2a: Shuckle","|-damage|p2a: Shuckle|59/181","|-heal|p1a: Punchy|302/352|[from] drain|[of] p2a: Shuckle","|move|p2a: Shuckle|Shell Smash|p2a: Shuckle","|-boost|p2a: Shuckle|def|1","|-boost|p2a: Shuckle|spd|1","|-unboost|p2a: Shuckle|atk|2","|-unboost|p2a: Shuckle|spa|2","|-unboost|p2a: Shuckle|spe|2","|","|-damage|p1a: Punchy|258/352|[from] move: Infestation|[partiallytrapped]","|turn|12","|","|move|p1a: Punchy|Drain Punch|p2a: Shuckle","|-damage|p2a: Shuckle|31/181","|-heal|p1a: Punchy|272/352|[from] drain|[of] p2a: Shuckle","|move|p2a: Shuckle|Rest|p2a: Shuckle","|-status|p2a: Shuckle|slp","|-heal|p2a: Shuckle|181/181 slp|[silent]","|-status|p2a: Shuckle|slp|[from] move: Rest","|","|-damage|p1a: Punchy|228/352|[from] move: Infestation|[partiallytrapped]","|turn|13","|","|move|p1a: Punchy|Ice Punch|p2a: Shuckle","|-damage|p2a: Shuckle|161/181 slp","|cant|p2a: Shuckle|slp","|","|-damage|p1a: Punchy|184/352|[from] move: Infestation|[partiallytrapped]","|turn|14","|","|move|p1a: Punchy|Ice Punch|p2a: Shuckle","|-damage|p2a: Shuckle|141/181 slp","|cant|p2a: Shuckle|slp","|","|-damage|p1a: Punchy|140/352|[from] move: Infestation|[partiallytrapped]","|turn|15","|","|move|p1a: Punchy|Drain Punch|p2a: Shuckle","|-damage|p2a: Shuckle|108/181 slp","|-heal|p1a: Punchy|157/352|[from] drain|[of] p2a: Shuckle","|-curestatus|p2a: Shuckle|slp","|move|p2a: Shuckle|Infestation|p1a: Punchy","|-crit|p1a: Punchy","|-resisted|p1a: Punchy","|-damage|p1a: Punchy|154/352","|","|-end|p1a: Punchy|Infestation|[partiallytrapped]","|turn|16","|","|switch|p1a: Chesnaught|Chesnaught, M|379/379","|-damage|p1a: Chesnaught|356/379|[from] Stealth Rock","|move|p2a: Shuckle|Infestation|p1a: Chesnaught","|-damage|p1a: Chesnaught|353/379","|-damage|p2a: Shuckle|78/181|[from] item: Rocky Helmet|[of] p1a: Chesnaught","|-activate|p1a: Chesnaught|move: Infestation|[of] p2a: Shuckle","|","|-damage|p1a: Chesnaught|306/379|[from] move: Infestation|[partiallytrapped]","|turn|17","|","|move|p1a: Chesnaught|Leech Seed|p2a: Shuckle","|-start|p2a: Shuckle|move: Leech Seed","|move|p2a: Shuckle|Rest|p2a: Shuckle","|-status|p2a: Shuckle|slp","|-heal|p2a: Shuckle|181/181 slp|[silent]","|-status|p2a: Shuckle|slp|[from] move: Rest","|","|-damage|p2a: Shuckle|159/181 slp|[from] Leech Seed|[of] p1a: Chesnaught","|-heal|p1a: Chesnaught|328/379|[silent]","|-damage|p1a: Chesnaught|281/379|[from] move: Infestation|[partiallytrapped]","|turn|18","|","|move|p1a: Chesnaught|Drain Punch|p2a: Shuckle","|-damage|p2a: Shuckle|134/181 slp","|-heal|p1a: Chesnaught|294/379|[from] drain|[of] p2a: Shuckle","|cant|p2a: Shuckle|slp","|","|-damage|p2a: Shuckle|112/181 slp|[from] Leech Seed|[of] p1a: Chesnaught","|-heal|p1a: Chesnaught|316/379|[silent]","|-damage|p1a: Chesnaught|269/379|[from] move: Infestation|[partiallytrapped]","|turn|19","|","|move|p1a: Chesnaught|Wood Hammer|p2a: Shuckle","|-damage|p2a: Shuckle|73/181 slp","|-damage|p1a: Chesnaught|256/379|[from] recoil|[of] p2a: Shuckle","|cant|p2a: Shuckle|slp","|","|-damage|p2a: Shuckle|51/181 slp|[from] Leech Seed|[of] p1a: Chesnaught","|-heal|p1a: Chesnaught|278/379|[silent]","|-damage|p1a: Chesnaught|231/379|[from] move: Infestation|[partiallytrapped]","|turn|20","|","|move|p1a: Chesnaught|Drain Punch|p2a: Shuckle","|-damage|p2a: Shuckle|26/181 slp","|-heal|p1a: Chesnaught|244/379|[from] drain|[of] p2a: Shuckle","|-curestatus|p2a: Shuckle|slp","|move|p2a: Shuckle|Rest|p2a: Shuckle","|-status|p2a: Shuckle|slp","|-heal|p2a: Shuckle|181/181 slp|[silent]","|-status|p2a: Shuckle|slp|[from] move: Rest","|","|-damage|p2a: Shuckle|159/181 slp|[from] Leech Seed|[of] p1a: Chesnaught","|-heal|p1a: Chesnaught|266/379|[silent]","|-damage|p1a: Chesnaught|219/379|[from] move: Infestation|[partiallytrapped]","|turn|21","|","|move|p1a: Chesnaught|Wood Hammer|p2a: Shuckle","|-damage|p2a: Shuckle|117/181 slp","|-damage|p1a: Chesnaught|205/379|[from] recoil|[of] p2a: Shuckle","|cant|p2a: Shuckle|slp","|","|-damage|p2a: Shuckle|95/181 slp|[from] Leech Seed|[of] p1a: Chesnaught","|-heal|p1a: Chesnaught|227/379|[silent]","|-end|p1a: Chesnaught|Infestation|[partiallytrapped]","|turn|22","|","|move|p1a: Chesnaught|Wood Hammer|p2a: Shuckle","|-damage|p2a: Shuckle|56/181 slp","|-damage|p1a: Chesnaught|214/379|[from] recoil|[of] p2a: Shuckle","|cant|p2a: Shuckle|slp","|","|-damage|p2a: Shuckle|34/181 slp|[from] Leech Seed|[of] p1a: Chesnaught","|-heal|p1a: Chesnaught|236/379|[silent]","|turn|23","|","|move|p1a: Chesnaught|Wood Hammer|p2a: Shuckle","|-damage|p2a: Shuckle|0 fnt","|-damage|p1a: Chesnaught|225/379|[from] recoil|[of] p2a: Shuckle","|faint|p2a: Shuckle","|","|","|switch|p2a: Omastar|Omastar, F|282/282","|turn|24","|","|move|p2a: Omastar|Shell Smash|p2a: Omastar","|-unboost|p2a: Omastar|def|1","|-unboost|p2a: Omastar|spd|1","|-boost|p2a: Omastar|atk|2","|-boost|p2a: Omastar|spa|2","|-boost|p2a: Omastar|spe|2","|move|p1a: Chesnaught|Leech Seed|p2a: Omastar|[miss]","|-miss|p1a: Chesnaught|p2a: Omastar","|","|turn|25","|","|move|p1a: Chesnaught|Spiky Shield|p1a: Chesnaught","|-singleturn|p1a: Chesnaught|move: Protect","|move|p2a: Omastar|Ice Beam|p1a: Chesnaught","|-activate|p1a: Chesnaught|Protect","|","|turn|26","|","|move|p2a: Omastar|Ice Beam|p1a: Chesnaught","|-supereffective|p1a: Chesnaught","|-damage|p1a: Chesnaught|0 fnt","|faint|p1a: Chesnaught","|","|","|switch|p1a: Punchy|Conkeldurr, F, shiny|154/352","|-damage|p1a: Punchy|132/352|[from] Stealth Rock","|turn|27","|","|move|p1a: Punchy|Mach Punch|p2a: Omastar","|-supereffective|p2a: Omastar","|-damage|p2a: Omastar|58/282","|move|p2a: Omastar|Scald|p1a: Punchy","|-damage|p1a: Punchy|0 fnt","|faint|p1a: Punchy","|","|","|switch|p1a: Ninja Monkey|Infernape, M|293/293","|-damage|p1a: Ninja Monkey|257/293|[from] Stealth Rock","|turn|28","|","|move|p1a: Ninja Monkey|Mach Punch|p2a: Omastar","|-supereffective|p2a: Omastar","|-damage|p2a: Omastar|0 fnt","|faint|p2a: Omastar","|","|","|switch|p2a: Tyrantrum|Tyrantrum, M|305/305","|turn|29","|","|move|p2a: Tyrantrum|Head Smash|p1a: Ninja Monkey|[miss]","|-miss|p2a: Tyrantrum|p1a: Ninja Monkey","|move|p1a: Ninja Monkey|Close Combat|p2a: Tyrantrum","|-supereffective|p2a: Tyrantrum","|-damage|p2a: Tyrantrum|35/305","|-unboost|p1a: Ninja Monkey|def|1","|-unboost|p1a: Ninja Monkey|spd|1","|","|turn|30","|","|move|p1a: Ninja Monkey|Mach Punch|p2a: Tyrantrum","|-supereffective|p2a: Tyrantrum","|-damage|p2a: Tyrantrum|0 fnt","|faint|p2a: Tyrantrum","|","|","|switch|p2a: Tyranitar|Tyranitar, F|342/342","|-weather|Sandstorm","|turn|31","|","|move|p2a: Tyranitar|Stone Edge|p1a: Ninja Monkey","|-damage|p1a: Ninja Monkey|0 fnt","|faint|p1a: Ninja Monkey","|","|-weather|Sandstorm|[upkeep]","|","|switch|p1a: Scarflucha|Hawlucha, F, shiny|298/298","|-damage|p1a: Scarflucha|261/298|[from] Stealth Rock","|turn|32","|","|move|p1a: Scarflucha|High Jump Kick|p2a: Tyranitar","|-supereffective|p2a: Tyranitar","|-damage|p2a: Tyranitar|0 fnt","|faint|p2a: Tyranitar","|","|win|SL Rorich"],"p1rating":{"entryid":"259402","serverid":"eos","formatid":"monotype","userid":"slrorich","username":"SLRorich","w":10,"l":"7","t":"0","gxe":54.5,"r":"1511.6035132121","rd":"81.690773600617","sigma":"0","rptime":"1440406800","rpr":1534.5056745046,"rprd":75.022369826904,"rpsigma":"0","acre":1152.1366288376,"lacre":1152.1366288376,"oldacre":"1132.9809110866"},"p2rating":{"entryid":"404141","serverid":"eos","formatid":"monotype","userid":"oleboyroy","username":"OleBoyRoy","w":"1","l":2,"t":"0","gxe":45.9,"r":"1500","rd":"130","sigma":"0","rptime":"1440406800","rpr":1467.8967146882,"rprd":110.73272996495,"rpsigma":"0","acre":1036.7949303194,"lacre":1036.7949303194,"oldacre":"1050.2304153766"},"endType":"normal"}