{"seed":[24097,61486,56748,62755],"turns":24,"p1":"Reborn Power","p2":"Professor ♅ ☯ Nyx","p1team":[{"name":"Smoke Weed","species":"conkeldurr","item":"assaultvest","ability":"Guts","moves":["knockoff","machpunch","poisonjab","drainpunch"],"nature":"Adamant","evs":{"hp":248,"atk":252,"def":0,"spa":0,"spd":8,"spe":0},"gender":"M","ivs":{"hp":31,"atk":31,"def":31,"spa":31,"spd":31,"spe":31}},{"name":"Snoop Dog","species":"medicham","item":"medichamite","ability":"Pure Power","moves":["highjumpkick","fakeout","bulletpunch","firepunch"],"nature":"Jolly","evs":{"hp":0,"atk":252,"def":0,"spa":0,"spd":4,"spe":252},"gender":"M","ivs":{"hp":31,"atk":31,"def":31,"spa":31,"spd":31,"spe":31}},{"name":"Blaze it","species":"infernape","item":"lifeorb","ability":"Iron Fist","moves":["machpunch","swordsdance","closecombat","earthquake"],"nature":"Jolly","evs":{"hp":0,"atk":252,"def":0,"spa":0,"spd":4,"spe":252},"ivs":{"hp":31,"atk":31,"def":31,"spa":31,"spd":31,"spe":31}},{"name":"Rambo","species":"hawlucha","item":"sitrusberry","ability":"Unburden","moves":["acrobatics","swordsdance","highjumpkick","stoneedge"],"nature":"Adamant","evs":{"hp":4,"atk":252,"def":0,"spa":0,"spd":0,"spe":252},"gender":"M","ivs":{"hp":31,"atk":31,"def":31,"spa":31,"spd":31,"spe":31}},{"name":"Weeeed","species":"chesnaught","item":"rockyhelmet","ability":"Bulletproof","moves":["spikes","spikyshield","leechseed","woodhammer"],"nature":"Impish","evs":{"hp":252,"atk":0,"def":252,"spa":0,"spd":4,"spe":0},"gender":"M","shiny":true,"ivs":{"hp":31,"atk":31,"def":31,"spa":31,"spd":31,"spe":31}},{"name":"Special One","species":"scrafty","item":"assaultvest","ability":"Moxie","moves":["knockoff","icepunch","highjumpkick","fakeout"],"nature":"Adamant","evs":{"hp":240,"atk":252,"def":8,"spa":0,"spd":8,"spe":0},"gender":"M","ivs":{"hp":31,"atk":31,"def":31,"spa":31,"spd":31,"spe":31}}],"p2team":[{"name":"Dem walls","species":"deoxysdefense","item":"mentalherb","ability":"Pressure","moves":["thunderwave","spikes","stealthrock","taunt"],"nature":"Timid","evs":{"hp":252,"atk":0,"def":4,"spa":0,"spd":0,"spe":252},"ivs":{"hp":31,"atk":0,"def":31,"spa":31,"spd":31,"spe":31}},{"name":"flinch hitter","species":"jirachi","item":"choicescarf","ability":"Serene Grace","moves":["uturn","trick","healingwish","ironhead"],"nature":"Jolly","evs":{"hp":0,"atk":252,"def":0,"spa":0,"spd":4,"spe":252},"ivs":{"hp":31,"atk":31,"def":31,"spa":31,"spd":31,"spe":31}},{"name":"Bros be4 Hos","species":"slowbro","item":"rockyhelmet","ability":"Regenerator","moves":["slackoff","flamethrower","scald","thunderwave"],"nature":"Bold","evs":{"hp":252,"atk":0,"def":252,"spa":4,"spd":0,"spe":0},"ivs":{"hp":31,"atk":0,"def":31,"spa":31,"spd":31,"spe":31}},{"name":"Tres Belle","species":"gardevoir","item":"gardevoirite","ability":"Trace","moves":["hypervoice","psyshock","focusblast","substitute"],"nature":"Timid","evs":{"hp":0,"atk":0,"def":24,"spa":232,"spd":0,"spe":252},"ivs":{"hp":31,"atk":0,"def":31,"spa":31,"spd":31,"spe":31},"shiny":true},{"name":"V-Giny","species":"victini","item":"choiceband","ability":"Victory Star","moves":["vcreate","uturn","boltstrike","zenheadbutt"],"nature":"Adamant","evs":{"hp":0,"atk":252,"def":0,"spa":0,"spd":4,"spe":252},"ivs":{"hp":31,"atk":31,"def":31,"spa":31,"spd":31,"spe":31}},{"name":"DAT ASS","species":"meloetta","item":"assaultvest","ability":"Serene Grace","moves":["energyball","psyshock","focusblast","shadowball"],"nature":"Modest","evs":{"hp":248,"atk":0,"def":0,"spa":252,"spd":8,"spe":0},"ivs":{"hp":31,"atk":0,"def":31,"spa":31,"spd":31,"spe":31}}],"log":["|player|p1|Reborn Power|200","|player|p2|Professor ♅ ☯ Nyx|132","|gametype|singles","|gen|6","|tier|Monotype","|rated","|rule|Baton Pass Clause: Limit one Baton Passer, can't pass Spe and other stats simultaneously","|rule|Swagger Clause: Swagger is banned","|rule|Same Type Clause: Pokémon in a team must share a type","|clearpoke","|poke|p1|Conkeldurr, M","|poke|p1|Medicham, M","|poke|p1|Infernape, F","|poke|p1|Hawlucha, M","|poke|p1|Chesnaught, M, shiny","|poke|p1|Scrafty, M","|poke|p2|Deoxys-Defense","|poke|p2|Jirachi","|poke|p2|Slowbro, F","|poke|p2|Gardevoir, F, shiny","|poke|p2|Victini","|poke|p2|Meloetta","|rule|Sleep Clause Mod: Limit one foe put to sleep","|rule|Species Clause: Limit one of each Pokémon","|rule|OHKO Clause: OHKO moves are banned","|rule|Moody Clause: Moody is banned","|rule|Evasion Moves Clause: Evasion moves are banned","|rule|Endless Battle Clause: Forcing endless battles is banned","|rule|HP Percentage Mod: HP is shown in percentages","|teampreview","|","|start","|switch|p1a: Blaze it|Infernape, F|293/293","|switch|p2a: Dem walls|Deoxys-Defense|304/304","|-ability|p2a: Dem walls|Pressure","|turn|1","|","|move|p1a: Blaze it|Swords Dance|p1a: Blaze it","|-boost|p1a: Blaze it|atk|2","|move|p2a: Dem walls|Thunder Wave|p1a: Blaze it","|-status|p1a: Blaze it|par","|","|turn|2","|","|move|p2a: Dem walls|Taunt|p1a: Blaze it","|-start|p1a: Blaze it|move: Taunt","|move|p1a: Blaze it|Earthquake|p2a: Dem walls","|-damage|p2a: Dem walls|138/304","|-damage|p1a: Blaze it|264/293 par|[from] item: Life Orb","|","|turn|3","|","|move|p2a: Dem walls|Spikes|p1a: Blaze it","|-sidestart|p1: Reborn Power|Spikes","|move|p1a: Blaze it|Earthquake|p2a: Dem walls","|-damage|p2a: Dem walls|0 fnt","|-damage|p1a: Blaze it|235/293 par|[from] item: Life Orb","|faint|p2a: Dem walls","|","|","|switch|p2a: Tres Belle|Gardevoir, F, shiny|277/277","|-ability|p2a: Tres Belle|Iron Fist|[from] ability: Trace|[of] p1a: Blaze it","|turn|4","|","|detailschange|p2a: Tres Belle|Gardevoir-Mega, F, shiny","|-mega|p2a: Tres Belle|Gardevoir|Gardevoirite","|cant|p1a: Blaze it|par","|move|p2a: Tres Belle|Substitute|p2a: Tres Belle","|-start|p2a: Tres Belle|Substitute","|-damage|p2a: Tres Belle|208/277","|","|-end|p1a: Blaze it|move: Taunt","|turn|5","|","|move|p2a: Tres Belle|Psyshock|p1a: Blaze it","|-supereffective|p1a: Blaze it","|-damage|p1a: Blaze it|0 fnt","|faint|p1a: Blaze it","|","|","|switch|p1a: Special One|Scrafty, M|331/331","|-damage|p1a: Special One|290/331|[from] Spikes","|turn|6","|","|move|p2a: Tres Belle|Hyper Voice|p1a: Special One","|-supereffective|p1a: Special One","|-damage|p1a: Special One|0 fnt","|faint|p1a: Special One","|","|","|switch|p1a: Snoop Dog|Medicham, M|261/261","|-damage|p1a: Snoop Dog|229/261|[from] Spikes","|turn|7","|","|switch|p2a: Bros be4 Hos|Slowbro, F|394/394","|detailschange|p1a: Snoop Dog|Medicham-Mega, M","|-mega|p1a: Snoop Dog|Medicham|Medichamite","|move|p1a: Snoop Dog|Fire Punch|p2a: Bros be4 Hos","|-resisted|p2a: Bros be4 Hos","|-damage|p2a: Bros be4 Hos|343/394","|-damage|p1a: Snoop Dog|186/261|[from] item: Rocky Helmet|[of] p2a: Bros be4 Hos","|-status|p2a: Bros be4 Hos|brn","|","|-damage|p2a: Bros be4 Hos|294/394 brn|[from] brn","|turn|8","|","|move|p1a: Snoop Dog|High Jump Kick|p2a: Bros be4 Hos","|-resisted|p2a: Bros be4 Hos","|-damage|p2a: Bros be4 Hos|169/394 brn","|-damage|p1a: Snoop Dog|143/261|[from] item: Rocky Helmet|[of] p2a: Bros be4 Hos","|move|p2a: Bros be4 Hos|Thunder Wave|p1a: Snoop Dog","|-status|p1a: Snoop Dog|par","|","|-damage|p2a: Bros be4 Hos|120/394 brn|[from] brn","|turn|9","|","|switch|p1a: Smoke Weed|Conkeldurr, M|413/413","|-damage|p1a: Smoke Weed|362/413|[from] Spikes","|move|p2a: Bros be4 Hos|Slack Off|p2a: Bros be4 Hos","|-heal|p2a: Bros be4 Hos|317/394 brn","|","|-damage|p2a: Bros be4 Hos|268/394 brn|[from] brn","|turn|10","|","|move|p1a: Smoke Weed|Knock Off|p2a: Bros be4 Hos","|-supereffective|p2a: Bros be4 Hos","|-damage|p2a: Bros be4 Hos|90/394 brn","|-damage|p1a: Smoke Weed|294/413|[from] item: Rocky Helmet|[of] p2a: Bros be4 Hos","|-enditem|p2a: Bros be4 Hos|Rocky Helmet|[from] move: Knock Off|[of] p1a: Smoke Weed","|move|p2a: Bros be4 Hos|Thunder Wave|p1a: Smoke Weed","|-status|p1a: Smoke Weed|par","|","|-damage|p2a: Bros be4 Hos|41/394 brn|[from] brn","|turn|11","|","|move|p2a: Bros be4 Hos|Slack Off|p2a: Bros be4 Hos","|-heal|p2a: Bros be4 Hos|238/394 brn","|cant|p1a: Smoke Weed|par","|","|-damage|p2a: Bros be4 Hos|189/394 brn|[from] brn","|turn|12","|","|move|p2a: Bros be4 Hos|Scald|p1a: Smoke Weed","|-damage|p1a: Smoke Weed|198/413 par","|cant|p1a: Smoke Weed|par","|","|-damage|p2a: Bros be4 Hos|140/394 brn|[from] brn","|turn|13","|","|move|p2a: Bros be4 Hos|Scald|p1a: Smoke Weed","|-damage|p1a: Smoke Weed|108/413 par","|move|p1a: Smoke Weed|Drain Punch|p2a: Bros be4 Hos","|-resisted|p2a: Bros be4 Hos","|-damage|p2a: Bros be4 Hos|59/394 brn","|-heal|p1a: Smoke Weed|149/413 par|[from] drain|[of] p2a: Bros be4 Hos","|","|-damage|p2a: Bros be4 Hos|10/394 brn|[from] brn","|turn|14","|","|move|p1a: Smoke Weed|Mach Punch|p2a: Bros be4 Hos","|-resisted|p2a: Bros be4 Hos","|-damage|p2a: Bros be4 Hos|0 fnt","|faint|p2a: Bros be4 Hos","|","|","|switch|p2a: flinch hitter|Jirachi|341/341","|turn|15","|","|move|p1a: Smoke Weed|Mach Punch|p2a: flinch hitter","|-damage|p2a: flinch hitter|206/341","|move|p2a: flinch hitter|Iron Head|p1a: Smoke Weed","|-damage|p1a: Smoke Weed|34/413 par","|","|turn|16","|","|move|p1a: Smoke Weed|Mach Punch|p2a: flinch hitter","|-crit|p2a: flinch hitter","|-damage|p2a: flinch hitter|14/341","|move|p2a: flinch hitter|Iron Head|p1a: Smoke Weed","|-damage|p1a: Smoke Weed|0 fnt","|faint|p1a: Smoke Weed","|","|","|switch|p1a: Snoop Dog|Medicham-Mega, M|143/261 par","|-damage|p1a: Snoop Dog|111/261 par|[from] Spikes","|turn|17","|","|move|p1a: Snoop Dog|Fake Out|p2a: flinch hitter","|-resisted|p2a: flinch hitter","|-damage|p2a: flinch hitter|0 fnt","|faint|p2a: flinch hitter","|","|","|switch|p2a: V-Giny|Victini|341/341","|turn|18","|","|move|p1a: Snoop Dog|Bullet Punch|p2a: V-Giny","|-resisted|p2a: V-Giny","|-damage|p2a: V-Giny|301/341","|move|p2a: V-Giny|Zen Headbutt|p1a: Snoop Dog","|-damage|p1a: Snoop Dog|0 fnt","|faint|p1a: Snoop Dog","|","|","|switch|p1a: Weeeed|Chesnaught, M, shiny|380/380","|-damage|p1a: Weeeed|333/380|[from] Spikes","|turn|19","|","|switch|p2a: DAT ASS|Meloetta|403/403","|move|p1a: Weeeed|Spiky Shield|p1a: Weeeed","|-fail|p1a: Weeeed","|","|turn|20","|","|move|p2a: DAT ASS|Psyshock|p1a: Weeeed","|-supereffective|p1a: Weeeed","|-damage|p1a: Weeeed|135/380","|move|p1a: Weeeed|Leech Seed|p2a: DAT ASS","|-start|p2a: DAT ASS|move: Leech Seed","|","|-damage|p2a: DAT ASS|353/403|[from] Leech Seed|[of] p1a: Weeeed","|-heal|p1a: Weeeed|185/380|[silent]","|turn|21","|","|switch|p2a: Tres Belle|Gardevoir-Mega, F, shiny|208/277","|move|p1a: Weeeed|Spiky Shield|p1a: Weeeed","|-fail|p1a: Weeeed","|","|turn|22","|","|switch|p1a: Rambo|Hawlucha, M|298/298","|move|p2a: Tres Belle|Substitute|p2a: Tres Belle","|-start|p2a: Tres Belle|Substitute","|-damage|p2a: Tres Belle|139/277","|","|turn|23","|","|move|p1a: Rambo|Acrobatics|p2a: Tres Belle","|-end|p2a: Tres Belle|Substitute","|move|p2a: Tres Belle|Hyper Voice|p1a: Rambo","|-supereffective|p1a: Rambo","|-damage|p1a: Rambo|0 fnt","|faint|p1a: Rambo","|","|","|switch|p1a: Weeeed|Chesnaught, M, shiny|185/380","|-damage|p1a: Weeeed|138/380|[from] Spikes","|turn|24","|","|move|p2a: Tres Belle|Hyper Voice|p1a: Weeeed","|-supereffective|p1a: Weeeed","|-damage|p1a: Weeeed|0 fnt","|faint|p1a: Weeeed","|","|win|Professor ♅ ☯ Nyx"],"p1rating":{"entryid":"353956","serverid":"eos","formatid":"monotype","userid":"rebornpower","username":"Reborn Power","w":"8","l":7,"t":"0","gxe":54.2,"r":"1541.9971974002","rd":"92.120837608352","sigma":"0","rptime":"1440406800","rpr":1532.7061317339,"rprd":77.151405703612,"rpsigma":"0","acre":1112.1194573895,"lacre":1112.1194573895,"oldacre":"1147.1148729311"},"p2rating":{"entryid":386288,"formatid":"monotype","userid":"professornyx","username":"Professor ♅ ☯ Nyx","r":1500,"rd":130,"sigma":0,"rpr":1546.2008084301,"rprd":122.44236651585,"rpsigma":0,"rptime":1440406800,"w":1,"l":0,"t":0,"gxe":55.8,"acre":1055.9926648666,"lacre":1055.9926648666,"oldacre":1000},"endType":"normal"}