{"seed":[6504,31143,28764,14535],"turns":21,"p1":"Alliance-Succubus","p2":"TTIL-amb64","p1team":[{"name":"Shuckle","species":"Shuckle","item":"rockyhelmet","ability":"Sturdy","moves":["stickyweb","toxic","knockoff","infestation"],"nature":"Calm","evs":{"hp":248,"atk":0,"def":8,"spa":0,"spd":252,"spe":0},"ivs":{"hp":31,"atk":31,"def":31,"spa":31,"spd":31,"spe":31}},{"name":"Forretress","species":"Forretress","item":"custapberry","ability":"Sturdy","moves":["stealthrock","spikes","toxicspikes","explosion"],"nature":"Impish","evs":{"hp":248,"atk":8,"def":252,"spa":0,"spd":0,"spe":0},"ivs":{"hp":31,"atk":31,"def":31,"spa":31,"spd":31,"spe":31}},{"name":"Volcarona","species":"Volcarona","item":"focussash","ability":"Swarm","moves":["quiverdance","fierydance","bugbuzz","gigadrain"],"nature":"Modest","evs":{"hp":0,"atk":0,"def":0,"spa":252,"spd":4,"spe":252},"ivs":{"hp":31,"atk":31,"def":31,"spa":31,"spd":31,"spe":31}},{"name":"Scyther","species":"Scyther","item":"focussash","ability":"Technician","moves":["furycutter","aerialace","swordsdance","roost"],"nature":"Jolly","evs":{"hp":0,"atk":252,"def":0,"spa":0,"spd":0,"spe":252},"ivs":{"hp":31,"atk":31,"def":31,"spa":31,"spd":31,"spe":31}},{"name":"Yanmega","species":"Yanmega","item":"lifeorb","ability":"Speed Boost","moves":["protect","bugbuzz","airslash","psychic"],"nature":"Modest","evs":{"hp":0,"atk":0,"def":4,"spa":252,"spd":0,"spe":252},"ivs":{"hp":31,"atk":31,"def":31,"spa":31,"spd":31,"spe":31}},{"name":"Pinsir","species":"Pinsir","item":"pinsirite","ability":"Moxie","moves":["quickattack","thrash","closecombat","earthquake"],"nature":"Jolly","evs":{"hp":0,"atk":252,"def":0,"spa":0,"spd":4,"spe":252},"gender":"M","ivs":{"hp":31,"atk":31,"def":31,"spa":31,"spd":31,"spe":31}}],"p2team":[{"name":"Gliscor","species":"Gliscor","item":"toxicorb","ability":"Poison Heal","moves":["knockoff","toxic","stealthrock","protect"],"nature":"Impish","evs":{"hp":248,"atk":0,"def":132,"spa":0,"spd":56,"spe":72},"ivs":{"hp":31,"atk":31,"def":31,"spa":31,"spd":31,"spe":31}},{"name":"Krookodile","species":"Krookodile","item":"choicescarf","ability":"Moxie","moves":["dragonclaw","earthquake","crunch","brickbreak"],"nature":"Adamant","evs":{"hp":0,"atk":252,"def":0,"spa":0,"spd":4,"spe":252},"ivs":{"hp":31,"atk":31,"def":31,"spa":31,"spd":31,"spe":31}},{"name":"Mamoswine","species":"Mamoswine","item":"leftovers","ability":"Thick Fat","moves":["iceshard","iciclecrash","superpower","knockoff"],"nature":"Impish","evs":{"hp":252,"atk":252,"def":0,"spa":0,"spd":4,"spe":0},"ivs":{"hp":31,"atk":31,"def":31,"spa":31,"spd":31,"spe":31}},{"name":"Hippowdon","species":"Hippowdon","item":"leftovers","ability":"Sand Stream","moves":["earthquake","bodyslam","slackoff","whirlwind"],"nature":"Impish","evs":{"hp":248,"atk":8,"def":4,"spa":0,"spd":248,"spe":0},"ivs":{"hp":31,"atk":31,"def":31,"spa":31,"spd":31,"spe":31}},{"name":"Excadrill","species":"Excadrill","item":"choicescarf","ability":"Mold Breaker","moves":["ironhead","earthquake","xscissor","aerialace"],"nature":"Adamant","evs":{"hp":0,"atk":252,"def":0,"spa":0,"spd":4,"spe":252},"ivs":{"hp":31,"atk":31,"def":31,"spa":31,"spd":31,"spe":31}},{"name":"Nidoking","species":"Nidoking","item":"choicescarf","ability":"Sheer Force","moves":["fireblast","sludgewave","toxicspikes","shadowball"],"nature":"Modest","evs":{"hp":0,"atk":0,"def":0,"spa":252,"spd":4,"spe":252},"ivs":{"hp":31,"atk":31,"def":31,"spa":31,"spd":31,"spe":31}}],"log":["|player|p1|Alliance-Succubus|96","|player|p2|TTIL-amb64|153","|gametype|singles","|gen|6","|tier|Monotype","|rated","|rule|Baton Pass Clause: Limit one Baton Passer, can't pass Spe and other stats simultaneously","|rule|Swagger Clause: Swagger is banned","|rule|Same Type Clause: Pokémon in a team must share a type","|clearpoke","|poke|p1|Shuckle, F","|poke|p1|Forretress, M","|poke|p1|Volcarona, M","|poke|p1|Scyther, F","|poke|p1|Yanmega, F","|poke|p1|Pinsir, M","|poke|p2|Gliscor, M","|poke|p2|Krookodile, M","|poke|p2|Mamoswine, M","|poke|p2|Hippowdon, F","|poke|p2|Excadrill, M","|poke|p2|Nidoking, M","|rule|Sleep Clause Mod: Limit one foe put to sleep","|rule|Species Clause: Limit one of each Pokémon","|rule|OHKO Clause: OHKO moves are banned","|rule|Moody Clause: Moody is banned","|rule|Evasion Moves Clause: Evasion moves are banned","|rule|Endless Battle Clause: Forcing endless battles is banned","|rule|HP Percentage Mod: HP is shown in percentages","|teampreview","|","|start","|switch|p1a: Volcarona|Volcarona, M|311/311","|switch|p2a: Excadrill|Excadrill, M|361/361","|-ability|p2a: Excadrill|Mold Breaker","|turn|1","|","|move|p2a: Excadrill|Aerial Ace|p1a: Volcarona","|-supereffective|p1a: Volcarona","|-damage|p1a: Volcarona|71/311","|move|p1a: Volcarona|Quiver Dance|p1a: Volcarona","|-boost|p1a: Volcarona|spa|1","|-boost|p1a: Volcarona|spd|1","|-boost|p1a: Volcarona|spe|1","|","|turn|2","|","|move|p1a: Volcarona|Giga Drain|p2a: Excadrill","|-damage|p2a: Excadrill|150/361","|-heal|p1a: Volcarona|177/311|[from] drain|[of] p2a: Excadrill","|move|p2a: Excadrill|Aerial Ace|p1a: Volcarona","|-supereffective|p1a: Volcarona","|-damage|p1a: Volcarona|0 fnt","|faint|p1a: Volcarona","|","|","|switch|p1a: Pinsir|Pinsir, M|271/271","|turn|3","|","|switch|p2a: Gliscor|Gliscor, M|353/353","|detailschange|p1a: Pinsir|Pinsir-Mega, M","|-mega|p1a: Pinsir|Pinsir|Pinsirite","|move|p1a: Pinsir|Earthquake|p2a: Gliscor","|-immune|p2a: Gliscor|[msg]","|","|-status|p2a: Gliscor|tox|[from] item: Toxic Orb","|turn|4","|","|switch|p1a: Shuckle|Shuckle, F|243/243","|move|p2a: Gliscor|Stealth Rock|p1a: Shuckle","|-sidestart|p1: Alliance-Succubus|move: Stealth Rock","|","|turn|5","|","|move|p2a: Gliscor|Toxic|p1a: Shuckle","|-status|p1a: Shuckle|tox","|move|p1a: Shuckle|Infestation|p2a: Gliscor","|-crit|p2a: Gliscor","|-resisted|p2a: Gliscor","|-damage|p2a: Gliscor|347/353 tox","|-activate|p2a: Gliscor|move: Infestation|[of] p1a: Shuckle","|","|-heal|p2a: Gliscor|353/353 tox|[from] ability: Poison Heal","|-damage|p1a: Shuckle|228/243 tox|[from] psn","|-damage|p2a: Gliscor|309/353 tox|[from] move: Infestation|[partiallytrapped]","|turn|6","|","|move|p2a: Gliscor|Knock Off|p1a: Shuckle","|-damage|p1a: Shuckle|192/243 tox","|-damage|p2a: Gliscor|251/353 tox|[from] item: Rocky Helmet|[of] p1a: Shuckle","|-enditem|p1a: Shuckle|Rocky Helmet|[from] move: Knock Off|[of] p2a: Gliscor","|move|p1a: Shuckle|Sticky Web|p2a: Gliscor","|-sidestart|p2: TTIL-amb64|move: Sticky Web","|","|-heal|p2a: Gliscor|295/353 tox|[from] ability: Poison Heal","|-damage|p1a: Shuckle|162/243 tox|[from] psn","|-damage|p2a: Gliscor|251/353 tox|[from] move: Infestation|[partiallytrapped]","|turn|7","|","|move|p2a: Gliscor|Knock Off|p1a: Shuckle","|-damage|p1a: Shuckle|138/243 tox","|move|p1a: Shuckle|Knock Off|p2a: Gliscor","|-damage|p2a: Gliscor|240/353 tox","|-enditem|p2a: Gliscor|Toxic Orb|[from] move: Knock Off|[of] p1a: Shuckle","|","|-heal|p2a: Gliscor|284/353 tox|[from] ability: Poison Heal","|-damage|p1a: Shuckle|93/243 tox|[from] psn","|-damage|p2a: Gliscor|240/353 tox|[from] move: Infestation|[partiallytrapped]","|turn|8","|","|move|p2a: Gliscor|Knock Off|p1a: Shuckle","|-damage|p1a: Shuckle|68/243 tox","|move|p1a: Shuckle|Infestation|p2a: Gliscor","|-resisted|p2a: Gliscor","|-damage|p2a: Gliscor|237/353 tox","|","|-heal|p2a: Gliscor|281/353 tox|[from] ability: Poison Heal","|-damage|p1a: Shuckle|8/243 tox|[from] psn","|-damage|p2a: Gliscor|237/353 tox|[from] move: Infestation|[partiallytrapped]","|turn|9","|","|move|p2a: Gliscor|Knock Off|p1a: Shuckle","|-damage|p1a: Shuckle|0 fnt","|faint|p1a: Shuckle","|","|-heal|p2a: Gliscor|281/353 tox|[from] ability: Poison Heal","|-end|p2a: Gliscor|Infestation|[partiallytrapped]","|","|switch|p1a: Forretress|Forretress, M|353/353","|-damage|p1a: Forretress|309/353|[from] Stealth Rock","|turn|10","|","|move|p2a: Gliscor|Knock Off|p1a: Forretress","|-damage|p1a: Forretress|267/353","|-enditem|p1a: Forretress|Custap Berry|[from] move: Knock Off|[of] p2a: Gliscor","|move|p1a: Forretress|Stealth Rock|p2a: Gliscor","|-sidestart|p2: TTIL-amb64|move: Stealth Rock","|","|-heal|p2a: Gliscor|325/353 tox|[from] ability: Poison Heal","|turn|11","|","|move|p2a: Gliscor|Protect|p2a: Gliscor","|-singleturn|p2a: Gliscor|Protect","|move|p1a: Forretress|Spikes|p2a: Gliscor","|-sidestart|p2: TTIL-amb64|Spikes","|","|-heal|p2a: Gliscor|353/353 tox|[from] ability: Poison Heal","|turn|12","|","|switch|p2a: Nidoking|Nidoking, M|303/303","|-damage|p2a: Nidoking|285/303|[from] Stealth Rock","|-activate|p2a: Nidoking|move: Sticky Web","|-unboost|p2a: Nidoking|spe|1","|-damage|p2a: Nidoking|248/303|[from] Spikes","|move|p1a: Forretress|Spikes|p2a: Nidoking","|-sidestart|p2: TTIL-amb64|Spikes","|","|turn|13","|","|move|p2a: Nidoking|Fire Blast|p1a: Forretress","|-supereffective|p1a: Forretress","|-damage|p1a: Forretress|0 fnt","|faint|p1a: Forretress","|","|","|switch|p1a: Yanmega|Yanmega, F|313/313","|-damage|p1a: Yanmega|157/313|[from] Stealth Rock","|turn|14","|","|move|p1a: Yanmega|Protect|p1a: Yanmega","|-singleturn|p1a: Yanmega|Protect","|move|p2a: Nidoking|Fire Blast|p1a: Yanmega","|-activate|p1a: Yanmega|Protect","|","|-boost|p1a: Yanmega|spe|1|[from] ability: Speed Boost","|turn|15","|","|move|p1a: Yanmega|Psychic|p2a: Nidoking","|-supereffective|p2a: Nidoking","|-damage|p2a: Nidoking|0 fnt","|-damage|p1a: Yanmega|126/313|[from] item: Life Orb","|faint|p2a: Nidoking","|","|-boost|p1a: Yanmega|spe|1|[from] ability: Speed Boost","|","|switch|p2a: Gliscor|Gliscor, M|353/353 tox","|-damage|p2a: Gliscor|309/353 tox|[from] Stealth Rock","|turn|16","|","|move|p1a: Yanmega|Air Slash|p2a: Gliscor","|-damage|p2a: Gliscor|95/353 tox","|-damage|p1a: Yanmega|95/313|[from] item: Life Orb","|move|p2a: Gliscor|Knock Off|p1a: Yanmega","|-damage|p1a: Yanmega|11/313","|-enditem|p1a: Yanmega|Life Orb|[from] move: Knock Off|[of] p2a: Gliscor","|","|-heal|p2a: Gliscor|139/353 tox|[from] ability: Poison Heal","|-boost|p1a: Yanmega|spe|1|[from] ability: Speed Boost","|turn|17","|","|move|p2a: Gliscor|Protect|p2a: Gliscor","|-singleturn|p2a: Gliscor|Protect","|move|p1a: Yanmega|Air Slash|p2a: Gliscor","|-activate|p2a: Gliscor|Protect","|","|-heal|p2a: Gliscor|183/353 tox|[from] ability: Poison Heal","|-boost|p1a: Yanmega|spe|1|[from] ability: Speed Boost","|turn|18","|","|move|p1a: Yanmega|Air Slash|p2a: Gliscor","|-crit|p2a: Gliscor","|-damage|p2a: Gliscor|0 fnt","|faint|p2a: Gliscor","|","|-boost|p1a: Yanmega|spe|1|[from] ability: Speed Boost","|","|switch|p2a: Hippowdon|Hippowdon, F|419/419","|-damage|p2a: Hippowdon|350/419|[from] Spikes","|-activate|p2a: Hippowdon|move: Sticky Web","|-unboost|p2a: Hippowdon|spe|1","|-damage|p2a: Hippowdon|324/419|[from] Stealth Rock","|-weather|Sandstorm","|turn|19","|","|move|p1a: Yanmega|Air Slash|p2a: Hippowdon","|-damage|p2a: Hippowdon|186/419","|move|p2a: Hippowdon|Slack Off|p2a: Hippowdon","|-heal|p2a: Hippowdon|396/419","|","|-weather|Sandstorm|[upkeep]","|-damage|p1a: Yanmega|0 fnt|[from] sandstorm","|-heal|p2a: Hippowdon|419/419|[from] item: Leftovers","|faint|p1a: Yanmega","|","|switch|p1a: Scyther|Scyther, F|281/281","|-damage|p1a: Scyther|141/281|[from] Stealth Rock","|turn|20","|","|move|p1a: Scyther|Roost|p1a: Scyther","|-heal|p1a: Scyther|281/281","|move|p2a: Hippowdon|Whirlwind|p1a: Scyther","|drag|p1a: Pinsir|Pinsir-Mega, M|271/271","|-damage|p1a: Pinsir|136/271|[from] Stealth Rock","|","|-weather|Sandstorm|[upkeep]","|-damage|p1a: Pinsir|120/271|[from] sandstorm","|turn|21","|","|win|TTIL-amb64"],"p1rating":{"entryid":"50240","serverid":"eos","formatid":"monotype","userid":"alliancesuccubus","username":"Alliance-Succubus","w":"13","l":22,"t":"0","gxe":40,"r":"1428.0099475108","rd":"61.639157510384","sigma":"0","rptime":"1440406800","rpr":1422.7747278195,"rprd":57.376797090913,"rpsigma":"0","acre":1069.8820751609,"lacre":1069.8820751609,"oldacre":"1092.5383143975"},"p2rating":{"entryid":"274777","serverid":"eos","formatid":"monotype","userid":"ttilamb64","username":"TTIL-amb64","w":9,"l":"9","t":"0","gxe":49.8,"r":"1456.7204411967","rd":"95.568926460846","sigma":"0","rptime":"1440406800","rpr":1498.3364416575,"rprd":73.342842343545,"rpsigma":"0","acre":1134.0871423108,"lacre":1134.0871423108,"oldacre":"1110.369040983"},"endType":"forfeit"}