{"seed":[47044,7849,45126,15634],"turns":25,"p1":"queen of spade","p2":"FreshPr1nce","p1team":[{"name":"Owen- Owler","species":"swampert","item":"swampertite","ability":"Torrent","moves":["earthquake","poweruppunch","waterfall","icepunch"],"nature":"Adamant","evs":{"hp":32,"atk":252,"def":0,"spa":0,"spd":4,"spe":220},"ivs":{"hp":31,"atk":31,"def":31,"spa":31,"spd":31,"spe":31}},{"name":"Picori","species":"politoed","item":"damprock","ability":"Drizzle","moves":["hydropump","encore","perishsong","rest"],"nature":"Calm","evs":{"hp":248,"atk":0,"def":0,"spa":8,"spd":252,"spe":0},"ivs":{"hp":31,"atk":31,"def":31,"spa":31,"spd":31,"spe":31}},{"name":"Queendra","species":"kingdra","item":"lifeorb","ability":"Swift Swim","moves":["hydropump","icebeam","dracometeor","surf"],"nature":"Modest","evs":{"hp":0,"atk":0,"def":0,"spa":252,"spd":4,"spe":252},"ivs":{"hp":31,"atk":31,"def":31,"spa":31,"spd":31,"spe":31}},{"name":"Eligor","species":"scizor","item":"lifeorb","ability":"Technician","moves":["defog","bugbite","pursuit","bulletpunch"],"nature":"Adamant","evs":{"hp":16,"atk":252,"def":0,"spa":0,"spd":8,"spe":232},"ivs":{"hp":31,"atk":31,"def":31,"spa":31,"spd":31,"spe":31}},{"name":"Needles","species":"ferrothorn","item":"rockyhelmet","ability":"Iron Barbs","moves":["spikes","stealthrock","leechseed","gyroball"],"nature":"Impish","evs":{"hp":252,"atk":4,"def":220,"spa":0,"spd":32,"spe":0},"ivs":{"hp":31,"atk":31,"def":31,"spa":31,"spd":31,"spe":0}},{"name":"Genie of alabasta","species":"tornadustherian","item":"lifeorb","ability":"Regenerator","moves":["hurricane","knockoff","uturn","focusblast"],"nature":"Hasty","evs":{"hp":4,"atk":0,"def":0,"spa":252,"spd":0,"spe":252},"ivs":{"hp":31,"atk":31,"def":31,"spa":31,"spd":31,"spe":31}}],"p2team":[{"name":"Forretress","species":"Forretress","item":"custapberry","ability":"Sturdy","moves":["stealthrock","rapidspin","spikes","gyroball"],"nature":"Brave","evs":{"hp":252,"atk":252,"def":0,"spa":0,"spd":4,"spe":0},"ivs":{"hp":31,"atk":31,"def":31,"spa":31,"spd":31,"spe":0}},{"name":"Gardevoir","species":"Gardevoir","item":"gardevoirite","ability":"Trace","moves":["hypervoice","taunt","psyshock","focusblast"],"nature":"Modest","evs":{"hp":0,"atk":0,"def":24,"spa":232,"spd":0,"spe":252},"ivs":{"hp":31,"atk":0,"def":31,"spa":31,"spd":31,"spe":31}},{"name":"Gengar","species":"Gengar","item":"lifeorb","ability":"Levitate","moves":["shadowball","sludgewave","focusblast","taunt"],"nature":"Timid","evs":{"hp":0,"atk":0,"def":0,"spa":252,"spd":4,"spe":252},"ivs":{"hp":29,"atk":0,"def":31,"spa":31,"spd":31,"spe":31}},{"name":"Raikou","species":"Raikou","item":"assaultvest","ability":"Pressure","moves":["thunderbolt","voltswitch","hiddenpowerice","shadowball"],"nature":"Timid","evs":{"hp":0,"atk":0,"def":0,"spa":252,"spd":32,"spe":224},"ivs":{"hp":31,"atk":0,"def":30,"spa":31,"spd":31,"spe":31}},{"name":"Landorus-Therian","species":"Landorus-Therian","item":"choicescarf","ability":"Intimidate","moves":["earthquake","uturn","superpower","stoneedge"],"nature":"Jolly","evs":{"hp":0,"atk":252,"def":36,"spa":0,"spd":0,"spe":220},"ivs":{"hp":31,"atk":31,"def":31,"spa":31,"spd":31,"spe":31}},{"name":"Azumarill","species":"Azumarill","item":"sitrusberry","ability":"Huge Power","moves":["bellydrum","aquajet","playrough","knockoff"],"nature":"Adamant","evs":{"hp":68,"atk":252,"def":0,"spa":0,"spd":0,"spe":188},"ivs":{"hp":31,"atk":31,"def":31,"spa":31,"spd":31,"spe":31}}],"log":["|player|p1|queen of spade|260","|player|p2|FreshPr1nce|266","|gametype|singles","|gen|6","|tier|OU","|rated","|clearpoke","|poke|p1|Swampert, M","|poke|p1|Politoed, M","|poke|p1|Kingdra, M","|poke|p1|Scizor, M","|poke|p1|Ferrothorn, M","|poke|p1|Tornadus-Therian, M","|poke|p2|Forretress, M","|poke|p2|Gardevoir, M","|poke|p2|Gengar, F","|poke|p2|Raikou","|poke|p2|Landorus-Therian, M","|poke|p2|Azumarill, F","|rule|Swagger Clause: Swagger is banned","|rule|Baton Pass Clause: Limit one Baton Passer, can't pass Spe and other stats simultaneously","|rule|Sleep Clause Mod: Limit one foe put to sleep","|rule|Species Clause: Limit one of each Pokémon","|rule|OHKO Clause: OHKO moves are banned","|rule|Moody Clause: Moody is banned","|rule|Evasion Moves Clause: Evasion moves are banned","|rule|Endless Battle Clause: Forcing endless battles is banned","|rule|HP Percentage Mod: HP is shown in percentages","|teampreview","|","|start","|switch|p1a: Needles|Ferrothorn, M|352/352","|switch|p2a: Azumarill|Azumarill, F|358/358","|turn|1","|","|switch|p2a: Forretress|Forretress, M|354/354","|move|p1a: Needles|Stealth Rock|p2a: Forretress","|-sidestart|p2: FreshPr1nce|move: Stealth Rock","|","|turn|2","|","|switch|p1a: Genie of alabasta|Tornadus-Therian, M|300/300","|move|p2a: Forretress|Stealth Rock|p1a: Genie of alabasta","|-sidestart|p1: queen of spade|move: Stealth Rock","|","|turn|3","|","|move|p1a: Genie of alabasta|U-turn|p2a: Forretress","|-resisted|p2a: Forretress","|-damage|p2a: Forretress|325/354","|-damage|p1a: Genie of alabasta|270/300|[from] item: Life Orb","|","|switch|p1a: Picori|Politoed, M|383/383","|-damage|p1a: Picori|336/383|[from] Stealth Rock","|-weather|RainDance","|move|p2a: Forretress|Gyro Ball|p1a: Picori","|-resisted|p1a: Picori","|-damage|p1a: Picori|280/383","|","|-weather|RainDance|[upkeep]","|turn|4","|","|move|p1a: Picori|Hydro Pump|p2a: Forretress","|-damage|p2a: Forretress|43/354","|move|p2a: Forretress|Rapid Spin|p1a: Picori","|-damage|p1a: Picori|253/383","|-sideend|p2: FreshPr1nce|Stealth Rock|[from] move: Rapid Spin|[of] p2a: Forretress","|","|-weather|RainDance|[upkeep]","|turn|5","|-enditem|p2a: Forretress|Custap Berry|[eat]","|-activate|p2a: Forretress|Custap Berry","|","|move|p2a: Forretress|Spikes|p1a: Picori","|-sidestart|p1: queen of spade|Spikes","|move|p1a: Picori|Hydro Pump|p2a: Forretress","|-damage|p2a: Forretress|0 fnt","|faint|p2a: Forretress","|","|-weather|RainDance|[upkeep]","|","|switch|p2a: Raikou|Raikou|321/321","|-ability|p2a: Raikou|Pressure","|turn|6","|","|switch|p2a: Landorus-Therian|Landorus-Therian, M|319/319","|-ability|p2a: Landorus-Therian|Intimidate","|-unboost|p1a: Picori|atk|1","|switch|p1a: Needles|Ferrothorn, M|352/352","|-damage|p1a: Needles|308/352|[from] Spikes","|-damage|p1a: Needles|286/352|[from] Stealth Rock","|","|-weather|RainDance|[upkeep]","|turn|7","|","|move|p2a: Landorus-Therian|Stone Edge|p1a: Needles|[miss]","|-miss|p2a: Landorus-Therian|p1a: Needles","|move|p1a: Needles|Stealth Rock|p2a: Landorus-Therian","|-sidestart|p2: FreshPr1nce|move: Stealth Rock","|","|-weather|RainDance|[upkeep]","|turn|8","|","|switch|p2a: Gengar|Gengar, F|259/259","|-damage|p2a: Gengar|227/259|[from] Stealth Rock","|move|p1a: Needles|Leech Seed|p2a: Gengar","|-start|p2a: Gengar|move: Leech Seed","|","|-weather|RainDance|[upkeep]","|-damage|p2a: Gengar|195/259|[from] Leech Seed|[of] p1a: Needles","|-heal|p1a: Needles|318/352|[silent]","|turn|9","|","|move|p2a: Gengar|Taunt|p1a: Needles","|-start|p1a: Needles|move: Taunt","|cant|p1a: Needles|move: Taunt|Spikes","|","|-weather|RainDance|[upkeep]","|-damage|p2a: Gengar|163/259|[from] Leech Seed|[of] p1a: Needles","|-heal|p1a: Needles|350/352|[silent]","|turn|10","|","|switch|p1a: Eligor|Scizor, M|285/285","|-damage|p1a: Eligor|250/285|[from] Stealth Rock","|-damage|p1a: Eligor|215/285|[from] Spikes","|move|p2a: Gengar|Focus Blast|p1a: Eligor|[miss]","|-miss|p2a: Gengar|p1a: Eligor","|","|-weather|none","|-damage|p2a: Gengar|131/259|[from] Leech Seed|[of] p1a: Eligor","|-heal|p1a: Eligor|247/285|[silent]","|turn|11","|","|switch|p2a: Landorus-Therian|Landorus-Therian, M|319/319","|-damage|p2a: Landorus-Therian|280/319|[from] Stealth Rock","|-ability|p2a: Landorus-Therian|Intimidate","|-unboost|p1a: Eligor|atk|1","|move|p1a: Eligor|Defog|p2a: Landorus-Therian","|-unboost|p2a: Landorus-Therian|evasion|1","|-sideend|p2: FreshPr1nce|Stealth Rock|[from] move: Defog|[of] p2a: Landorus-Therian","|-sideend|p1: queen of spade|Spikes|[from] move: Defog|[of] p1a: Eligor","|-sideend|p1: queen of spade|Stealth Rock|[from] move: Defog|[of] p1a: Eligor","|","|turn|12","|","|switch|p1a: Needles|Ferrothorn, M|350/352","|move|p2a: Landorus-Therian|Superpower|p1a: Needles","|-supereffective|p1a: Needles","|-damage|p1a: Needles|152/352","|-damage|p2a: Landorus-Therian|241/319|[from] ability: Iron Barbs|[of] p1a: Needles","|-damage|p2a: Landorus-Therian|188/319|[from] item: Rocky Helmet|[of] p1a: Needles","|-unboost|p2a: Landorus-Therian|atk|1","|-unboost|p2a: Landorus-Therian|def|1","|","|turn|13","|","|move|p2a: Landorus-Therian|Superpower|p1a: Needles","|-supereffective|p1a: Needles","|-damage|p1a: Needles|14/352","|-damage|p2a: Landorus-Therian|149/319|[from] ability: Iron Barbs|[of] p1a: Needles","|-damage|p2a: Landorus-Therian|96/319|[from] item: Rocky Helmet|[of] p1a: Needles","|-unboost|p2a: Landorus-Therian|atk|1","|-unboost|p2a: Landorus-Therian|def|1","|move|p1a: Needles|Leech Seed|p2a: Landorus-Therian","|-start|p2a: Landorus-Therian|move: Leech Seed","|","|-damage|p2a: Landorus-Therian|57/319|[from] Leech Seed|[of] p1a: Needles","|-heal|p1a: Needles|53/352|[silent]","|turn|14","|","|move|p2a: Landorus-Therian|Superpower|p1a: Needles","|-supereffective|p1a: Needles","|-damage|p1a: Needles|0 fnt","|-damage|p2a: Landorus-Therian|18/319|[from] ability: Iron Barbs|[of] p1a: Needles","|-damage|p2a: Landorus-Therian|0 fnt|[from] item: Rocky Helmet|[of] p1a: Needles","|faint|p2a: Landorus-Therian","|faint|p1a: Needles","|","|","|switch|p2a: Azumarill|Azumarill, F|358/358","|switch|p1a: Picori|Politoed, M|253/383","|-weather|RainDance","|turn|15","|","|move|p2a: Azumarill|Belly Drum|p2a: Azumarill","|-damage|p2a: Azumarill|179/358","|-setboost|p2a: Azumarill|atk|6|[from] move: Belly Drum","|-enditem|p2a: Azumarill|Sitrus Berry|[eat]","|-heal|p2a: Azumarill|268/358|[from] item: Sitrus Berry","|move|p1a: Picori|Encore|p2a: Azumarill","|-start|p2a: Azumarill|Encore","|","|-weather|RainDance|[upkeep]","|turn|16","|","|switch|p2a: Raikou|Raikou|321/321","|-ability|p2a: Raikou|Pressure","|switch|p1a: Queendra|Kingdra, M|291/291","|","|-weather|RainDance|[upkeep]","|turn|17","|","|move|p1a: Queendra|Hydro Pump|p2a: Raikou","|-crit|p2a: Raikou","|-damage|p2a: Raikou|1/321","|-damage|p1a: Queendra|262/291|[from] item: Life Orb","|move|p2a: Raikou|Volt Switch|p1a: Queendra","|-damage|p1a: Queendra|133/291","|","|switch|p2a: Gardevoir|Gardevoir, M|277/277","|-ability|p2a: Gardevoir|Swift Swim|[from] ability: Trace|[of] p1a: Queendra","|","|-weather|RainDance|[upkeep]","|turn|18","|","|switch|p1a: Eligor|Scizor, M|247/285","|move|p2a: Gardevoir|Psyshock|p1a: Eligor","|-resisted|p1a: Eligor","|-damage|p1a: Eligor|169/285","|","|-weather|RainDance|[upkeep]","|turn|19","|","|detailschange|p2a: Gardevoir|Gardevoir-Mega, M","|-mega|p2a: Gardevoir|Gardevoir|Gardevoirite","|move|p1a: Eligor|Bullet Punch|p2a: Gardevoir","|-supereffective|p2a: Gardevoir","|-damage|p2a: Gardevoir|0 fnt","|-damage|p1a: Eligor|141/285|[from] item: Life Orb","|faint|p2a: Gardevoir","|","|-weather|RainDance|[upkeep]","|","|switch|p2a: Raikou|Raikou|1/321","|-ability|p2a: Raikou|Pressure","|turn|20","|","|move|p1a: Eligor|Bullet Punch|p2a: Raikou","|-crit|p2a: Raikou","|-resisted|p2a: Raikou","|-damage|p2a: Raikou|0 fnt","|-damage|p1a: Eligor|113/285|[from] item: Life Orb","|faint|p2a: Raikou","|","|-weather|RainDance|[upkeep]","|","|switch|p2a: Azumarill|Azumarill, F|268/358","|turn|21","|","|move|p1a: Eligor|Bullet Punch|p2a: Azumarill","|-damage|p2a: Azumarill|81/358","|-damage|p1a: Eligor|85/285|[from] item: Life Orb","|move|p2a: Azumarill|Aqua Jet|p1a: Eligor","|-damage|p1a: Eligor|0 fnt","|faint|p1a: Eligor","|","|-weather|RainDance|[upkeep]","|","|switch|p1a: Owen- Owler|Swampert, M|349/349","|turn|22","|","|detailschange|p1a: Owen- Owler|Swampert-Mega, M","|-mega|p1a: Owen- Owler|Swampert|Swampertite","|move|p2a: Azumarill|Aqua Jet|p1a: Owen- Owler","|-damage|p1a: Owen- Owler|232/349","|move|p1a: Owen- Owler|Earthquake|p2a: Azumarill","|-damage|p2a: Azumarill|0 fnt","|faint|p2a: Azumarill","|","|-weather|none","|","|switch|p2a: Gengar|Gengar, F|131/259","|turn|23","|","|switch|p1a: Picori|Politoed, M|253/383","|-weather|RainDance","|move|p2a: Gengar|Shadow Ball|p1a: Picori","|-damage|p1a: Picori|119/383","|-damage|p2a: Gengar|106/259|[from] item: Life Orb","|","|-weather|RainDance|[upkeep]","|turn|24","|","|move|p2a: Gengar|Shadow Ball|p1a: Picori","|-damage|p1a: Picori|0 fnt","|-damage|p2a: Gengar|81/259|[from] item: Life Orb","|faint|p1a: Picori","|","|-weather|RainDance|[upkeep]","|","|switch|p1a: Genie of alabasta|Tornadus-Therian, M|300/300","|turn|25","|","|move|p1a: Genie of alabasta|Hurricane|p2a: Gengar","|-damage|p2a: Gengar|0 fnt","|-damage|p1a: Genie of alabasta|270/300|[from] item: Life Orb","|faint|p2a: Gengar","|","|win|queen of spade"],"p1rating":{"entryid":600973,"formatid":"ou","userid":"queenofspade","username":"queen of spade","r":1500,"rd":130,"sigma":0,"rpr":1540.1606143388,"rprd":122.8583080769,"rpsigma":0,"rptime":1440752400,"w":1,"l":0,"t":0,"gxe":55,"acre":1040,"lacre":1040,"oldacre":1000},"p2rating":{"entryid":600974,"formatid":"ou","userid":"freshpr1nce","username":"FreshPr1nce","r":1500,"rd":130,"sigma":0,"rpr":1459.8393856612,"rprd":122.8583080769,"rpsigma":0,"rptime":1440752400,"w":0,"l":1,"t":0,"gxe":45,"acre":1000,"lacre":1000,"oldacre":1000},"endType":"normal"}