{"seed":[12586,36105,64798,25008],"turns":22,"p1":"Emg Temsone","p2":"mortal jordean","p1team":[{"name":"Clefable","species":"Clefable","item":"choicespecs","ability":"Unaware","moves":["moonblast","psychic","flamethrower","trick"],"nature":"Modest","evs":{"hp":248,"atk":0,"def":0,"spa":252,"spd":8,"spe":0},"ivs":{"hp":31,"atk":0,"def":31,"spa":31,"spd":31,"spe":31},"shiny":true},{"name":"Heatran","species":"Heatran","item":"choicescarf","ability":"Flash Fire","moves":["flamethrower","darkpulse","earthpower","ancientpower"],"nature":"Timid","evs":{"hp":0,"atk":0,"def":0,"spa":252,"spd":4,"spe":252},"ivs":{"hp":31,"atk":0,"def":31,"spa":31,"spd":31,"spe":31},"shiny":true},{"name":"Rotom-Wash","species":"Rotom-Wash","item":"leftovers","ability":"Levitate","moves":["willowisp","hydropump","voltswitch","painsplit"],"nature":"Modest","evs":{"hp":128,"atk":0,"def":0,"spa":252,"spd":0,"spe":128},"ivs":{"hp":31,"atk":0,"def":31,"spa":31,"spd":31,"spe":31},"shiny":true},{"name":"You lose","species":"medicham","item":"medichamite","ability":"Pure Power","moves":["fakeout","highjumpkick","icepunch","psychocut"],"nature":"Adamant","evs":{"hp":0,"atk":252,"def":0,"spa":0,"spd":4,"spe":252},"shiny":true,"ivs":{"hp":31,"atk":31,"def":31,"spa":31,"spd":31,"spe":31}},{"name":"Bisharp","species":"Bisharp","item":"focussash","ability":"Defiant","moves":["suckerpunch","ironhead","knockoff","swordsdance"],"nature":"Adamant","evs":{"hp":0,"atk":252,"def":0,"spa":0,"spd":8,"spe":248},"ivs":{"hp":31,"atk":31,"def":31,"spa":31,"spd":31,"spe":31}},{"name":"Gengar","species":"Gengar","item":"blacksludge","ability":"Levitate","moves":["substitute","shadowball","energyball","sludgewave"],"nature":"Timid","evs":{"hp":0,"atk":0,"def":0,"spa":252,"spd":4,"spe":252},"ivs":{"hp":31,"atk":30,"def":30,"spa":31,"spd":31,"spe":31},"shiny":true}],"p2team":[{"name":"Alakazam","species":"Alakazam","item":"alakazite","ability":"Magic Guard","moves":["psychic","focusblast","shadowball","encore"],"nature":"Timid","evs":{"hp":0,"atk":0,"def":0,"spa":252,"spd":4,"spe":252},"ivs":{"hp":31,"atk":31,"def":31,"spa":31,"spd":31,"spe":31}},{"name":"Clefable","species":"Clefable","item":"leftovers","ability":"Magic Guard","moves":["moonblast","calmmind","softboiled","flamethrower"],"nature":"Bold","evs":{"hp":252,"atk":0,"def":252,"spa":4,"spd":0,"spe":0},"ivs":{"hp":31,"atk":31,"def":31,"spa":31,"spd":31,"spe":31}},{"name":"Garchomp","species":"Garchomp","item":"rockyhelmet","ability":"Rough Skin","moves":["outrage","earthquake","dragontail","fireblast"],"nature":"Naive","evs":{"hp":0,"atk":252,"def":0,"spa":4,"spd":0,"spe":252},"ivs":{"hp":31,"atk":31,"def":31,"spa":31,"spd":31,"spe":31}},{"name":"Bisharp","species":"Bisharp","item":"lifeorb","ability":"Defiant","moves":["knockoff","swordsdance","ironhead","suckerpunch"],"nature":"Jolly","evs":{"hp":0,"atk":252,"def":0,"spa":0,"spd":4,"spe":252},"ivs":{"hp":31,"atk":31,"def":31,"spa":31,"spd":31,"spe":31}},{"name":"Azumarill","species":"Azumarill","item":"choiceband","ability":"Huge Power","moves":["playrough","waterfall","aquajet","superpower"],"nature":"Adamant","evs":{"hp":248,"atk":252,"def":0,"spa":0,"spd":8,"spe":0},"ivs":{"hp":31,"atk":31,"def":31,"spa":31,"spd":31,"spe":31}},{"name":"Butterfree","species":"Butterfree","item":"leftovers","ability":"Compound Eyes","moves":["quiverdance","sleeppowder","energyball","bugbuzz"],"nature":"Modest","evs":{"hp":0,"atk":0,"def":0,"spa":252,"spd":4,"spe":252},"ivs":{"hp":31,"atk":31,"def":31,"spa":31,"spd":31,"spe":31}}],"log":["|player|p1|Emg Temsone|220","|player|p2|mortal jordean|229","|gametype|singles","|gen|6","|tier|OU","|rated","|clearpoke","|poke|p1|Clefable, M, shiny","|poke|p1|Heatran, F, shiny","|poke|p1|Rotom-Wash, shiny","|poke|p1|Medicham, M, shiny","|poke|p1|Bisharp, M","|poke|p1|Gengar, F, shiny","|poke|p2|Alakazam, F","|poke|p2|Clefable, F","|poke|p2|Garchomp, F","|poke|p2|Bisharp, F","|poke|p2|Azumarill, F","|poke|p2|Butterfree, M","|rule|Swagger Clause: Swagger is banned","|rule|Baton Pass Clause: Limit one Baton Passer, can't pass Spe and other stats simultaneously","|rule|Sleep Clause Mod: Limit one foe put to sleep","|rule|Species Clause: Limit one of each Pokémon","|rule|OHKO Clause: OHKO moves are banned","|rule|Moody Clause: Moody is banned","|rule|Evasion Moves Clause: Evasion moves are banned","|rule|Endless Battle Clause: Forcing endless battles is banned","|rule|HP Percentage Mod: HP is shown in percentages","|teampreview","|","|start","|switch|p1a: You lose|Medicham, M, shiny|261/261","|switch|p2a: Azumarill|Azumarill, F|403/403","|turn|1","|","|detailschange|p1a: You lose|Medicham-Mega, M, shiny","|-mega|p1a: You lose|Medicham|Medichamite","|move|p1a: You lose|Fake Out|p2a: Azumarill","|-damage|p2a: Azumarill|305/403","|cant|p2a: Azumarill|flinch","|","|turn|2","|","|switch|p2a: Bisharp|Bisharp, F|271/271","|move|p1a: You lose|Psycho Cut|p2a: Bisharp","|-immune|p2a: Bisharp|[msg]","|","|turn|3","|","|move|p1a: You lose|High Jump Kick|p2a: Bisharp|[miss]","|-miss|p1a: You lose|p2a: Bisharp","|-damage|p1a: You lose|131/261|[from] highjumpkick","|move|p2a: Bisharp|Knock Off|p1a: You lose","|-damage|p1a: You lose|0 fnt","|-damage|p2a: Bisharp|244/271|[from] item: Life Orb","|faint|p1a: You lose","|","|","|switch|p1a: Heatran|Heatran, F, shiny|323/323","|turn|4","|","|switch|p1a: Rotom-Wash|Rotom-Wash, shiny|273/273","|switch|p2a: Azumarill|Azumarill, F|305/403","|","|turn|5","|","|move|p1a: Rotom-Wash|Will-O-Wisp|p2a: Azumarill|[miss]","|-miss|p1a: Rotom-Wash|p2a: Azumarill","|move|p2a: Azumarill|Waterfall|p1a: Rotom-Wash","|-resisted|p1a: Rotom-Wash","|-damage|p1a: Rotom-Wash|152/273","|","|-heal|p1a: Rotom-Wash|169/273|[from] item: Leftovers","|turn|6","|","|move|p1a: Rotom-Wash|Will-O-Wisp|p2a: Azumarill","|-status|p2a: Azumarill|brn","|move|p2a: Azumarill|Waterfall|p1a: Rotom-Wash","|-crit|p1a: Rotom-Wash","|-resisted|p1a: Rotom-Wash","|-damage|p1a: Rotom-Wash|72/273","|","|-heal|p1a: Rotom-Wash|89/273|[from] item: Leftovers","|-damage|p2a: Azumarill|255/403 brn|[from] brn","|turn|7","|","|move|p1a: Rotom-Wash|Pain Split|p2a: Azumarill","|-sethp|p2a: Azumarill|172/403 brn|p1a: Rotom-Wash|172/273|[from] move: Pain Split","|move|p2a: Azumarill|Waterfall|p1a: Rotom-Wash","|-crit|p1a: Rotom-Wash","|-resisted|p1a: Rotom-Wash","|-damage|p1a: Rotom-Wash|78/273","|","|-heal|p1a: Rotom-Wash|95/273|[from] item: Leftovers","|-damage|p2a: Azumarill|122/403 brn|[from] brn","|turn|8","|","|move|p1a: Rotom-Wash|Volt Switch|p2a: Azumarill","|-supereffective|p2a: Azumarill","|-damage|p2a: Azumarill|0 fnt","|faint|p2a: Azumarill","|","|switch|p1a: Heatran|Heatran, F, shiny|323/323","|","|","|switch|p2a: Garchomp|Garchomp, F|357/357","|turn|9","|","|switch|p1a: Rotom-Wash|Rotom-Wash, shiny|95/273","|move|p2a: Garchomp|Earthquake|p1a: Rotom-Wash","|-immune|p1a: Rotom-Wash|[msg]","|","|-heal|p1a: Rotom-Wash|112/273|[from] item: Leftovers","|turn|10","|","|move|p2a: Garchomp|Outrage|p1a: Rotom-Wash","|-damage|p1a: Rotom-Wash|0 fnt","|faint|p1a: Rotom-Wash","|","|","|switch|p1a: Clefable|Clefable, M, shiny|393/393","|turn|11","|","|move|p2a: Garchomp|Outrage|p1a: Clefable|[from]lockedmove","|-immune|p1a: Clefable|[msg]","|move|p1a: Clefable|Moonblast|p2a: Garchomp","|-supereffective|p2a: Garchomp","|-damage|p2a: Garchomp|0 fnt","|faint|p2a: Garchomp","|","|","|switch|p2a: Bisharp|Bisharp, F|244/271","|turn|12","|","|switch|p1a: Heatran|Heatran, F, shiny|323/323","|move|p2a: Bisharp|Knock Off|p1a: Heatran","|-damage|p1a: Heatran|109/323","|-enditem|p1a: Heatran|Choice Scarf|[from] move: Knock Off|[of] p2a: Bisharp","|-damage|p2a: Bisharp|217/271|[from] item: Life Orb","|","|turn|13","|","|move|p1a: Heatran|Flamethrower|p2a: Bisharp","|-supereffective|p2a: Bisharp","|-damage|p2a: Bisharp|0 fnt","|faint|p2a: Bisharp","|","|","|switch|p2a: Alakazam|Alakazam, F|251/251","|turn|14","|","|switch|p1a: Gengar|Gengar, F, shiny|261/261","|detailschange|p2a: Alakazam|Alakazam-Mega, F","|-mega|p2a: Alakazam|Alakazam|Alakazite","|-ability|p2a: Alakazam|Levitate|[from] ability: Trace|[of] p1a: Gengar","|move|p2a: Alakazam|Psychic|p1a: Gengar","|-crit|p1a: Gengar","|-supereffective|p1a: Gengar","|-damage|p1a: Gengar|0 fnt","|faint|p1a: Gengar","|","|","|switch|p1a: Bisharp|Bisharp, M|271/271","|turn|15","|","|move|p2a: Alakazam|Shadow Ball|p1a: Bisharp","|-resisted|p1a: Bisharp","|-damage|p1a: Bisharp|191/271","|move|p1a: Bisharp|Knock Off|p2a: Alakazam","|-supereffective|p2a: Alakazam","|-damage|p2a: Alakazam|0 fnt","|faint|p2a: Alakazam","|","|","|switch|p2a: Clefable|Clefable, F|394/394","|turn|16","|","|switch|p2a: Butterfree|Butterfree, M|261/261","|move|p1a: Bisharp|Iron Head|p2a: Butterfree","|-damage|p2a: Butterfree|8/261","|","|-heal|p2a: Butterfree|24/261|[from] item: Leftovers","|turn|17","|","|switch|p1a: Clefable|Clefable, M, shiny|393/393","|move|p2a: Butterfree|Sleep Powder|p1a: Clefable","|-status|p1a: Clefable|slp","|","|-heal|p2a: Butterfree|40/261|[from] item: Leftovers","|turn|18","|","|move|p2a: Butterfree|Bug Buzz|p1a: Clefable","|-resisted|p1a: Clefable","|-damage|p1a: Clefable|319/393 slp","|cant|p1a: Clefable|slp","|","|-heal|p2a: Butterfree|56/261|[from] item: Leftovers","|turn|19","|","|move|p2a: Butterfree|Quiver Dance|p2a: Butterfree","|-boost|p2a: Butterfree|spa|1","|-boost|p2a: Butterfree|spd|1","|-boost|p2a: Butterfree|spe|1","|cant|p1a: Clefable|slp","|","|-heal|p2a: Butterfree|72/261|[from] item: Leftovers","|turn|20","|","|move|p2a: Butterfree|Bug Buzz|p1a: Clefable","|-resisted|p1a: Clefable","|-damage|p1a: Clefable|241/393 slp","|-curestatus|p1a: Clefable|slp","|move|p1a: Clefable|Moonblast|p2a: Butterfree","|-crit|p2a: Butterfree","|-damage|p2a: Butterfree|0 fnt","|faint|p2a: Butterfree","|","|","|switch|p2a: Clefable|Clefable, F|394/394","|turn|21","|","|move|p2a: Clefable|Calm Mind|p2a: Clefable","|-boost|p2a: Clefable|spa|1","|-boost|p2a: Clefable|spd|1","|move|p1a: Clefable|Moonblast|p2a: Clefable","|-damage|p2a: Clefable|138/394","|","|-heal|p2a: Clefable|162/394|[from] item: Leftovers","|turn|22","|","|move|p1a: Clefable|Moonblast|p2a: Clefable","|-damage|p2a: Clefable|0 fnt","|faint|p2a: Clefable","|","|win|Emg Temsone"],"p1rating":{"entryid":615729,"formatid":"ou","userid":"emgtemsone","username":"Emg Temsone","r":1500,"rd":130,"sigma":0,"rpr":1540.1606143388,"rprd":122.8583080769,"rpsigma":0,"rptime":1440838800,"w":1,"l":0,"t":0,"gxe":55,"acre":1040,"lacre":1040,"oldacre":1000},"p2rating":{"entryid":615730,"formatid":"ou","userid":"mortaljordean","username":"mortal jordean","r":1500,"rd":130,"sigma":0,"rpr":1459.8393856612,"rprd":122.8583080769,"rpsigma":0,"rptime":1440838800,"w":0,"l":1,"t":0,"gxe":45,"acre":1000,"lacre":1000,"oldacre":1000},"endType":"normal"}