{"seed":[68,3078,14425,3091],"turns":38,"p1":"wefwregf","p2":"SaGo","p1team":[{"name":"Sableye","species":"Sableye","item":"leftovers","ability":"Prankster","moves":["willowisp","recover","taunt","knockoff"],"nature":"Impish","evs":{"hp":240,"atk":0,"def":252,"spa":0,"spd":0,"spe":16},"ivs":{"hp":31,"atk":31,"def":31,"spa":31,"spd":31,"spe":31}},{"name":"Liepard","species":"Liepard","item":"lifeorb","ability":"Prankster","moves":["thunderwave","knockoff","suckerpunch","encore"],"nature":"Jolly","evs":{"hp":0,"atk":252,"def":0,"spa":0,"spd":4,"spe":252},"ivs":{"hp":31,"atk":31,"def":31,"spa":31,"spd":31,"spe":31}},{"name":"Thundurus","species":"Thundurus","item":"lifeorb","ability":"Prankster","moves":["thunderwave","thunderbolt","hiddenpowerice","taunt"],"nature":"Timid","evs":{"hp":0,"atk":0,"def":0,"spa":252,"spd":4,"spe":252},"ivs":{"hp":31,"atk":30,"def":30,"spa":31,"spd":31,"spe":31}},{"name":"Whimsicott","species":"Whimsicott","item":"leftovers","ability":"Prankster","moves":["substitute","leechseed","taunt","encore"],"nature":"Calm","evs":{"hp":252,"atk":0,"def":128,"spa":0,"spd":128,"spe":0},"ivs":{"hp":31,"atk":31,"def":31,"spa":31,"spd":31,"spe":31}},{"name":"Banette","species":"Banette","item":"banettite","ability":"Insomnia","moves":["taunt","willowisp","shadowclaw","destinybond"],"nature":"Jolly","evs":{"hp":0,"atk":252,"def":4,"spa":0,"spd":0,"spe":252},"ivs":{"hp":31,"atk":31,"def":31,"spa":31,"spd":31,"spe":31}},{"name":"Heatran","species":"Heatran","item":"leftovers","ability":"Flash Fire","moves":["lavaplume","ancientpower","roar","stealthrock"],"nature":"Modest","evs":{"hp":252,"atk":0,"def":0,"spa":252,"spd":4,"spe":0},"ivs":{"hp":31,"atk":31,"def":31,"spa":31,"spd":31,"spe":31}}],"p2team":[{"name":"Jirachi","species":"Jirachi","item":"choicescarf","ability":"Serene Grace","moves":["ironhead","heartstamp","zenheadbutt","icepunch"],"nature":"Adamant","evs":{"hp":0,"atk":252,"def":0,"spa":0,"spd":4,"spe":252},"ivs":{"hp":31,"atk":31,"def":31,"spa":31,"spd":31,"spe":31}},{"name":"Gardevoir","species":"Gardevoir","item":"gardevoirite","ability":"Synchronize","moves":["hypervoice","taunt","psyshock","focusblast"],"nature":"Timid","evs":{"hp":0,"atk":0,"def":0,"spa":252,"spd":4,"spe":252},"ivs":{"hp":31,"atk":31,"def":31,"spa":31,"spd":31,"spe":31}},{"name":"Tornadus-Therian","species":"Tornadus-Therian","item":"assaultvest","ability":"Regenerator","moves":["hurricane","knockoff","uturn","heatwave"],"nature":"Timid","evs":{"hp":0,"atk":0,"def":0,"spa":160,"spd":0,"spe":252},"ivs":{"hp":31,"atk":31,"def":31,"spa":31,"spd":31,"spe":31}},{"name":"Garchomp","species":"Garchomp","item":"rockyhelmet","ability":"Rough Skin","moves":["earthquake","dragontail","endure","stealthrock"],"nature":"Impish","evs":{"hp":252,"atk":0,"def":240,"spa":0,"spd":0,"spe":16},"gender":"F","shiny":true,"ivs":{"hp":31,"atk":31,"def":31,"spa":31,"spd":31,"spe":31}},{"name":"Manaphy","species":"Manaphy","item":"","ability":"Hydration","moves":["tailglow","scald","icebeam","energyball"],"nature":"Timid","evs":{"hp":72,"atk":0,"def":0,"spa":252,"spd":0,"spe":184},"ivs":{"hp":31,"atk":31,"def":31,"spa":31,"spd":31,"spe":31}},{"name":"Diggersby","species":"Diggersby","item":"lifeorb","ability":"Huge Power","moves":["quickattack","return","swordsdance","earthquake"],"nature":"Jolly","evs":{"hp":0,"atk":252,"def":0,"spa":0,"spd":4,"spe":252},"gender":"M","ivs":{"hp":31,"atk":31,"def":31,"spa":31,"spd":31,"spe":31}}],"log":["|player|p1|wefwregf|184","|player|p2|SaGo|168","|gametype|singles","|gen|6","|tier|OU","|rated","|clearpoke","|poke|p1|Sableye, F","|poke|p1|Liepard, F","|poke|p1|Thundurus, M","|poke|p1|Whimsicott, M","|poke|p1|Banette, M","|poke|p1|Heatran, F","|poke|p2|Jirachi","|poke|p2|Gardevoir, M","|poke|p2|Tornadus-Therian, M","|poke|p2|Garchomp, F, shiny","|poke|p2|Manaphy","|poke|p2|Diggersby, M","|rule|Swagger Clause: Swagger is banned","|rule|Baton Pass Clause: Limit one Baton Passer, can't pass Spe and other stats simultaneously","|rule|Sleep Clause Mod: Limit one foe put to sleep","|rule|Species Clause: Limit one of each Pokémon","|rule|OHKO Clause: OHKO moves are banned","|rule|Moody Clause: Moody is banned","|rule|Evasion Moves Clause: Evasion moves are banned","|rule|Endless Battle Clause: Forcing endless battles is banned","|rule|HP Percentage Mod: HP is shown in percentages","|teampreview","|","|start","|switch|p1a: Sableye|Sableye, F|301/301","|switch|p2a: Tornadus-Therian|Tornadus-Therian, M|299/299","|turn|1","|","|move|p1a: Sableye|Will-O-Wisp|p2a: Tornadus-Therian","|-status|p2a: Tornadus-Therian|brn","|move|p2a: Tornadus-Therian|Knock Off|p1a: Sableye","|-damage|p1a: Sableye|273/301","|-enditem|p1a: Sableye|Leftovers|[from] move: Knock Off|[of] p2a: Tornadus-Therian","|","|-damage|p2a: Tornadus-Therian|262/299 brn|[from] brn","|turn|2","|","|move|p2a: Tornadus-Therian|U-turn|p1a: Sableye","|-damage|p1a: Sableye|251/301","|","|switch|p2a: Gardevoir|Gardevoir, M|277/277","|move|p1a: Sableye|Knock Off|p2a: Gardevoir","|-damage|p2a: Gardevoir|187/277","|","|turn|3","|","|switch|p1a: Heatran|Heatran, F|386/386","|detailschange|p2a: Gardevoir|Gardevoir-Mega, M","|-mega|p2a: Gardevoir|Gardevoir|Gardevoirite","|move|p2a: Gardevoir|Hyper Voice|p1a: Heatran","|-resisted|p1a: Heatran","|-damage|p1a: Heatran|322/386","|","|-heal|p1a: Heatran|346/386|[from] item: Leftovers","|turn|4","|","|switch|p2a: Garchomp|Garchomp, F, shiny|420/420","|move|p1a: Heatran|Stealth Rock|p2a: Garchomp","|-sidestart|p2: SaGo|move: Stealth Rock","|","|-heal|p1a: Heatran|370/386|[from] item: Leftovers","|turn|5","|","|switch|p1a: Sableye|Sableye, F|251/301","|move|p2a: Garchomp|Stealth Rock|p1a: Sableye","|-sidestart|p1: wefwregf|move: Stealth Rock","|","|turn|6","|","|switch|p2a: Gardevoir|Gardevoir-Mega, M|187/277","|-damage|p2a: Gardevoir|153/277|[from] Stealth Rock","|move|p1a: Sableye|Will-O-Wisp|p2a: Gardevoir","|-status|p2a: Gardevoir|brn","|","|-damage|p2a: Gardevoir|119/277 brn|[from] brn","|turn|7","|","|switch|p1a: Heatran|Heatran, F|370/386","|-damage|p1a: Heatran|322/386|[from] Stealth Rock","|move|p2a: Gardevoir|Focus Blast|p1a: Heatran|[miss]","|-miss|p2a: Gardevoir|p1a: Heatran","|","|-heal|p1a: Heatran|346/386|[from] item: Leftovers","|-damage|p2a: Gardevoir|85/277 brn|[from] brn","|turn|8","|","|switch|p2a: Garchomp|Garchomp, F, shiny|420/420","|-damage|p2a: Garchomp|394/420|[from] Stealth Rock","|switch|p1a: Whimsicott|Whimsicott, M|324/324","|-damage|p1a: Whimsicott|284/324|[from] Stealth Rock","|","|-heal|p1a: Whimsicott|304/324|[from] item: Leftovers","|turn|9","|","|move|p1a: Whimsicott|Substitute|p1a: Whimsicott","|-start|p1a: Whimsicott|Substitute","|-damage|p1a: Whimsicott|223/324","|move|p2a: Garchomp|Earthquake|p1a: Whimsicott","|-resisted|p1a: Whimsicott","|-activate|p1a: Whimsicott|Substitute|[damage]","|","|-heal|p1a: Whimsicott|243/324|[from] item: Leftovers","|turn|10","|","|switch|p2a: Tornadus-Therian|Tornadus-Therian, M|299/299 brn","|-damage|p2a: Tornadus-Therian|225/299 brn|[from] Stealth Rock","|move|p1a: Whimsicott|Leech Seed|p2a: Tornadus-Therian","|-start|p2a: Tornadus-Therian|move: Leech Seed","|","|-heal|p1a: Whimsicott|263/324|[from] item: Leftovers","|-damage|p2a: Tornadus-Therian|188/299 brn|[from] Leech Seed|[of] p1a: Whimsicott","|-heal|p1a: Whimsicott|300/324|[silent]","|-damage|p2a: Tornadus-Therian|151/299 brn|[from] brn","|turn|11","|","|move|p1a: Whimsicott|Leech Seed|p2a: Tornadus-Therian","|-fail|p2a: Tornadus-Therian","|move|p2a: Tornadus-Therian|Heat Wave|p1a: Whimsicott","|-supereffective|p1a: Whimsicott","|-end|p1a: Whimsicott|Substitute","|","|-heal|p1a: Whimsicott|320/324|[from] item: Leftovers","|-damage|p2a: Tornadus-Therian|114/299 brn|[from] Leech Seed|[of] p1a: Whimsicott","|-heal|p1a: Whimsicott|324/324|[silent]","|-damage|p2a: Tornadus-Therian|77/299 brn|[from] brn","|turn|12","|","|switch|p2a: Jirachi|Jirachi|341/341","|-damage|p2a: Jirachi|320/341|[from] Stealth Rock","|move|p1a: Whimsicott|Substitute|p1a: Whimsicott","|-start|p1a: Whimsicott|Substitute","|-damage|p1a: Whimsicott|243/324","|","|-heal|p1a: Whimsicott|263/324|[from] item: Leftovers","|turn|13","|","|move|p1a: Whimsicott|Leech Seed|p2a: Jirachi","|-start|p2a: Jirachi|move: Leech Seed","|move|p2a: Jirachi|Iron Head|p1a: Whimsicott","|-supereffective|p1a: Whimsicott","|-end|p1a: Whimsicott|Substitute","|","|-heal|p1a: Whimsicott|283/324|[from] item: Leftovers","|-damage|p2a: Jirachi|278/341|[from] Leech Seed|[of] p1a: Whimsicott","|-heal|p1a: Whimsicott|324/324|[silent]","|turn|14","|","|move|p1a: Whimsicott|Substitute|p1a: Whimsicott","|-start|p1a: Whimsicott|Substitute","|-damage|p1a: Whimsicott|243/324","|move|p2a: Jirachi|Iron Head|p1a: Whimsicott","|-supereffective|p1a: Whimsicott","|-end|p1a: Whimsicott|Substitute","|","|-heal|p1a: Whimsicott|263/324|[from] item: Leftovers","|-damage|p2a: Jirachi|236/341|[from] Leech Seed|[of] p1a: Whimsicott","|-heal|p1a: Whimsicott|305/324|[silent]","|turn|15","|","|switch|p2a: Gardevoir|Gardevoir-Mega, M|85/277 brn","|-damage|p2a: Gardevoir|51/277 brn|[from] Stealth Rock","|move|p1a: Whimsicott|Substitute|p1a: Whimsicott","|-start|p1a: Whimsicott|Substitute","|-damage|p1a: Whimsicott|224/324","|","|-heal|p1a: Whimsicott|244/324|[from] item: Leftovers","|-damage|p2a: Gardevoir|17/277 brn|[from] brn","|turn|16","|","|switch|p1a: Heatran|Heatran, F|346/386","|-damage|p1a: Heatran|298/386|[from] Stealth Rock","|move|p2a: Gardevoir|Hyper Voice|p1a: Heatran","|-resisted|p1a: Heatran","|-damage|p1a: Heatran|241/386","|","|-heal|p1a: Heatran|265/386|[from] item: Leftovers","|-damage|p2a: Gardevoir|0 fnt|[from] brn","|faint|p2a: Gardevoir","|","|switch|p2a: Diggersby|Diggersby, M|311/311","|-damage|p2a: Diggersby|292/311|[from] Stealth Rock","|turn|17","|","|switch|p1a: Sableye|Sableye, F|251/301","|-damage|p1a: Sableye|214/301|[from] Stealth Rock","|move|p2a: Diggersby|Earthquake|p1a: Sableye","|-damage|p1a: Sableye|0 fnt","|-damage|p2a: Diggersby|261/311|[from] item: Life Orb","|faint|p1a: Sableye","|","|","|switch|p1a: Banette|Banette, M|269/269","|-damage|p1a: Banette|236/269|[from] Stealth Rock","|turn|18","|","|detailschange|p1a: Banette|Banette-Mega, M","|-mega|p1a: Banette|Banette|Banettite","|move|p2a: Diggersby|Earthquake|p1a: Banette","|-damage|p1a: Banette|0 fnt","|-damage|p2a: Diggersby|230/311|[from] item: Life Orb","|faint|p1a: Banette","|","|","|switch|p1a: Liepard|Liepard, F|269/269","|-damage|p1a: Liepard|236/269|[from] Stealth Rock","|turn|19","|","|switch|p2a: Garchomp|Garchomp, F, shiny|394/420","|-damage|p2a: Garchomp|368/420|[from] Stealth Rock","|move|p1a: Liepard|Knock Off|p2a: Garchomp","|-damage|p2a: Garchomp|228/420","|-damage|p1a: Liepard|203/269|[from] ability: Rough Skin|[of] p2a: Garchomp","|-damage|p1a: Liepard|159/269|[from] item: Rocky Helmet|[of] p2a: Garchomp","|-enditem|p2a: Garchomp|Rocky Helmet|[from] move: Knock Off|[of] p1a: Liepard","|-damage|p1a: Liepard|133/269|[from] item: Life Orb","|","|turn|20","|","|switch|p1a: Thundurus|Thundurus, M|299/299","|-damage|p1a: Thundurus|225/299|[from] Stealth Rock","|move|p2a: Garchomp|Earthquake|p1a: Thundurus","|-immune|p1a: Thundurus|[msg]","|","|turn|21","|","|switch|p2a: Manaphy|Manaphy|359/359","|-damage|p2a: Manaphy|315/359|[from] Stealth Rock","|move|p1a: Thundurus|Hidden Power|p2a: Manaphy","|-resisted|p2a: Manaphy","|-damage|p2a: Manaphy|266/359","|-damage|p1a: Thundurus|196/299|[from] item: Life Orb","|","|turn|22","|","|move|p1a: Thundurus|Thunderbolt|p2a: Manaphy","|-supereffective|p2a: Manaphy","|-damage|p2a: Manaphy|0 fnt","|-damage|p1a: Thundurus|167/299|[from] item: Life Orb","|faint|p2a: Manaphy","|","|","|switch|p2a: Jirachi|Jirachi|236/341","|-damage|p2a: Jirachi|215/341|[from] Stealth Rock","|turn|23","|","|move|p1a: Thundurus|Thunder Wave|p2a: Jirachi","|-status|p2a: Jirachi|par","|move|p2a: Jirachi|Ice Punch|p1a: Thundurus","|-supereffective|p1a: Thundurus","|-damage|p1a: Thundurus|0 fnt","|faint|p1a: Thundurus","|","|","|switch|p1a: Heatran|Heatran, F|265/386","|-damage|p1a: Heatran|217/386|[from] Stealth Rock","|turn|24","|","|switch|p2a: Garchomp|Garchomp, F, shiny|228/420","|-damage|p2a: Garchomp|202/420|[from] Stealth Rock","|move|p1a: Heatran|Lava Plume|p2a: Garchomp","|-resisted|p2a: Garchomp","|-damage|p2a: Garchomp|119/420","|-status|p2a: Garchomp|brn","|","|-heal|p1a: Heatran|241/386|[from] item: Leftovers","|-damage|p2a: Garchomp|67/420 brn|[from] brn","|turn|25","|","|switch|p1a: Whimsicott|Whimsicott, M|244/324","|-damage|p1a: Whimsicott|204/324|[from] Stealth Rock","|move|p2a: Garchomp|Earthquake|p1a: Whimsicott","|-resisted|p1a: Whimsicott","|-damage|p1a: Whimsicott|167/324","|","|-heal|p1a: Whimsicott|187/324|[from] item: Leftovers","|-damage|p2a: Garchomp|15/420 brn|[from] brn","|turn|26","|","|move|p1a: Whimsicott|Substitute|p1a: Whimsicott","|-start|p1a: Whimsicott|Substitute","|-damage|p1a: Whimsicott|106/324","|move|p2a: Garchomp|Earthquake|p1a: Whimsicott","|-resisted|p1a: Whimsicott","|-activate|p1a: Whimsicott|Substitute|[damage]","|","|-heal|p1a: Whimsicott|126/324|[from] item: Leftovers","|-damage|p2a: Garchomp|0 fnt|[from] brn","|faint|p2a: Garchomp","|","|switch|p2a: Jirachi|Jirachi|215/341 par","|-damage|p2a: Jirachi|194/341 par|[from] Stealth Rock","|turn|27","|","|move|p1a: Whimsicott|Leech Seed|p2a: Jirachi","|-start|p2a: Jirachi|move: Leech Seed","|move|p2a: Jirachi|Ice Punch|p1a: Whimsicott","|-supereffective|p1a: Whimsicott","|-end|p1a: Whimsicott|Substitute","|","|-heal|p1a: Whimsicott|146/324|[from] item: Leftovers","|-damage|p2a: Jirachi|152/341 par|[from] Leech Seed|[of] p1a: Whimsicott","|-heal|p1a: Whimsicott|188/324|[silent]","|turn|28","|","|move|p1a: Whimsicott|Substitute|p1a: Whimsicott","|-start|p1a: Whimsicott|Substitute","|-damage|p1a: Whimsicott|107/324","|move|p2a: Jirachi|Ice Punch|p1a: Whimsicott","|-supereffective|p1a: Whimsicott","|-end|p1a: Whimsicott|Substitute","|","|-heal|p1a: Whimsicott|127/324|[from] item: Leftovers","|-damage|p2a: Jirachi|110/341 par|[from] Leech Seed|[of] p1a: Whimsicott","|-heal|p1a: Whimsicott|169/324|[silent]","|turn|29","|","|move|p1a: Whimsicott|Substitute|p1a: Whimsicott","|-start|p1a: Whimsicott|Substitute","|-damage|p1a: Whimsicott|88/324","|move|p2a: Jirachi|Ice Punch|p1a: Whimsicott","|-supereffective|p1a: Whimsicott","|-end|p1a: Whimsicott|Substitute","|","|-heal|p1a: Whimsicott|108/324|[from] item: Leftovers","|-damage|p2a: Jirachi|68/341 par|[from] Leech Seed|[of] p1a: Whimsicott","|-heal|p1a: Whimsicott|150/324|[silent]","|turn|30","|","|move|p1a: Whimsicott|Substitute|p1a: Whimsicott","|-start|p1a: Whimsicott|Substitute","|-damage|p1a: Whimsicott|69/324","|cant|p2a: Jirachi|par","|","|-heal|p1a: Whimsicott|89/324|[from] item: Leftovers","|-damage|p2a: Jirachi|26/341 par|[from] Leech Seed|[of] p1a: Whimsicott","|-heal|p1a: Whimsicott|131/324|[silent]","|turn|31","|","|move|p1a: Whimsicott|Taunt|p2a: Jirachi","|-start|p2a: Jirachi|move: Taunt","|move|p2a: Jirachi|Ice Punch|p1a: Whimsicott","|-supereffective|p1a: Whimsicott","|-end|p1a: Whimsicott|Substitute","|","|-heal|p1a: Whimsicott|151/324|[from] item: Leftovers","|-damage|p2a: Jirachi|0 fnt|[from] Leech Seed|[of] p1a: Whimsicott","|-heal|p1a: Whimsicott|177/324|[silent]","|faint|p2a: Jirachi","|","|switch|p2a: Tornadus-Therian|Tornadus-Therian, M|176/299 brn","|-damage|p2a: Tornadus-Therian|102/299 brn|[from] Stealth Rock","|turn|32","|","|switch|p1a: Heatran|Heatran, F|241/386","|-damage|p1a: Heatran|193/386|[from] Stealth Rock","|move|p2a: Tornadus-Therian|Heat Wave|p1a: Heatran","|-start|p1a: Heatran|ability: Flash Fire","|","|-heal|p1a: Heatran|217/386|[from] item: Leftovers","|-damage|p2a: Tornadus-Therian|65/299 brn|[from] brn","|turn|33","|","|move|p2a: Tornadus-Therian|U-turn|p1a: Heatran","|-resisted|p1a: Heatran","|-damage|p1a: Heatran|211/386","|","|switch|p2a: Diggersby|Diggersby, M|230/311","|-damage|p2a: Diggersby|211/311|[from] Stealth Rock","|move|p1a: Heatran|Ancient Power|p2a: Diggersby","|-resisted|p2a: Diggersby","|-damage|p2a: Diggersby|165/311","|","|-heal|p1a: Heatran|235/386|[from] item: Leftovers","|turn|34","|","|move|p2a: Diggersby|Earthquake|p1a: Heatran","|-supereffective|p1a: Heatran","|-damage|p1a: Heatran|0 fnt","|-damage|p2a: Diggersby|134/311|[from] item: Life Orb","|faint|p1a: Heatran","|","|","|switch|p1a: Whimsicott|Whimsicott, M|177/324","|-damage|p1a: Whimsicott|137/324|[from] Stealth Rock","|turn|35","|","|move|p1a: Whimsicott|Substitute|p1a: Whimsicott","|-start|p1a: Whimsicott|Substitute","|-damage|p1a: Whimsicott|56/324","|move|p2a: Diggersby|Return|p1a: Whimsicott","|-end|p1a: Whimsicott|Substitute","|-damage|p2a: Diggersby|103/311|[from] item: Life Orb","|","|-heal|p1a: Whimsicott|76/324|[from] item: Leftovers","|turn|36","|","|move|p1a: Whimsicott|Substitute|p1a: Whimsicott","|-fail|p1a: Whimsicott|move: Substitute|[weak]","|move|p2a: Diggersby|Return|p1a: Whimsicott","|-damage|p1a: Whimsicott|0 fnt","|-damage|p2a: Diggersby|72/311|[from] item: Life Orb","|faint|p1a: Whimsicott","|","|","|switch|p1a: Liepard|Liepard, F|133/269","|-damage|p1a: Liepard|100/269|[from] Stealth Rock","|turn|37","|","|move|p1a: Liepard|Sucker Punch|p2a: Diggersby","|-damage|p2a: Diggersby|0 fnt","|-damage|p1a: Liepard|74/269|[from] item: Life Orb","|faint|p2a: Diggersby","|","|","|switch|p2a: Tornadus-Therian|Tornadus-Therian, M|164/299 brn","|-damage|p2a: Tornadus-Therian|90/299 brn|[from] Stealth Rock","|turn|38","|","|move|p1a: Liepard|Sucker Punch|p2a: Tornadus-Therian","|-damage|p2a: Tornadus-Therian|0 fnt","|-damage|p1a: Liepard|48/269|[from] item: Life Orb","|faint|p2a: Tornadus-Therian","|","|win|wefwregf"],"p1rating":{"entryid":601074,"formatid":"ou","userid":"wefwregf","username":"wefwregf","r":1500,"rd":130,"sigma":0,"rpr":1540.1606143388,"rprd":122.8583080769,"rpsigma":0,"rptime":1440752400,"w":1,"l":0,"t":0,"gxe":55,"acre":1040,"lacre":1040,"oldacre":1000},"p2rating":{"entryid":601075,"formatid":"ou","userid":"sago","username":"SaGo","r":1500,"rd":130,"sigma":0,"rpr":1459.8393856612,"rprd":122.8583080769,"rpsigma":0,"rptime":1440752400,"w":0,"l":1,"t":0,"gxe":45,"acre":1000,"lacre":1000,"oldacre":1000},"endType":"normal"}