{"seed":[61210,62,35881,31386],"turns":24,"p1":"Union Goku","p2":"Imp Whatever","p1team":[{"name":"Sylveon","species":"Sylveon","item":"leftovers","ability":"Pixilate","moves":["calmmind","rest","sleeptalk","hypervoice"],"nature":"Modest","evs":{"hp":252,"atk":0,"def":0,"spa":252,"spd":4,"spe":0},"ivs":{"hp":31,"atk":31,"def":31,"spa":31,"spd":31,"spe":31}},{"name":"Bisharp","species":"Bisharp","item":"lumberry","ability":"Defiant","moves":["swordsdance","suckerpunch","ironhead","lowkick"],"nature":"Adamant","evs":{"hp":248,"atk":252,"def":0,"spa":0,"spd":8,"spe":0},"ivs":{"hp":31,"atk":31,"def":31,"spa":31,"spd":31,"spe":31}},{"name":"Tyranitar","species":"Tyranitar","item":"tyranitarite","ability":"Sand Stream","moves":["dragondance","crunch","stoneedge","fireblast"],"nature":"Naughty","evs":{"hp":0,"atk":252,"def":0,"spa":4,"spd":0,"spe":252},"ivs":{"hp":31,"atk":31,"def":31,"spa":31,"spd":31,"spe":31}},{"name":"Excadrill","species":"Excadrill","item":"choiceband","ability":"Sand Rush","moves":["earthquake","ironhead","rockslide","xscissor"],"nature":"Adamant","evs":{"hp":0,"atk":252,"def":0,"spa":0,"spd":4,"spe":252},"ivs":{"hp":31,"atk":31,"def":31,"spa":31,"spd":31,"spe":31}},{"name":"Talonflame","species":"Talonflame","item":"choiceband","ability":"Gale Wings","moves":["bravebird","uturn","flareblitz","sleeptalk"],"nature":"Jolly","evs":{"hp":0,"atk":252,"def":0,"spa":0,"spd":4,"spe":252},"ivs":{"hp":31,"atk":31,"def":31,"spa":31,"spd":31,"spe":31}},{"name":"Serperior","species":"Serperior","item":"choicescarf","ability":"Contrary","moves":["leafstorm","dragonpulse","gigadrain","hiddenpowerfire"],"nature":"Timid","evs":{"hp":0,"atk":0,"def":0,"spa":252,"spd":4,"spe":252},"ivs":{"hp":31,"atk":30,"def":31,"spa":30,"spd":31,"spe":30}}],"p2team":[{"name":"Swampert","species":"Swampert","item":"quickclaw","ability":"Torrent","moves":["earthquake","waterfall","icepunch","rockslide"],"nature":"Brave","evs":{"hp":100,"atk":84,"def":92,"spa":0,"spd":112,"spe":120},"gender":"M","ivs":{"hp":31,"atk":31,"def":31,"spa":31,"spd":31,"spe":31}},{"name":"Ludicolo","species":"Ludicolo","item":"leftovers","ability":"Swift Swim","moves":["scald","gigadrain","focusblast","icebeam"],"nature":"Timid","evs":{"hp":76,"atk":0,"def":96,"spa":136,"spd":100,"spe":100},"gender":"M","shiny":true,"ivs":{"hp":31,"atk":31,"def":31,"spa":31,"spd":31,"spe":31}},{"name":"Pelipper","species":"Pelipper","item":"leftovers","ability":"Rain Dish","moves":["icebeam","hurricane","tailwind","scald"],"nature":"Bold","evs":{"hp":0,"atk":0,"def":0,"spa":140,"spd":172,"spe":196},"gender":"M","shiny":true,"ivs":{"hp":31,"atk":31,"def":31,"spa":31,"spd":31,"spe":31}},{"name":"Sharpedo","species":"Sharpedo","item":"sharpedonite","ability":"Speed Boost","moves":["protect","waterfall","crunch","icefang"],"nature":"Hasty","evs":{"hp":52,"atk":152,"def":84,"spa":0,"spd":104,"spe":116},"gender":"M","ivs":{"hp":31,"atk":31,"def":31,"spa":31,"spd":31,"spe":31}},{"name":"Tentacruel","species":"Tentacruel","item":"airballoon","ability":"Rain Dish","moves":["icebeam","confuseray","sludgebomb","infestation"],"nature":"Modest","evs":{"hp":120,"atk":0,"def":72,"spa":100,"spd":148,"spe":68},"ivs":{"hp":31,"atk":31,"def":31,"spa":31,"spd":31,"spe":31}},{"name":"Politoed","species":"Politoed","item":"focussash","ability":"Drizzle","moves":["attract","protect","surf","hypnosis"],"nature":"Calm","evs":{"hp":136,"atk":0,"def":96,"spa":68,"spd":116,"spe":92},"gender":"F","ivs":{"hp":31,"atk":31,"def":31,"spa":31,"spd":31,"spe":31}}],"log":["|player|p1|Union Goku|144","|player|p2|Imp Whatever|291","|gametype|singles","|gen|6","|tier|OU","|rated","|clearpoke","|poke|p1|Sylveon, M","|poke|p1|Bisharp, M","|poke|p1|Tyranitar, M","|poke|p1|Excadrill, M","|poke|p1|Talonflame, F","|poke|p1|Serperior, M","|poke|p2|Swampert, M","|poke|p2|Ludicolo, M, shiny","|poke|p2|Pelipper, M, shiny","|poke|p2|Sharpedo, M","|poke|p2|Tentacruel, F","|poke|p2|Politoed, F","|rule|Swagger Clause: Swagger is banned","|rule|Baton Pass Clause: Limit one Baton Passer, can't pass Spe and other stats simultaneously","|rule|Sleep Clause Mod: Limit one foe put to sleep","|rule|Species Clause: Limit one of each Pokémon","|rule|OHKO Clause: OHKO moves are banned","|rule|Moody Clause: Moody is banned","|rule|Evasion Moves Clause: Evasion moves are banned","|rule|Endless Battle Clause: Forcing endless battles is banned","|rule|HP Percentage Mod: HP is shown in percentages","|teampreview","|","|start","|switch|p1a: Sylveon|Sylveon, M|394/394","|switch|p2a: Politoed|Politoed, F|355/355","|-weather|RainDance","|turn|1","|","|move|p2a: Politoed|Attract|p1a: Sylveon","|-start|p1a: Sylveon|Attract","|-activate|p1a: Sylveon|Attract|[of] p2a: Politoed","|move|p1a: Sylveon|Calm Mind|p1a: Sylveon","|-boost|p1a: Sylveon|spa|1","|-boost|p1a: Sylveon|spd|1","|","|-weather|RainDance|[upkeep]","|turn|2","|","|move|p2a: Politoed|Hypnosis|p1a: Sylveon","|-status|p1a: Sylveon|slp","|cant|p1a: Sylveon|slp","|","|-weather|RainDance|[upkeep]","|turn|3","|","|move|p2a: Politoed|Surf|p1a: Sylveon","|-damage|p1a: Sylveon|312/394 slp","|-curestatus|p1a: Sylveon|slp","|-activate|p1a: Sylveon|Attract|[of] p2a: Politoed","|cant|p1a: Sylveon|Attract","|","|-weather|RainDance|[upkeep]","|-heal|p1a: Sylveon|336/394|[from] item: Leftovers","|turn|4","|","|move|p2a: Politoed|Surf|p1a: Sylveon","|-damage|p1a: Sylveon|257/394","|-activate|p1a: Sylveon|Attract|[of] p2a: Politoed","|move|p1a: Sylveon|Calm Mind|p1a: Sylveon","|-boost|p1a: Sylveon|spa|1","|-boost|p1a: Sylveon|spd|1","|","|-weather|RainDance|[upkeep]","|-heal|p1a: Sylveon|281/394|[from] item: Leftovers","|turn|5","|","|move|p2a: Politoed|Surf|p1a: Sylveon","|-damage|p1a: Sylveon|221/394","|-activate|p1a: Sylveon|Attract|[of] p2a: Politoed","|move|p1a: Sylveon|Rest|p1a: Sylveon","|-status|p1a: Sylveon|slp","|-heal|p1a: Sylveon|394/394 slp|[silent]","|-status|p1a: Sylveon|slp|[from] move: Rest","|","|-weather|none","|turn|6","|","|switch|p2a: Tentacruel|Tentacruel, F|331/331","|-end|p1a: Sylveon|Attract|[silent]","|-item|p2a: Tentacruel|Air Balloon","|cant|p1a: Sylveon|slp","|move|p1a: Sylveon|Sleep Talk|p1a: Sylveon","|move|p1a: Sylveon|Hyper Voice|p2a: Tentacruel|[from]Sleep Talk","|-resisted|p2a: Tentacruel","|-damage|p2a: Tentacruel|176/331","|-enditem|p2a: Tentacruel|Air Balloon","|","|turn|7","|","|move|p2a: Tentacruel|Sludge Bomb|p1a: Sylveon","|-supereffective|p1a: Sylveon","|-damage|p1a: Sylveon|310/394 slp","|cant|p1a: Sylveon|slp","|move|p1a: Sylveon|Sleep Talk|p1a: Sylveon","|move|p1a: Sylveon|Hyper Voice|p2a: Tentacruel|[from]Sleep Talk","|-resisted|p2a: Tentacruel","|-damage|p2a: Tentacruel|26/331","|","|-heal|p1a: Sylveon|334/394 slp|[from] item: Leftovers","|turn|8","|","|move|p2a: Tentacruel|Confuse Ray|p1a: Sylveon","|-start|p1a: Sylveon|confusion","|-curestatus|p1a: Sylveon|slp","|-activate|p1a: Sylveon|confusion","|-damage|p1a: Sylveon|307/394|[from] confusion","|","|-heal|p1a: Sylveon|331/394|[from] item: Leftovers","|turn|9","|","|move|p2a: Tentacruel|Sludge Bomb|p1a: Sylveon","|-supereffective|p1a: Sylveon","|-damage|p1a: Sylveon|251/394","|-activate|p1a: Sylveon|confusion","|-damage|p1a: Sylveon|221/394|[from] confusion","|","|-heal|p1a: Sylveon|245/394|[from] item: Leftovers","|turn|10","|","|move|p2a: Tentacruel|Infestation|p1a: Sylveon","|-resisted|p1a: Sylveon","|-damage|p1a: Sylveon|242/394","|-activate|p1a: Sylveon|move: Infestation|[of] p2a: Tentacruel","|-activate|p1a: Sylveon|confusion","|-damage|p1a: Sylveon|214/394|[from] confusion","|","|-heal|p1a: Sylveon|238/394|[from] item: Leftovers","|-damage|p1a: Sylveon|189/394|[from] move: Infestation|[partiallytrapped]","|turn|11","|","|move|p2a: Tentacruel|Sludge Bomb|p1a: Sylveon","|-supereffective|p1a: Sylveon","|-damage|p1a: Sylveon|109/394","|-status|p1a: Sylveon|psn","|-activate|p1a: Sylveon|confusion","|-damage|p1a: Sylveon|81/394 psn|[from] confusion","|","|-heal|p1a: Sylveon|105/394 psn|[from] item: Leftovers","|-damage|p1a: Sylveon|56/394 psn|[from] psn","|-damage|p1a: Sylveon|7/394 psn|[from] move: Infestation|[partiallytrapped]","|turn|12","|","|move|p2a: Tentacruel|Sludge Bomb|p1a: Sylveon","|-supereffective|p1a: Sylveon","|-damage|p1a: Sylveon|0 fnt","|faint|p1a: Sylveon","|","|","|switch|p1a: Serperior|Serperior, M|291/291","|turn|13","|","|move|p1a: Serperior|Leaf Storm|p2a: Tentacruel","|-damage|p2a: Tentacruel|0 fnt","|-boost|p1a: Serperior|spa|2","|faint|p2a: Tentacruel","|","|","|switch|p2a: Pelipper|Pelipper, M, shiny|261/261","|turn|14","|","|move|p1a: Serperior|Leaf Storm|p2a: Pelipper|[miss]","|-miss|p1a: Serperior|p2a: Pelipper","|move|p2a: Pelipper|Hurricane|p1a: Serperior|[miss]","|-miss|p2a: Pelipper|p1a: Serperior","|","|turn|15","|","|move|p1a: Serperior|Leaf Storm|p2a: Pelipper","|-damage|p2a: Pelipper|0 fnt","|-boost|p1a: Serperior|spa|2","|faint|p2a: Pelipper","|","|","|switch|p2a: Ludicolo|Ludicolo, M, shiny|320/320","|turn|16","|","|move|p1a: Serperior|Leaf Storm|p2a: Ludicolo","|-damage|p2a: Ludicolo|0 fnt","|-boost|p1a: Serperior|spa|2","|faint|p2a: Ludicolo","|","|","|switch|p2a: Sharpedo|Sharpedo, M|294/294","|turn|17","|","|move|p2a: Sharpedo|Protect|p2a: Sharpedo","|-singleturn|p2a: Sharpedo|Protect","|move|p1a: Serperior|Leaf Storm|p2a: Sharpedo","|-activate|p2a: Sharpedo|Protect","|","|-boost|p2a: Sharpedo|spe|1|[from] ability: Speed Boost","|turn|18","|","|detailschange|p2a: Sharpedo|Sharpedo-Mega, M","|-mega|p2a: Sharpedo|Sharpedo|Sharpedonite","|move|p1a: Serperior|Leaf Storm|p2a: Sharpedo","|-supereffective|p2a: Sharpedo","|-damage|p2a: Sharpedo|0 fnt","|faint|p2a: Sharpedo","|","|","|switch|p2a: Politoed|Politoed, F|355/355","|-weather|RainDance","|turn|19","|","|move|p2a: Politoed|Protect|p2a: Politoed","|-singleturn|p2a: Politoed|Protect","|move|p1a: Serperior|Leaf Storm|p2a: Politoed","|-activate|p2a: Politoed|Protect","|","|-weather|RainDance|[upkeep]","|turn|20","|","|move|p1a: Serperior|Leaf Storm|p2a: Politoed","|-supereffective|p2a: Politoed","|-enditem|p2a: Politoed|Focus Sash","|-damage|p2a: Politoed|1/355","|move|p2a: Politoed|Surf|p1a: Serperior","|-resisted|p1a: Serperior","|-damage|p1a: Serperior|205/291","|","|-weather|RainDance|[upkeep]","|turn|21","|","|-activate|p1a: Serperior|move: Struggle","|move|p1a: Serperior|Struggle|p2a: Politoed","|-damage|p2a: Politoed|0 fnt","|-damage|p1a: Serperior|133/291|[from] recoil","|faint|p2a: Politoed","|","|-weather|RainDance|[upkeep]","|","|switch|p2a: Swampert|Swampert, M|366/366","|turn|22","|","|-activate|p1a: Serperior|move: Struggle","|move|p1a: Serperior|Struggle|p2a: Swampert","|-damage|p2a: Swampert|336/366","|-damage|p1a: Serperior|61/291|[from] recoil","|move|p2a: Swampert|Ice Punch|p1a: Serperior","|-supereffective|p1a: Serperior","|-damage|p1a: Serperior|0 fnt","|faint|p1a: Serperior","|","|-weather|RainDance|[upkeep]","|","|switch|p1a: Tyranitar|Tyranitar, M|341/341","|-weather|Sandstorm","|turn|23","|","|detailschange|p1a: Tyranitar|Tyranitar-Mega, M","|-mega|p1a: Tyranitar|Tyranitar|Tyranitarite","|move|p1a: Tyranitar|Crunch|p2a: Swampert","|-crit|p2a: Swampert","|-damage|p2a: Swampert|56/366","|move|p2a: Swampert|Earthquake|p1a: Tyranitar","|-supereffective|p1a: Tyranitar","|-damage|p1a: Tyranitar|129/341","|","|-weather|Sandstorm|[upkeep]","|turn|24","|","|move|p1a: Tyranitar|Crunch|p2a: Swampert","|-damage|p2a: Swampert|0 fnt","|faint|p2a: Swampert","|","|win|Union Goku"],"p1rating":{"entryid":625150,"formatid":"ou","userid":"uniongoku","username":"Union Goku","r":1500,"rd":130,"sigma":0,"rpr":1540.1606143388,"rprd":122.8583080769,"rpsigma":0,"rptime":1440838800,"w":1,"l":0,"t":0,"gxe":55,"acre":1040,"lacre":1040,"oldacre":1000},"p2rating":{"entryid":625151,"formatid":"ou","userid":"impwhatever","username":"Imp Whatever","r":1500,"rd":130,"sigma":0,"rpr":1459.8393856612,"rprd":122.8583080769,"rpsigma":0,"rptime":1440838800,"w":0,"l":1,"t":0,"gxe":45,"acre":1000,"lacre":1000,"oldacre":1000},"endType":"normal"}