{"seed":[9292,59485,57435,32836],"turns":29,"p1":"joon11","p2":"Dusk Oblivion","p1team":[{"name":"Alakazam","species":"Alakazam","item":"alakazite","ability":"Magic Guard","moves":["focusblast","calmmind","psychic","shadowball"],"nature":"Timid","evs":{"hp":0,"atk":0,"def":4,"spa":252,"spd":0,"spe":252},"ivs":{"hp":31,"atk":31,"def":31,"spa":31,"spd":31,"spe":31}},{"name":"Breloom","species":"Breloom","item":"lifeorb","ability":"Technician","moves":["swordsdance","spore","bulletseed","machpunch"],"nature":"Jolly","evs":{"hp":4,"atk":252,"def":0,"spa":0,"spd":0,"spe":252},"ivs":{"hp":31,"atk":31,"def":31,"spa":31,"spd":31,"spe":31}},{"name":"Tyranitar","species":"Tyranitar","item":"choiceband","ability":"Sand Stream","moves":["crunch","superpower","pursuit","stoneedge"],"nature":"Adamant","evs":{"hp":96,"atk":252,"def":0,"spa":0,"spd":0,"spe":160},"ivs":{"hp":31,"atk":31,"def":31,"spa":31,"spd":31,"spe":31}},{"name":"Garchomp","species":"Garchomp","item":"rockyhelmet","ability":"Rough Skin","moves":["dragontail","earthquake","stealthrock","fireblast"],"nature":"Impish","evs":{"hp":248,"atk":0,"def":148,"spa":0,"spd":88,"spe":24},"ivs":{"hp":31,"atk":31,"def":31,"spa":31,"spd":31,"spe":31}},{"name":"Thundurus","species":"Thundurus","item":"lifeorb","ability":"Prankster","moves":["hiddenpowerice","focusblast","thunderwave","thunderbolt"],"nature":"Timid","evs":{"hp":0,"atk":0,"def":0,"spa":252,"spd":4,"spe":252},"ivs":{"hp":31,"atk":30,"def":30,"spa":31,"spd":31,"spe":31}},{"name":"Empoleon","species":"Empoleon","item":"leftovers","ability":"Torrent","moves":["knockoff","roar","scald","defog"],"nature":"Sassy","evs":{"hp":248,"atk":0,"def":0,"spa":8,"spd":252,"spe":0},"ivs":{"hp":31,"atk":31,"def":31,"spa":31,"spd":31,"spe":31}}],"p2team":[{"name":"Aerodactyl","species":"Aerodactyl","item":"focussash","ability":"Pressure","moves":["stealthrock","taunt","stoneedge","tailwind"],"nature":"Jolly","evs":{"hp":4,"atk":252,"def":0,"spa":0,"spd":0,"spe":252},"gender":"M","ivs":{"hp":31,"atk":31,"def":31,"spa":31,"spd":31,"spe":31}},{"name":"Metagross","species":"Metagross","item":"metagrossite","ability":"Clear Body","moves":["rockpolish","ironhead","earthquake","icepunch"],"nature":"Adamant","evs":{"hp":0,"atk":252,"def":0,"spa":0,"spd":4,"spe":252},"shiny":true,"ivs":{"hp":31,"atk":31,"def":31,"spa":31,"spd":31,"spe":31}},{"name":"Togekiss","species":"Togekiss","item":"leftovers","ability":"Serene Grace","moves":["thunderwave","airslash","roost","healbell"],"nature":"Calm","evs":{"hp":252,"atk":0,"def":0,"spa":4,"spd":252,"spe":0},"gender":"F","shiny":true,"ivs":{"hp":31,"atk":31,"def":31,"spa":31,"spd":31,"spe":31}},{"name":"Serperior","species":"Serperior","item":"leftovers","ability":"Contrary","moves":["substitute","dragonpulse","leafstorm","gigadrain"],"nature":"Timid","evs":{"hp":0,"atk":0,"def":0,"spa":252,"spd":4,"spe":252},"gender":"F","ivs":{"hp":31,"atk":30,"def":31,"spa":30,"spd":31,"spe":30},"shiny":true},{"name":"Talonflame","species":"Talonflame","item":"choiceband","ability":"Gale Wings","moves":["bravebird","roost","flareblitz","acrobatics"],"nature":"Jolly","evs":{"hp":0,"atk":252,"def":4,"spa":0,"spd":0,"spe":252},"gender":"M","shiny":true,"ivs":{"hp":31,"atk":31,"def":31,"spa":31,"spd":31,"spe":31}},{"name":"Suicune","species":"Suicune","item":"leftovers","ability":"Pressure","moves":["aquaring","calmmind","scald","substitute"],"nature":"Relaxed","evs":{"hp":248,"atk":0,"def":252,"spa":0,"spd":8,"spe":0},"shiny":true,"ivs":{"hp":31,"atk":31,"def":31,"spa":31,"spd":31,"spe":31}}],"log":["|player|p1|joon11|102","|player|p2|Dusk Oblivion|290","|gametype|singles","|gen|6","|tier|OU","|rated","|clearpoke","|poke|p1|Alakazam, F","|poke|p1|Breloom, M","|poke|p1|Tyranitar, M","|poke|p1|Garchomp, F","|poke|p1|Thundurus, M","|poke|p1|Empoleon, F","|poke|p2|Aerodactyl, M","|poke|p2|Metagross, shiny","|poke|p2|Togekiss, F, shiny","|poke|p2|Serperior, F, shiny","|poke|p2|Talonflame, M, shiny","|poke|p2|Suicune, shiny","|rule|Swagger Clause: Swagger is banned","|rule|Baton Pass Clause: Limit one Baton Passer, can't pass Spe and other stats simultaneously","|rule|Sleep Clause Mod: Limit one foe put to sleep","|rule|Species Clause: Limit one of each Pokémon","|rule|OHKO Clause: OHKO moves are banned","|rule|Moody Clause: Moody is banned","|rule|Evasion Moves Clause: Evasion moves are banned","|rule|Endless Battle Clause: Forcing endless battles is banned","|rule|HP Percentage Mod: HP is shown in percentages","|teampreview","|","|start","|switch|p1a: Empoleon|Empoleon, F|371/371","|switch|p2a: Aerodactyl|Aerodactyl, M|302/302","|-ability|p2a: Aerodactyl|Pressure","|turn|1","|","|move|p2a: Aerodactyl|Taunt|p1a: Empoleon","|-start|p1a: Empoleon|move: Taunt","|move|p1a: Empoleon|Scald|p2a: Aerodactyl","|-supereffective|p2a: Aerodactyl","|-damage|p2a: Aerodactyl|42/302","|","|turn|2","|","|switch|p1a: Breloom|Breloom, M|262/262","|move|p2a: Aerodactyl|Stealth Rock|p1a: Breloom","|-sidestart|p1: joon11|move: Stealth Rock","|","|turn|3","|","|move|p1a: Breloom|Mach Punch|p2a: Aerodactyl","|-damage|p2a: Aerodactyl|0 fnt","|-damage|p1a: Breloom|236/262|[from] item: Life Orb","|faint|p2a: Aerodactyl","|","|","|switch|p2a: Talonflame|Talonflame, M, shiny|297/297","|turn|4","|","|switch|p1a: Tyranitar|Tyranitar, M|365/365","|-damage|p1a: Tyranitar|320/365|[from] Stealth Rock","|-weather|Sandstorm","|move|p2a: Talonflame|Brave Bird|p1a: Tyranitar","|-resisted|p1a: Tyranitar","|-damage|p1a: Tyranitar|220/365","|-damage|p2a: Talonflame|264/297|[from] recoil|[of] p1a: Tyranitar","|","|-weather|Sandstorm|[upkeep]","|-damage|p2a: Talonflame|246/297|[from] sandstorm","|turn|5","|","|move|p1a: Tyranitar|Pursuit|p2a: Talonflame|[from]Pursuit","|-damage|p2a: Talonflame|0 fnt","|faint|p2a: Talonflame","|","|-weather|Sandstorm|[upkeep]","|","|switch|p2a: Togekiss|Togekiss, F, shiny|374/374","|turn|6","|","|switch|p1a: Empoleon|Empoleon, F|371/371","|-damage|p1a: Empoleon|348/371|[from] Stealth Rock","|move|p2a: Togekiss|Thunder Wave|p1a: Empoleon","|-status|p1a: Empoleon|par","|","|-weather|Sandstorm|[upkeep]","|-damage|p2a: Togekiss|351/374|[from] sandstorm","|-heal|p2a: Togekiss|374/374|[from] item: Leftovers","|-heal|p1a: Empoleon|371/371 par|[from] item: Leftovers","|turn|7","|","|move|p2a: Togekiss|Air Slash|p1a: Empoleon","|-resisted|p1a: Empoleon","|-damage|p1a: Empoleon|338/371 par","|move|p1a: Empoleon|Defog|p2a: Togekiss","|-unboost|p2a: Togekiss|evasion|1","|-sideend|p1: joon11|Stealth Rock|[from] move: Defog|[of] p1a: Empoleon","|","|-weather|Sandstorm|[upkeep]","|-damage|p2a: Togekiss|351/374|[from] sandstorm","|-heal|p2a: Togekiss|374/374|[from] item: Leftovers","|-heal|p1a: Empoleon|361/371 par|[from] item: Leftovers","|turn|8","|","|move|p2a: Togekiss|Air Slash|p1a: Empoleon","|-resisted|p1a: Empoleon","|-damage|p1a: Empoleon|321/371 par","|move|p1a: Empoleon|Knock Off|p2a: Togekiss","|-resisted|p2a: Togekiss","|-damage|p2a: Togekiss|341/374","|-enditem|p2a: Togekiss|Leftovers|[from] move: Knock Off|[of] p1a: Empoleon","|","|-weather|none","|-heal|p1a: Empoleon|344/371 par|[from] item: Leftovers","|turn|9","|","|move|p2a: Togekiss|Air Slash|p1a: Empoleon","|-resisted|p1a: Empoleon","|-damage|p1a: Empoleon|305/371 par","|move|p1a: Empoleon|Scald|p2a: Togekiss","|-damage|p2a: Togekiss|271/374","|","|-heal|p1a: Empoleon|328/371 par|[from] item: Leftovers","|turn|10","|","|move|p2a: Togekiss|Air Slash|p1a: Empoleon","|-resisted|p1a: Empoleon","|-damage|p1a: Empoleon|291/371 par","|cant|p1a: Empoleon|flinch","|","|-heal|p1a: Empoleon|314/371 par|[from] item: Leftovers","|turn|11","|","|switch|p2a: Serperior|Serperior, F, shiny|291/291","|move|p1a: Empoleon|Knock Off|p2a: Serperior","|-damage|p2a: Serperior|219/291","|-enditem|p2a: Serperior|Leftovers|[from] move: Knock Off|[of] p1a: Empoleon","|","|-heal|p1a: Empoleon|337/371 par|[from] item: Leftovers","|turn|12","|","|move|p2a: Serperior|Substitute|p2a: Serperior","|-start|p2a: Serperior|Substitute","|-damage|p2a: Serperior|147/291","|move|p1a: Empoleon|Roar|p2a: Serperior","|drag|p2a: Metagross|Metagross, shiny|301/301","|","|-heal|p1a: Empoleon|360/371 par|[from] item: Leftovers","|turn|13","|","|switch|p1a: Garchomp|Garchomp, F|419/419","|detailschange|p2a: Metagross|Metagross-Mega, shiny","|-mega|p2a: Metagross|Metagross|Metagrossite","|move|p2a: Metagross|Earthquake|p1a: Garchomp","|-damage|p1a: Garchomp|312/419","|","|turn|14","|","|switch|p2a: Togekiss|Togekiss, F, shiny|271/374","|move|p1a: Garchomp|Stealth Rock|p2a: Togekiss","|-sidestart|p2: Dusk Oblivion|move: Stealth Rock","|","|turn|15","|","|switch|p1a: Tyranitar|Tyranitar, M|220/365","|-weather|Sandstorm","|move|p2a: Togekiss|Air Slash|p1a: Tyranitar","|-resisted|p1a: Tyranitar","|-damage|p1a: Tyranitar|186/365","|","|-weather|Sandstorm|[upkeep]","|-damage|p2a: Togekiss|248/374|[from] sandstorm","|turn|16","|","|move|p1a: Tyranitar|Stone Edge|p2a: Togekiss","|-supereffective|p2a: Togekiss","|-damage|p2a: Togekiss|0 fnt","|faint|p2a: Togekiss","|","|-weather|Sandstorm|[upkeep]","|","|switch|p2a: Suicune|Suicune, shiny|403/403","|-damage|p2a: Suicune|353/403|[from] Stealth Rock","|-ability|p2a: Suicune|Pressure","|turn|17","|","|move|p1a: Tyranitar|Stone Edge|p2a: Suicune","|-damage|p2a: Suicune|155/403","|move|p2a: Suicune|Substitute|p2a: Suicune","|-start|p2a: Suicune|Substitute","|-damage|p2a: Suicune|55/403","|","|-weather|Sandstorm|[upkeep]","|-damage|p2a: Suicune|30/403|[from] sandstorm","|-heal|p2a: Suicune|55/403|[from] item: Leftovers","|turn|18","|","|move|p1a: Tyranitar|Stone Edge|p2a: Suicune","|-end|p2a: Suicune|Substitute","|move|p2a: Suicune|Aqua Ring|p2a: Suicune","|-start|p2a: Suicune|Aqua Ring","|","|-weather|Sandstorm|[upkeep]","|-damage|p2a: Suicune|30/403|[from] sandstorm","|-heal|p2a: Suicune|55/403|[from] item: Leftovers","|-heal|p2a: Suicune|80/403|[from] Aqua Ring","|turn|19","|","|move|p1a: Tyranitar|Stone Edge|p2a: Suicune|[miss]","|-miss|p1a: Tyranitar|p2a: Suicune","|move|p2a: Suicune|Scald|p1a: Tyranitar","|-supereffective|p1a: Tyranitar","|-damage|p1a: Tyranitar|66/365","|","|-weather|none","|-heal|p2a: Suicune|105/403|[from] item: Leftovers","|-heal|p2a: Suicune|130/403|[from] Aqua Ring","|turn|20","|","|move|p1a: Tyranitar|Stone Edge|p2a: Suicune","|-damage|p2a: Suicune|0 fnt","|faint|p2a: Suicune","|","|","|switch|p2a: Serperior|Serperior, F, shiny|147/291","|-damage|p2a: Serperior|111/291|[from] Stealth Rock","|turn|21","|","|move|p2a: Serperior|Leaf Storm|p1a: Tyranitar","|-supereffective|p1a: Tyranitar","|-damage|p1a: Tyranitar|0 fnt","|-boost|p2a: Serperior|spa|2","|faint|p1a: Tyranitar","|","|","|switch|p1a: Alakazam|Alakazam, F|251/251","|turn|22","|","|detailschange|p1a: Alakazam|Alakazam-Mega, F","|-mega|p1a: Alakazam|Alakazam|Alakazite","|-ability|p1a: Alakazam|Contrary|[from] ability: Trace|[of] p2a: Serperior","|move|p1a: Alakazam|Calm Mind|p1a: Alakazam","|-unboost|p1a: Alakazam|spa|1","|-unboost|p1a: Alakazam|spd|1","|move|p2a: Serperior|Giga Drain|p1a: Alakazam","|-damage|p1a: Alakazam|0 fnt","|-heal|p2a: Serperior|237/291|[from] drain|[of] p1a: Alakazam","|faint|p1a: Alakazam","|","|","|switch|p1a: Thundurus|Thundurus, M|299/299","|turn|23","|","|move|p1a: Thundurus|Thunder Wave|p2a: Serperior","|-status|p2a: Serperior|par","|move|p2a: Serperior|Leaf Storm|p1a: Thundurus","|-resisted|p1a: Thundurus","|-damage|p1a: Thundurus|124/299","|-boost|p2a: Serperior|spa|2","|","|turn|24","|","|switch|p1a: Empoleon|Empoleon, F|360/371 par","|move|p2a: Serperior|Substitute|p2a: Serperior","|-start|p2a: Serperior|Substitute","|-damage|p2a: Serperior|165/291 par","|","|-heal|p1a: Empoleon|371/371 par|[from] item: Leftovers","|turn|25","|","|move|p2a: Serperior|Leaf Storm|p1a: Empoleon|[miss]","|-miss|p2a: Serperior|p1a: Empoleon","|move|p1a: Empoleon|Roar|p2a: Serperior","|drag|p2a: Metagross|Metagross-Mega, shiny|301/301","|-damage|p2a: Metagross|283/301|[from] Stealth Rock","|","|turn|26","|","|move|p2a: Metagross|Earthquake|p1a: Empoleon","|-supereffective|p1a: Empoleon","|-damage|p1a: Empoleon|65/371 par","|move|p1a: Empoleon|Scald|p2a: Metagross","|-damage|p2a: Metagross|138/301","|","|-heal|p1a: Empoleon|88/371 par|[from] item: Leftovers","|turn|27","|","|move|p2a: Metagross|Ice Punch|p1a: Empoleon","|-resisted|p1a: Empoleon","|-damage|p1a: Empoleon|48/371 par","|move|p1a: Empoleon|Scald|p2a: Metagross","|-damage|p2a: Metagross|8/301","|-status|p2a: Metagross|brn","|","|-heal|p1a: Empoleon|71/371 par|[from] item: Leftovers","|-damage|p2a: Metagross|0 fnt|[from] brn","|faint|p2a: Metagross","|","|switch|p2a: Serperior|Serperior, F, shiny|165/291 par","|-damage|p2a: Serperior|129/291 par|[from] Stealth Rock","|turn|28","|","|cant|p2a: Serperior|par","|move|p1a: Empoleon|Knock Off|p2a: Serperior","|-damage|p2a: Serperior|80/291 par","|","|-heal|p1a: Empoleon|94/371 par|[from] item: Leftovers","|turn|29","|","|cant|p2a: Serperior|par","|move|p1a: Empoleon|Scald|p2a: Serperior","|-resisted|p2a: Serperior","|-damage|p2a: Serperior|0 fnt","|faint|p2a: Serperior","|","|win|joon11"],"p1rating":{"entryid":"7090012","serverid":"eos","formatid":"ou","userid":"joon11","username":"joon11","w":10,"l":"5","t":"0","gxe":60.3,"r":"1537.8214861588","rd":"88.625293796532","sigma":"0","rptime":"1438160400","rpr":1580.2738383505,"rprd":78.376485525398,"rpsigma":"0","acre":1134.8073948297,"lacre":1134.8073948297,"oldacre":"1116.0022099055"},"p2rating":{"entryid":"6611823","serverid":"eos","formatid":"ou","userid":"duskoblivion","username":"Dusk Oblivion","w":"1","l":2,"t":"0","gxe":45.7,"r":"1498.793207049","rd":"121.32909408609","sigma":"0","rptime":"1438160400","rpr":1466.0562743865,"rprd":115.07249291353,"rpsigma":"0","acre":1017.389883198,"lacre":1017.389883198,"oldacre":"1028.0802871198"},"endType":"normal"}