{"seed":[19608,19070,16665,44606],"turns":20,"p1":"DpxYT","p2":"Hawaii Express","p1team":[{"name":"Cinccino","species":"Cinccino","item":"focussash","ability":"Technician","moves":["bulletseed","tailslap","workup","protect"],"nature":"Jolly","evs":{"hp":4,"atk":252,"def":0,"spa":0,"spd":0,"spe":252},"ivs":{"hp":31,"atk":31,"def":31,"spa":31,"spd":31,"spe":31}},{"name":"Azumarill","species":"Azumarill","item":"sitrusberry","ability":"Huge Power","moves":["bellydrum","irontail","playrough","aquajet"],"nature":"Impish","evs":{"hp":244,"atk":12,"def":176,"spa":0,"spd":76,"spe":0},"ivs":{"hp":31,"atk":31,"def":31,"spa":31,"spd":31,"spe":31}},{"name":"Mew","species":"Mew","item":"leftovers","ability":"Synchronize","moves":["ancientpower","dragonclaw","drainpunch","flamethrower"],"nature":"Lonely","evs":{"hp":252,"atk":92,"def":0,"spa":164,"spd":0,"spe":0},"ivs":{"hp":31,"atk":31,"def":31,"spa":31,"spd":31,"spe":31}},{"name":"Talonflame","species":"Talonflame","item":"sharpbeak","ability":"Gale Wings","moves":["bravebird","flareblitz","roost","uturn"],"nature":"Jolly","evs":{"hp":0,"atk":252,"def":0,"spa":0,"spd":4,"spe":252},"ivs":{"hp":31,"atk":31,"def":31,"spa":31,"spd":31,"spe":31}},{"name":"Cacturne","species":"Cacturne","item":"lifeorb","ability":"Water Absorb","moves":["swordsdance","suckerpunch","seedbomb","drainpunch"],"nature":"Adamant","evs":{"hp":0,"atk":252,"def":0,"spa":0,"spd":4,"spe":252},"ivs":{"hp":31,"atk":31,"def":31,"spa":31,"spd":31,"spe":31}},{"name":"Audino","species":"Audino","item":"audinite","ability":"Regenerator","moves":["toxic","substitute","drainingkiss","protect"],"nature":"","evs":{"hp":252,"atk":128,"def":0,"spa":0,"spd":128,"spe":0},"ivs":{"hp":31,"atk":31,"def":31,"spa":31,"spd":31,"spe":31}}],"p2team":[{"name":"Cotton Candy","species":"altaria","item":"altarianite","ability":"Cloud Nine","moves":["dragondance","roost","return","healbell"],"nature":"Impish","evs":{"hp":248,"atk":0,"def":136,"spa":0,"spd":96,"spe":28},"ivs":{"hp":31,"atk":31,"def":31,"spa":31,"spd":31,"spe":31}},{"name":"Heatran","species":"Heatran","item":"airballoon","ability":"Flash Fire","moves":["lavaplume","earthpower","taunt","stealthrock"],"nature":"Timid","evs":{"hp":0,"atk":0,"def":0,"spa":252,"spd":4,"spe":252},"ivs":{"hp":31,"atk":0,"def":31,"spa":31,"spd":31,"spe":31}},{"name":"Latias","species":"Latias","item":"lifeorb","ability":"Levitate","moves":["dracometeor","psyshock","defog","recover"],"nature":"Timid","evs":{"hp":72,"atk":0,"def":0,"spa":184,"spd":0,"spe":252},"ivs":{"hp":31,"atk":0,"def":31,"spa":31,"spd":31,"spe":31}},{"name":"Conkeldurr","species":"Conkeldurr","item":"assaultvest","ability":"Guts","moves":["drainpunch","machpunch","knockoff","poisonjab"],"nature":"Adamant","evs":{"hp":0,"atk":252,"def":0,"spa":0,"spd":236,"spe":20},"ivs":{"hp":31,"atk":31,"def":31,"spa":31,"spd":31,"spe":31}},{"name":"Clefable","species":"Clefable","item":"leftovers","ability":"Unaware","moves":["wish","protect","moonblast","thunderwave"],"nature":"Bold","evs":{"hp":248,"atk":0,"def":252,"spa":0,"spd":8,"spe":0},"ivs":{"hp":31,"atk":0,"def":31,"spa":31,"spd":31,"spe":31}},{"name":"Landorus-Therian","species":"Landorus-Therian","item":"choicescarf","ability":"Intimidate","moves":["earthquake","rockslide","uturn","knockoff"],"nature":"Jolly","evs":{"hp":0,"atk":252,"def":0,"spa":0,"spd":4,"spe":252},"ivs":{"hp":31,"atk":31,"def":31,"spa":31,"spd":31,"spe":31}}],"log":["|player|p1|DpxYT|80","|player|p2|Hawaii Express|20","|gametype|singles","|gen|6","|tier|OU","|rated","|clearpoke","|poke|p1|Cinccino, M","|poke|p1|Azumarill, F","|poke|p1|Mew","|poke|p1|Talonflame, M","|poke|p1|Cacturne, F","|poke|p1|Audino, M","|poke|p2|Altaria, F","|poke|p2|Heatran, F","|poke|p2|Latias, F","|poke|p2|Conkeldurr, F","|poke|p2|Clefable, M","|poke|p2|Landorus-Therian, M","|rule|Swagger Clause: Swagger is banned","|rule|Baton Pass Clause: Limit one Baton Passer, can't pass Spe and other stats simultaneously","|rule|Sleep Clause Mod: Limit one foe put to sleep","|rule|Species Clause: Limit one of each Pokémon","|rule|OHKO Clause: OHKO moves are banned","|rule|Moody Clause: Moody is banned","|rule|Evasion Moves Clause: Evasion moves are banned","|rule|Endless Battle Clause: Forcing endless battles is banned","|rule|HP Percentage Mod: HP is shown in percentages","|teampreview","|","|start","|switch|p1a: Cinccino|Cinccino, M|292/292","|switch|p2a: Heatran|Heatran, F|323/323","|-item|p2a: Heatran|Air Balloon","|turn|1","|","|switch|p1a: Mew|Mew|404/404","|move|p2a: Heatran|Stealth Rock|p1a: Mew","|-sidestart|p1: DpxYT|move: Stealth Rock","|","|turn|2","|","|move|p2a: Heatran|Taunt|p1a: Mew","|-start|p1a: Mew|move: Taunt","|move|p1a: Mew|Drain Punch|p2a: Heatran","|-crit|p2a: Heatran","|-supereffective|p2a: Heatran","|-damage|p2a: Heatran|101/323","|-enditem|p2a: Heatran|Air Balloon","|","|turn|3","|","|switch|p2a: Landorus-Therian|Landorus-Therian, M|319/319","|-ability|p2a: Landorus-Therian|Intimidate","|-unboost|p1a: Mew|atk|1","|move|p1a: Mew|Ancient Power|p2a: Landorus-Therian","|-damage|p2a: Landorus-Therian|253/319","|","|turn|4","|","|switch|p1a: Talonflame|Talonflame, M|297/297","|-damage|p1a: Talonflame|149/297|[from] Stealth Rock","|move|p2a: Landorus-Therian|Knock Off|p1a: Talonflame","|-damage|p1a: Talonflame|0 fnt","|-enditem|p1a: Talonflame|Sharp Beak|[from] move: Knock Off|[of] p2a: Landorus-Therian","|faint|p1a: Talonflame","|","|","|switch|p1a: Azumarill|Azumarill, F|402/402","|-damage|p1a: Azumarill|352/402|[from] Stealth Rock","|turn|5","|","|switch|p2a: Conkeldurr|Conkeldurr, F|351/351","|move|p1a: Azumarill|Belly Drum|p1a: Azumarill","|-damage|p1a: Azumarill|151/402","|-setboost|p1a: Azumarill|atk|6|[from] move: Belly Drum","|-enditem|p1a: Azumarill|Sitrus Berry|[eat]","|-heal|p1a: Azumarill|251/402|[from] item: Sitrus Berry","|","|turn|6","|","|switch|p2a: Clefable|Clefable, M|393/393","|move|p1a: Azumarill|Play Rough|p2a: Clefable","|-crit|p2a: Clefable","|-damage|p2a: Clefable|218/393","|","|-heal|p2a: Clefable|242/393|[from] item: Leftovers","|turn|7","|","|move|p1a: Azumarill|Aqua Jet|p2a: Clefable","|-damage|p2a: Clefable|193/393","|move|p2a: Clefable|Thunder Wave|p1a: Azumarill","|-status|p1a: Azumarill|par","|","|-heal|p2a: Clefable|217/393|[from] item: Leftovers","|turn|8","|","|move|p2a: Clefable|Wish|p2a: Clefable","|move|p1a: Azumarill|Iron Tail|p2a: Clefable","|-supereffective|p2a: Clefable","|-damage|p2a: Clefable|45/393","|-unboost|p2a: Clefable|def|1","|","|-heal|p2a: Clefable|69/393|[from] item: Leftovers","|turn|9","|","|move|p2a: Clefable|Protect|p2a: Clefable","|-singleturn|p2a: Clefable|Protect","|move|p1a: Azumarill|Aqua Jet|p2a: Clefable","|-activate|p2a: Clefable|Protect","|","|-heal|p2a: Clefable|265/393|[from] move: Wish|[wisher] Clefable","|-heal|p2a: Clefable|289/393|[from] item: Leftovers","|turn|10","|","|move|p2a: Clefable|Moonblast|p1a: Azumarill","|-damage|p1a: Azumarill|142/402 par","|move|p1a: Azumarill|Iron Tail|p2a: Clefable","|-crit|p2a: Clefable","|-supereffective|p2a: Clefable","|-damage|p2a: Clefable|0 fnt","|faint|p2a: Clefable","|","|","|switch|p2a: Latias|Latias, F|319/319","|turn|11","|","|move|p1a: Azumarill|Aqua Jet|p2a: Latias","|-resisted|p2a: Latias","|-damage|p2a: Latias|190/319","|move|p2a: Latias|Psyshock|p1a: Azumarill","|-damage|p1a: Azumarill|0 fnt","|-damage|p2a: Latias|159/319|[from] item: Life Orb","|faint|p1a: Azumarill","|","|","|switch|p1a: Mew|Mew|404/404","|-damage|p1a: Mew|354/404|[from] Stealth Rock","|turn|12","|","|move|p2a: Latias|Recover|p2a: Latias","|-heal|p2a: Latias|319/319","|move|p1a: Mew|Dragon Claw|p2a: Latias","|-supereffective|p2a: Latias","|-damage|p2a: Latias|149/319","|","|-heal|p1a: Mew|379/404|[from] item: Leftovers","|turn|13","|","|move|p2a: Latias|Draco Meteor|p1a: Mew","|-damage|p1a: Mew|137/404","|-unboost|p2a: Latias|spa|2","|-damage|p2a: Latias|118/319|[from] item: Life Orb","|move|p1a: Mew|Dragon Claw|p2a: Latias","|-supereffective|p2a: Latias","|-damage|p2a: Latias|0 fnt","|faint|p2a: Latias","|","|-heal|p1a: Mew|162/404|[from] item: Leftovers","|","|switch|p2a: Cotton Candy|Altaria, F|353/353","|-ability|p2a: Cotton Candy|Cloud Nine","|turn|14","|","|detailschange|p2a: Cotton Candy|Altaria-Mega, F","|-mega|p2a: Cotton Candy|Altaria|Altarianite","|move|p1a: Mew|Ancient Power|p2a: Cotton Candy","|-damage|p2a: Cotton Candy|306/353","|move|p2a: Cotton Candy|Dragon Dance|p2a: Cotton Candy","|-boost|p2a: Cotton Candy|atk|1","|-boost|p2a: Cotton Candy|spe|1","|","|-heal|p1a: Mew|187/404|[from] item: Leftovers","|turn|15","|","|move|p2a: Cotton Candy|Dragon Dance|p2a: Cotton Candy","|-boost|p2a: Cotton Candy|atk|1","|-boost|p2a: Cotton Candy|spe|1","|move|p1a: Mew|Ancient Power|p2a: Cotton Candy","|-damage|p2a: Cotton Candy|255/353","|","|-heal|p1a: Mew|212/404|[from] item: Leftovers","|turn|16","|","|switch|p1a: Audino|Audino, M|410/410","|-damage|p1a: Audino|359/410|[from] Stealth Rock","|move|p2a: Cotton Candy|Return|p1a: Audino","|-damage|p1a: Audino|0 fnt","|faint|p1a: Audino","|","|","|switch|p1a: Mew|Mew|212/404","|-damage|p1a: Mew|162/404|[from] Stealth Rock","|turn|17","|","|move|p2a: Cotton Candy|Return|p1a: Mew","|-damage|p1a: Mew|0 fnt","|faint|p1a: Mew","|","|","|switch|p1a: Cinccino|Cinccino, M|292/292","|-damage|p1a: Cinccino|256/292|[from] Stealth Rock","|turn|18","|","|move|p1a: Cinccino|Protect|p1a: Cinccino","|-singleturn|p1a: Cinccino|Protect","|move|p2a: Cotton Candy|Return|p1a: Cinccino","|-activate|p1a: Cinccino|Protect","|","|turn|19","|","|move|p2a: Cotton Candy|Return|p1a: Cinccino","|-damage|p1a: Cinccino|0 fnt","|faint|p1a: Cinccino","|","|","|switch|p1a: Cacturne|Cacturne, F|281/281","|-damage|p1a: Cacturne|246/281|[from] Stealth Rock","|turn|20","|","|move|p1a: Cacturne|Sucker Punch|p2a: Cotton Candy","|-resisted|p2a: Cotton Candy","|-damage|p2a: Cotton Candy|182/353","|-damage|p1a: Cacturne|218/281|[from] item: Life Orb","|move|p2a: Cotton Candy|Return|p1a: Cacturne","|-supereffective|p1a: Cacturne","|-damage|p1a: Cacturne|0 fnt","|faint|p1a: Cacturne","|","|win|Hawaii Express"],"p1rating":{"entryid":"7229840","serverid":"eos","formatid":"ou","userid":"dpxyt","username":"DpxYT","w":"0","l":5,"t":"0","gxe":32.4,"r":1374.5857611291,"rd":106.81995824453,"sigma":"0","rptime":1438160400,"rpr":1355.3869551133,"rprd":103.15062512097,"rpsigma":"0","acre":1000,"lacre":1000,"oldacre":"1000"},"p2rating":{"entryid":7254588,"formatid":"ou","userid":"hawaiiexpress","username":"Hawaii Express","r":1500,"rd":130,"sigma":0,"rpr":1540.1606143388,"rprd":122.8583080769,"rpsigma":0,"rptime":1438160400,"w":1,"l":0,"t":0,"gxe":55,"acre":1040,"lacre":1040,"oldacre":1000},"endType":"normal"}