{"seed":[54809,4398,32800,28906],"turns":34,"p1":"R3B0UND","p2":"Test374893125","p1team":[{"name":"Sigilyph","species":"Sigilyph","item":"toxicorb","ability":"Magic Guard","moves":["roost","psychoshift","cosmicpower","storedpower"],"nature":"Modest","evs":{"hp":252,"atk":0,"def":128,"spa":0,"spd":128,"spe":0},"ivs":{"hp":31,"atk":0,"def":31,"spa":31,"spd":31,"spe":31}},{"name":"Ferrothorn","species":"Ferrothorn","item":"rockyhelmet","ability":"Iron Barbs","moves":["protect","stealthrock","powerwhip","gyroball"],"nature":"Relaxed","evs":{"hp":240,"atk":16,"def":252,"spa":0,"spd":0,"spe":0},"ivs":{"hp":31,"atk":31,"def":31,"spa":31,"spd":31,"spe":0}},{"name":"Rotom-Heat","species":"Rotom-Heat","item":"choicespecs","ability":"Levitate","moves":["overheat","voltswitch","thunderbolt","trick"],"nature":"Modest","evs":{"hp":0,"atk":0,"def":0,"spa":252,"spd":4,"spe":252},"ivs":{"hp":31,"atk":31,"def":31,"spa":31,"spd":31,"spe":31}},{"name":"Shuckle","species":"Shuckle","item":"leftovers","ability":"Sturdy","moves":["infestation","toxic","stickyweb","encore"],"nature":"Impish","evs":{"hp":252,"atk":0,"def":128,"spa":0,"spd":128,"spe":0},"ivs":{"hp":31,"atk":31,"def":31,"spa":31,"spd":31,"spe":31}},{"name":"Swampert","species":"Swampert","item":"swampertite","ability":"Torrent","moves":["raindance","waterfall","earthquake","icepunch"],"nature":"Adamant","evs":{"hp":248,"atk":252,"def":0,"spa":0,"spd":8,"spe":0},"ivs":{"hp":31,"atk":31,"def":31,"spa":31,"spd":31,"spe":31}},{"name":"Diancie","species":"Diancie","item":"leftovers","ability":"Clear Body","moves":["calmmind","ancientpower","moonblast","toxic"],"nature":"Modest","evs":{"hp":252,"atk":0,"def":0,"spa":252,"spd":4,"spe":0},"ivs":{"hp":31,"atk":31,"def":31,"spa":31,"spd":31,"spe":31}}],"p2team":[{"name":"Landorus-Therian","species":"Landorus-Therian","item":"leftovers","ability":"Intimidate","moves":["stealthrock","earthquake","stoneedge","uturn"],"nature":"Adamant","evs":{"hp":252,"atk":252,"def":0,"spa":0,"spd":4,"spe":0},"ivs":{"hp":31,"atk":31,"def":31,"spa":31,"spd":31,"spe":31}},{"name":"Rotom-Wash","species":"Rotom-Wash","item":"leftovers","ability":"Levitate","moves":["hydropump","voltswitch","willowisp","painsplit"],"nature":"Calm","evs":{"hp":252,"atk":0,"def":0,"spa":4,"spd":252,"spe":0},"ivs":{"hp":31,"atk":31,"def":31,"spa":31,"spd":31,"spe":31}},{"name":"Tornadus-Therian","species":"Tornadus-Therian","item":"assaultvest","ability":"Regenerator","moves":["hurricane","heatwave","grassknot","uturn"],"nature":"Modest","evs":{"hp":248,"atk":0,"def":0,"spa":252,"spd":8,"spe":0},"ivs":{"hp":31,"atk":31,"def":31,"spa":31,"spd":31,"spe":31}},{"name":"Jirachi","species":"Jirachi","item":"choicescarf","ability":"Serene Grace","moves":["ironhead","firepunch","uturn","healingwish"],"nature":"Jolly","evs":{"hp":0,"atk":252,"def":0,"spa":0,"spd":4,"spe":252},"ivs":{"hp":31,"atk":31,"def":31,"spa":31,"spd":31,"spe":31}},{"name":"Latios","species":"Latios","item":"leftovers","ability":"Levitate","moves":["dracometeor","psyshock","roost","defog"],"nature":"Modest","evs":{"hp":252,"atk":0,"def":0,"spa":252,"spd":4,"spe":0},"ivs":{"hp":31,"atk":31,"def":31,"spa":31,"spd":31,"spe":31}},{"name":"Charizard","species":"Charizard","item":"charizarditey","ability":"Blaze","moves":["fireblast","solarbeam","earthquake","airslash"],"nature":"Hasty","evs":{"hp":0,"atk":4,"def":0,"spa":252,"spd":0,"spe":252},"ivs":{"hp":31,"atk":31,"def":31,"spa":31,"spd":31,"spe":31}}],"log":["|player|p1|R3B0UND|151","|player|p2|Test374893125|290","|gametype|singles","|gen|6","|tier|OU","|rated","|clearpoke","|poke|p1|Sigilyph, F","|poke|p1|Ferrothorn, M","|poke|p1|Rotom-Heat","|poke|p1|Shuckle, M","|poke|p1|Swampert, F","|poke|p1|Diancie","|poke|p2|Landorus-Therian, M","|poke|p2|Rotom-Wash","|poke|p2|Tornadus-Therian, M","|poke|p2|Jirachi","|poke|p2|Latios, M","|poke|p2|Charizard, M","|rule|Swagger Clause: Swagger is banned","|rule|Baton Pass Clause: Limit one Baton Passer, can't pass Spe and other stats simultaneously","|rule|Sleep Clause Mod: Limit one foe put to sleep","|rule|Species Clause: Limit one of each Pokémon","|rule|OHKO Clause: OHKO moves are banned","|rule|Moody Clause: Moody is banned","|rule|Evasion Moves Clause: Evasion moves are banned","|rule|Endless Battle Clause: Forcing endless battles is banned","|rule|HP Percentage Mod: HP is shown in percentages","|teampreview","|","|start","|switch|p1a: Sigilyph|Sigilyph, F|348/348","|switch|p2a: Charizard|Charizard, M|297/297","|turn|1","|","|detailschange|p2a: Charizard|Charizard-Mega-Y, M","|-mega|p2a: Charizard|Charizard|Charizardite Y","|-weather|SunnyDay","|move|p2a: Charizard|Fire Blast|p1a: Sigilyph|[miss]","|-miss|p2a: Charizard|p1a: Sigilyph","|move|p1a: Sigilyph|Cosmic Power|p1a: Sigilyph","|-boost|p1a: Sigilyph|def|1","|-boost|p1a: Sigilyph|spd|1","|","|-weather|SunnyDay|[upkeep]","|-status|p1a: Sigilyph|tox|[from] item: Toxic Orb","|turn|2","|","|move|p2a: Charizard|Fire Blast|p1a: Sigilyph|[miss]","|-miss|p2a: Charizard|p1a: Sigilyph","|move|p1a: Sigilyph|Psycho Shift|p2a: Charizard","|-status|p2a: Charizard|tox","|-curestatus|p1a: Sigilyph|tox","|","|-weather|SunnyDay|[upkeep]","|-damage|p2a: Charizard|279/297 tox|[from] psn","|-status|p1a: Sigilyph|tox|[from] item: Toxic Orb","|turn|3","|","|move|p2a: Charizard|Fire Blast|p1a: Sigilyph","|-damage|p1a: Sigilyph|125/348 tox","|move|p1a: Sigilyph|Cosmic Power|p1a: Sigilyph","|-boost|p1a: Sigilyph|def|1","|-boost|p1a: Sigilyph|spd|1","|","|-weather|SunnyDay|[upkeep]","|-damage|p2a: Charizard|243/297 tox|[from] psn","|turn|4","|","|move|p2a: Charizard|Fire Blast|p1a: Sigilyph","|-damage|p1a: Sigilyph|0 fnt","|faint|p1a: Sigilyph","|","|-weather|SunnyDay|[upkeep]","|-damage|p2a: Charizard|189/297 tox|[from] psn","|","|switch|p1a: Rotom-Heat|Rotom-Heat|241/241","|turn|5","|","|switch|p2a: Latios|Latios, M|364/364","|move|p1a: Rotom-Heat|Overheat|p2a: Latios","|-resisted|p2a: Latios","|-damage|p2a: Latios|155/364","|-unboost|p1a: Rotom-Heat|spa|2","|","|-weather|none","|-heal|p2a: Latios|177/364|[from] item: Leftovers","|turn|6","|","|switch|p1a: Ferrothorn|Ferrothorn, M|349/349","|move|p2a: Latios|Roost|p2a: Latios","|-heal|p2a: Latios|359/364","|","|-heal|p2a: Latios|364/364|[from] item: Leftovers","|turn|7","|","|switch|p2a: Charizard|Charizard-Mega-Y, M|189/297 tox","|-weather|SunnyDay","|move|p1a: Ferrothorn|Stealth Rock|p2a: Charizard","|-sidestart|p2: Test374893125|move: Stealth Rock","|","|-weather|SunnyDay|[upkeep]","|-damage|p2a: Charizard|171/297 tox|[from] psn","|turn|8","|","|switch|p1a: Rotom-Heat|Rotom-Heat|241/241","|move|p2a: Charizard|Fire Blast|p1a: Rotom-Heat","|-resisted|p1a: Rotom-Heat","|-damage|p1a: Rotom-Heat|82/241","|","|-weather|SunnyDay|[upkeep]","|-damage|p2a: Charizard|135/297 tox|[from] psn","|turn|9","|","|move|p2a: Charizard|Fire Blast|p1a: Rotom-Heat","|-resisted|p1a: Rotom-Heat","|-damage|p1a: Rotom-Heat|0 fnt","|faint|p1a: Rotom-Heat","|","|-weather|SunnyDay|[upkeep]","|-damage|p2a: Charizard|81/297 tox|[from] psn","|","|switch|p1a: Shuckle|Shuckle, M|244/244","|turn|10","|","|move|p2a: Charizard|Fire Blast|p1a: Shuckle","|-damage|p1a: Shuckle|100/244","|move|p1a: Shuckle|Sticky Web|p2a: Charizard","|-sidestart|p2: Test374893125|move: Sticky Web","|","|-weather|SunnyDay|[upkeep]","|-heal|p1a: Shuckle|115/244|[from] item: Leftovers","|-damage|p2a: Charizard|9/297 tox|[from] psn","|turn|11","|","|move|p2a: Charizard|Fire Blast|p1a: Shuckle|[miss]","|-miss|p2a: Charizard|p1a: Shuckle","|move|p1a: Shuckle|Infestation|p2a: Charizard","|-resisted|p2a: Charizard","|-damage|p2a: Charizard|8/297 tox","|-activate|p2a: Charizard|move: Infestation|[of] p1a: Shuckle","|","|-weather|none","|-heal|p1a: Shuckle|130/244|[from] item: Leftovers","|-damage|p2a: Charizard|0 fnt|[from] psn","|faint|p2a: Charizard","|","|switch|p2a: Rotom-Wash|Rotom-Wash|304/304","|-damage|p2a: Rotom-Wash|266/304|[from] Stealth Rock","|turn|12","|","|move|p2a: Rotom-Wash|Will-O-Wisp|p1a: Shuckle","|-status|p1a: Shuckle|brn","|move|p1a: Shuckle|Toxic|p2a: Rotom-Wash","|-status|p2a: Rotom-Wash|tox","|","|-heal|p2a: Rotom-Wash|285/304 tox|[from] item: Leftovers","|-heal|p1a: Shuckle|145/244 brn|[from] item: Leftovers","|-damage|p2a: Rotom-Wash|266/304 tox|[from] psn","|-damage|p1a: Shuckle|115/244 brn|[from] brn","|turn|13","|","|move|p2a: Rotom-Wash|Volt Switch|p1a: Shuckle","|-damage|p1a: Shuckle|78/244 brn","|","|switch|p2a: Latios|Latios, M|364/364","|-damage|p2a: Latios|319/364|[from] Stealth Rock","|move|p1a: Shuckle|Infestation|p2a: Latios","|-supereffective|p2a: Latios","|-damage|p2a: Latios|307/364","|-activate|p2a: Latios|move: Infestation|[of] p1a: Shuckle","|","|-heal|p2a: Latios|329/364|[from] item: Leftovers","|-heal|p1a: Shuckle|93/244 brn|[from] item: Leftovers","|-damage|p1a: Shuckle|63/244 brn|[from] brn","|-damage|p2a: Latios|284/364|[from] move: Infestation|[partiallytrapped]","|turn|14","|","|move|p2a: Latios|Defog|p1a: Shuckle","|-unboost|p1a: Shuckle|evasion|1","|-sideend|p2: Test374893125|Stealth Rock|[from] move: Defog|[of] p2a: Latios","|-sideend|p2: Test374893125|Sticky Web|[from] move: Defog|[of] p2a: Latios","|move|p1a: Shuckle|Toxic|p2a: Latios","|-status|p2a: Latios|tox","|","|-heal|p2a: Latios|306/364 tox|[from] item: Leftovers","|-heal|p1a: Shuckle|78/244 brn|[from] item: Leftovers","|-damage|p2a: Latios|284/364 tox|[from] psn","|-damage|p1a: Shuckle|48/244 brn|[from] brn","|-damage|p2a: Latios|239/364 tox|[from] move: Infestation|[partiallytrapped]","|turn|15","|","|move|p2a: Latios|Psyshock|p1a: Shuckle","|-damage|p1a: Shuckle|0 fnt","|faint|p1a: Shuckle","|","|-heal|p2a: Latios|261/364 tox|[from] item: Leftovers","|-damage|p2a: Latios|217/364 tox|[from] psn","|","|switch|p1a: Ferrothorn|Ferrothorn, M|349/349","|turn|16","|","|switch|p2a: Rotom-Wash|Rotom-Wash|266/304 tox","|move|p1a: Ferrothorn|Gyro Ball|p2a: Rotom-Wash","|-resisted|p2a: Rotom-Wash","|-damage|p2a: Rotom-Wash|232/304 tox","|","|-heal|p2a: Rotom-Wash|251/304 tox|[from] item: Leftovers","|-damage|p2a: Rotom-Wash|232/304 tox|[from] psn","|turn|17","|","|move|p2a: Rotom-Wash|Will-O-Wisp|p1a: Ferrothorn","|-status|p1a: Ferrothorn|brn","|move|p1a: Ferrothorn|Power Whip|p2a: Rotom-Wash","|-supereffective|p2a: Rotom-Wash","|-damage|p2a: Rotom-Wash|103/304 tox","|","|-heal|p2a: Rotom-Wash|122/304 tox|[from] item: Leftovers","|-damage|p2a: Rotom-Wash|84/304 tox|[from] psn","|-damage|p1a: Ferrothorn|306/349 brn|[from] brn","|turn|18","|","|move|p2a: Rotom-Wash|Pain Split|p1a: Ferrothorn","|-sethp|p1a: Ferrothorn|195/349 brn|p2a: Rotom-Wash|195/304 tox|[from] move: Pain Split","|move|p1a: Ferrothorn|Stealth Rock|p2a: Rotom-Wash","|-sidestart|p2: Test374893125|move: Stealth Rock","|","|-heal|p2a: Rotom-Wash|214/304 tox|[from] item: Leftovers","|-damage|p2a: Rotom-Wash|157/304 tox|[from] psn","|-damage|p1a: Ferrothorn|152/349 brn|[from] brn","|turn|19","|","|move|p1a: Ferrothorn|Protect|p1a: Ferrothorn","|-singleturn|p1a: Ferrothorn|Protect","|move|p2a: Rotom-Wash|Volt Switch|p1a: Ferrothorn","|-activate|p1a: Ferrothorn|Protect","|","|-heal|p2a: Rotom-Wash|176/304 tox|[from] item: Leftovers","|-damage|p2a: Rotom-Wash|100/304 tox|[from] psn","|-damage|p1a: Ferrothorn|109/349 brn|[from] brn","|turn|20","|","|move|p2a: Rotom-Wash|Will-O-Wisp|p1a: Ferrothorn","|-fail|p1a: Ferrothorn|brn","|move|p1a: Ferrothorn|Power Whip|p2a: Rotom-Wash","|-supereffective|p2a: Rotom-Wash","|-damage|p2a: Rotom-Wash|0 fnt","|faint|p2a: Rotom-Wash","|","|-damage|p1a: Ferrothorn|66/349 brn|[from] brn","|","|switch|p2a: Latios|Latios, M|217/364 tox","|-damage|p2a: Latios|172/364 tox|[from] Stealth Rock","|turn|21","|","|move|p2a: Latios|Roost|p2a: Latios","|-heal|p2a: Latios|354/364 tox","|move|p1a: Ferrothorn|Gyro Ball|p2a: Latios","|-damage|p2a: Latios|247/364 tox","|","|-heal|p2a: Latios|269/364 tox|[from] item: Leftovers","|-damage|p2a: Latios|247/364 tox|[from] psn","|-damage|p1a: Ferrothorn|23/349 brn|[from] brn","|turn|22","|","|move|p2a: Latios|Defog|p1a: Ferrothorn","|-unboost|p1a: Ferrothorn|evasion|1","|-sideend|p2: Test374893125|Stealth Rock|[from] move: Defog|[of] p2a: Latios","|move|p1a: Ferrothorn|Gyro Ball|p2a: Latios","|-damage|p2a: Latios|145/364 tox","|","|-heal|p2a: Latios|167/364 tox|[from] item: Leftovers","|-damage|p2a: Latios|123/364 tox|[from] psn","|-damage|p1a: Ferrothorn|0 fnt|[from] brn","|faint|p1a: Ferrothorn","|","|switch|p1a: Diancie|Diancie|304/304","|turn|23","|","|switch|p1a: Swampert|Swampert, F|403/403","|move|p2a: Latios|Roost|p2a: Latios","|-heal|p2a: Latios|305/364 tox","|","|-heal|p2a: Latios|327/364 tox|[from] item: Leftovers","|-damage|p2a: Latios|261/364 tox|[from] psn","|turn|24","|","|switch|p2a: Landorus-Therian|Landorus-Therian, M|382/382","|-ability|p2a: Landorus-Therian|Intimidate","|-unboost|p1a: Swampert|atk|1","|detailschange|p1a: Swampert|Swampert-Mega, F","|-mega|p1a: Swampert|Swampert|Swampertite","|move|p1a: Swampert|Rain Dance|p1a: Swampert","|-weather|RainDance","|","|-weather|RainDance|[upkeep]","|turn|25","|","|switch|p2a: Latios|Latios, M|261/364 tox","|move|p1a: Swampert|Ice Punch|p2a: Latios","|-supereffective|p2a: Latios","|-damage|p2a: Latios|89/364 tox","|","|-weather|RainDance|[upkeep]","|-heal|p2a: Latios|111/364 tox|[from] item: Leftovers","|-damage|p2a: Latios|89/364 tox|[from] psn","|turn|26","|","|move|p1a: Swampert|Ice Punch|p2a: Latios","|-supereffective|p2a: Latios","|-damage|p2a: Latios|0 fnt","|faint|p2a: Latios","|","|-weather|RainDance|[upkeep]","|","|switch|p2a: Tornadus-Therian|Tornadus-Therian, M|361/361","|turn|27","|","|move|p1a: Swampert|Ice Punch|p2a: Tornadus-Therian","|-supereffective|p2a: Tornadus-Therian","|-damage|p2a: Tornadus-Therian|171/361","|-status|p2a: Tornadus-Therian|frz","|cant|p2a: Tornadus-Therian|frz","|","|-weather|RainDance|[upkeep]","|turn|28","|","|move|p1a: Swampert|Ice Punch|p2a: Tornadus-Therian","|-supereffective|p2a: Tornadus-Therian","|-damage|p2a: Tornadus-Therian|9/361 frz","|cant|p2a: Tornadus-Therian|frz","|","|-weather|none","|turn|29","|","|cant|p2a: Tornadus-Therian|frz","|move|p1a: Swampert|Rain Dance|p1a: Swampert","|-weather|RainDance","|","|-weather|RainDance|[upkeep]","|turn|30","|","|switch|p2a: Landorus-Therian|Landorus-Therian, M|382/382","|-ability|p2a: Landorus-Therian|Intimidate","|-unboost|p1a: Swampert|atk|1","|move|p1a: Swampert|Ice Punch|p2a: Landorus-Therian","|-supereffective|p2a: Landorus-Therian","|-damage|p2a: Landorus-Therian|150/382","|-status|p2a: Landorus-Therian|frz","|","|-weather|RainDance|[upkeep]","|-heal|p2a: Landorus-Therian|173/382 frz|[from] item: Leftovers","|turn|31","|","|move|p1a: Swampert|Ice Punch|p2a: Landorus-Therian","|-supereffective|p2a: Landorus-Therian","|-damage|p2a: Landorus-Therian|0 fnt","|faint|p2a: Landorus-Therian","|","|-weather|RainDance|[upkeep]","|","|switch|p2a: Jirachi|Jirachi|341/341","|turn|32","|","|move|p2a: Jirachi|Healing Wish|p2a: Jirachi","|faint|p2a: Jirachi","|move|p1a: Swampert|Earthquake|p2: Jirachi|[notarget]","|-notarget","|","|-weather|RainDance|[upkeep]","|","|switch|p2a: Tornadus-Therian|Tornadus-Therian, M|129/361 frz","|-heal|p2a: Tornadus-Therian|361/361|[from] move: Healing Wish","|turn|33","|","|move|p1a: Swampert|Ice Punch|p2a: Tornadus-Therian","|-supereffective|p2a: Tornadus-Therian","|-damage|p2a: Tornadus-Therian|217/361","|-status|p2a: Tornadus-Therian|frz","|cant|p2a: Tornadus-Therian|frz","|","|-weather|none","|turn|34","|","|win|R3B0UND"],"p1rating":{"entryid":7253759,"formatid":"ou","userid":"r3b0und","username":"R3B0UND","r":1500,"rd":130,"sigma":0,"rpr":1540.1606143388,"rprd":122.8583080769,"rpsigma":0,"rptime":1438160400,"w":1,"l":0,"t":0,"gxe":55,"acre":1045.8987416938,"lacre":1045.8987416938,"oldacre":1000},"p2rating":{"entryid":"7253571","serverid":"eos","formatid":"ou","userid":"test374893125","username":"Test374893125","w":"1","l":1,"t":"0","gxe":50.7,"r":"1500","rd":"130","sigma":"0","rptime":"1438160400","rpr":1505.4078669941,"rprd":116.37039892574,"rpsigma":"0","acre":1031.253966871,"lacre":1031.253966871,"oldacre":"1051.612150089"},"endType":"forfeit"}