{"seed":[5114,8624,39234,26982],"turns":34,"p1":"joon11","p2":"Moule Frites","p1team":[{"name":"Alakazam","species":"Alakazam","item":"alakazite","ability":"Magic Guard","moves":["focusblast","calmmind","psychic","shadowball"],"nature":"Timid","evs":{"hp":0,"atk":0,"def":4,"spa":252,"spd":0,"spe":252},"ivs":{"hp":31,"atk":31,"def":31,"spa":31,"spd":31,"spe":31}},{"name":"Breloom","species":"Breloom","item":"lifeorb","ability":"Technician","moves":["swordsdance","spore","bulletseed","machpunch"],"nature":"Jolly","evs":{"hp":4,"atk":252,"def":0,"spa":0,"spd":0,"spe":252},"ivs":{"hp":31,"atk":31,"def":31,"spa":31,"spd":31,"spe":31}},{"name":"Tyranitar","species":"Tyranitar","item":"choiceband","ability":"Sand Stream","moves":["crunch","superpower","pursuit","stoneedge"],"nature":"Adamant","evs":{"hp":96,"atk":252,"def":0,"spa":0,"spd":0,"spe":160},"ivs":{"hp":31,"atk":31,"def":31,"spa":31,"spd":31,"spe":31}},{"name":"Garchomp","species":"Garchomp","item":"rockyhelmet","ability":"Rough Skin","moves":["dragontail","earthquake","stealthrock","fireblast"],"nature":"Impish","evs":{"hp":248,"atk":0,"def":148,"spa":0,"spd":88,"spe":24},"ivs":{"hp":31,"atk":31,"def":31,"spa":31,"spd":31,"spe":31}},{"name":"Thundurus","species":"Thundurus","item":"lifeorb","ability":"Prankster","moves":["hiddenpowerice","focusblast","thunderwave","thunderbolt"],"nature":"Timid","evs":{"hp":0,"atk":0,"def":0,"spa":252,"spd":4,"spe":252},"ivs":{"hp":31,"atk":30,"def":30,"spa":31,"spd":31,"spe":31}},{"name":"Empoleon","species":"Empoleon","item":"leftovers","ability":"Torrent","moves":["knockoff","roar","scald","defog"],"nature":"Sassy","evs":{"hp":248,"atk":0,"def":0,"spa":8,"spd":252,"spe":0},"ivs":{"hp":31,"atk":31,"def":31,"spa":31,"spd":31,"spe":31}}],"p2team":[{"name":"Entei","species":"Entei","item":"leftovers","ability":"Pressure","moves":["sacredfire","bulldoze","extremespeed","substitute"],"nature":"Adamant","evs":{"hp":0,"atk":252,"def":0,"spa":0,"spd":4,"spe":252},"shiny":true,"ivs":{"hp":31,"atk":31,"def":31,"spa":31,"spd":31,"spe":31}},{"name":"Chesnaught","species":"Chesnaught","item":"salacberry","ability":"Bulletproof","moves":["drainpunch","seedbomb","substitute","bellydrum"],"nature":"Jolly","evs":{"hp":12,"atk":240,"def":0,"spa":0,"spd":0,"spe":252},"ivs":{"hp":31,"atk":31,"def":31,"spa":31,"spd":31,"spe":31}},{"name":"Pidgeot","species":"Pidgeot","item":"pidgeotite","ability":"Keen Eye","moves":["heatwave","hurricane","workup","roost"],"nature":"Hasty","evs":{"hp":0,"atk":4,"def":0,"spa":252,"spd":0,"spe":252},"ivs":{"hp":31,"atk":31,"def":31,"spa":31,"spd":31,"spe":31}},{"name":"Florges","species":"Florges","item":"leftovers","ability":"Flower Veil","moves":["moonblast","synthesis","protect","calmmind"],"nature":"Bold","evs":{"hp":252,"atk":0,"def":252,"spa":4,"spd":0,"spe":0},"ivs":{"hp":31,"atk":31,"def":31,"spa":31,"spd":31,"spe":31}},{"name":"Forretress","species":"Forretress","item":"rockyhelmet","ability":"Overcoat","moves":["gyroball","spikes","stealthrock","rapidspin"],"nature":"Relaxed","evs":{"hp":248,"atk":8,"def":252,"spa":0,"spd":0,"spe":0},"ivs":{"hp":31,"atk":31,"def":31,"spa":31,"spd":31,"spe":0}},{"name":"Gastrodon","species":"Gastrodon","item":"leftovers","ability":"Storm Drain","moves":["scald","icebeam","recover","toxic"],"nature":"Calm","evs":{"hp":248,"atk":0,"def":0,"spa":4,"spd":252,"spe":0},"ivs":{"hp":31,"atk":31,"def":31,"spa":31,"spd":31,"spe":31}}],"log":["|player|p1|joon11|102","|player|p2|Moule Frites|170","|gametype|singles","|gen|6","|tier|OU","|rated","|clearpoke","|poke|p1|Alakazam, M","|poke|p1|Breloom, M","|poke|p1|Tyranitar, M","|poke|p1|Garchomp, F","|poke|p1|Thundurus, M","|poke|p1|Empoleon, F","|poke|p2|Entei, shiny","|poke|p2|Chesnaught, M","|poke|p2|Pidgeot, M","|poke|p2|Florges, F","|poke|p2|Forretress, M","|poke|p2|Gastrodon, M","|rule|Swagger Clause: Swagger is banned","|rule|Baton Pass Clause: Limit one Baton Passer, can't pass Spe and other stats simultaneously","|rule|Sleep Clause Mod: Limit one foe put to sleep","|rule|Species Clause: Limit one of each Pokémon","|rule|OHKO Clause: OHKO moves are banned","|rule|Moody Clause: Moody is banned","|rule|Evasion Moves Clause: Evasion moves are banned","|rule|Endless Battle Clause: Forcing endless battles is banned","|rule|HP Percentage Mod: HP is shown in percentages","|teampreview","|","|start","|switch|p1a: Empoleon|Empoleon, F|371/371","|switch|p2a: Pidgeot|Pidgeot, M|307/307","|turn|1","|","|detailschange|p2a: Pidgeot|Pidgeot-Mega, M","|-mega|p2a: Pidgeot|Pidgeot|Pidgeotite","|move|p2a: Pidgeot|Hurricane|p1a: Empoleon","|-resisted|p1a: Empoleon","|-damage|p1a: Empoleon|303/371","|-start|p1a: Empoleon|confusion","|-activate|p1a: Empoleon|confusion","|move|p1a: Empoleon|Scald|p2a: Pidgeot","|-damage|p2a: Pidgeot|174/307","|","|-heal|p1a: Empoleon|326/371|[from] item: Leftovers","|turn|2","|","|switch|p2a: Gastrodon|Gastrodon, M|425/425","|-end|p1a: Empoleon|confusion","|move|p1a: Empoleon|Knock Off|p2a: Gastrodon","|-damage|p2a: Gastrodon|332/425","|-enditem|p2a: Gastrodon|Leftovers|[from] move: Knock Off|[of] p1a: Empoleon","|","|-heal|p1a: Empoleon|349/371|[from] item: Leftovers","|turn|3","|","|switch|p1a: Breloom|Breloom, M|262/262","|move|p2a: Gastrodon|Scald|p1a: Breloom","|-resisted|p1a: Breloom","|-damage|p1a: Breloom|193/262","|","|turn|4","|","|switch|p1a: Garchomp|Garchomp, F|419/419","|switch|p2a: Forretress|Forretress, M|353/353","|","|turn|5","|","|switch|p2a: Florges|Florges, F|360/360","|move|p1a: Garchomp|Fire Blast|p2a: Florges","|-damage|p2a: Florges|318/360","|","|-heal|p2a: Florges|340/360|[from] item: Leftovers","|turn|6","|","|move|p1a: Garchomp|Stealth Rock|p2a: Florges","|-sidestart|p2: Moule Frites|move: Stealth Rock","|move|p2a: Florges|Calm Mind|p2a: Florges","|-boost|p2a: Florges|spa|1","|-boost|p2a: Florges|spd|1","|","|-heal|p2a: Florges|360/360|[from] item: Leftovers","|turn|7","|","|switch|p1a: Empoleon|Empoleon, F|349/371","|move|p2a: Florges|Moonblast|p1a: Empoleon","|-resisted|p1a: Empoleon","|-damage|p1a: Empoleon|278/371","|","|-heal|p1a: Empoleon|301/371|[from] item: Leftovers","|turn|8","|","|move|p2a: Florges|Moonblast|p1a: Empoleon","|-resisted|p1a: Empoleon","|-damage|p1a: Empoleon|232/371","|move|p1a: Empoleon|Roar|p2a: Florges","|drag|p2a: Entei|Entei, shiny|371/371","|-damage|p2a: Entei|279/371|[from] Stealth Rock","|-ability|p2a: Entei|Pressure","|","|-heal|p2a: Entei|302/371|[from] item: Leftovers","|-heal|p1a: Empoleon|255/371|[from] item: Leftovers","|turn|9","|","|switch|p1a: Garchomp|Garchomp, F|419/419","|move|p2a: Entei|Sacred Fire|p1a: Garchomp","|-resisted|p1a: Garchomp","|-damage|p1a: Garchomp|341/419","|-status|p1a: Garchomp|brn","|","|-heal|p2a: Entei|325/371|[from] item: Leftovers","|-damage|p1a: Garchomp|289/419 brn|[from] brn","|turn|10","|","|switch|p2a: Florges|Florges, F|360/360","|-damage|p2a: Florges|315/360|[from] Stealth Rock","|move|p1a: Garchomp|Earthquake|p2a: Florges","|-damage|p2a: Florges|253/360","|","|-heal|p2a: Florges|275/360|[from] item: Leftovers","|-damage|p1a: Garchomp|237/419 brn|[from] brn","|turn|11","|","|switch|p1a: Empoleon|Empoleon, F|255/371","|move|p2a: Florges|Protect|p2a: Florges","|-fail|p2a: Florges","|","|-heal|p2a: Florges|297/360|[from] item: Leftovers","|-heal|p1a: Empoleon|278/371|[from] item: Leftovers","|turn|12","|","|move|p2a: Florges|Moonblast|p1a: Empoleon","|-resisted|p1a: Empoleon","|-damage|p1a: Empoleon|233/371","|move|p1a: Empoleon|Knock Off|p2a: Florges","|-resisted|p2a: Florges","|-damage|p2a: Florges|269/360","|-enditem|p2a: Florges|Leftovers|[from] move: Knock Off|[of] p1a: Empoleon","|","|-heal|p1a: Empoleon|256/371|[from] item: Leftovers","|turn|13","|","|move|p2a: Florges|Moonblast|p1a: Empoleon","|-resisted|p1a: Empoleon","|-damage|p1a: Empoleon|214/371","|move|p1a: Empoleon|Roar|p2a: Florges","|drag|p2a: Gastrodon|Gastrodon, M|332/425","|-damage|p2a: Gastrodon|306/425|[from] Stealth Rock","|","|-heal|p1a: Empoleon|237/371|[from] item: Leftovers","|turn|14","|","|switch|p1a: Tyranitar|Tyranitar, M|365/365","|-weather|Sandstorm","|move|p2a: Gastrodon|Scald|p1a: Tyranitar","|-supereffective|p1a: Tyranitar","|-damage|p1a: Tyranitar|239/365","|","|-weather|Sandstorm|[upkeep]","|turn|15","|","|switch|p2a: Forretress|Forretress, M|353/353","|-damage|p2a: Forretress|309/353|[from] Stealth Rock","|move|p1a: Tyranitar|Crunch|p2a: Forretress","|-damage|p2a: Forretress|164/353","|-damage|p1a: Tyranitar|179/365|[from] item: Rocky Helmet|[of] p2a: Forretress","|","|-weather|Sandstorm|[upkeep]","|turn|16","|","|move|p1a: Tyranitar|Crunch|p2a: Forretress","|-damage|p2a: Forretress|16/353","|-damage|p1a: Tyranitar|119/365|[from] item: Rocky Helmet|[of] p2a: Forretress","|move|p2a: Forretress|Stealth Rock|p1a: Tyranitar","|-sidestart|p1: joon11|move: Stealth Rock","|","|-weather|Sandstorm|[upkeep]","|turn|17","|","|move|p1a: Tyranitar|Crunch|p2a: Forretress","|-damage|p2a: Forretress|0 fnt","|-damage|p1a: Tyranitar|59/365|[from] item: Rocky Helmet|[of] p2a: Forretress","|faint|p2a: Forretress","|","|-weather|Sandstorm|[upkeep]","|","|switch|p2a: Chesnaught|Chesnaught, M|320/320","|-damage|p2a: Chesnaught|300/320|[from] Stealth Rock","|turn|18","|","|move|p2a: Chesnaught|Substitute|p2a: Chesnaught","|-start|p2a: Chesnaught|Substitute","|-damage|p2a: Chesnaught|220/320","|move|p1a: Tyranitar|Crunch|p2a: Chesnaught","|-resisted|p2a: Chesnaught","|-end|p2a: Chesnaught|Substitute","|","|-weather|none","|turn|19","|","|switch|p1a: Alakazam|Alakazam, M|251/251","|move|p2a: Chesnaught|Drain Punch|p1a: Alakazam","|-resisted|p1a: Alakazam","|-damage|p1a: Alakazam|139/251","|-heal|p2a: Chesnaught|276/320|[from] drain|[of] p1a: Alakazam","|","|turn|20","|","|switch|p2a: Gastrodon|Gastrodon, M|306/425","|-damage|p2a: Gastrodon|280/425|[from] Stealth Rock","|detailschange|p1a: Alakazam|Alakazam-Mega, M","|-mega|p1a: Alakazam|Alakazam|Alakazite","|-ability|p1a: Alakazam|Storm Drain|[from] ability: Trace|[of] p2a: Gastrodon","|move|p1a: Alakazam|Calm Mind|p1a: Alakazam","|-boost|p1a: Alakazam|spa|1","|-boost|p1a: Alakazam|spd|1","|","|turn|21","|","|move|p1a: Alakazam|Psychic|p2a: Gastrodon","|-damage|p2a: Gastrodon|36/425","|move|p2a: Gastrodon|Toxic|p1a: Alakazam","|-status|p1a: Alakazam|tox","|","|-damage|p1a: Alakazam|124/251 tox|[from] psn","|turn|22","|","|move|p1a: Alakazam|Psychic|p2a: Gastrodon","|-damage|p2a: Gastrodon|0 fnt","|faint|p2a: Gastrodon","|","|-damage|p1a: Alakazam|94/251 tox|[from] psn","|","|switch|p2a: Entei|Entei, shiny|325/371","|-damage|p2a: Entei|233/371|[from] Stealth Rock","|-ability|p2a: Entei|Pressure","|turn|23","|","|switch|p1a: Tyranitar|Tyranitar, M|59/365","|-damage|p1a: Tyranitar|14/365|[from] Stealth Rock","|-weather|Sandstorm","|move|p2a: Entei|Extreme Speed|p1a: Tyranitar","|-resisted|p1a: Tyranitar","|-damage|p1a: Tyranitar|0 fnt","|faint|p1a: Tyranitar","|","|-weather|Sandstorm|[upkeep]","|-damage|p2a: Entei|210/371|[from] sandstorm","|-heal|p2a: Entei|233/371|[from] item: Leftovers","|","|switch|p1a: Empoleon|Empoleon, F|237/371","|-damage|p1a: Empoleon|214/371|[from] Stealth Rock","|turn|24","|","|move|p2a: Entei|Sacred Fire|p1a: Empoleon","|-damage|p1a: Empoleon|10/371","|-status|p1a: Empoleon|brn","|move|p1a: Empoleon|Defog|p2a: Entei","|-unboost|p2a: Entei|evasion|1","|-sideend|p2: Moule Frites|Stealth Rock|[from] move: Defog|[of] p2a: Entei","|-sideend|p1: joon11|Stealth Rock|[from] move: Defog|[of] p1a: Empoleon","|","|-weather|Sandstorm|[upkeep]","|-damage|p2a: Entei|210/371|[from] sandstorm","|-heal|p2a: Entei|233/371|[from] item: Leftovers","|-heal|p1a: Empoleon|33/371 brn|[from] item: Leftovers","|-damage|p1a: Empoleon|0 fnt|[from] brn","|faint|p1a: Empoleon","|","|switch|p1a: Garchomp|Garchomp, F|237/419 brn","|turn|25","|","|switch|p2a: Florges|Florges, F|269/360","|move|p1a: Garchomp|Stealth Rock|p2a: Florges","|-sidestart|p2: Moule Frites|move: Stealth Rock","|","|-weather|Sandstorm|[upkeep]","|-damage|p2a: Florges|247/360|[from] sandstorm","|-damage|p1a: Garchomp|185/419 brn|[from] brn","|turn|26","|","|move|p1a: Garchomp|Earthquake|p2a: Florges","|-damage|p2a: Florges|182/360","|move|p2a: Florges|Calm Mind|p2a: Florges","|-boost|p2a: Florges|spa|1","|-boost|p2a: Florges|spd|1","|","|-weather|Sandstorm|[upkeep]","|-damage|p2a: Florges|160/360|[from] sandstorm","|-damage|p1a: Garchomp|133/419 brn|[from] brn","|turn|27","|","|move|p1a: Garchomp|Earthquake|p2a: Florges","|-damage|p2a: Florges|91/360","|move|p2a: Florges|Synthesis|p2a: Florges","|-heal|p2a: Florges|181/360","|","|-weather|none","|-damage|p1a: Garchomp|81/419 brn|[from] brn","|turn|28","|","|switch|p1a: Breloom|Breloom, M|193/262","|move|p2a: Florges|Synthesis|p2a: Florges","|-heal|p2a: Florges|360/360","|","|turn|29","|","|switch|p2a: Pidgeot|Pidgeot-Mega, M|174/307","|-damage|p2a: Pidgeot|98/307|[from] Stealth Rock","|move|p1a: Breloom|Spore|p2a: Pidgeot","|-status|p2a: Pidgeot|slp","|","|turn|30","|","|switch|p2a: Florges|Florges, F|360/360","|-damage|p2a: Florges|315/360|[from] Stealth Rock","|move|p1a: Breloom|Swords Dance|p1a: Breloom","|-boost|p1a: Breloom|atk|2","|","|turn|31","|","|move|p1a: Breloom|Bullet Seed|p2a: Florges","|-damage|p2a: Florges|151/360","|-crit|p2a: Florges","|-damage|p2a: Florges|0 fnt","|-hitcount|p2a: Florges|2","|-damage|p1a: Breloom|167/262|[from] item: Life Orb","|faint|p2a: Florges","|","|","|switch|p2a: Entei|Entei, shiny|233/371","|-damage|p2a: Entei|141/371|[from] Stealth Rock","|-ability|p2a: Entei|Pressure","|turn|32","|","|move|p2a: Entei|Extreme Speed|p1a: Breloom","|-damage|p1a: Breloom|47/262","|move|p1a: Breloom|Mach Punch|p2a: Entei","|-crit|p2a: Entei","|-damage|p2a: Entei|0 fnt","|-damage|p1a: Breloom|21/262|[from] item: Life Orb","|faint|p2a: Entei","|","|","|switch|p2a: Pidgeot|Pidgeot-Mega, M|98/307 slp","|-damage|p2a: Pidgeot|22/307 slp|[from] Stealth Rock","|turn|33","|","|move|p1a: Breloom|Mach Punch|p2a: Pidgeot","|-damage|p2a: Pidgeot|0 fnt","|-damage|p1a: Breloom|0 fnt|[from] item: Life Orb","|faint|p2a: Pidgeot","|faint|p1a: Breloom","|","|","|switch|p1a: Alakazam|Alakazam-Mega, M|94/251 tox","|switch|p2a: Chesnaught|Chesnaught, M|276/320","|-ability|p1a: Alakazam|Bulletproof|[from] ability: Trace|[of] p2a: Chesnaught","|-damage|p2a: Chesnaught|256/320|[from] Stealth Rock","|turn|34","|","|move|p1a: Alakazam|Psychic|p2a: Chesnaught","|-supereffective|p2a: Chesnaught","|-damage|p2a: Chesnaught|0 fnt","|faint|p2a: Chesnaught","|","|win|joon11"],"p1rating":{"entryid":"7090012","serverid":"eos","formatid":"ou","userid":"joon11","username":"joon11","w":11,"l":"5","t":"0","gxe":61.8,"r":"1537.8214861588","rd":"88.625293796532","sigma":"0","rptime":"1438160400","rpr":1592.6197985788,"rprd":76.742053777739,"rpsigma":"0","acre":1150.5663773618,"lacre":1150.5663773618,"oldacre":"1134.8073948297"},"p2rating":{"entryid":7254612,"formatid":"ou","userid":"moulefrites","username":"Moule Frites","r":1500,"rd":130,"sigma":0,"rpr":1462.8333285123,"rprd":122.38446178712,"rpsigma":0,"rptime":1438160400,"w":0,"l":1,"t":0,"gxe":45.4,"acre":1000,"lacre":1000,"oldacre":1000},"endType":"normal"}