{"seed":[63319,60402,51624,17009],"turns":28,"p1":"Lotus Wincon","p2":"Liquid Stranger","p1team":[{"name":"Im Out","species":"manectric","item":"manectite","ability":"Lightning Rod","moves":["voltswitch","thunderbolt","overheat","hiddenpowerice"],"nature":"Timid","evs":{"hp":0,"atk":0,"def":0,"spa":252,"spd":4,"spe":252},"ivs":{"hp":31,"atk":30,"def":30,"spa":31,"spd":31,"spe":31}},{"name":"Easy Wins","species":"scizor","item":"choiceband","ability":"Technician","moves":["uturn","bulletpunch","pursuit","superpower"],"nature":"Adamant","evs":{"hp":248,"atk":252,"def":0,"spa":0,"spd":8,"spe":0},"ivs":{"hp":31,"atk":31,"def":31,"spa":31,"spd":31,"spe":31}},{"name":"Spam Draco","species":"latios","item":"lifeorb","ability":"Levitate","moves":["dracometeor","psyshock","roost","defog"],"nature":"Timid","evs":{"hp":0,"atk":0,"def":0,"spa":252,"spd":4,"spe":252},"ivs":{"hp":31,"atk":31,"def":31,"spa":31,"spd":31,"spe":31}},{"name":"Wash away the Comp","species":"rotomwash","item":"leftovers","ability":"Levitate","moves":["voltswitch","hydropump","willowisp","painsplit"],"nature":"Bold","evs":{"hp":248,"atk":0,"def":252,"spa":8,"spd":0,"spe":0},"ivs":{"hp":31,"atk":0,"def":31,"spa":31,"spd":31,"spe":31}},{"name":"Damage?","species":"clefable","item":"leftovers","ability":"Magic Guard","moves":["stealthrock","thunderwave","softboiled","moonblast"],"nature":"Calm","evs":{"hp":252,"atk":0,"def":172,"spa":0,"spd":84,"spe":0},"ivs":{"hp":31,"atk":31,"def":31,"spa":31,"spd":31,"spe":31}},{"name":"We Eatin'","species":"pangoro","item":"assaultvest","ability":"Scrappy","moves":["gunkshot","firepunch","knockoff","superpower"],"nature":"Adamant","evs":{"hp":156,"atk":252,"def":0,"spa":0,"spd":0,"spe":100},"ivs":{"hp":31,"atk":31,"def":31,"spa":31,"spd":31,"spe":31}}],"p2team":[{"name":"Kyurem-Black","species":"Kyurem-Black","item":"choicescarf","ability":"Teravolt","moves":["icebeam","outrage","fusionbolt","focusblast"],"nature":"Naive","evs":{"hp":0,"atk":252,"def":0,"spa":4,"spd":0,"spe":252},"ivs":{"hp":31,"atk":31,"def":31,"spa":31,"spd":31,"spe":31}},{"name":"Gengar","species":"Gengar","item":"blacksludge","ability":"Levitate","moves":["willowisp","shadowball","suckerpunch","protect"],"nature":"Hasty","evs":{"hp":252,"atk":4,"def":0,"spa":0,"spd":0,"spe":252},"ivs":{"hp":31,"atk":31,"def":31,"spa":31,"spd":31,"spe":31}},{"name":"Ferrothorn","species":"Ferrothorn","item":"leftovers","ability":"Iron Barbs","moves":["gyroball","stealthrock","leechseed","protect"],"nature":"Relaxed","evs":{"hp":252,"atk":4,"def":124,"spa":0,"spd":128,"spe":0},"ivs":{"hp":31,"atk":31,"def":31,"spa":31,"spd":31,"spe":0}},{"name":"Charizard","species":"Charizard","item":"charizarditex","ability":"Blaze","moves":["roost","defog","dragonclaw","flareblitz"],"nature":"Jolly","evs":{"hp":44,"atk":252,"def":0,"spa":0,"spd":4,"spe":208},"ivs":{"hp":31,"atk":31,"def":31,"spa":31,"spd":31,"spe":31}},{"name":"Slowbro","species":"Slowbro","item":"leftovers","ability":"Regenerator","moves":["rest","sleeptalk","calmmind","scald"],"nature":"Bold","evs":{"hp":252,"atk":0,"def":252,"spa":0,"spd":4,"spe":0},"ivs":{"hp":31,"atk":31,"def":31,"spa":31,"spd":31,"spe":31}},{"name":"Manectric","species":"Manectric","item":"choicescarf","ability":"Lightning Rod","moves":["voltswitch","thunderbolt","flamethrower","signalbeam"],"nature":"Modest","evs":{"hp":0,"atk":0,"def":0,"spa":252,"spd":4,"spe":252},"ivs":{"hp":31,"atk":31,"def":31,"spa":31,"spd":31,"spe":31}}],"log":["|player|p1|Lotus Wincon|lotuswincon.png","|player|p2|Liquid Stranger|92","|gametype|singles","|gen|6","|tier|OU","|rated","|clearpoke","|poke|p1|Manectric, F","|poke|p1|Scizor, M","|poke|p1|Latios, M","|poke|p1|Rotom-Wash","|poke|p1|Clefable, F","|poke|p1|Pangoro, F","|poke|p2|Kyurem-Black","|poke|p2|Gengar, M","|poke|p2|Ferrothorn, M","|poke|p2|Charizard, M","|poke|p2|Slowbro, M","|poke|p2|Manectric, M","|rule|Swagger Clause: Swagger is banned","|rule|Baton Pass Clause: Limit one Baton Passer, can't pass Spe and other stats simultaneously","|rule|Sleep Clause Mod: Limit one foe put to sleep","|rule|Species Clause: Limit one of each Pokémon","|rule|OHKO Clause: OHKO moves are banned","|rule|Moody Clause: Moody is banned","|rule|Evasion Moves Clause: Evasion moves are banned","|rule|Endless Battle Clause: Forcing endless battles is banned","|rule|HP Percentage Mod: HP is shown in percentages","|teampreview","|","|start","|switch|p1a: Damage?|Clefable, F|394/394","|switch|p2a: Manectric|Manectric, M|281/281","|turn|1","|","|move|p2a: Manectric|Volt Switch|p1a: Damage?","|-damage|p1a: Damage?|282/394","|","|switch|p2a: Ferrothorn|Ferrothorn, M|352/352","|move|p1a: Damage?|Stealth Rock|p2a: Ferrothorn","|-sidestart|p2: Liquid Stranger|move: Stealth Rock","|","|-heal|p1a: Damage?|306/394|[from] item: Leftovers","|turn|2","|","|switch|p1a: Im Out|Manectric, F|281/281","|move|p2a: Ferrothorn|Gyro Ball|p1a: Im Out","|-resisted|p1a: Im Out","|-damage|p1a: Im Out|159/281","|","|turn|3","|","|detailschange|p1a: Im Out|Manectric-Mega, F","|-mega|p1a: Im Out|Manectric|Manectite","|-ability|p1a: Im Out|Intimidate","|-unboost|p2a: Ferrothorn|atk|1","|move|p2a: Ferrothorn|Protect|p2a: Ferrothorn","|-singleturn|p2a: Ferrothorn|Protect","|move|p1a: Im Out|Overheat|p2a: Ferrothorn","|-activate|p2a: Ferrothorn|Protect","|","|turn|4","|","|switch|p2a: Kyurem-Black|Kyurem-Black|391/391","|-damage|p2a: Kyurem-Black|294/391|[from] Stealth Rock","|-ability|p2a: Kyurem-Black|Teravolt","|move|p1a: Im Out|Overheat|p2a: Kyurem-Black","|-damage|p2a: Kyurem-Black|98/391","|-unboost|p1a: Im Out|spa|2","|","|turn|5","|","|switch|p1a: Wash away the Comp|Rotom-Wash|303/303","|move|p2a: Kyurem-Black|Outrage|p1a: Wash away the Comp","|-damage|p1a: Wash away the Comp|120/303","|","|-heal|p1a: Wash away the Comp|138/303|[from] item: Leftovers","|turn|6","|","|switch|p1a: Damage?|Clefable, F|306/394","|move|p2a: Kyurem-Black|Outrage|p1a: Damage?","|-immune|p1a: Damage?|[msg]","|-start|p2a: Kyurem-Black|confusion|[fatigue]","|","|-heal|p1a: Damage?|330/394|[from] item: Leftovers","|turn|7","|","|switch|p2a: Ferrothorn|Ferrothorn, M|352/352","|-damage|p2a: Ferrothorn|330/352|[from] Stealth Rock","|move|p1a: Damage?|Thunder Wave|p2a: Ferrothorn","|-status|p2a: Ferrothorn|par","|","|-heal|p1a: Damage?|354/394|[from] item: Leftovers","|-heal|p2a: Ferrothorn|352/352 par|[from] item: Leftovers","|turn|8","|","|switch|p1a: Im Out|Manectric-Mega, F|159/281","|-ability|p1a: Im Out|Intimidate","|-unboost|p2a: Ferrothorn|atk|1","|move|p2a: Ferrothorn|Gyro Ball|p1a: Im Out","|-resisted|p1a: Im Out","|-damage|p1a: Im Out|89/281","|","|turn|9","|","|move|p1a: Im Out|Overheat|p2a: Ferrothorn","|-supereffective|p2a: Ferrothorn","|-damage|p2a: Ferrothorn|0 fnt","|-unboost|p1a: Im Out|spa|2","|faint|p2a: Ferrothorn","|","|","|switch|p2a: Gengar|Gengar, M|324/324","|-damage|p2a: Gengar|284/324|[from] Stealth Rock","|turn|10","|","|move|p1a: Im Out|Volt Switch|p2a: Gengar","|-damage|p2a: Gengar|206/324","|","|switch|p1a: Easy Wins|Scizor, M|343/343","|move|p2a: Gengar|Shadow Ball|p1a: Easy Wins","|-damage|p1a: Easy Wins|190/343","|","|-heal|p2a: Gengar|226/324|[from] item: Black Sludge","|turn|11","|","|move|p2a: Gengar|Protect|p2a: Gengar","|-singleturn|p2a: Gengar|Protect","|move|p1a: Easy Wins|Bullet Punch|p2a: Gengar","|-activate|p2a: Gengar|Protect","|","|-heal|p2a: Gengar|246/324|[from] item: Black Sludge","|turn|12","|","|move|p1a: Easy Wins|Bullet Punch|p2a: Gengar","|-damage|p2a: Gengar|0 fnt","|faint|p2a: Gengar","|","|","|switch|p2a: Charizard|Charizard, M|308/308","|-damage|p2a: Charizard|154/308|[from] Stealth Rock","|turn|13","|","|detailschange|p2a: Charizard|Charizard-Mega-X, M","|-mega|p2a: Charizard|Charizard|Charizardite X","|move|p1a: Easy Wins|Bullet Punch|p2a: Charizard","|-resisted|p2a: Charizard","|-damage|p2a: Charizard|79/308","|move|p2a: Charizard|Roost|p2a: Charizard","|-heal|p2a: Charizard|233/308","|","|turn|14","|","|switch|p1a: Damage?|Clefable, F|354/394","|move|p2a: Charizard|Defog|p1a: Damage?","|-unboost|p1a: Damage?|evasion|1","|-sideend|p2: Liquid Stranger|Stealth Rock|[from] move: Defog|[of] p2a: Charizard","|","|-heal|p1a: Damage?|378/394|[from] item: Leftovers","|turn|15","|","|switch|p2a: Slowbro|Slowbro, M|394/394","|move|p1a: Damage?|Stealth Rock|p2a: Slowbro","|-sidestart|p2: Liquid Stranger|move: Stealth Rock","|","|-heal|p1a: Damage?|394/394|[from] item: Leftovers","|turn|16","|","|switch|p1a: Easy Wins|Scizor, M|190/343","|move|p2a: Slowbro|Calm Mind|p2a: Slowbro","|-boost|p2a: Slowbro|spa|1","|-boost|p2a: Slowbro|spd|1","|","|turn|17","|","|move|p1a: Easy Wins|U-turn|p2a: Slowbro","|-supereffective|p2a: Slowbro","|-damage|p2a: Slowbro|104/394","|","|switch|p1a: We Eatin'|Pangoro, F|370/370","|move|p2a: Slowbro|Scald|p1a: We Eatin'","|-damage|p1a: We Eatin'|243/370","|","|-heal|p2a: Slowbro|128/394|[from] item: Leftovers","|turn|18","|","|move|p1a: We Eatin'|Knock Off|p2a: Slowbro","|-supereffective|p2a: Slowbro","|-damage|p2a: Slowbro|0 fnt","|-enditem|p2a: Slowbro|Leftovers|[from] move: Knock Off|[of] p1a: We Eatin'","|faint|p2a: Slowbro","|","|","|switch|p2a: Kyurem-Black|Kyurem-Black|98/391","|-damage|p2a: Kyurem-Black|1/391|[from] Stealth Rock","|-ability|p2a: Kyurem-Black|Teravolt","|turn|19","|","|move|p2a: Kyurem-Black|Fusion Bolt|p1a: We Eatin'","|-damage|p1a: We Eatin'|61/370","|move|p1a: We Eatin'|Knock Off|p2a: Kyurem-Black","|-damage|p2a: Kyurem-Black|0 fnt","|-enditem|p2a: Kyurem-Black|Choice Scarf|[from] move: Knock Off|[of] p1a: We Eatin'","|faint|p2a: Kyurem-Black","|","|","|switch|p2a: Manectric|Manectric, M|281/281","|-damage|p2a: Manectric|246/281|[from] Stealth Rock","|turn|20","|","|move|p2a: Manectric|Volt Switch|p1a: We Eatin'","|-damage|p1a: We Eatin'|0 fnt","|faint|p1a: We Eatin'","|","|switch|p2a: Charizard|Charizard-Mega-X, M|233/308","|-damage|p2a: Charizard|156/308|[from] Stealth Rock","|","|","|switch|p1a: Spam Draco|Latios, M|301/301","|turn|21","|","|move|p1a: Spam Draco|Draco Meteor|p2a: Charizard|[miss]","|-miss|p1a: Spam Draco|p2a: Charizard","|move|p2a: Charizard|Dragon Claw|p1a: Spam Draco","|-supereffective|p1a: Spam Draco","|-damage|p1a: Spam Draco|0 fnt","|faint|p1a: Spam Draco","|","|","|switch|p1a: Damage?|Clefable, F|394/394","|turn|22","|","|move|p2a: Charizard|Roost|p2a: Charizard","|-heal|p2a: Charizard|308/308","|move|p1a: Damage?|Thunder Wave|p2a: Charizard","|-status|p2a: Charizard|par","|","|turn|23","|","|move|p1a: Damage?|Moonblast|p2a: Charizard","|-damage|p2a: Charizard|182/308 par","|move|p2a: Charizard|Flare Blitz|p1a: Damage?","|-damage|p1a: Damage?|91/394","|-status|p1a: Damage?|brn","|-damage|p2a: Charizard|82/308 par|[from] recoil|[of] p1a: Damage?","|","|-heal|p1a: Damage?|115/394 brn|[from] item: Leftovers","|turn|24","|","|move|p1a: Damage?|Moonblast|p2a: Charizard","|-damage|p2a: Charizard|0 fnt","|faint|p2a: Charizard","|","|-heal|p1a: Damage?|139/394 brn|[from] item: Leftovers","|","|switch|p2a: Manectric|Manectric, M|246/281","|-damage|p2a: Manectric|211/281|[from] Stealth Rock","|turn|25","|","|move|p2a: Manectric|Thunderbolt|p1a: Damage?","|-damage|p1a: Damage?|7/394 brn","|move|p1a: Damage?|Soft-Boiled|p1a: Damage?","|-heal|p1a: Damage?|204/394 brn","|","|-heal|p1a: Damage?|228/394 brn|[from] item: Leftovers","|turn|26","|","|move|p2a: Manectric|Thunderbolt|p1a: Damage?","|-damage|p1a: Damage?|83/394 brn","|move|p1a: Damage?|Soft-Boiled|p1a: Damage?","|-heal|p1a: Damage?|280/394 brn","|","|-heal|p1a: Damage?|304/394 brn|[from] item: Leftovers","|turn|27","|","|move|p2a: Manectric|Thunderbolt|p1a: Damage?","|-damage|p1a: Damage?|156/394 brn","|move|p1a: Damage?|Moonblast|p2a: Manectric","|-damage|p2a: Manectric|37/281","|","|-heal|p1a: Damage?|180/394 brn|[from] item: Leftovers","|turn|28","|","|win|Lotus Wincon"],"p1rating":{"entryid":"6874051","serverid":"eos","formatid":"ou","userid":"lotuswincon","username":"Lotus ۩ WinCon","w":13,"l":"3","t":"0","gxe":72.2,"r":"1674.8371669437","rd":"79.611744913934","sigma":"0","rptime":"1438160400","rpr":1684.0417069873,"rprd":78.201009400265,"rpsigma":"0","acre":1222.6331470977,"lacre":1222.6331470977,"oldacre":"1211.1989643709"},"p2rating":{"entryid":7258208,"formatid":"ou","userid":"liquidstranger","username":"Liquid Stranger","r":1500,"rd":130,"sigma":0,"rpr":1476.6276717291,"rprd":123.68893134535,"rpsigma":0,"rptime":1438160400,"w":0,"l":1,"t":0,"gxe":47.1,"acre":1000,"lacre":1000,"oldacre":1000},"endType":"forfeit"}