{"seed":[31130,1817,49505,11963],"turns":25,"p1":"tkbr","p2":"Odd Cytoplasm","p1team":[{"name":"Diancie","species":"Diancie","item":"diancite","ability":"Clear Body","moves":["moonblast","diamondstorm","earthpower","protect"],"nature":"Naive","evs":{"hp":0,"atk":0,"def":4,"spa":252,"spd":0,"spe":252},"ivs":{"hp":31,"atk":31,"def":31,"spa":31,"spd":31,"spe":31}},{"name":"Manaphy","species":"Manaphy","item":"leftovers","ability":"Hydration","moves":["tailglow","surf","energyball","frustration"],"nature":"Timid","evs":{"hp":88,"atk":0,"def":0,"spa":252,"spd":0,"spe":168},"ivs":{"hp":31,"atk":30,"def":31,"spa":30,"spd":31,"spe":30},"happiness":0},{"name":"Ferrothorn","species":"Ferrothorn","item":"leftovers","ability":"Iron Barbs","moves":["thunderwave","leechseed","protect","powerwhip"],"nature":"Relaxed","evs":{"hp":248,"atk":0,"def":92,"spa":0,"spd":168,"spe":0},"ivs":{"hp":31,"atk":31,"def":31,"spa":31,"spd":31,"spe":31}},{"name":"Victini","species":"Victini","item":"choiceband","ability":"Victory Star","moves":["vcreate","boltstrike","trick","uturn"],"nature":"Adamant","evs":{"hp":0,"atk":252,"def":4,"spa":0,"spd":0,"spe":252},"ivs":{"hp":31,"atk":31,"def":31,"spa":31,"spd":31,"spe":31}},{"name":"Garchomp","species":"Garchomp","item":"rockyhelmet","ability":"Rough Skin","moves":["stealthrock","earthquake","dragontail","fireblast"],"nature":"Impish","evs":{"hp":248,"atk":0,"def":168,"spa":0,"spd":0,"spe":92},"ivs":{"hp":31,"atk":31,"def":31,"spa":31,"spd":31,"spe":31}},{"name":"Latios","species":"Latios","item":"lifeorb","ability":"Levitate","moves":["dracometeor","defog","roost","psyshock"],"nature":"Timid","evs":{"hp":0,"atk":0,"def":0,"spa":252,"spd":4,"spe":252},"ivs":{"hp":31,"atk":31,"def":31,"spa":31,"spd":31,"spe":31}}],"p2team":[{"name":"Shedinja","species":"Shedinja","item":"focussash","ability":"Wonder Guard","moves":["xscissor","toxic","protect","endure"],"nature":"Adamant","evs":{"hp":0,"atk":252,"def":4,"spa":0,"spd":0,"spe":252},"ivs":{"hp":31,"atk":31,"def":31,"spa":31,"spd":31,"spe":31}},{"name":"Gallade","species":"Gallade","item":"galladite","ability":"Steadfast","moves":["closecombat","psychocut","leafblade","disable"],"nature":"Adamant","evs":{"hp":248,"atk":252,"def":0,"spa":0,"spd":8,"spe":0},"ivs":{"hp":31,"atk":31,"def":31,"spa":31,"spd":31,"spe":31}},{"name":"Talonflame","species":"Talonflame","item":"choicescarf","ability":"Gale Wings","moves":["hiddenpowerrock","bravebird","flareblitz","uturn"],"nature":"Naive","evs":{"hp":0,"atk":252,"def":0,"spa":4,"spd":0,"spe":252},"ivs":{"hp":31,"atk":31,"def":30,"spa":31,"spd":30,"spe":30}},{"name":"Sylveon","species":"Sylveon","item":"choicescarf","ability":"Pixilate","moves":["hypervoice","hiddenpowerfighting","shadowball","psyshock"],"nature":"Timid","evs":{"hp":0,"atk":0,"def":0,"spa":252,"spd":4,"spe":252},"ivs":{"hp":31,"atk":31,"def":30,"spa":30,"spd":30,"spe":30}},{"name":"Ditto","species":"Ditto","item":"choicescarf","ability":"Imposter","moves":["transform"],"nature":"Hasty","evs":{"hp":0,"atk":0,"def":0,"spa":252,"spd":4,"spe":252},"ivs":{"hp":31,"atk":31,"def":31,"spa":31,"spd":31,"spe":31}},{"name":"Mew","species":"Mew","item":"leftovers","ability":"Synchronize","moves":["thunderwave","batonpass","ironhead","swordsdance"],"nature":"Jolly","evs":{"hp":0,"atk":252,"def":0,"spa":0,"spd":4,"spe":252},"ivs":{"hp":31,"atk":31,"def":31,"spa":31,"spd":31,"spe":31}}],"log":["|player|p1|tkbr|290","|player|p2|Odd Cytoplasm|170","|gametype|singles","|gen|6","|tier|OU","|rated","|clearpoke","|poke|p1|Diancie","|poke|p1|Manaphy","|poke|p1|Ferrothorn, F","|poke|p1|Victini","|poke|p1|Garchomp, F","|poke|p1|Latios, M","|poke|p2|Shedinja","|poke|p2|Gallade, M","|poke|p2|Talonflame, F","|poke|p2|Sylveon, F","|poke|p2|Ditto","|poke|p2|Mew","|rule|Swagger Clause: Swagger is banned","|rule|Baton Pass Clause: Limit one Baton Passer, can't pass Spe and other stats simultaneously","|rule|Sleep Clause Mod: Limit one foe put to sleep","|rule|Species Clause: Limit one of each Pokémon","|rule|OHKO Clause: OHKO moves are banned","|rule|Moody Clause: Moody is banned","|rule|Evasion Moves Clause: Evasion moves are banned","|rule|Endless Battle Clause: Forcing endless battles is banned","|rule|HP Percentage Mod: HP is shown in percentages","|teampreview","|","|start","|switch|p1a: Garchomp|Garchomp, F|419/419","|switch|p2a: Shedinja|Shedinja|1/1","|turn|1","|","|move|p1a: Garchomp|Stealth Rock|p2a: Shedinja","|-sidestart|p2: Odd Cytoplasm|move: Stealth Rock","|move|p2a: Shedinja|Toxic|p1a: Garchomp","|-status|p1a: Garchomp|tox","|","|-damage|p1a: Garchomp|393/419 tox|[from] psn","|turn|2","|","|move|p2a: Shedinja|Endure|p2a: Shedinja","|-singleturn|p2a: Shedinja|move: Endure","|move|p1a: Garchomp|Fire Blast|p2a: Shedinja","|-supereffective|p2a: Shedinja","|-enditem|p2a: Shedinja|Focus Sash","|-damage|p2a: Shedinja|1/1","|","|-damage|p1a: Garchomp|341/419 tox|[from] psn","|turn|3","|","|move|p2a: Shedinja|Protect|p2a: Shedinja","|-singleturn|p2a: Shedinja|Protect","|move|p1a: Garchomp|Fire Blast|p2a: Shedinja","|-activate|p2a: Shedinja|Protect","|","|-damage|p1a: Garchomp|263/419 tox|[from] psn","|turn|4","|","|move|p2a: Shedinja|Endure|p2a: Shedinja","|-fail|p2a: Shedinja","|move|p1a: Garchomp|Fire Blast|p2a: Shedinja","|-supereffective|p2a: Shedinja","|-damage|p2a: Shedinja|0 fnt","|faint|p2a: Shedinja","|","|-damage|p1a: Garchomp|159/419 tox|[from] psn","|","|switch|p2a: Ditto|Ditto|237/237","|-damage|p2a: Ditto|208/237|[from] Stealth Rock","|-transform|p2a: Ditto|p1a: Garchomp","|turn|5","|","|move|p2a: Ditto|Stealth Rock|p1a: Garchomp","|-sidestart|p1: tkbr|move: Stealth Rock","|move|p1a: Garchomp|Dragon Tail|p2a: Ditto","|-supereffective|p2a: Ditto","|-damage|p2a: Ditto|64/237","|-damage|p1a: Garchomp|107/419 tox|[from] ability: Rough Skin|[of] p2a: Ditto","|drag|p2a: Talonflame|Talonflame, F|297/297","|-damage|p2a: Talonflame|149/297|[from] Stealth Rock","|","|-damage|p1a: Garchomp|0 fnt|[from] psn","|faint|p1a: Garchomp","|","|switch|p1a: Diancie|Diancie|241/241","|-damage|p1a: Diancie|211/241|[from] Stealth Rock","|turn|6","|","|detailschange|p1a: Diancie|Diancie-Mega","|-mega|p1a: Diancie|Diancie|Diancite","|move|p2a: Talonflame|U-turn|p1a: Diancie","|-resisted|p1a: Diancie","|-damage|p1a: Diancie|185/241","|","|switch|p2a: Sylveon|Sylveon, F|331/331","|-damage|p2a: Sylveon|290/331|[from] Stealth Rock","|move|p1a: Diancie|Diamond Storm|p2a: Sylveon","|-damage|p2a: Sylveon|16/331","|","|turn|7","|","|move|p2a: Sylveon|Hyper Voice|p1a: Diancie","|-damage|p1a: Diancie|0 fnt","|faint|p1a: Diancie","|","|","|switch|p1a: Ferrothorn|Ferrothorn, F|351/351","|-damage|p1a: Ferrothorn|330/351|[from] Stealth Rock","|turn|8","|","|move|p2a: Sylveon|Hyper Voice|p1a: Ferrothorn","|-resisted|p1a: Ferrothorn","|-damage|p1a: Ferrothorn|261/351","|move|p1a: Ferrothorn|Thunder Wave|p2a: Sylveon","|-status|p2a: Sylveon|par","|","|-heal|p1a: Ferrothorn|282/351|[from] item: Leftovers","|turn|9","|","|move|p2a: Sylveon|Hyper Voice|p1a: Ferrothorn","|-resisted|p1a: Ferrothorn","|-damage|p1a: Ferrothorn|211/351","|move|p1a: Ferrothorn|Power Whip|p2a: Sylveon","|-damage|p2a: Sylveon|0 fnt","|faint|p2a: Sylveon","|","|-heal|p1a: Ferrothorn|232/351|[from] item: Leftovers","|","|switch|p2a: Mew|Mew|341/341","|-damage|p2a: Mew|299/341|[from] Stealth Rock","|turn|10","|","|move|p2a: Mew|Thunder Wave|p1a: Ferrothorn","|-status|p1a: Ferrothorn|par","|move|p1a: Ferrothorn|Thunder Wave|p2a: Mew","|-status|p2a: Mew|par","|","|-heal|p2a: Mew|320/341 par|[from] item: Leftovers","|-heal|p1a: Ferrothorn|253/351 par|[from] item: Leftovers","|turn|11","|","|switch|p1a: Manaphy|Manaphy|363/363","|-damage|p1a: Manaphy|318/363|[from] Stealth Rock","|move|p2a: Mew|Swords Dance|p2a: Mew","|-boost|p2a: Mew|atk|2","|","|-heal|p1a: Manaphy|340/363|[from] item: Leftovers","|-heal|p2a: Mew|341/341 par|[from] item: Leftovers","|turn|12","|","|move|p1a: Manaphy|Tail Glow|p1a: Manaphy","|-boost|p1a: Manaphy|spa|3","|move|p2a: Mew|Baton Pass|p2a: Mew","|","|switch|p2a: Gallade|Gallade, M|339/339","|-damage|p2a: Gallade|318/339|[from] Stealth Rock","|","|-heal|p1a: Manaphy|362/363|[from] item: Leftovers","|turn|13","|","|detailschange|p2a: Gallade|Gallade-Mega, M","|-mega|p2a: Gallade|Gallade|Galladite","|move|p1a: Manaphy|Energy Ball|p2a: Gallade","|-damage|p2a: Gallade|132/339","|move|p2a: Gallade|Leaf Blade|p1a: Manaphy","|-supereffective|p1a: Manaphy","|-damage|p1a: Manaphy|0 fnt","|faint|p1a: Manaphy","|","|","|switch|p1a: Latios|Latios, M|301/301","|-damage|p1a: Latios|264/301|[from] Stealth Rock","|turn|14","|","|move|p1a: Latios|Psyshock|p2a: Gallade","|-damage|p2a: Gallade|0 fnt","|-damage|p1a: Latios|234/301|[from] item: Life Orb","|faint|p2a: Gallade","|","|","|switch|p2a: Ditto|Ditto|64/237","|-damage|p2a: Ditto|35/237|[from] Stealth Rock","|-transform|p2a: Ditto|p1a: Latios","|turn|15","|","|move|p2a: Ditto|Draco Meteor|p1a: Latios","|-supereffective|p1a: Latios","|-damage|p1a: Latios|0 fnt","|-unboost|p2a: Ditto|spa|2","|faint|p1a: Latios","|","|","|switch|p1a: Ferrothorn|Ferrothorn, F|253/351 par","|-damage|p1a: Ferrothorn|232/351 par|[from] Stealth Rock","|turn|16","|","|switch|p2a: Talonflame|Talonflame, F|149/297","|-damage|p2a: Talonflame|1/297|[from] Stealth Rock","|cant|p1a: Ferrothorn|par","|","|-heal|p1a: Ferrothorn|253/351 par|[from] item: Leftovers","|turn|17","|","|move|p2a: Talonflame|Flare Blitz|p1a: Ferrothorn","|-supereffective|p1a: Ferrothorn","|-damage|p1a: Ferrothorn|0 fnt","|-damage|p2a: Talonflame|0 fnt|[from] ability: Iron Barbs|[of] p1a: Ferrothorn","|faint|p2a: Talonflame","|faint|p1a: Ferrothorn","|","|","|switch|p1a: Victini|Victini|341/341","|switch|p2a: Mew|Mew|341/341 par","|-damage|p1a: Victini|256/341|[from] Stealth Rock","|-damage|p2a: Mew|299/341 par|[from] Stealth Rock","|turn|18","|","|move|p1a: Victini|Trick|p2a: Mew","|-activate|p1a: Victini|move: Trick|[of] p2a: Mew","|-item|p2a: Mew|Choice Band|[from] move: Trick","|-item|p1a: Victini|Leftovers|[from] move: Trick","|move|p2a: Mew|Thunder Wave|p1a: Victini","|-status|p1a: Victini|par","|","|-heal|p1a: Victini|277/341 par|[from] item: Leftovers","|turn|19","|","|switch|p2a: Ditto|Ditto|35/237","|-damage|p2a: Ditto|6/237|[from] Stealth Rock","|-transform|p2a: Ditto|p1a: Victini","|cant|p1a: Victini|par","|","|-heal|p1a: Victini|298/341 par|[from] item: Leftovers","|turn|20","|","|move|p2a: Ditto|Trick|p1a: Victini","|-activate|p2a: Ditto|move: Trick|[of] p1a: Victini","|-item|p1a: Victini|Choice Scarf|[from] move: Trick","|-item|p2a: Ditto|Leftovers|[from] move: Trick","|move|p1a: Victini|Bolt Strike|p2a: Ditto","|-damage|p2a: Ditto|0 fnt","|faint|p2a: Ditto","|","|","|switch|p2a: Mew|Mew|299/341 par","|-damage|p2a: Mew|257/341 par|[from] Stealth Rock","|turn|21","|","|cant|p1a: Victini|par","|move|p2a: Mew|Iron Head|p1a: Victini","|-resisted|p1a: Victini","|-damage|p1a: Victini|236/341 par","|","|turn|22","|","|cant|p1a: Victini|par","|cant|p2a: Mew|par","|","|turn|23","|","|move|p1a: Victini|Bolt Strike|p2a: Mew","|-damage|p2a: Mew|114/341 par","|move|p2a: Mew|Iron Head|p1a: Victini","|-resisted|p1a: Victini","|-damage|p1a: Victini|182/341 par","|","|turn|24","|","|cant|p1a: Victini|par","|move|p2a: Mew|Iron Head|p1a: Victini","|-resisted|p1a: Victini","|-damage|p1a: Victini|124/341 par","|","|turn|25","|","|move|p1a: Victini|Bolt Strike|p2a: Mew","|-crit|p2a: Mew","|-damage|p2a: Mew|0 fnt","|faint|p2a: Mew","|","|win|tkbr"],"p1rating":{"entryid":7256175,"formatid":"ou","userid":"tkbr","username":"tkbr","r":1500,"rd":130,"sigma":0,"rpr":1540.1606143388,"rprd":122.8583080769,"rpsigma":0,"rptime":1438160400,"w":1,"l":0,"t":0,"gxe":55,"acre":1040,"lacre":1040,"oldacre":1000},"p2rating":{"entryid":7256176,"formatid":"ou","userid":"oddcytoplasm","username":"Odd Cytoplasm","r":1500,"rd":130,"sigma":0,"rpr":1459.8393856612,"rprd":122.8583080769,"rpsigma":0,"rptime":1438160400,"w":0,"l":1,"t":0,"gxe":45,"acre":1000,"lacre":1000,"oldacre":1000},"endType":"normal"}