{"seed":[21841,55260,58917,45876],"turns":20,"p1":"Aqua♒Kirby","p2":"EmergencySD Linket","p1team":[{"name":"Garchomp","species":"Garchomp","item":"choicescarf","ability":"Rough Skin","moves":["outrage","earthquake","crunch","ironhead"],"nature":"Adamant","evs":{"hp":0,"atk":252,"def":0,"spa":0,"spd":0,"spe":252},"ivs":{"hp":31,"atk":31,"def":31,"spa":31,"spd":31,"spe":31}},{"name":"Altaria","species":"Altaria","item":"altarianite","ability":"Cloud Nine","moves":["dracometeor","hypervoice","icebeam","flamethrower"],"nature":"Modest","evs":{"hp":0,"atk":0,"def":0,"spa":252,"spd":0,"spe":252},"ivs":{"hp":31,"atk":31,"def":31,"spa":31,"spd":31,"spe":31}},{"name":"Latios","species":"Latios","item":"latiosite","ability":"Levitate","moves":["dracometeor","icebeam","thunderbolt","psychic"],"nature":"Timid","evs":{"hp":0,"atk":0,"def":0,"spa":252,"spd":0,"spe":252},"ivs":{"hp":31,"atk":31,"def":31,"spa":31,"spd":31,"spe":31}}],"p2team":[{"name":"Jirachi","species":"Jirachi","item":"choicescarf","ability":"Serene Grace","moves":["ironhead","heartstamp","snore","uturn"],"nature":"Hasty","evs":{"hp":0,"atk":252,"def":0,"spa":4,"spd":0,"spe":252},"ivs":{"hp":31,"atk":31,"def":31,"spa":31,"spd":31,"spe":31}},{"name":"Togekiss","species":"Togekiss","item":"choicescarf","ability":"Serene Grace","moves":["airslash","bodyslam","headbutt","zenheadbutt"],"nature":"Hasty","evs":{"hp":0,"atk":252,"def":0,"spa":4,"spd":0,"spe":252},"ivs":{"hp":31,"atk":31,"def":31,"spa":31,"spd":31,"spe":31}},{"name":"Meloetta","species":"Meloetta","item":"expertbelt","ability":"Serene Grace","moves":["thunder","shadowball","chargebeam","psychup"],"nature":"Modest","evs":{"hp":4,"atk":0,"def":0,"spa":252,"spd":0,"spe":252},"ivs":{"hp":31,"atk":31,"def":31,"spa":31,"spd":31,"spe":31}},{"name":"Chatot","species":"Chatot","item":"quickclaw","ability":"Tangled Feet","moves":["chatter","boomburst","encore","defog"],"nature":"Timid","evs":{"hp":0,"atk":0,"def":0,"spa":252,"spd":4,"spe":252},"ivs":{"hp":31,"atk":31,"def":31,"spa":31,"spd":31,"spe":31}},{"name":"Sawsbuck","species":"Sawsbuck","item":"choicescarf","ability":"Serene Grace","moves":["bounce","megahorn","jumpkick","hornleech"],"nature":"Jolly","evs":{"hp":0,"atk":252,"def":0,"spa":0,"spd":4,"spe":252},"ivs":{"hp":31,"atk":31,"def":31,"spa":31,"spd":31,"spe":31}},{"name":"Sableye","species":"Sableye","item":"sablenite","ability":"Prankster","moves":["willowisp","toxic","recover","knockoff"],"nature":"Careful","evs":{"hp":4,"atk":0,"def":252,"spa":0,"spd":252,"spe":0},"ivs":{"hp":31,"atk":31,"def":31,"spa":31,"spd":31,"spe":31}}],"log":["|player|p1|Aqua♒Kirby|234","|player|p2|EmergencySD Linket|169","|gametype|singles","|gen|6","|tier|OU","|rated","|clearpoke","|poke|p1|Garchomp, F","|poke|p1|Altaria, F","|poke|p1|Latios, M","|poke|p2|Jirachi","|poke|p2|Togekiss, M","|poke|p2|Meloetta","|poke|p2|Chatot, M","|poke|p2|Sawsbuck, M","|poke|p2|Sableye, F","|rule|Swagger Clause: Swagger is banned","|rule|Baton Pass Clause: Limit one Baton Passer, can't pass Spe and other stats simultaneously","|rule|Sleep Clause Mod: Limit one foe put to sleep","|rule|Species Clause: Limit one of each Pokémon","|rule|OHKO Clause: OHKO moves are banned","|rule|Moody Clause: Moody is banned","|rule|Evasion Moves Clause: Evasion moves are banned","|rule|Endless Battle Clause: Forcing endless battles is banned","|rule|HP Percentage Mod: HP is shown in percentages","|teampreview","|","|start","|switch|p1a: Latios|Latios, M|301/301","|switch|p2a: Chatot|Chatot, M|293/293","|turn|1","|","|detailschange|p1a: Latios|Latios-Mega, M","|-mega|p1a: Latios|Latios|Latiosite","|move|p1a: Latios|Thunderbolt|p2a: Chatot","|-supereffective|p2a: Chatot","|-damage|p2a: Chatot|0 fnt","|faint|p2a: Chatot","|","|","|switch|p2a: Sawsbuck|Sawsbuck, M|301/301","|turn|2","|","|move|p2a: Sawsbuck|Megahorn|p1a: Latios|[miss]","|-miss|p2a: Sawsbuck|p1a: Latios","|move|p1a: Latios|Ice Beam|p2a: Sawsbuck","|-supereffective|p2a: Sawsbuck","|-damage|p2a: Sawsbuck|0 fnt","|faint|p2a: Sawsbuck","|","|","|switch|p2a: Jirachi|Jirachi|341/341","|turn|3","|","|switch|p1a: Altaria|Altaria, F|291/291","|-ability|p1a: Altaria|Cloud Nine","|move|p2a: Jirachi|U-turn|p1a: Altaria","|-resisted|p1a: Altaria","|-damage|p1a: Altaria|254/291","|","|switch|p2a: Meloetta|Meloetta|342/342","|","|turn|4","|","|move|p2a: Meloetta|Thunder|p1a: Altaria","|-damage|p1a: Altaria|111/291","|-status|p1a: Altaria|par","|cant|p1a: Altaria|par","|","|turn|5","|","|move|p2a: Meloetta|Thunder|p1a: Altaria|[miss]","|-miss|p2a: Meloetta|p1a: Altaria","|move|p1a: Altaria|Draco Meteor|p2a: Meloetta","|-damage|p2a: Meloetta|204/342","|-unboost|p1a: Altaria|spa|2","|","|turn|6","|","|move|p2a: Meloetta|Shadow Ball|p1a: Altaria","|-damage|p1a: Altaria|9/291 par","|-unboost|p1a: Altaria|spd|1","|move|p1a: Altaria|Hyper Voice|p2a: Meloetta","|-damage|p2a: Meloetta|172/342","|","|turn|7","|","|move|p2a: Meloetta|Charge Beam|p1a: Altaria","|-damage|p1a: Altaria|0 fnt","|-boost|p2a: Meloetta|spa|1","|faint|p1a: Altaria","|","|","|switch|p1a: Garchomp|Garchomp, F|357/357","|turn|8","|","|move|p1a: Garchomp|Iron Head|p2a: Meloetta","|-damage|p2a: Meloetta|43/342","|cant|p2a: Meloetta|flinch","|","|turn|9","|","|move|p1a: Garchomp|Iron Head|p2a: Meloetta","|-damage|p2a: Meloetta|0 fnt","|faint|p2a: Meloetta","|","|","|switch|p2a: Sableye|Sableye, F|242/242","|turn|10","|","|switch|p1a: Latios|Latios-Mega, M|301/301","|detailschange|p2a: Sableye|Sableye-Mega, F","|-mega|p2a: Sableye|Sableye|Sablenite","|move|p2a: Sableye|Will-O-Wisp|p1a: Latios","|-status|p1a: Latios|brn","|","|-damage|p1a: Latios|264/301 brn|[from] brn","|turn|11","|","|move|p1a: Latios|Draco Meteor|p2a: Sableye","|-damage|p2a: Sableye|56/242","|-unboost|p1a: Latios|spa|2","|move|p2a: Sableye|Recover|p2a: Sableye","|-heal|p2a: Sableye|177/242","|","|-damage|p1a: Latios|227/301 brn|[from] brn","|turn|12","|","|move|p1a: Latios|Draco Meteor|p2a: Sableye","|-damage|p2a: Sableye|86/242","|-unboost|p1a: Latios|spa|2","|move|p2a: Sableye|Recover|p2a: Sableye","|-heal|p2a: Sableye|207/242","|","|-damage|p1a: Latios|190/301 brn|[from] brn","|turn|13","|","|switch|p1a: Garchomp|Garchomp, F|357/357","|move|p2a: Sableye|Recover|p2a: Sableye","|-heal|p2a: Sableye|242/242","|","|turn|14","|","|move|p1a: Garchomp|Outrage|p2a: Sableye","|-crit|p2a: Sableye","|-damage|p2a: Sableye|23/242","|move|p2a: Sableye|Knock Off|p1a: Garchomp","|-damage|p1a: Garchomp|243/357","|-damage|p2a: Sableye|0 fnt|[from] ability: Rough Skin|[of] p1a: Garchomp","|faint|p2a: Sableye","|","|","|switch|p2a: Togekiss|Togekiss, M|311/311","|turn|15","|","|move|p1a: Garchomp|Outrage|p2a: Togekiss","|-immune|p2a: Togekiss|[msg]","|-start|p1a: Garchomp|confusion|[fatigue]","|move|p2a: Togekiss|Body Slam|p1a: Garchomp","|-damage|p1a: Garchomp|188/357","|-damage|p2a: Togekiss|273/311|[from] ability: Rough Skin|[of] p1a: Garchomp","|-status|p1a: Garchomp|par","|","|turn|16","|","|switch|p1a: Latios|Latios-Mega, M|190/301 brn","|move|p2a: Togekiss|Body Slam|p1a: Latios","|-crit|p1a: Latios","|-damage|p1a: Latios|111/301 brn","|","|-damage|p1a: Latios|74/301 brn|[from] brn","|turn|17","|","|move|p2a: Togekiss|Body Slam|p1a: Latios","|-damage|p1a: Latios|13/301 brn","|move|p1a: Latios|Psychic|p2a: Togekiss","|-damage|p2a: Togekiss|96/311","|-unboost|p2a: Togekiss|spd|1","|","|-damage|p1a: Latios|0 fnt|[from] brn","|faint|p1a: Latios","|","|switch|p1a: Garchomp|Garchomp, F|188/357 par","|turn|18","|","|move|p2a: Togekiss|Body Slam|p1a: Garchomp","|-damage|p1a: Garchomp|132/357 par","|-damage|p2a: Togekiss|58/311|[from] ability: Rough Skin|[of] p1a: Garchomp","|move|p1a: Garchomp|Crunch|p2a: Togekiss","|-resisted|p2a: Togekiss","|-damage|p2a: Togekiss|0 fnt","|faint|p2a: Togekiss","|","|","|switch|p2a: Jirachi|Jirachi|341/341","|turn|19","|","|move|p2a: Jirachi|Iron Head|p1a: Garchomp","|-damage|p1a: Garchomp|2/357 par","|-damage|p2a: Jirachi|299/341|[from] ability: Rough Skin|[of] p1a: Garchomp","|cant|p1a: Garchomp|flinch","|","|turn|20","|","|move|p2a: Jirachi|Iron Head|p1a: Garchomp","|-damage|p1a: Garchomp|0 fnt","|-damage|p2a: Jirachi|257/341|[from] ability: Rough Skin|[of] p1a: Garchomp","|faint|p1a: Garchomp","|","|win|EmergencySD Linket"],"p1rating":{"entryid":7258385,"formatid":"ou","userid":"aquakirby","username":"Aqua♒Kirby","r":1500,"rd":130,"sigma":0,"rpr":1459.8393856612,"rprd":122.8583080769,"rpsigma":0,"rptime":1438160400,"w":0,"l":1,"t":0,"gxe":45,"acre":1000,"lacre":1000,"oldacre":1000},"p2rating":{"entryid":7258386,"formatid":"ou","userid":"emergencysdlinket","username":"EmergencySD Linket","r":1500,"rd":130,"sigma":0,"rpr":1540.1606143388,"rprd":122.8583080769,"rpsigma":0,"rptime":1438160400,"w":1,"l":0,"t":0,"gxe":55,"acre":1040,"lacre":1040,"oldacre":1000},"endType":"normal"}