{"seed":[31549,53221,27425,63608],"turns":28,"p1":"joon11","p2":"Test374893125","p1team":[{"name":"Diancie","species":"Diancie","item":"diancite","ability":"Clear Body","moves":["earthpower","rockpolish","moonblast","diamondstorm"],"nature":"Rash","evs":{"hp":44,"atk":32,"def":0,"spa":252,"spd":0,"spe":180},"ivs":{"hp":31,"atk":31,"def":31,"spa":31,"spd":31,"spe":31}},{"name":"Keldeo","species":"Keldeo","item":"choicespecs","ability":"Justified","moves":["icywind","hydropump","scald","secretsword"],"nature":"Timid","evs":{"hp":4,"atk":0,"def":0,"spa":252,"spd":0,"spe":252},"ivs":{"hp":31,"atk":31,"def":31,"spa":31,"spd":31,"spe":31}},{"name":"Kyurem-Black","species":"Kyurem-Black","item":"lifeorb","ability":"Teravolt","moves":["hiddenpowerfire","fusionbolt","icebeam","roost"],"nature":"Mild","evs":{"hp":0,"atk":4,"def":0,"spa":252,"spd":0,"spe":252},"ivs":{"hp":31,"atk":30,"def":31,"spa":30,"spd":31,"spe":30}},{"name":"Excadrill","species":"Excadrill","item":"choicescarf","ability":"Mold Breaker","moves":["rapidspin","earthquake","ironhead","rockslide"],"nature":"Jolly","evs":{"hp":0,"atk":252,"def":4,"spa":0,"spd":0,"spe":252},"ivs":{"hp":31,"atk":31,"def":31,"spa":31,"spd":31,"spe":31}},{"name":"Tornadus-Therian","species":"Tornadus-Therian","item":"lifeorb","ability":"Regenerator","moves":["uturn","hurricane","superpower","taunt"],"nature":"Naive","evs":{"hp":0,"atk":76,"def":0,"spa":180,"spd":0,"spe":252},"ivs":{"hp":31,"atk":31,"def":31,"spa":31,"spd":31,"spe":31}},{"name":"Celebi","species":"Celebi","item":"leftovers","ability":"Natural Cure","moves":["thunderwave","gigadrain","recover","stealthrock"],"nature":"Bold","evs":{"hp":248,"atk":0,"def":156,"spa":0,"spd":80,"spe":24},"ivs":{"hp":31,"atk":31,"def":31,"spa":31,"spd":31,"spe":31}}],"p2team":[{"name":"Landorus-Therian","species":"Landorus-Therian","item":"leftovers","ability":"Intimidate","moves":["stealthrock","earthquake","stoneedge","uturn"],"nature":"Adamant","evs":{"hp":252,"atk":252,"def":0,"spa":0,"spd":4,"spe":0},"ivs":{"hp":31,"atk":31,"def":31,"spa":31,"spd":31,"spe":31}},{"name":"Rotom-Wash","species":"Rotom-Wash","item":"leftovers","ability":"Levitate","moves":["hydropump","voltswitch","willowisp","painsplit"],"nature":"Calm","evs":{"hp":252,"atk":0,"def":0,"spa":4,"spd":252,"spe":0},"ivs":{"hp":31,"atk":31,"def":31,"spa":31,"spd":31,"spe":31}},{"name":"Tornadus-Therian","species":"Tornadus-Therian","item":"assaultvest","ability":"Regenerator","moves":["hurricane","heatwave","grassknot","uturn"],"nature":"Modest","evs":{"hp":248,"atk":0,"def":0,"spa":252,"spd":8,"spe":0},"ivs":{"hp":31,"atk":31,"def":31,"spa":31,"spd":31,"spe":31}},{"name":"Jirachi","species":"Jirachi","item":"choicescarf","ability":"Serene Grace","moves":["ironhead","firepunch","uturn","healingwish"],"nature":"Jolly","evs":{"hp":0,"atk":252,"def":0,"spa":0,"spd":4,"spe":252},"ivs":{"hp":31,"atk":31,"def":31,"spa":31,"spd":31,"spe":31}},{"name":"Latios","species":"Latios","item":"leftovers","ability":"Levitate","moves":["dracometeor","psyshock","roost","defog"],"nature":"Modest","evs":{"hp":252,"atk":0,"def":0,"spa":252,"spd":4,"spe":0},"ivs":{"hp":31,"atk":31,"def":31,"spa":31,"spd":31,"spe":31}},{"name":"Charizard","species":"Charizard","item":"charizarditey","ability":"Blaze","moves":["fireblast","solarbeam","earthquake","airslash"],"nature":"Hasty","evs":{"hp":0,"atk":4,"def":0,"spa":252,"spd":0,"spe":252},"ivs":{"hp":31,"atk":31,"def":31,"spa":31,"spd":31,"spe":31}}],"log":["|player|p1|joon11|102","|player|p2|Test374893125|290","|gametype|singles","|gen|6","|tier|OU","|rated","|clearpoke","|poke|p1|Diancie","|poke|p1|Keldeo","|poke|p1|Kyurem-Black","|poke|p1|Excadrill, F","|poke|p1|Tornadus-Therian, M","|poke|p1|Celebi","|poke|p2|Landorus-Therian, M","|poke|p2|Rotom-Wash","|poke|p2|Tornadus-Therian, M","|poke|p2|Jirachi","|poke|p2|Latios, M","|poke|p2|Charizard, F","|rule|Swagger Clause: Swagger is banned","|rule|Baton Pass Clause: Limit one Baton Passer, can't pass Spe and other stats simultaneously","|rule|Sleep Clause Mod: Limit one foe put to sleep","|rule|Species Clause: Limit one of each Pokémon","|rule|OHKO Clause: OHKO moves are banned","|rule|Moody Clause: Moody is banned","|rule|Evasion Moves Clause: Evasion moves are banned","|rule|Endless Battle Clause: Forcing endless battles is banned","|rule|HP Percentage Mod: HP is shown in percentages","|teampreview","|","|start","|switch|p1a: Excadrill|Excadrill, F|361/361","|switch|p2a: Charizard|Charizard, F|297/297","|-ability|p1a: Excadrill|Mold Breaker","|turn|1","|","|switch|p2a: Jirachi|Jirachi|341/341","|move|p1a: Excadrill|Rock Slide|p2a: Jirachi","|-resisted|p2a: Jirachi","|-damage|p2a: Jirachi|292/341","|","|turn|2","|","|switch|p2a: Landorus-Therian|Landorus-Therian, M|382/382","|-ability|p2a: Landorus-Therian|Intimidate","|-unboost|p1a: Excadrill|atk|1","|switch|p1a: Tornadus-Therian|Tornadus-Therian, M|299/299","|","|turn|3","|","|move|p1a: Tornadus-Therian|Hurricane|p2a: Landorus-Therian","|-damage|p2a: Landorus-Therian|109/382","|-damage|p1a: Tornadus-Therian|270/299|[from] item: Life Orb","|move|p2a: Landorus-Therian|Stealth Rock|p1a: Tornadus-Therian","|-sidestart|p1: joon11|move: Stealth Rock","|","|-heal|p2a: Landorus-Therian|132/382|[from] item: Leftovers","|turn|4","|","|switch|p2a: Rotom-Wash|Rotom-Wash|304/304","|move|p1a: Tornadus-Therian|Hurricane|p2a: Rotom-Wash|[miss]","|-miss|p1a: Tornadus-Therian|p2a: Rotom-Wash","|","|turn|5","|","|move|p1a: Tornadus-Therian|U-turn|p2a: Rotom-Wash","|-damage|p2a: Rotom-Wash|238/304","|-damage|p1a: Tornadus-Therian|241/299|[from] item: Life Orb","|","|switch|p1a: Excadrill|Excadrill, F|361/361","|-damage|p1a: Excadrill|350/361|[from] Stealth Rock","|-ability|p1a: Excadrill|Mold Breaker","|move|p2a: Rotom-Wash|Volt Switch|p1a: Excadrill","|-immune|p1a: Excadrill|[msg]","|","|-heal|p2a: Rotom-Wash|257/304|[from] item: Leftovers","|turn|6","|","|move|p1a: Excadrill|Earthquake|p2a: Rotom-Wash","|-supereffective|p2a: Rotom-Wash","|-damage|p2a: Rotom-Wash|0 fnt","|faint|p2a: Rotom-Wash","|","|","|switch|p2a: Charizard|Charizard, F|297/297","|turn|7","|","|switch|p1a: Keldeo|Keldeo|324/324","|-damage|p1a: Keldeo|304/324|[from] Stealth Rock","|detailschange|p2a: Charizard|Charizard-Mega-Y, F","|-mega|p2a: Charizard|Charizard|Charizardite Y","|-weather|SunnyDay","|move|p2a: Charizard|Fire Blast|p1a: Keldeo","|-resisted|p1a: Keldeo","|-damage|p1a: Keldeo|129/324","|","|-weather|SunnyDay|[upkeep]","|turn|8","|","|move|p1a: Keldeo|Icy Wind|p2a: Charizard","|-damage|p2a: Charizard|208/297","|-unboost|p2a: Charizard|spe|1","|move|p2a: Charizard|Air Slash|p1a: Keldeo","|-supereffective|p1a: Keldeo","|-damage|p1a: Keldeo|0 fnt","|faint|p1a: Keldeo","|","|-weather|SunnyDay|[upkeep]","|","|switch|p1a: Diancie|Diancie|252/252","|-damage|p1a: Diancie|221/252|[from] Stealth Rock","|turn|9","|","|switch|p2a: Jirachi|Jirachi|292/341","|detailschange|p1a: Diancie|Diancie-Mega","|-mega|p1a: Diancie|Diancie|Diancite","|move|p1a: Diancie|Rock Polish|p1a: Diancie","|-boost|p1a: Diancie|spe|2","|","|-weather|SunnyDay|[upkeep]","|turn|10","|","|move|p1a: Diancie|Earth Power|p2a: Jirachi","|-supereffective|p2a: Jirachi","|-damage|p2a: Jirachi|2/341","|move|p2a: Jirachi|Iron Head|p1a: Diancie","|-supereffective|p1a: Diancie","|-damage|p1a: Diancie|0 fnt","|faint|p1a: Diancie","|","|-weather|SunnyDay|[upkeep]","|","|switch|p1a: Excadrill|Excadrill, F|350/361","|-damage|p1a: Excadrill|339/361|[from] Stealth Rock","|-ability|p1a: Excadrill|Mold Breaker","|turn|11","|","|move|p2a: Jirachi|Iron Head|p1a: Excadrill","|-resisted|p1a: Excadrill","|-damage|p1a: Excadrill|249/361","|cant|p1a: Excadrill|flinch","|","|-weather|none","|turn|12","|","|switch|p2a: Landorus-Therian|Landorus-Therian, M|132/382","|-ability|p2a: Landorus-Therian|Intimidate","|-unboost|p1a: Excadrill|atk|1","|move|p1a: Excadrill|Rapid Spin|p2a: Landorus-Therian","|-damage|p2a: Landorus-Therian|113/382","|-sideend|p1: joon11|Stealth Rock|[from] move: Rapid Spin|[of] p1a: Excadrill","|","|-heal|p2a: Landorus-Therian|136/382|[from] item: Leftovers","|turn|13","|","|switch|p1a: Kyurem-Black|Kyurem-Black|391/391","|-ability|p1a: Kyurem-Black|Teravolt","|move|p2a: Landorus-Therian|Stealth Rock|p1a: Kyurem-Black","|-sidestart|p1: joon11|move: Stealth Rock","|","|-heal|p2a: Landorus-Therian|159/382|[from] item: Leftovers","|turn|14","|","|move|p1a: Kyurem-Black|Ice Beam|p2a: Landorus-Therian","|-supereffective|p2a: Landorus-Therian","|-damage|p2a: Landorus-Therian|0 fnt","|-damage|p1a: Kyurem-Black|352/391|[from] item: Life Orb","|faint|p2a: Landorus-Therian","|","|","|switch|p2a: Jirachi|Jirachi|2/341","|turn|15","|","|switch|p1a: Excadrill|Excadrill, F|249/361","|-damage|p1a: Excadrill|238/361|[from] Stealth Rock","|-ability|p1a: Excadrill|Mold Breaker","|move|p2a: Jirachi|Iron Head|p1a: Excadrill","|-resisted|p1a: Excadrill","|-damage|p1a: Excadrill|142/361","|","|turn|16","|","|move|p2a: Jirachi|Iron Head|p1a: Excadrill","|-resisted|p1a: Excadrill","|-damage|p1a: Excadrill|53/361","|move|p1a: Excadrill|Rapid Spin|p2a: Jirachi","|-resisted|p2a: Jirachi","|-damage|p2a: Jirachi|0 fnt","|-sideend|p1: joon11|Stealth Rock|[from] move: Rapid Spin|[of] p1a: Excadrill","|faint|p2a: Jirachi","|","|","|switch|p2a: Tornadus-Therian|Tornadus-Therian, M|361/361","|turn|17","|","|switch|p1a: Kyurem-Black|Kyurem-Black|352/391","|-ability|p1a: Kyurem-Black|Teravolt","|move|p2a: Tornadus-Therian|Hurricane|p1a: Kyurem-Black|[miss]","|-miss|p2a: Tornadus-Therian|p1a: Kyurem-Black","|","|turn|18","|","|move|p1a: Kyurem-Black|Ice Beam|p2a: Tornadus-Therian","|-supereffective|p2a: Tornadus-Therian","|-damage|p2a: Tornadus-Therian|41/361","|-damage|p1a: Kyurem-Black|313/391|[from] item: Life Orb","|move|p2a: Tornadus-Therian|Hurricane|p1a: Kyurem-Black","|-damage|p1a: Kyurem-Black|87/391","|-start|p1a: Kyurem-Black|confusion","|","|turn|19","|","|-activate|p1a: Kyurem-Black|confusion","|move|p1a: Kyurem-Black|Fusion Bolt|p2a: Tornadus-Therian","|-supereffective|p2a: Tornadus-Therian","|-damage|p2a: Tornadus-Therian|0 fnt","|-damage|p1a: Kyurem-Black|48/391|[from] item: Life Orb","|faint|p2a: Tornadus-Therian","|","|","|switch|p2a: Charizard|Charizard-Mega-Y, F|208/297","|-weather|SunnyDay","|turn|20","|","|move|p2a: Charizard|Earthquake|p1a: Kyurem-Black","|-damage|p1a: Kyurem-Black|0 fnt","|faint|p1a: Kyurem-Black","|","|-weather|SunnyDay|[upkeep]","|","|switch|p1a: Excadrill|Excadrill, F|53/361","|-ability|p1a: Excadrill|Mold Breaker","|turn|21","|","|switch|p2a: Latios|Latios, M|364/364","|move|p1a: Excadrill|Rock Slide|p2a: Latios","|-damage|p2a: Latios|246/364","|","|-weather|SunnyDay|[upkeep]","|-heal|p2a: Latios|268/364|[from] item: Leftovers","|turn|22","|","|switch|p1a: Celebi|Celebi|403/403","|move|p2a: Latios|Psyshock|p1a: Celebi","|-resisted|p1a: Celebi","|-damage|p1a: Celebi|338/403","|","|-weather|SunnyDay|[upkeep]","|-heal|p2a: Latios|290/364|[from] item: Leftovers","|-heal|p1a: Celebi|363/403|[from] item: Leftovers","|turn|23","|","|move|p2a: Latios|Roost|p2a: Latios","|-heal|p2a: Latios|364/364","|move|p1a: Celebi|Thunder Wave|p2a: Latios","|-status|p2a: Latios|par","|","|-weather|SunnyDay|[upkeep]","|-heal|p1a: Celebi|388/403|[from] item: Leftovers","|turn|24","|","|move|p1a: Celebi|Stealth Rock|p2a: Latios","|-sidestart|p2: Test374893125|move: Stealth Rock","|move|p2a: Latios|Draco Meteor|p1a: Celebi","|-damage|p1a: Celebi|162/403","|-unboost|p2a: Latios|spa|2","|","|-weather|none","|-heal|p1a: Celebi|187/403|[from] item: Leftovers","|turn|25","|","|switch|p1a: Tornadus-Therian|Tornadus-Therian, M|299/299","|move|p2a: Latios|Defog|p1a: Tornadus-Therian","|-unboost|p1a: Tornadus-Therian|evasion|1","|-sideend|p2: Test374893125|Stealth Rock|[from] move: Defog|[of] p2a: Latios","|","|turn|26","|","|move|p1a: Tornadus-Therian|Hurricane|p2a: Latios","|-damage|p2a: Latios|172/364 par","|-start|p2a: Latios|confusion","|-damage|p1a: Tornadus-Therian|270/299|[from] item: Life Orb","|-activate|p2a: Latios|confusion","|-damage|p2a: Latios|142/364 par|[from] confusion","|","|-heal|p2a: Latios|164/364 par|[from] item: Leftovers","|turn|27","|","|switch|p2a: Charizard|Charizard-Mega-Y, F|208/297","|-weather|SunnyDay","|move|p1a: Tornadus-Therian|U-turn|p2a: Charizard","|-resisted|p2a: Charizard","|-damage|p2a: Charizard|181/297","|-damage|p1a: Tornadus-Therian|241/299|[from] item: Life Orb","|","|switch|p1a: Excadrill|Excadrill, F|53/361","|-ability|p1a: Excadrill|Mold Breaker","|","|-weather|SunnyDay|[upkeep]","|turn|28","|","|move|p1a: Excadrill|Rock Slide|p2a: Charizard","|-supereffective|p2a: Charizard","|-damage|p2a: Charizard|0 fnt","|faint|p2a: Charizard","|","|-weather|SunnyDay|[upkeep]","|","|win|joon11"],"p1rating":{"entryid":"7090012","serverid":"eos","formatid":"ou","userid":"joon11","username":"joon11","w":9,"l":"5","t":"0","gxe":58.6,"r":"1537.8214861588","rd":"88.625293796532","sigma":"0","rptime":"1438160400","rpr":1566.7663044192,"rprd":80.152892829095,"rpsigma":"0","acre":1116.0022099055,"lacre":1116.0022099055,"oldacre":"1094.9061484153"},"p2rating":{"entryid":"7253571","serverid":"eos","formatid":"ou","userid":"test374893125","username":"Test374893125","w":"1","l":2,"t":"0","gxe":46.8,"r":"1500","rd":"130","sigma":"0","rptime":"1438160400","rpr":1474.4332079473,"rprd":110.81249742092,"rpsigma":"0","acre":1019.2271068726,"lacre":1019.2271068726,"oldacre":"1031.253966871"},"endType":"forfeit"}