{"seed":[22730,43802,9115,43632],"turns":24,"p1":"acscfdf","p2":"GTX♅BlackSweeper","p1team":[{"name":"Medicham","species":"Medicham","item":"medichamite","ability":"Pure Power","moves":["fakeout","bulletpunch","zenheadbutt","highjumpkick"],"nature":"Adamant","evs":{"hp":0,"atk":252,"def":0,"spa":0,"spd":4,"spe":252},"gender":"M","ivs":{"hp":31,"atk":31,"def":31,"spa":31,"spd":31,"spe":31}},{"name":"Whimsicott","species":"Whimsicott","item":"lifeorb","ability":"Prankster","moves":["moonblast","gigadrain","stunspore","uturn"],"nature":"Timid","evs":{"hp":0,"atk":0,"def":4,"spa":252,"spd":0,"spe":252},"gender":"M","ivs":{"hp":31,"atk":31,"def":31,"spa":31,"spd":31,"spe":31}},{"name":"Tyrantrum","species":"Tyrantrum","item":"choiceband","ability":"Rock Head","moves":["headsmash","outrage","earthquake","superpower"],"nature":"Jolly","evs":{"hp":0,"atk":252,"def":4,"spa":0,"spd":0,"spe":252},"gender":"M","ivs":{"hp":31,"atk":31,"def":31,"spa":31,"spd":31,"spe":31}},{"name":"Skarmory","species":"Skarmory","item":"leftovers","ability":"Sturdy","moves":["spikes","roost","whirlwind","ironhead"],"nature":"Careful","evs":{"hp":248,"atk":0,"def":0,"spa":0,"spd":244,"spe":16},"gender":"M","ivs":{"hp":31,"atk":31,"def":31,"spa":31,"spd":31,"spe":31}},{"name":"Garchomp","species":"Garchomp","item":"rockyhelmet","ability":"Rough Skin","moves":["stealthrock","earthquake","dragontail","endure"],"nature":"Impish","evs":{"hp":248,"atk":0,"def":164,"spa":0,"spd":76,"spe":16},"gender":"M","ivs":{"hp":31,"atk":31,"def":31,"spa":31,"spd":31,"spe":31}},{"name":"Latios","species":"Latios","item":"lifeorb","ability":"Levitate","moves":["dracometeor","psyshock","hiddenpowerfire","surf"],"nature":"Timid","evs":{"hp":0,"atk":0,"def":0,"spa":252,"spd":4,"spe":252},"ivs":{"hp":31,"atk":0,"def":31,"spa":30,"spd":31,"spe":30}}],"p2team":[{"name":"Keldeo-Resolute","species":"Keldeo-Resolute","item":"choicespecs","ability":"Justified","moves":["scald","hydropump","secretsword","icywind"],"nature":"Hasty","evs":{"hp":0,"atk":0,"def":4,"spa":252,"spd":0,"spe":252},"ivs":{"hp":31,"atk":31,"def":31,"spa":31,"spd":31,"spe":31}},{"name":"Latios","species":"Latios","item":"lifeorb","ability":"Levitate","moves":["psyshock","dracometeor","defog","hiddenpowerfire"],"nature":"Hasty","evs":{"hp":0,"atk":0,"def":0,"spa":252,"spd":4,"spe":252},"ivs":{"hp":31,"atk":30,"def":31,"spa":30,"spd":31,"spe":30}},{"name":"Heatran","species":"Heatran","item":"choicescarf","ability":"Flash Fire","moves":["ancientpower","fireblast","flashcannon","earthpower"],"nature":"Timid","evs":{"hp":0,"atk":0,"def":0,"spa":252,"spd":4,"spe":252},"shiny":true,"ivs":{"hp":31,"atk":31,"def":31,"spa":31,"spd":31,"spe":31}},{"name":"Ferrothorn","species":"Ferrothorn","item":"rockyhelmet","ability":"Iron Barbs","moves":["stealthrock","powerwhip","protect","leechseed"],"nature":"Relaxed","evs":{"hp":252,"atk":4,"def":252,"spa":0,"spd":0,"spe":0},"ivs":{"hp":31,"atk":31,"def":31,"spa":31,"spd":31,"spe":31}},{"name":"Scizor","species":"Scizor","item":"scizorite","ability":"Technician","moves":["swordsdance","bulletpunch","bugbite","superpower"],"nature":"Jolly","evs":{"hp":0,"atk":252,"def":0,"spa":0,"spd":4,"spe":252},"ivs":{"hp":31,"atk":31,"def":31,"spa":31,"spd":31,"spe":31}},{"name":"Azumarill","species":"Azumarill","item":"choiceband","ability":"Huge Power","moves":["aquajet","waterfall","playrough","superpower"],"nature":"Adamant","evs":{"hp":252,"atk":252,"def":4,"spa":0,"spd":0,"spe":0},"ivs":{"hp":31,"atk":31,"def":31,"spa":31,"spd":31,"spe":31}}],"log":["|player|p1|acscfdf|34","|player|p2|GTX♅BlackSweeper|293","|gametype|singles","|gen|6","|tier|OU","|rated","|clearpoke","|poke|p1|Medicham, M","|poke|p1|Whimsicott, M","|poke|p1|Tyrantrum, M","|poke|p1|Skarmory, M","|poke|p1|Garchomp, M","|poke|p1|Latios, M","|poke|p2|Keldeo-Resolute","|poke|p2|Latios, M","|poke|p2|Heatran, F, shiny","|poke|p2|Ferrothorn, M","|poke|p2|Scizor, M","|poke|p2|Azumarill, F","|rule|Swagger Clause: Swagger is banned","|rule|Baton Pass Clause: Limit one Baton Passer, can't pass Spe and other stats simultaneously","|rule|Sleep Clause Mod: Limit one foe put to sleep","|rule|Species Clause: Limit one of each Pokémon","|rule|OHKO Clause: OHKO moves are banned","|rule|Moody Clause: Moody is banned","|rule|Evasion Moves Clause: Evasion moves are banned","|rule|Endless Battle Clause: Forcing endless battles is banned","|rule|HP Percentage Mod: HP is shown in percentages","|teampreview","|","|start","|switch|p1a: Medicham|Medicham, M|261/261","|switch|p2a: Latios|Latios, M|301/301","|turn|1","|","|detailschange|p1a: Medicham|Medicham-Mega, M","|-mega|p1a: Medicham|Medicham|Medichamite","|move|p1a: Medicham|Fake Out|p2a: Latios","|-damage|p2a: Latios|174/301","|cant|p2a: Latios|flinch","|","|turn|2","|","|switch|p2a: Heatran|Heatran, F, shiny|323/323","|switch|p1a: Skarmory|Skarmory, M|333/333","|","|turn|3","|","|switch|p2a: Ferrothorn|Ferrothorn, M|352/352","|switch|p1a: Tyrantrum|Tyrantrum, M|305/305","|","|turn|4","|","|move|p1a: Tyrantrum|Head Smash|p2a: Ferrothorn","|-resisted|p2a: Ferrothorn","|-damage|p2a: Ferrothorn|229/352","|-damage|p1a: Tyrantrum|267/305|[from] ability: Iron Barbs|[of] p2a: Ferrothorn","|-damage|p1a: Tyrantrum|217/305|[from] item: Rocky Helmet|[of] p2a: Ferrothorn","|move|p2a: Ferrothorn|Stealth Rock|p1a: Tyrantrum","|-sidestart|p1: acscfdf|move: Stealth Rock","|","|turn|5","|","|switch|p1a: Whimsicott|Whimsicott, M|261/261","|-damage|p1a: Whimsicott|229/261|[from] Stealth Rock","|move|p2a: Ferrothorn|Leech Seed|p1a: Whimsicott|[miss]","|-miss|p2a: Ferrothorn|p1a: Whimsicott","|","|turn|6","|","|switch|p2a: Heatran|Heatran, F, shiny|323/323","|move|p1a: Whimsicott|U-turn|p2a: Heatran","|-resisted|p2a: Heatran","|-damage|p2a: Heatran|311/323","|-damage|p1a: Whimsicott|203/261|[from] item: Life Orb","|","|switch|p1a: Medicham|Medicham-Mega, M|261/261","|-damage|p1a: Medicham|245/261|[from] Stealth Rock","|","|turn|7","|","|move|p2a: Heatran|Fire Blast|p1a: Medicham","|-damage|p1a: Medicham|10/261","|move|p1a: Medicham|High Jump Kick|p2a: Heatran","|-supereffective|p2a: Heatran","|-damage|p2a: Heatran|0 fnt","|faint|p2a: Heatran","|","|","|switch|p2a: Latios|Latios, M|174/301","|turn|8","|","|move|p1a: Medicham|Bullet Punch|p2a: Latios","|-damage|p2a: Latios|50/301","|move|p2a: Latios|Psyshock|p1a: Medicham","|-damage|p1a: Medicham|0 fnt","|-damage|p2a: Latios|20/301|[from] item: Life Orb","|faint|p1a: Medicham","|","|","|switch|p1a: Whimsicott|Whimsicott, M|203/261","|-damage|p1a: Whimsicott|171/261|[from] Stealth Rock","|turn|9","|","|move|p1a: Whimsicott|Moonblast|p2a: Latios","|-supereffective|p2a: Latios","|-damage|p2a: Latios|0 fnt","|-damage|p1a: Whimsicott|145/261|[from] item: Life Orb","|faint|p2a: Latios","|","|","|switch|p2a: Scizor|Scizor, M|281/281","|turn|10","|","|switch|p2a: Keldeo-Resolute|Keldeo-Resolute|323/323","|move|p1a: Whimsicott|Stun Spore|p2a: Keldeo-Resolute","|-status|p2a: Keldeo-Resolute|par","|","|turn|11","|","|move|p1a: Whimsicott|Giga Drain|p2a: Keldeo-Resolute","|-supereffective|p2a: Keldeo-Resolute","|-damage|p2a: Keldeo-Resolute|47/323 par","|-heal|p1a: Whimsicott|261/261|[from] drain|[of] p2a: Keldeo-Resolute","|-damage|p1a: Whimsicott|235/261|[from] item: Life Orb","|move|p2a: Keldeo-Resolute|Icy Wind|p1a: Whimsicott","|-crit|p1a: Whimsicott","|-supereffective|p1a: Whimsicott","|-damage|p1a: Whimsicott|0 fnt","|faint|p1a: Whimsicott","|","|","|switch|p1a: Garchomp|Garchomp, M|419/419","|-damage|p1a: Garchomp|393/419|[from] Stealth Rock","|turn|12","|","|move|p1a: Garchomp|Earthquake|p2a: Keldeo-Resolute","|-damage|p2a: Keldeo-Resolute|0 fnt","|faint|p2a: Keldeo-Resolute","|","|","|switch|p2a: Azumarill|Azumarill, F|404/404","|turn|13","|","|move|p1a: Garchomp|Earthquake|p2a: Azumarill","|-damage|p2a: Azumarill|230/404","|move|p2a: Azumarill|Waterfall|p1a: Garchomp","|-damage|p1a: Garchomp|182/419","|-damage|p2a: Azumarill|180/404|[from] ability: Rough Skin|[of] p1a: Garchomp","|-damage|p2a: Azumarill|113/404|[from] item: Rocky Helmet|[of] p1a: Garchomp","|","|turn|14","|","|switch|p2a: Ferrothorn|Ferrothorn, M|229/352","|move|p1a: Garchomp|Earthquake|p2a: Ferrothorn","|-damage|p2a: Ferrothorn|136/352","|","|turn|15","|","|switch|p2a: Azumarill|Azumarill, F|113/404","|move|p1a: Garchomp|Stealth Rock|p2a: Azumarill","|-sidestart|p2: GTX♅BlackSweeper|move: Stealth Rock","|","|turn|16","|","|move|p2a: Azumarill|Aqua Jet|p1a: Garchomp","|-damage|p1a: Garchomp|86/419","|-damage|p2a: Azumarill|63/404|[from] ability: Rough Skin|[of] p1a: Garchomp","|-damage|p2a: Azumarill|0 fnt|[from] item: Rocky Helmet|[of] p1a: Garchomp","|faint|p2a: Azumarill","|move|p1a: Garchomp|Earthquake|p2: Azumarill|[notarget]","|-notarget","|","|","|switch|p2a: Ferrothorn|Ferrothorn, M|136/352","|-damage|p2a: Ferrothorn|114/352|[from] Stealth Rock","|turn|17","|","|switch|p1a: Tyrantrum|Tyrantrum, M|217/305","|-damage|p1a: Tyrantrum|179/305|[from] Stealth Rock","|move|p2a: Ferrothorn|Leech Seed|p1a: Tyrantrum","|-start|p1a: Tyrantrum|move: Leech Seed","|","|-damage|p1a: Tyrantrum|141/305|[from] Leech Seed|[of] p2a: Ferrothorn","|-heal|p2a: Ferrothorn|152/352|[silent]","|turn|18","|","|move|p1a: Tyrantrum|Superpower|p2a: Ferrothorn","|-supereffective|p2a: Ferrothorn","|-damage|p2a: Ferrothorn|0 fnt","|-damage|p1a: Tyrantrum|103/305|[from] ability: Iron Barbs|[of] p2a: Ferrothorn","|-damage|p1a: Tyrantrum|53/305|[from] item: Rocky Helmet|[of] p2a: Ferrothorn","|-unboost|p1a: Tyrantrum|atk|1","|-unboost|p1a: Tyrantrum|def|1","|faint|p2a: Ferrothorn","|","|","|switch|p2a: Scizor|Scizor, M|281/281","|-damage|p2a: Scizor|246/281|[from] Stealth Rock","|turn|19","|","|switch|p1a: Latios|Latios, M|301/301","|-damage|p1a: Latios|264/301|[from] Stealth Rock","|detailschange|p2a: Scizor|Scizor-Mega, M","|-mega|p2a: Scizor|Scizor|Scizorite","|move|p2a: Scizor|Swords Dance|p2a: Scizor","|-boost|p2a: Scizor|atk|2","|","|turn|20","|","|move|p2a: Scizor|Bullet Punch|p1a: Latios","|-crit|p1a: Latios","|-damage|p1a: Latios|0 fnt","|faint|p1a: Latios","|","|","|switch|p1a: Garchomp|Garchomp, M|86/419","|-damage|p1a: Garchomp|60/419|[from] Stealth Rock","|turn|21","|","|move|p1a: Garchomp|Endure|p1a: Garchomp","|-singleturn|p1a: Garchomp|move: Endure","|move|p2a: Scizor|Bug Bite|p1a: Garchomp","|-activate|p1a: Garchomp|move: Endure","|-damage|p1a: Garchomp|1/419","|-damage|p2a: Scizor|211/281|[from] ability: Rough Skin|[of] p1a: Garchomp","|-damage|p2a: Scizor|165/281|[from] item: Rocky Helmet|[of] p1a: Garchomp","|","|turn|22","|","|move|p2a: Scizor|Superpower|p1a: Garchomp","|-damage|p1a: Garchomp|0 fnt","|-damage|p2a: Scizor|130/281|[from] ability: Rough Skin|[of] p1a: Garchomp","|-damage|p2a: Scizor|84/281|[from] item: Rocky Helmet|[of] p1a: Garchomp","|-unboost|p2a: Scizor|atk|1","|-unboost|p2a: Scizor|def|1","|faint|p1a: Garchomp","|","|","|switch|p1a: Skarmory|Skarmory, M|333/333","|-damage|p1a: Skarmory|292/333|[from] Stealth Rock","|turn|23","|","|move|p2a: Scizor|Swords Dance|p2a: Scizor","|-boost|p2a: Scizor|atk|2","|move|p1a: Skarmory|Iron Head|p2a: Scizor","|-resisted|p2a: Scizor","|-damage|p2a: Scizor|42/281","|","|-heal|p1a: Skarmory|312/333|[from] item: Leftovers","|turn|24","|","|move|p2a: Scizor|Swords Dance|p2a: Scizor","|-boost|p2a: Scizor|atk|2","|move|p1a: Skarmory|Iron Head|p2a: Scizor","|-resisted|p2a: Scizor","|-damage|p2a: Scizor|0 fnt","|faint|p2a: Scizor","|","|win|acscfdf"],"p1rating":{"entryid":7493186,"formatid":"ou","userid":"acscfdf","username":"acscfdf","r":1500,"rd":130,"sigma":0,"rpr":1548.6642696165,"rprd":122.92123760266,"rpsigma":0,"rptime":1439024400,"w":1,"l":0,"t":0,"gxe":56.1,"acre":1050.5353571019,"lacre":1050.5353571019,"oldacre":1000},"p2rating":{"entryid":"7470155","serverid":"eos","formatid":"ou","userid":"gtxblacksweeper","username":"GTX♅BlackSweeper","w":"3","l":1,"t":"0","gxe":57.7,"r":"1572.5671258289","rd":"116.77753930647","sigma":"0","rptime":"1439024400","rpr":1560.8985950253,"rprd":107.2276892149,"rpsigma":"0","acre":1063.3236151822,"lacre":1063.3236151822,"oldacre":"1093.7176627926"},"endType":"normal"}