{"seed":[28603,31200,27911,25250],"turns":28,"p1":"Rain ☆ delta","p2":"Neowulf","p1team":[{"name":"Le Diancie","species":"diancie","item":"diancite","ability":"Clear Body","moves":["moonblast","protect","diamondstorm","hiddenpowerfire"],"nature":"Hasty","evs":{"hp":0,"atk":4,"def":0,"spa":252,"spd":0,"spe":252},"ivs":{"hp":31,"atk":30,"def":31,"spa":30,"spd":31,"spe":30},"shiny":true},{"name":"Ferrothorn","species":"Ferrothorn","item":"leftovers","ability":"Iron Barbs","moves":["gyroball","leechseed","protect","spikes"],"nature":"Sassy","evs":{"hp":252,"atk":52,"def":0,"spa":0,"spd":204,"spe":0},"gender":"M","ivs":{"hp":31,"atk":31,"def":31,"spa":31,"spd":31,"spe":0},"shiny":true},{"name":"The Flame","species":"talonflame","item":"sharpbeak","ability":"Gale Wings","moves":["bravebird","willowisp","swordsdance","roost"],"nature":"Adamant","evs":{"hp":88,"atk":252,"def":0,"spa":0,"spd":168,"spe":0},"gender":"F","shiny":true,"ivs":{"hp":31,"atk":31,"def":31,"spa":31,"spd":31,"spe":31}},{"name":"Latias","species":"Latias","item":"lifeorb","ability":"Levitate","moves":["dracometeor","defog","roost","psyshock"],"nature":"Timid","evs":{"hp":0,"atk":0,"def":4,"spa":252,"spd":0,"spe":252},"shiny":true,"ivs":{"hp":31,"atk":31,"def":31,"spa":31,"spd":31,"spe":31}},{"name":"Keldeo","species":"Keldeo","item":"choicespecs","ability":"Justified","moves":["hydropump","scald","secretsword","icywind"],"nature":"Timid","evs":{"hp":0,"atk":0,"def":0,"spa":252,"spd":4,"spe":252},"ivs":{"hp":31,"atk":31,"def":31,"spa":31,"spd":31,"spe":31}},{"name":"Hippowdon","species":"Hippowdon","item":"leftovers","ability":"Sand Stream","moves":["earthquake","stoneedge","stealthrock","slackoff"],"nature":"Impish","evs":{"hp":252,"atk":0,"def":144,"spa":0,"spd":112,"spe":0},"gender":"M","shiny":true,"ivs":{"hp":31,"atk":31,"def":31,"spa":31,"spd":31,"spe":31}}],"p2team":[{"name":"Hoopa-Unbound","species":"Hoopa-Unbound","item":"lifeorb","ability":"Magician","moves":["firepunch","hyperspacefury","zenheadbutt","gunkshot"],"nature":"Jolly","evs":{"hp":0,"atk":252,"def":0,"spa":0,"spd":4,"spe":252},"ivs":{"hp":31,"atk":31,"def":31,"spa":31,"spd":31,"spe":31}},{"name":"Heatran","species":"Heatran","item":"leftovers","ability":"Flash Fire","moves":["stealthrock","lavaplume","toxic","protect"],"nature":"Calm","evs":{"hp":252,"atk":0,"def":0,"spa":4,"spd":252,"spe":0},"ivs":{"hp":31,"atk":31,"def":31,"spa":31,"spd":31,"spe":31}},{"name":"Rotom-Wash","species":"Rotom-Wash","item":"chestoberry","ability":"Levitate","moves":["rest","voltswitch","willowisp","hydropump"],"nature":"Bold","evs":{"hp":224,"atk":0,"def":252,"spa":0,"spd":32,"spe":0},"ivs":{"hp":31,"atk":31,"def":31,"spa":31,"spd":31,"spe":31}},{"name":"Landorus-Therian","species":"Landorus-Therian","item":"choicescarf","ability":"Intimidate","moves":["uturn","knockoff","earthquake","stoneedge"],"nature":"Jolly","evs":{"hp":0,"atk":252,"def":0,"spa":0,"spd":4,"spe":252},"ivs":{"hp":31,"atk":31,"def":31,"spa":31,"spd":31,"spe":31}},{"name":"Diancie","species":"Diancie","item":"diancite","ability":"Clear Body","moves":["diamondstorm","moonblast","protect","earthpower"],"nature":"Naive","evs":{"hp":0,"atk":0,"def":4,"spa":252,"spd":0,"spe":252},"ivs":{"hp":31,"atk":31,"def":31,"spa":31,"spd":31,"spe":31}},{"name":"Latios","species":"Latios","item":"lifeorb","ability":"Levitate","moves":["dracometeor","defog","roost","psyshock"],"nature":"Timid","evs":{"hp":0,"atk":0,"def":0,"spa":252,"spd":4,"spe":252},"ivs":{"hp":31,"atk":31,"def":31,"spa":31,"spd":31,"spe":31}}],"log":["|player|p1|Rain ☆ delta|raindelta.png","|player|p2|Neowulf|143","|gametype|singles","|gen|6","|tier|OU","|rated","|clearpoke","|poke|p1|Diancie, shiny","|poke|p1|Ferrothorn, M, shiny","|poke|p1|Talonflame, F, shiny","|poke|p1|Latias, F, shiny","|poke|p1|Keldeo","|poke|p1|Hippowdon, M, shiny","|poke|p2|Hoopa-Unbound","|poke|p2|Heatran, M","|poke|p2|Rotom-Wash","|poke|p2|Landorus-Therian, M","|poke|p2|Diancie","|poke|p2|Latios, M","|rule|Swagger Clause: Swagger is banned","|rule|Baton Pass Clause: Limit one Baton Passer, can't pass Spe and other stats simultaneously","|rule|Sleep Clause Mod: Limit one foe put to sleep","|rule|Species Clause: Limit one of each Pokémon","|rule|OHKO Clause: OHKO moves are banned","|rule|Moody Clause: Moody is banned","|rule|Evasion Moves Clause: Evasion moves are banned","|rule|Endless Battle Clause: Forcing endless battles is banned","|rule|HP Percentage Mod: HP is shown in percentages","|teampreview","|","|start","|switch|p1a: Hippowdon|Hippowdon, M, shiny|420/420","|switch|p2a: Rotom-Wash|Rotom-Wash|297/297","|-weather|Sandstorm","|turn|1","|","|switch|p1a: The Flame|Talonflame, F, shiny|319/319","|move|p2a: Rotom-Wash|Will-O-Wisp|p1a: The Flame","|-immune|p1a: The Flame|[msg]","|","|-weather|Sandstorm|[upkeep]","|-damage|p1a: The Flame|300/319|[from] sandstorm","|-damage|p2a: Rotom-Wash|279/297|[from] sandstorm","|turn|2","|","|move|p1a: The Flame|Swords Dance|p1a: The Flame","|-boost|p1a: The Flame|atk|2","|move|p2a: Rotom-Wash|Hydro Pump|p1a: The Flame","|-supereffective|p1a: The Flame","|-damage|p1a: The Flame|0 fnt","|faint|p1a: The Flame","|","|-weather|Sandstorm|[upkeep]","|-damage|p2a: Rotom-Wash|261/297|[from] sandstorm","|","|switch|p1a: Keldeo|Keldeo|323/323","|turn|3","|","|move|p1a: Keldeo|Secret Sword|p2a: Rotom-Wash","|-damage|p2a: Rotom-Wash|98/297","|move|p2a: Rotom-Wash|Volt Switch|p1a: Keldeo","|-supereffective|p1a: Keldeo","|-damage|p1a: Keldeo|141/323","|","|switch|p2a: Latios|Latios, M|301/301","|","|-weather|Sandstorm|[upkeep]","|-damage|p2a: Latios|283/301|[from] sandstorm","|-damage|p1a: Keldeo|121/323|[from] sandstorm","|turn|4","|","|switch|p1a: Ferrothorn|Ferrothorn, M, shiny|352/352","|move|p2a: Latios|Psyshock|p1a: Ferrothorn","|-resisted|p1a: Ferrothorn","|-damage|p1a: Ferrothorn|278/352","|-damage|p2a: Latios|253/301|[from] item: Life Orb","|","|-weather|Sandstorm|[upkeep]","|-damage|p2a: Latios|235/301|[from] sandstorm","|-heal|p1a: Ferrothorn|300/352|[from] item: Leftovers","|turn|5","|","|switch|p2a: Heatran|Heatran, M|386/386","|move|p1a: Ferrothorn|Leech Seed|p2a: Heatran","|-start|p2a: Heatran|move: Leech Seed","|","|-weather|none","|-heal|p1a: Ferrothorn|322/352|[from] item: Leftovers","|-damage|p2a: Heatran|338/386|[from] Leech Seed|[of] p1a: Ferrothorn","|-heal|p1a: Ferrothorn|352/352|[silent]","|turn|6","|","|move|p1a: Ferrothorn|Protect|p1a: Ferrothorn","|-singleturn|p1a: Ferrothorn|Protect","|move|p2a: Heatran|Stealth Rock|p1a: Ferrothorn","|-sidestart|p1: Rain ☆ delta|move: Stealth Rock","|","|-heal|p2a: Heatran|362/386|[from] item: Leftovers","|-damage|p2a: Heatran|314/386|[from] Leech Seed|[of] p1a: Ferrothorn","|turn|7","|","|move|p2a: Heatran|Lava Plume|p1a: Ferrothorn","|-supereffective|p1a: Ferrothorn","|-damage|p1a: Ferrothorn|52/352","|move|p1a: Ferrothorn|Spikes|p2a: Heatran","|-sidestart|p2: Neowulf|Spikes","|","|-heal|p2a: Heatran|338/386|[from] item: Leftovers","|-heal|p1a: Ferrothorn|74/352|[from] item: Leftovers","|-damage|p2a: Heatran|290/386|[from] Leech Seed|[of] p1a: Ferrothorn","|-heal|p1a: Ferrothorn|122/352|[silent]","|turn|8","|","|switch|p2a: Hoopa-Unbound|Hoopa-Unbound|301/301","|-damage|p2a: Hoopa-Unbound|264/301|[from] Spikes","|move|p1a: Ferrothorn|Protect|p1a: Ferrothorn","|-fail|p1a: Ferrothorn","|","|-heal|p1a: Ferrothorn|144/352|[from] item: Leftovers","|turn|9","|","|move|p2a: Hoopa-Unbound|Fire Punch|p1a: Ferrothorn","|-supereffective|p1a: Ferrothorn","|-damage|p1a: Ferrothorn|0 fnt","|-damage|p2a: Hoopa-Unbound|227/301|[from] ability: Iron Barbs|[of] p1a: Ferrothorn","|-damage|p2a: Hoopa-Unbound|197/301|[from] item: Life Orb","|faint|p1a: Ferrothorn","|","|","|switch|p1a: Hippowdon|Hippowdon, M, shiny|420/420","|-damage|p1a: Hippowdon|394/420|[from] Stealth Rock","|-weather|Sandstorm","|turn|10","|","|switch|p2a: Rotom-Wash|Rotom-Wash|98/297","|move|p1a: Hippowdon|Stone Edge|p2a: Rotom-Wash","|-damage|p2a: Rotom-Wash|43/297","|","|-weather|Sandstorm|[upkeep]","|-damage|p2a: Rotom-Wash|25/297|[from] sandstorm","|-heal|p1a: Hippowdon|420/420|[from] item: Leftovers","|turn|11","|","|move|p2a: Rotom-Wash|Rest|p2a: Rotom-Wash","|-status|p2a: Rotom-Wash|slp","|-heal|p2a: Rotom-Wash|297/297 slp|[silent]","|-status|p2a: Rotom-Wash|slp|[from] move: Rest","|-enditem|p2a: Rotom-Wash|Chesto Berry|[eat]","|-curestatus|p2a: Rotom-Wash|slp","|move|p1a: Hippowdon|Stealth Rock|p2a: Rotom-Wash","|-sidestart|p2: Neowulf|move: Stealth Rock","|","|-weather|Sandstorm|[upkeep]","|-damage|p2a: Rotom-Wash|279/297|[from] sandstorm","|turn|12","|","|switch|p1a: Latias|Latias, F, shiny|301/301","|-damage|p1a: Latias|264/301|[from] Stealth Rock","|move|p2a: Rotom-Wash|Will-O-Wisp|p1a: Latias","|-status|p1a: Latias|brn","|","|-weather|Sandstorm|[upkeep]","|-damage|p1a: Latias|246/301 brn|[from] sandstorm","|-damage|p2a: Rotom-Wash|261/297|[from] sandstorm","|-damage|p1a: Latias|209/301 brn|[from] brn","|turn|13","|","|switch|p2a: Heatran|Heatran, M|290/386","|-damage|p2a: Heatran|242/386|[from] Spikes","|-damage|p2a: Heatran|194/386|[from] Stealth Rock","|move|p1a: Latias|Defog|p2a: Heatran","|-unboost|p2a: Heatran|evasion|1","|-sideend|p2: Neowulf|Spikes|[from] move: Defog|[of] p2a: Heatran","|-sideend|p2: Neowulf|Stealth Rock|[from] move: Defog|[of] p2a: Heatran","|-sideend|p1: Rain ☆ delta|Stealth Rock|[from] move: Defog|[of] p1a: Latias","|","|-weather|Sandstorm|[upkeep]","|-damage|p1a: Latias|191/301 brn|[from] sandstorm","|-heal|p2a: Heatran|218/386|[from] item: Leftovers","|-damage|p1a: Latias|154/301 brn|[from] brn","|turn|14","|","|move|p1a: Latias|Roost|p1a: Latias","|-heal|p1a: Latias|301/301 brn","|move|p2a: Heatran|Stealth Rock|p1a: Latias","|-sidestart|p1: Rain ☆ delta|move: Stealth Rock","|","|-weather|none","|-heal|p2a: Heatran|242/386|[from] item: Leftovers","|-damage|p1a: Latias|264/301 brn|[from] brn","|turn|15","|","|move|p2a: Heatran|Protect|p2a: Heatran","|-singleturn|p2a: Heatran|Protect","|move|p1a: Latias|Defog|p2a: Heatran","|-activate|p2a: Heatran|Protect","|","|-heal|p2a: Heatran|266/386|[from] item: Leftovers","|-damage|p1a: Latias|227/301 brn|[from] brn","|turn|16","|","|move|p1a: Latias|Roost|p1a: Latias","|-heal|p1a: Latias|301/301 brn","|move|p2a: Heatran|Stealth Rock|p1a: Latias","|-fail|p1a: Latias","|","|-heal|p2a: Heatran|290/386|[from] item: Leftovers","|-damage|p1a: Latias|264/301 brn|[from] brn","|turn|17","|","|switch|p1a: Le Diancie|Diancie, shiny|241/241","|-damage|p1a: Le Diancie|211/241|[from] Stealth Rock","|move|p2a: Heatran|Protect|p2a: Heatran","|-fail|p2a: Heatran","|","|-heal|p2a: Heatran|314/386|[from] item: Leftovers","|turn|18","|","|detailschange|p1a: Le Diancie|Diancie-Mega, shiny","|-mega|p1a: Le Diancie|Diancie|Diancite","|move|p1a: Le Diancie|Protect|p1a: Le Diancie","|-singleturn|p1a: Le Diancie|Protect","|move|p2a: Heatran|Protect|p2a: Heatran","|-fail|p2a: Heatran","|","|-heal|p2a: Heatran|338/386|[from] item: Leftovers","|turn|19","|","|switch|p2a: Rotom-Wash|Rotom-Wash|261/297","|move|p1a: Le Diancie|Diamond Storm|p2a: Rotom-Wash","|-miss|p1a: Le Diancie|p2a: Rotom-Wash","|","|turn|20","|","|move|p1a: Le Diancie|Moonblast|p2a: Rotom-Wash","|-damage|p2a: Rotom-Wash|95/297","|move|p2a: Rotom-Wash|Hydro Pump|p1a: Le Diancie","|-supereffective|p1a: Le Diancie","|-damage|p1a: Le Diancie|0 fnt","|faint|p1a: Le Diancie","|","|","|switch|p1a: Latias|Latias, F, shiny|264/301 brn","|-damage|p1a: Latias|227/301 brn|[from] Stealth Rock","|turn|21","|","|move|p1a: Latias|Psyshock|p2a: Rotom-Wash","|-crit|p2a: Rotom-Wash","|-damage|p2a: Rotom-Wash|0 fnt","|-damage|p1a: Latias|197/301 brn|[from] item: Life Orb","|faint|p2a: Rotom-Wash","|","|-damage|p1a: Latias|160/301 brn|[from] brn","|","|switch|p2a: Landorus-Therian|Landorus-Therian, M|319/319","|-ability|p2a: Landorus-Therian|Intimidate","|-unboost|p1a: Latias|atk|1","|turn|22","|","|move|p2a: Landorus-Therian|U-turn|p1a: Latias","|-supereffective|p1a: Latias","|-damage|p1a: Latias|0 fnt","|faint|p1a: Latias","|","|switch|p2a: Diancie|Diancie|241/241","|","|","|switch|p1a: Keldeo|Keldeo|121/323","|-damage|p1a: Keldeo|101/323|[from] Stealth Rock","|turn|23","|","|detailschange|p2a: Diancie|Diancie-Mega","|-mega|p2a: Diancie|Diancie|Diancite","|move|p2a: Diancie|Protect|p2a: Diancie","|-singleturn|p2a: Diancie|Protect","|move|p1a: Keldeo|Scald|p2a: Diancie","|-activate|p2a: Diancie|Protect","|","|turn|24","|","|switch|p2a: Hoopa-Unbound|Hoopa-Unbound|197/301","|move|p1a: Keldeo|Scald|p2a: Hoopa-Unbound","|-damage|p2a: Hoopa-Unbound|31/301","|","|turn|25","|","|move|p1a: Keldeo|Scald|p2a: Hoopa-Unbound","|-crit|p2a: Hoopa-Unbound","|-damage|p2a: Hoopa-Unbound|0 fnt","|faint|p2a: Hoopa-Unbound","|","|","|switch|p2a: Latios|Latios, M|235/301","|turn|26","|","|move|p2a: Latios|Psyshock|p1a: Keldeo","|-supereffective|p1a: Keldeo","|-damage|p1a: Keldeo|0 fnt","|-damage|p2a: Latios|205/301|[from] item: Life Orb","|faint|p1a: Keldeo","|","|","|switch|p1a: Hippowdon|Hippowdon, M, shiny|420/420","|-damage|p1a: Hippowdon|394/420|[from] Stealth Rock","|-weather|Sandstorm","|turn|27","|","|move|p2a: Latios|Psyshock|p1a: Hippowdon","|-damage|p1a: Hippowdon|265/420","|-damage|p2a: Latios|175/301|[from] item: Life Orb","|move|p1a: Hippowdon|Stone Edge|p2a: Latios|[miss]","|-miss|p1a: Hippowdon|p2a: Latios","|","|-weather|Sandstorm|[upkeep]","|-damage|p2a: Latios|157/301|[from] sandstorm","|-heal|p1a: Hippowdon|291/420|[from] item: Leftovers","|turn|28","|","|move|p2a: Latios|Draco Meteor|p1a: Hippowdon","|-damage|p1a: Hippowdon|0 fnt","|-unboost|p2a: Latios|spa|2","|-damage|p2a: Latios|127/301|[from] item: Life Orb","|faint|p1a: Hippowdon","|","|win|Neowulf"],"p1rating":{"entryid":7499027,"formatid":"ou","userid":"raindelta","username":"Rain ☆ delta","r":1500,"rd":130,"sigma":0,"rpr":1464.1695732548,"rprd":122.52507619998,"rpsigma":0,"rptime":1439024400,"w":0,"l":1,"t":0,"gxe":45.5,"acre":1000,"lacre":1000,"oldacre":1000},"p2rating":{"entryid":"6346305","serverid":"eos","formatid":"ou","userid":"neowulf","username":"Neowulf","w":8,"l":"4","t":"0","gxe":61,"r":"1548.5161877071","rd":"96.527345409762","sigma":"0","rptime":"1439024400","rpr":1586.7697044479,"rprd":90.815463855115,"rpsigma":"0","acre":1124.0345798532,"lacre":1124.0345798532,"oldacre":"1106.4641940702"},"endType":"normal"}