{"seed":[59948,4371,65150,25728],"turns":34,"p1":"Neowulf","p2":"LoD) Dormll","p1team":[{"name":"Hoopa-Unbound","species":"Hoopa-Unbound","item":"lifeorb","ability":"Magician","moves":["firepunch","hyperspacefury","zenheadbutt","gunkshot"],"nature":"Jolly","evs":{"hp":0,"atk":252,"def":0,"spa":0,"spd":4,"spe":252},"ivs":{"hp":31,"atk":31,"def":31,"spa":31,"spd":31,"spe":31}},{"name":"Heatran","species":"Heatran","item":"leftovers","ability":"Flash Fire","moves":["stealthrock","lavaplume","toxic","protect"],"nature":"Calm","evs":{"hp":252,"atk":0,"def":0,"spa":4,"spd":252,"spe":0},"ivs":{"hp":31,"atk":31,"def":31,"spa":31,"spd":31,"spe":31}},{"name":"Rotom-Wash","species":"Rotom-Wash","item":"chestoberry","ability":"Levitate","moves":["rest","voltswitch","willowisp","hydropump"],"nature":"Bold","evs":{"hp":224,"atk":0,"def":252,"spa":0,"spd":32,"spe":0},"ivs":{"hp":31,"atk":31,"def":31,"spa":31,"spd":31,"spe":31}},{"name":"Landorus-Therian","species":"Landorus-Therian","item":"choicescarf","ability":"Intimidate","moves":["uturn","knockoff","earthquake","stoneedge"],"nature":"Jolly","evs":{"hp":0,"atk":252,"def":0,"spa":0,"spd":4,"spe":252},"ivs":{"hp":31,"atk":31,"def":31,"spa":31,"spd":31,"spe":31}},{"name":"Diancie","species":"Diancie","item":"diancite","ability":"Clear Body","moves":["diamondstorm","moonblast","protect","earthpower"],"nature":"Naive","evs":{"hp":0,"atk":0,"def":4,"spa":252,"spd":0,"spe":252},"ivs":{"hp":31,"atk":31,"def":31,"spa":31,"spd":31,"spe":31}},{"name":"Latios","species":"Latios","item":"lifeorb","ability":"Levitate","moves":["dracometeor","defog","roost","psyshock"],"nature":"Timid","evs":{"hp":0,"atk":0,"def":0,"spa":252,"spd":4,"spe":252},"ivs":{"hp":31,"atk":31,"def":31,"spa":31,"spd":31,"spe":31}}],"p2team":[{"name":"Talonflame","species":"Talonflame","item":"expertbelt","ability":"Gale Wings","moves":["bravebird","flareblitz","roost","swordsdance"],"nature":"Adamant","evs":{"hp":56,"atk":252,"def":0,"spa":0,"spd":0,"spe":200},"gender":"M","shiny":true,"ivs":{"hp":31,"atk":31,"def":31,"spa":31,"spd":31,"spe":31}},{"name":"Breloom","species":"Breloom","item":"toxicorb","ability":"Poison Heal","moves":["spore","substitute","focuspunch","seedbomb"],"nature":"Adamant","evs":{"hp":16,"atk":240,"def":0,"spa":0,"spd":0,"spe":252},"gender":"M","shiny":true,"ivs":{"hp":31,"atk":31,"def":31,"spa":31,"spd":31,"spe":31}},{"name":"Starmie","species":"Starmie","item":"lifeorb","ability":"Natural Cure","moves":["hydropump","rapidspin","icebeam","psyshock"],"nature":"Timid","evs":{"hp":0,"atk":0,"def":0,"spa":252,"spd":4,"spe":252},"ivs":{"hp":31,"atk":31,"def":31,"spa":31,"spd":31,"spe":31}},{"name":"Garchomp","species":"Garchomp","item":"rockyhelmet","ability":"Rough Skin","moves":["stealthrock","earthquake","dragontail","toxic"],"nature":"Jolly","evs":{"hp":0,"atk":252,"def":0,"spa":0,"spd":4,"spe":252},"gender":"M","shiny":true,"ivs":{"hp":31,"atk":31,"def":31,"spa":31,"spd":31,"spe":31}},{"name":"Raikou","species":"Raikou","item":"leftovers","ability":"Pressure","moves":["thunderbolt","calmmind","voltswitch","hiddenpowerice"],"nature":"Timid","evs":{"hp":0,"atk":0,"def":0,"spa":252,"spd":4,"spe":252},"ivs":{"hp":31,"atk":30,"def":30,"spa":31,"spd":31,"spe":31}},{"name":"Scizor","species":"Scizor","item":"scizorite","ability":"Technician","moves":["knockoff","superpower","roost","swordsdance"],"nature":"Adamant","evs":{"hp":249,"atk":140,"def":24,"spa":0,"spd":0,"spe":96},"ivs":{"hp":31,"atk":31,"def":31,"spa":31,"spd":31,"spe":31}}],"log":["|player|p1|Neowulf|143","|player|p2|LoD) Dormll|265","|gametype|singles","|gen|6","|tier|OU","|rated","|clearpoke","|poke|p1|Hoopa-Unbound","|poke|p1|Heatran, F","|poke|p1|Rotom-Wash","|poke|p1|Landorus-Therian, M","|poke|p1|Diancie","|poke|p1|Latios, M","|poke|p2|Talonflame, M, shiny","|poke|p2|Breloom, M, shiny","|poke|p2|Starmie","|poke|p2|Garchomp, M, shiny","|poke|p2|Raikou","|poke|p2|Scizor, F","|rule|Swagger Clause: Swagger is banned","|rule|Baton Pass Clause: Limit one Baton Passer, can't pass Spe and other stats simultaneously","|rule|Sleep Clause Mod: Limit one foe put to sleep","|rule|Species Clause: Limit one of each Pokémon","|rule|OHKO Clause: OHKO moves are banned","|rule|Moody Clause: Moody is banned","|rule|Evasion Moves Clause: Evasion moves are banned","|rule|Endless Battle Clause: Forcing endless battles is banned","|rule|HP Percentage Mod: HP is shown in percentages","|teampreview","|","|start","|switch|p1a: Rotom-Wash|Rotom-Wash|297/297","|switch|p2a: Raikou|Raikou|321/321","|-ability|p2a: Raikou|Pressure","|turn|1","|","|switch|p1a: Heatran|Heatran, F|386/386","|move|p2a: Raikou|Volt Switch|p1a: Heatran","|-damage|p1a: Heatran|313/386","|","|switch|p2a: Garchomp|Garchomp, M, shiny|357/357","|","|-heal|p1a: Heatran|337/386|[from] item: Leftovers","|turn|2","|","|switch|p1a: Rotom-Wash|Rotom-Wash|297/297","|move|p2a: Garchomp|Stealth Rock|p1a: Rotom-Wash","|-sidestart|p1: Neowulf|move: Stealth Rock","|","|turn|3","|","|move|p2a: Garchomp|Toxic|p1a: Rotom-Wash|[miss]","|-miss|p2a: Garchomp|p1a: Rotom-Wash","|move|p1a: Rotom-Wash|Volt Switch|p2a: Garchomp","|-immune|p2a: Garchomp|[msg]","|","|turn|4","|","|switch|p2a: Starmie|Starmie|261/261","|move|p1a: Rotom-Wash|Will-O-Wisp|p2a: Starmie","|-status|p2a: Starmie|brn","|","|-damage|p2a: Starmie|229/261 brn|[from] brn","|turn|5","|","|switch|p2a: Breloom|Breloom, M, shiny|265/265","|move|p1a: Rotom-Wash|Volt Switch|p2a: Breloom","|-resisted|p2a: Breloom","|-damage|p2a: Breloom|206/265","|","|switch|p1a: Latios|Latios, M|301/301","|-damage|p1a: Latios|264/301|[from] Stealth Rock","|","|-status|p2a: Breloom|tox|[from] item: Toxic Orb","|turn|6","|","|switch|p2a: Scizor|Scizor, F|343/343","|move|p1a: Latios|Defog|p2a: Scizor","|-unboost|p2a: Scizor|evasion|1","|-sideend|p1: Neowulf|Stealth Rock|[from] move: Defog|[of] p1a: Latios","|","|turn|7","|","|switch|p1a: Heatran|Heatran, F|337/386","|detailschange|p2a: Scizor|Scizor-Mega, F","|-mega|p2a: Scizor|Scizor|Scizorite","|move|p2a: Scizor|Superpower|p1a: Heatran","|-supereffective|p1a: Heatran","|-damage|p1a: Heatran|21/386","|-unboost|p2a: Scizor|atk|1","|-unboost|p2a: Scizor|def|1","|","|-heal|p1a: Heatran|45/386|[from] item: Leftovers","|turn|8","|","|switch|p2a: Garchomp|Garchomp, M, shiny|357/357","|move|p1a: Heatran|Stealth Rock|p2a: Garchomp","|-sidestart|p2: LoD) Dormll|move: Stealth Rock","|","|-heal|p1a: Heatran|69/386|[from] item: Leftovers","|turn|9","|","|move|p2a: Garchomp|Stealth Rock|p1a: Heatran","|-sidestart|p1: Neowulf|move: Stealth Rock","|move|p1a: Heatran|Toxic|p2a: Garchomp","|-status|p2a: Garchomp|tox","|","|-heal|p1a: Heatran|93/386|[from] item: Leftovers","|-damage|p2a: Garchomp|335/357 tox|[from] psn","|turn|10","|","|move|p1a: Heatran|Protect|p1a: Heatran","|-singleturn|p1a: Heatran|Protect","|move|p2a: Garchomp|Dragon Tail|p1a: Heatran","|-activate|p1a: Heatran|Protect","|","|-heal|p1a: Heatran|117/386|[from] item: Leftovers","|-damage|p2a: Garchomp|291/357 tox|[from] psn","|turn|11","|","|move|p2a: Garchomp|Toxic|p1a: Heatran","|-immune|p1a: Heatran|[msg]","|move|p1a: Heatran|Lava Plume|p2a: Garchomp","|-resisted|p2a: Garchomp","|-damage|p2a: Garchomp|219/357 tox","|","|-heal|p1a: Heatran|141/386|[from] item: Leftovers","|-damage|p2a: Garchomp|153/357 tox|[from] psn","|turn|12","|","|switch|p2a: Starmie|Starmie|229/261","|-damage|p2a: Starmie|197/261|[from] Stealth Rock","|move|p1a: Heatran|Protect|p1a: Heatran","|-fail|p1a: Heatran","|","|-heal|p1a: Heatran|165/386|[from] item: Leftovers","|turn|13","|","|move|p1a: Heatran|Protect|p1a: Heatran","|-singleturn|p1a: Heatran|Protect","|move|p2a: Starmie|Rapid Spin|p1a: Heatran","|-activate|p1a: Heatran|Protect","|","|-heal|p1a: Heatran|189/386|[from] item: Leftovers","|turn|14","|","|move|p2a: Starmie|Rapid Spin|p1a: Heatran","|-resisted|p1a: Heatran","|-damage|p1a: Heatran|181/386","|-sideend|p2: LoD) Dormll|Stealth Rock|[from] move: Rapid Spin|[of] p2a: Starmie","|-damage|p2a: Starmie|171/261|[from] item: Life Orb","|move|p1a: Heatran|Toxic|p2a: Starmie","|-status|p2a: Starmie|tox","|","|-heal|p1a: Heatran|205/386|[from] item: Leftovers","|-damage|p2a: Starmie|155/261 tox|[from] psn","|turn|15","|","|move|p1a: Heatran|Protect|p1a: Heatran","|-singleturn|p1a: Heatran|Protect","|move|p2a: Starmie|Hydro Pump|p1a: Heatran","|-activate|p1a: Heatran|Protect","|","|-heal|p1a: Heatran|229/386|[from] item: Leftovers","|-damage|p2a: Starmie|123/261 tox|[from] psn","|turn|16","|","|switch|p2a: Scizor|Scizor-Mega, F|343/343","|move|p1a: Heatran|Lava Plume|p2a: Scizor","|-supereffective|p2a: Scizor","|-damage|p2a: Scizor|0 fnt","|faint|p2a: Scizor","|","|-heal|p1a: Heatran|253/386|[from] item: Leftovers","|","|switch|p2a: Breloom|Breloom, M, shiny|206/265 tox","|turn|17","|","|move|p1a: Heatran|Protect|p1a: Heatran","|-singleturn|p1a: Heatran|Protect","|move|p2a: Breloom|Spore|p1a: Heatran","|-activate|p1a: Heatran|Protect","|","|-heal|p1a: Heatran|277/386|[from] item: Leftovers","|-heal|p2a: Breloom|239/265 tox|[from] ability: Poison Heal","|turn|18","|","|move|p2a: Breloom|Spore|p1a: Heatran","|-status|p1a: Heatran|slp","|cant|p1a: Heatran|slp","|","|-heal|p1a: Heatran|301/386 slp|[from] item: Leftovers","|-heal|p2a: Breloom|265/265 tox|[from] ability: Poison Heal","|turn|19","|","|-singleturn|p2a: Breloom|move: Focus Punch","|switch|p1a: Latios|Latios, M|264/301","|-damage|p1a: Latios|227/301|[from] Stealth Rock","|move|p2a: Breloom|Focus Punch|p1a: Latios","|-resisted|p1a: Latios","|-damage|p1a: Latios|46/301","|","|turn|20","|","|move|p1a: Latios|Psyshock|p2a: Breloom","|-supereffective|p2a: Breloom","|-damage|p2a: Breloom|0 fnt","|-damage|p1a: Latios|16/301|[from] item: Life Orb","|faint|p2a: Breloom","|","|","|switch|p2a: Starmie|Starmie|123/261","|turn|21","|","|move|p2a: Starmie|Ice Beam|p1a: Latios","|-supereffective|p1a: Latios","|-damage|p1a: Latios|0 fnt","|-damage|p2a: Starmie|97/261|[from] item: Life Orb","|faint|p1a: Latios","|","|","|switch|p1a: Landorus-Therian|Landorus-Therian, M|319/319","|-damage|p1a: Landorus-Therian|280/319|[from] Stealth Rock","|-ability|p1a: Landorus-Therian|Intimidate","|-unboost|p2a: Starmie|atk|1","|turn|22","|","|switch|p2a: Garchomp|Garchomp, M, shiny|153/357 tox","|move|p1a: Landorus-Therian|U-turn|p2a: Garchomp","|-damage|p2a: Garchomp|66/357 tox","|-damage|p1a: Landorus-Therian|241/319|[from] ability: Rough Skin|[of] p2a: Garchomp","|-damage|p1a: Landorus-Therian|188/319|[from] item: Rocky Helmet|[of] p2a: Garchomp","|","|switch|p1a: Heatran|Heatran, F|301/386 slp","|-damage|p1a: Heatran|253/386 slp|[from] Stealth Rock","|","|-heal|p1a: Heatran|277/386 slp|[from] item: Leftovers","|-damage|p2a: Garchomp|44/357 tox|[from] psn","|turn|23","|","|move|p2a: Garchomp|Earthquake|p1a: Heatran","|-supereffective|p1a: Heatran","|-damage|p1a: Heatran|0 fnt","|faint|p1a: Heatran","|","|-damage|p2a: Garchomp|0 fnt|[from] psn","|faint|p2a: Garchomp","|","|switch|p2a: Raikou|Raikou|321/321","|switch|p1a: Landorus-Therian|Landorus-Therian, M|188/319","|-damage|p1a: Landorus-Therian|149/319|[from] Stealth Rock","|-ability|p1a: Landorus-Therian|Intimidate","|-unboost|p2a: Raikou|atk|1","|-ability|p2a: Raikou|Pressure","|turn|24","|","|switch|p2a: Talonflame|Talonflame, M, shiny|311/311","|move|p1a: Landorus-Therian|Earthquake|p2a: Talonflame","|-immune|p2a: Talonflame|[msg]","|","|turn|25","|","|switch|p1a: Rotom-Wash|Rotom-Wash|297/297","|-damage|p1a: Rotom-Wash|260/297|[from] Stealth Rock","|switch|p2a: Raikou|Raikou|321/321","|-ability|p2a: Raikou|Pressure","|","|turn|26","|","|switch|p1a: Landorus-Therian|Landorus-Therian, M|149/319","|-damage|p1a: Landorus-Therian|110/319|[from] Stealth Rock","|-ability|p1a: Landorus-Therian|Intimidate","|-unboost|p2a: Raikou|atk|1","|move|p2a: Raikou|Calm Mind|p2a: Raikou","|-boost|p2a: Raikou|spa|1","|-boost|p2a: Raikou|spd|1","|","|turn|27","|","|switch|p2a: Starmie|Starmie|97/261","|move|p1a: Landorus-Therian|Earthquake|p2a: Starmie","|-damage|p2a: Starmie|0 fnt","|faint|p2a: Starmie","|","|","|switch|p2a: Talonflame|Talonflame, M, shiny|311/311","|turn|28","|","|switch|p1a: Hoopa-Unbound|Hoopa-Unbound|301/301","|-damage|p1a: Hoopa-Unbound|264/301|[from] Stealth Rock","|move|p2a: Talonflame|Brave Bird|p1a: Hoopa-Unbound","|-damage|p1a: Hoopa-Unbound|27/301","|-damage|p2a: Talonflame|233/311|[from] recoil|[of] p1a: Hoopa-Unbound","|","|turn|29","|","|move|p2a: Talonflame|Brave Bird|p1a: Hoopa-Unbound","|-damage|p1a: Hoopa-Unbound|0 fnt","|-damage|p2a: Talonflame|224/311|[from] recoil|[of] p1a: Hoopa-Unbound","|faint|p1a: Hoopa-Unbound","|","|","|switch|p1a: Rotom-Wash|Rotom-Wash|260/297","|-damage|p1a: Rotom-Wash|223/297|[from] Stealth Rock","|turn|30","|","|move|p2a: Talonflame|Roost|p2a: Talonflame","|-heal|p2a: Talonflame|311/311","|move|p1a: Rotom-Wash|Volt Switch|p2a: Talonflame","|-damage|p2a: Talonflame|194/311","|","|switch|p1a: Diancie|Diancie|241/241","|-damage|p1a: Diancie|211/241|[from] Stealth Rock","|","|turn|31","|","|detailschange|p1a: Diancie|Diancie-Mega","|-mega|p1a: Diancie|Diancie|Diancite","|move|p2a: Talonflame|Swords Dance|p2a: Talonflame","|-boost|p2a: Talonflame|atk|2","|move|p1a: Diancie|Diamond Storm|p2a: Talonflame","|-supereffective|p2a: Talonflame","|-damage|p2a: Talonflame|0 fnt","|faint|p2a: Talonflame","|","|","|switch|p2a: Raikou|Raikou|321/321","|-ability|p2a: Raikou|Pressure","|turn|32","|","|move|p2a: Raikou|Calm Mind|p2a: Raikou","|-boost|p2a: Raikou|spa|1","|-boost|p2a: Raikou|spd|1","|move|p1a: Diancie|Earth Power|p2a: Raikou","|-supereffective|p2a: Raikou","|-damage|p2a: Raikou|155/321","|","|-heal|p2a: Raikou|175/321|[from] item: Leftovers","|turn|33","|","|move|p2a: Raikou|Thunderbolt|p1a: Diancie","|-damage|p1a: Diancie|0 fnt","|faint|p1a: Diancie","|","|-heal|p2a: Raikou|195/321|[from] item: Leftovers","|","|switch|p1a: Landorus-Therian|Landorus-Therian, M|110/319","|-damage|p1a: Landorus-Therian|71/319|[from] Stealth Rock","|-ability|p1a: Landorus-Therian|Intimidate","|-unboost|p2a: Raikou|atk|1","|turn|34","|","|move|p1a: Landorus-Therian|Earthquake|p2a: Raikou","|-supereffective|p2a: Raikou","|-damage|p2a: Raikou|0 fnt","|faint|p2a: Raikou","|","|win|Neowulf"],"p1rating":{"entryid":"6346305","serverid":"eos","formatid":"ou","userid":"neowulf","username":"Neowulf","w":7,"l":"4","t":"0","gxe":58.7,"r":"1548.5161877071","rd":"96.527345409762","sigma":"0","rptime":"1439024400","rpr":1568.8081716578,"rprd":93.540863543179,"rpsigma":"0","acre":1106.4641940702,"lacre":1106.4641940702,"oldacre":"1085.9243201496"},"p2rating":{"entryid":7498766,"formatid":"ou","userid":"loddormll","username":"LoD) Dormll","r":1500,"rd":130,"sigma":0,"rpr":1464.1695732548,"rprd":122.52507619998,"rpsigma":0,"rptime":1439024400,"w":0,"l":1,"t":0,"gxe":45.5,"acre":1000,"lacre":1000,"oldacre":1000},"endType":"normal"}