{"seed":[56031,62108,28194,27783],"turns":27,"p1":"CLOUDFolley","p2":"cruch","p1team":[{"name":"Mantine","moves":["sleeptalk","rest","scald","airslash"],"ability":"Water Absorb","evs":{"hp":85,"atk":85,"def":85,"spa":85,"spd":85,"spe":85},"ivs":{"hp":31,"atk":31,"def":31,"spa":31,"spd":31,"spe":31},"item":"Focus Sash","level":81,"shiny":false},{"name":"Magcargo","moves":["hiddenpowergrass","shellsmash","earthpower","lavaplume"],"ability":"Flame Body","evs":{"hp":85,"atk":85,"def":85,"spa":85,"spd":85,"spe":85},"ivs":{"hp":31,"atk":30,"def":31,"spa":30,"spd":31,"spe":31},"item":"White Herb","level":83,"shiny":false},{"name":"Charizard","moves":["airslash","roost","dragonpulse","fireblast"],"ability":"Solar Power","evs":{"hp":85,"atk":85,"def":85,"spa":85,"spd":85,"spe":85},"ivs":{"hp":31,"atk":31,"def":31,"spa":31,"spd":31,"spe":31},"item":"Charizardite Y","level":75,"shiny":false},{"name":"Seaking","moves":["drillrun","waterfall","icebeam","megahorn"],"ability":"Lightning Rod","evs":{"hp":85,"atk":85,"def":85,"spa":85,"spd":85,"spe":85},"ivs":{"hp":31,"atk":31,"def":31,"spa":31,"spd":31,"spe":31},"item":"Expert Belt","level":83,"shiny":false},{"name":"Wigglytuff","moves":["hypervoice","wish","protect","stealthrock"],"ability":"Competitive","evs":{"hp":85,"atk":85,"def":85,"spa":85,"spd":85,"spe":85},"ivs":{"hp":31,"atk":31,"def":31,"spa":31,"spd":31,"spe":31},"item":"Leftovers","level":83,"shiny":false},{"name":"Deoxys","moves":["firepunch","psychoboost","extremespeed","stealthrock"],"ability":"Pressure","evs":{"hp":85,"atk":85,"def":85,"spa":85,"spd":85,"spe":85},"ivs":{"hp":31,"atk":31,"def":31,"spa":31,"spd":31,"spe":31},"item":"Life Orb","level":73,"shiny":false}],"p2team":[{"name":"Houndoom","moves":["darkpulse","hiddenpowergrass","fireblast","nastyplot"],"ability":"Early Bird","evs":{"hp":85,"atk":85,"def":85,"spa":85,"spd":85,"spe":85},"ivs":{"hp":31,"atk":30,"def":31,"spa":30,"spd":31,"spe":31},"item":"Houndoominite","level":78,"shiny":false},{"name":"Tornadus","moves":["tailwind","uturn","taunt","hurricane"],"ability":"Prankster","evs":{"hp":85,"atk":85,"def":85,"spa":85,"spd":85,"spe":85},"ivs":{"hp":31,"atk":31,"def":31,"spa":31,"spd":31,"spe":31},"item":"Leftovers","level":78,"shiny":false},{"name":"Vaporeon","moves":["batonpass","wish","healbell","scald"],"ability":"Water Absorb","evs":{"hp":85,"atk":85,"def":85,"spa":85,"spd":85,"spe":85},"ivs":{"hp":31,"atk":31,"def":31,"spa":31,"spd":31,"spe":31},"item":"Leftovers","level":77,"shiny":false},{"name":"Delibird","moves":["rapidspin","spikes","destinybond","iceshard"],"ability":"Hustle","evs":{"hp":81,"atk":89,"def":85,"spa":85,"spd":85,"spe":85},"ivs":{"hp":31,"atk":31,"def":31,"spa":31,"spd":31,"spe":31},"item":"Leftovers","level":83,"shiny":false},{"name":"Simisear","moves":["focusblast","fireblast","hiddenpowerrock","grassknot"],"ability":"Blaze","evs":{"hp":81,"atk":85,"def":85,"spa":89,"spd":85,"spe":85},"ivs":{"hp":31,"atk":31,"def":30,"spa":31,"spd":30,"spe":30},"item":"Choice Scarf","level":83,"shiny":false},{"name":"Scrafty","moves":["drainpunch","bulkup","icepunch","knockoff"],"ability":"Moxie","evs":{"hp":85,"atk":85,"def":85,"spa":85,"spd":85,"spe":85},"ivs":{"hp":31,"atk":31,"def":31,"spa":31,"spd":31,"spe":31},"item":"Leftovers","level":79,"shiny":false}],"log":["|player|p1|CLOUDFolley|170","|player|p2|cruch|247","|gametype|singles","|gen|6","|tier|Random Battle","|rated","|rule|Sleep Clause Mod: Limit one foe put to sleep","|rule|HP Percentage Mod: HP is shown in percentages","|","|start","|switch|p1a: Mantine|Mantine, L81, F|238/238","|switch|p2a: Houndoom|Houndoom, L78, M|245/245","|turn|1","|","|detailschange|p2a: Houndoom|Houndoom-Mega, L78, M","|-mega|p2a: Houndoom|Houndoom|Houndoominite","|move|p2a: Houndoom|Dark Pulse|p1a: Mantine","|-damage|p1a: Mantine|169/238","|move|p1a: Mantine|Scald|p2a: Houndoom","|-crit|p2a: Houndoom","|-supereffective|p2a: Houndoom","|-damage|p2a: Houndoom|17/245","|","|turn|2","|","|move|p2a: Houndoom|Fire Blast|p1a: Mantine","|-resisted|p1a: Mantine","|-damage|p1a: Mantine|124/238","|move|p1a: Mantine|Scald|p2a: Houndoom","|-supereffective|p2a: Houndoom","|-damage|p2a: Houndoom|0 fnt","|faint|p2a: Houndoom","|","|","|switch|p2a: Delibird|Delibird, L83, F|210/210","|turn|3","|","|move|p2a: Delibird|Destiny Bond|p2a: Delibird","|-singlemove|p2a: Delibird|Destiny Bond","|move|p1a: Mantine|Scald|p2a: Delibird","|-crit|p2a: Delibird","|-damage|p2a: Delibird|38/210","|","|-heal|p2a: Delibird|51/210|[from] item: Leftovers","|turn|4","|","|move|p2a: Delibird|Ice Shard|p1a: Mantine","|-damage|p1a: Mantine|75/238","|move|p1a: Mantine|Rest|p1a: Mantine","|-status|p1a: Mantine|slp","|-heal|p1a: Mantine|238/238 slp|[silent]","|-status|p1a: Mantine|slp|[from] move: Rest","|","|-heal|p2a: Delibird|64/210|[from] item: Leftovers","|turn|5","|","|move|p2a: Delibird|Ice Shard|p1a: Mantine","|-damage|p1a: Mantine|183/238 slp","|cant|p1a: Mantine|slp","|move|p1a: Mantine|Sleep Talk|p1a: Mantine","|move|p1a: Mantine|Rest|p1a: Mantine|[from]Sleep Talk","|-fail|p1a: Mantine","|","|-heal|p2a: Delibird|77/210|[from] item: Leftovers","|turn|6","|","|move|p2a: Delibird|Rapid Spin|p1a: Mantine","|-damage|p1a: Mantine|166/238 slp","|cant|p1a: Mantine|slp","|move|p1a: Mantine|Sleep Talk|p1a: Mantine","|move|p1a: Mantine|Rest|p1a: Mantine|[from]Sleep Talk","|-fail|p1a: Mantine","|","|-heal|p2a: Delibird|90/210|[from] item: Leftovers","|turn|7","|","|move|p2a: Delibird|Ice Shard|p1a: Mantine|[miss]","|-miss|p2a: Delibird|p1a: Mantine","|-curestatus|p1a: Mantine|slp","|move|p1a: Mantine|Sleep Talk|p1a: Mantine","|-fail|p1a: Mantine","|","|-heal|p2a: Delibird|103/210|[from] item: Leftovers","|turn|8","|","|move|p2a: Delibird|Ice Shard|p1a: Mantine","|-damage|p1a: Mantine|117/238","|move|p1a: Mantine|Scald|p2a: Delibird","|-damage|p2a: Delibird|0 fnt","|faint|p2a: Delibird","|","|","|switch|p2a: Scrafty|Scrafty, L79, M|232/232","|turn|9","|","|move|p1a: Mantine|Air Slash|p2a: Scrafty","|-supereffective|p2a: Scrafty","|-damage|p2a: Scrafty|122/232","|cant|p2a: Scrafty|flinch","|","|-heal|p2a: Scrafty|136/232|[from] item: Leftovers","|turn|10","|","|move|p1a: Mantine|Air Slash|p2a: Scrafty","|-supereffective|p2a: Scrafty","|-damage|p2a: Scrafty|14/232","|move|p2a: Scrafty|Bulk Up|p2a: Scrafty","|-boost|p2a: Scrafty|atk|1","|-boost|p2a: Scrafty|def|1","|","|-heal|p2a: Scrafty|28/232|[from] item: Leftovers","|turn|11","|","|move|p1a: Mantine|Air Slash|p2a: Scrafty","|-supereffective|p2a: Scrafty","|-damage|p2a: Scrafty|0 fnt","|faint|p2a: Scrafty","|","|","|switch|p2a: Vaporeon|Vaporeon, L77, M|327/327","|turn|12","|","|move|p1a: Mantine|Rest|p1a: Mantine","|-status|p1a: Mantine|slp","|-heal|p1a: Mantine|238/238 slp|[silent]","|-status|p1a: Mantine|slp|[from] move: Rest","|move|p2a: Vaporeon|Scald|p1a: Mantine","|-immune|p1a: Mantine|[msg]","|","|turn|13","|","|cant|p1a: Mantine|slp","|move|p1a: Mantine|Sleep Talk|p1a: Mantine","|move|p1a: Mantine|Air Slash|p2a: Vaporeon|[from]Sleep Talk","|-damage|p2a: Vaporeon|266/327","|cant|p2a: Vaporeon|flinch","|","|-heal|p2a: Vaporeon|286/327|[from] item: Leftovers","|turn|14","|","|switch|p1a: Wigglytuff|Wigglytuff, L83, F|368/368","|move|p2a: Vaporeon|Wish|p2a: Vaporeon","|","|-heal|p2a: Vaporeon|306/327|[from] item: Leftovers","|turn|15","|","|move|p2a: Vaporeon|Scald|p1a: Wigglytuff","|-damage|p1a: Wigglytuff|247/368","|move|p1a: Wigglytuff|Stealth Rock|p2a: Vaporeon","|-sidestart|p2: cruch|move: Stealth Rock","|","|-heal|p2a: Vaporeon|327/327|[from] move: Wish|[wisher] Vaporeon","|-heal|p1a: Wigglytuff|270/368|[from] item: Leftovers","|turn|16","|","|move|p2a: Vaporeon|Scald|p1a: Wigglytuff","|-damage|p1a: Wigglytuff|152/368","|move|p1a: Wigglytuff|Hyper Voice|p2a: Vaporeon","|-damage|p2a: Vaporeon|237/327","|","|-heal|p2a: Vaporeon|257/327|[from] item: Leftovers","|-heal|p1a: Wigglytuff|175/368|[from] item: Leftovers","|turn|17","|","|move|p2a: Vaporeon|Scald|p1a: Wigglytuff","|-damage|p1a: Wigglytuff|66/368","|move|p1a: Wigglytuff|Wish|p1a: Wigglytuff","|","|-heal|p2a: Vaporeon|277/327|[from] item: Leftovers","|-heal|p1a: Wigglytuff|89/368|[from] item: Leftovers","|turn|18","|","|move|p1a: Wigglytuff|Protect|p1a: Wigglytuff","|-singleturn|p1a: Wigglytuff|Protect","|move|p2a: Vaporeon|Scald|p1a: Wigglytuff","|-activate|p1a: Wigglytuff|Protect","|","|-heal|p1a: Wigglytuff|273/368|[from] move: Wish|[wisher] Wigglytuff","|-heal|p2a: Vaporeon|297/327|[from] item: Leftovers","|-heal|p1a: Wigglytuff|296/368|[from] item: Leftovers","|turn|19","|","|move|p2a: Vaporeon|Scald|p1a: Wigglytuff","|-damage|p1a: Wigglytuff|179/368","|move|p1a: Wigglytuff|Hyper Voice|p2a: Vaporeon","|-damage|p2a: Vaporeon|207/327","|","|-heal|p2a: Vaporeon|227/327|[from] item: Leftovers","|-heal|p1a: Wigglytuff|202/368|[from] item: Leftovers","|turn|20","|","|move|p2a: Vaporeon|Wish|p2a: Vaporeon","|move|p1a: Wigglytuff|Hyper Voice|p2a: Vaporeon","|-damage|p2a: Vaporeon|136/327","|","|-heal|p2a: Vaporeon|156/327|[from] item: Leftovers","|-heal|p1a: Wigglytuff|225/368|[from] item: Leftovers","|turn|21","|","|move|p2a: Vaporeon|Scald|p1a: Wigglytuff","|-damage|p1a: Wigglytuff|117/368","|move|p1a: Wigglytuff|Hyper Voice|p2a: Vaporeon","|-damage|p2a: Vaporeon|63/327","|","|-heal|p2a: Vaporeon|226/327|[from] move: Wish|[wisher] Vaporeon","|-heal|p2a: Vaporeon|246/327|[from] item: Leftovers","|-heal|p1a: Wigglytuff|140/368|[from] item: Leftovers","|turn|22","|","|switch|p1a: Deoxys|Deoxys, L73|193/193","|-ability|p1a: Deoxys|Pressure","|move|p2a: Vaporeon|Scald|p1a: Deoxys","|-damage|p1a: Deoxys|67/193","|-status|p1a: Deoxys|brn","|","|-heal|p2a: Vaporeon|266/327|[from] item: Leftovers","|-damage|p1a: Deoxys|43/193 brn|[from] brn","|turn|23","|","|move|p1a: Deoxys|Psycho Boost|p2a: Vaporeon","|-damage|p2a: Vaporeon|36/327","|-unboost|p1a: Deoxys|spa|2","|-damage|p1a: Deoxys|24/193 brn|[from] item: Life Orb","|move|p2a: Vaporeon|Scald|p1a: Deoxys","|-damage|p1a: Deoxys|0 fnt","|faint|p1a: Deoxys","|","|-heal|p2a: Vaporeon|56/327|[from] item: Leftovers","|","|switch|p1a: Seaking|Seaking, L83, F|268/268","|turn|24","|","|move|p1a: Seaking|Megahorn|p2a: Vaporeon","|-damage|p2a: Vaporeon|0 fnt","|faint|p2a: Vaporeon","|","|","|switch|p2a: Simisear|Simisear, L83, M|259/259","|-damage|p2a: Simisear|195/259|[from] Stealth Rock","|turn|25","|","|move|p2a: Simisear|Fire Blast|p1a: Seaking|[miss]","|-miss|p2a: Simisear|p1a: Seaking","|move|p1a: Seaking|Waterfall|p2a: Simisear","|-supereffective|p2a: Simisear","|-damage|p2a: Simisear|0 fnt","|faint|p2a: Simisear","|","|","|switch|p2a: Tornadus|Tornadus, L78, M|251/251","|-damage|p2a: Tornadus|189/251|[from] Stealth Rock","|turn|26","|","|move|p2a: Tornadus|Hurricane|p1a: Seaking","|-damage|p1a: Seaking|144/268","|move|p1a: Seaking|Ice Beam|p2a: Tornadus","|-supereffective|p2a: Tornadus","|-damage|p2a: Tornadus|59/251","|","|-heal|p2a: Tornadus|74/251|[from] item: Leftovers","|turn|27","|","|move|p2a: Tornadus|Tailwind|p2a: Tornadus","|-sidestart|p2: cruch|move: Tailwind","|move|p1a: Seaking|Ice Beam|p2a: Tornadus","|-supereffective|p2a: Tornadus","|-damage|p2a: Tornadus|0 fnt","|faint|p2a: Tornadus","|","|win|CLOUDFolley"],"p1rating":{"entryid":573718,"formatid":"randombattle","userid":"cloudfolley","username":"CLOUDFolley","r":1500,"rd":130,"sigma":0,"rpr":1544.7991079654,"rprd":122.83141802352,"rpsigma":0,"rptime":1440752400,"w":1,"l":0,"t":0,"gxe":55.6,"acre":1047.9631116222,"lacre":1047.9631116222,"oldacre":1000},"p2rating":{"entryid":"549627","serverid":"eos","formatid":"randombattle","userid":"cruch","username":"cruch","w":"2","l":1,"t":"0","gxe":54.2,"r":"1540.1606143388","rd":"122.8583080769","sigma":"0","rptime":"1440752400","rpr":1533.1018856671,"rprd":111.63002965141,"rpsigma":"0","acre":1045.5032228167,"lacre":1045.5032228167,"oldacre":"1070.1028089042"},"endType":"normal"}