{"seed":[41420,4061,31450,1798],"turns":29,"p1":"LexiLynn","p2":"basic lee","p1team":[{"name":"Blaziken","moves":["swordsdance","highjumpkick","stoneedge","substitute"],"ability":"Speed Boost","evs":{"hp":85,"atk":85,"def":85,"spa":85,"spd":85,"spe":85},"ivs":{"hp":31,"atk":31,"def":31,"spa":31,"spd":31,"spe":31},"item":"Blazikenite","level":74,"shiny":false},{"name":"Leavanny","moves":["xscissor","leafblade","stickyweb","knockoff"],"ability":"Overcoat","evs":{"hp":81,"atk":89,"def":85,"spa":85,"spd":85,"spe":85},"ivs":{"hp":31,"atk":31,"def":31,"spa":31,"spd":31,"spe":31},"item":"Life Orb","level":83,"shiny":false},{"name":"Clefable","moves":["moonblast","fireblast","calmmind","softboiled"],"ability":"Magic Guard","evs":{"hp":85,"atk":85,"def":85,"spa":85,"spd":85,"spe":85},"ivs":{"hp":31,"atk":31,"def":31,"spa":31,"spd":31,"spe":31},"item":"Life Orb","level":75,"shiny":false},{"name":"Kricketune","moves":["taunt","xscissor","stickyweb","endeavor"],"ability":"Swarm","evs":{"hp":85,"atk":85,"def":85,"spa":85,"spd":85,"spe":85},"ivs":{"hp":31,"atk":31,"def":31,"spa":31,"spd":31,"spe":31},"item":"Focus Sash","level":83,"shiny":false},{"name":"Shaymin-Sky","moves":["earthpower","airslash","healingwish","hiddenpowerfire"],"ability":"Serene Grace","evs":{"hp":85,"atk":85,"def":85,"spa":85,"spd":85,"spe":85},"ivs":{"hp":31,"atk":30,"def":31,"spa":30,"spd":31,"spe":30},"item":"Life Orb","level":73,"shiny":false},{"name":"Staraptor","moves":["roost","doubleedge","uturn","bravebird"],"ability":"Intimidate","evs":{"hp":85,"atk":85,"def":85,"spa":85,"spd":85,"spe":85},"ivs":{"hp":31,"atk":31,"def":31,"spa":31,"spd":31,"spe":31},"item":"Life Orb","level":76,"shiny":false}],"p2team":[{"name":"Azumarill","moves":["playrough","bellydrum","aquajet","waterfall"],"ability":"Huge Power","evs":{"hp":85,"atk":85,"def":85,"spa":85,"spd":85,"spe":85},"ivs":{"hp":31,"atk":31,"def":31,"spa":31,"spd":31,"spe":31},"item":"Sitrus Berry","level":75,"shiny":false},{"name":"Pidgeot","moves":["hurricane","heatwave","roost","uturn"],"ability":"Tangled Feet","evs":{"hp":85,"atk":85,"def":85,"spa":85,"spd":85,"spe":85},"ivs":{"hp":31,"atk":31,"def":31,"spa":31,"spd":31,"spe":31},"item":"Pidgeotite","level":76,"shiny":false},{"name":"Hawlucha","moves":["swordsdance","highjumpkick","roost","thunderpunch"],"ability":"Unburden","evs":{"hp":85,"atk":85,"def":85,"spa":85,"spd":85,"spe":85},"ivs":{"hp":31,"atk":31,"def":31,"spa":31,"spd":31,"spe":31},"item":"Sitrus Berry","level":76,"shiny":false},{"name":"Darkrai","moves":["darkvoid","sludgebomb","darkpulse","nastyplot"],"ability":"Bad Dreams","evs":{"hp":85,"atk":85,"def":85,"spa":85,"spd":85,"spe":85},"ivs":{"hp":31,"atk":31,"def":31,"spa":31,"spd":31,"spe":31},"item":"Leftovers","level":73,"shiny":false},{"name":"Diancie","moves":["stealthrock","moonblast","diamondstorm","lightscreen"],"ability":"Clear Body","evs":{"hp":85,"atk":85,"def":85,"spa":85,"spd":85,"spe":85},"ivs":{"hp":31,"atk":31,"def":31,"spa":31,"spd":31,"spe":31},"item":"Light Clay","level":77,"shiny":false},{"name":"Sawk","moves":["knockoff","closecombat","poisonjab","bulkup"],"ability":"Sturdy","evs":{"hp":85,"atk":85,"def":85,"spa":85,"spd":85,"spe":85},"ivs":{"hp":31,"atk":31,"def":31,"spa":31,"spd":31,"spe":31},"item":"Leftovers","level":81,"shiny":false}],"log":["|player|p1|LexiLynn|lexilynn.gif","|player|p2|basic lee|101","|gametype|singles","|gen|6","|tier|Random Battle","|rated","|rule|Sleep Clause Mod: Limit one foe put to sleep","|rule|HP Percentage Mod: HP is shown in percentages","|","|start","|switch|p1a: Blaziken|Blaziken, L74, M|240/240","|switch|p2a: Azumarill|Azumarill, L75, M|274/274","|turn|1","|","|switch|p1a: Shaymin-Sky|Shaymin-Sky, L73|266/266","|move|p2a: Azumarill|Play Rough|p1a: Shaymin-Sky","|-damage|p1a: Shaymin-Sky|136/266","|","|turn|2","|","|move|p2a: Azumarill|Aqua Jet|p1a: Shaymin-Sky","|-resisted|p1a: Shaymin-Sky","|-damage|p1a: Shaymin-Sky|106/266","|move|p1a: Shaymin-Sky|Air Slash|p2a: Azumarill","|-damage|p2a: Azumarill|161/274","|-damage|p1a: Shaymin-Sky|80/266|[from] item: Life Orb","|","|turn|3","|","|switch|p1a: Kricketune|Kricketune, L83, F|263/263","|move|p2a: Azumarill|Waterfall|p1a: Kricketune","|-damage|p1a: Kricketune|136/263","|","|turn|4","|","|move|p1a: Kricketune|X-Scissor|p2a: Azumarill","|-crit|p2a: Azumarill","|-resisted|p2a: Azumarill","|-damage|p2a: Azumarill|88/274","|-enditem|p2a: Azumarill|Sitrus Berry|[eat]","|-heal|p2a: Azumarill|156/274|[from] item: Sitrus Berry","|move|p2a: Azumarill|Waterfall|p1a: Kricketune","|-damage|p1a: Kricketune|9/263","|","|turn|5","|","|switch|p1a: Clefable|Clefable, L75, M|266/266","|move|p2a: Azumarill|Play Rough|p1a: Clefable","|-damage|p1a: Clefable|146/266","|","|turn|6","|","|move|p1a: Clefable|Moonblast|p2a: Azumarill","|-damage|p2a: Azumarill|34/274","|move|p2a: Azumarill|Waterfall|p1a: Clefable","|-damage|p1a: Clefable|41/266","|","|turn|7","|","|switch|p2a: Pidgeot|Pidgeot, L76, F|251/251","|move|p1a: Clefable|Soft-Boiled|p1a: Clefable","|-heal|p1a: Clefable|174/266","|","|turn|8","|","|move|p2a: Pidgeot|Heat Wave|p1a: Clefable","|-damage|p1a: Clefable|127/266","|move|p1a: Clefable|Fire Blast|p2a: Pidgeot","|-damage|p2a: Pidgeot|143/251","|","|turn|9","|","|move|p2a: Pidgeot|Hurricane|p1a: Clefable","|-damage|p1a: Clefable|51/266","|move|p1a: Clefable|Moonblast|p2a: Pidgeot","|-damage|p2a: Pidgeot|3/251","|-unboost|p2a: Pidgeot|spa|1","|","|turn|10","|","|move|p2a: Pidgeot|Heat Wave|p1a: Clefable","|-damage|p1a: Clefable|16/266","|move|p1a: Clefable|Soft-Boiled|p1a: Clefable","|-heal|p1a: Clefable|149/266","|","|turn|11","|","|move|p2a: Pidgeot|Hurricane|p1a: Clefable|[miss]","|-miss|p2a: Pidgeot|p1a: Clefable","|move|p1a: Clefable|Soft-Boiled|p1a: Clefable","|-heal|p1a: Clefable|266/266","|","|turn|12","|","|move|p2a: Pidgeot|Hurricane|p1a: Clefable|[miss]","|-miss|p2a: Pidgeot|p1a: Clefable","|move|p1a: Clefable|Fire Blast|p2a: Pidgeot","|-damage|p2a: Pidgeot|0 fnt","|faint|p2a: Pidgeot","|","|","|switch|p2a: Hawlucha|Hawlucha, L76, F|244/244","|turn|13","|","|switch|p1a: Leavanny|Leavanny, L83, F|259/259","|move|p2a: Hawlucha|Thunder Punch|p1a: Leavanny","|-resisted|p1a: Leavanny","|-damage|p1a: Leavanny|236/259","|","|turn|14","|","|move|p2a: Hawlucha|High Jump Kick|p1a: Leavanny","|-resisted|p1a: Leavanny","|-damage|p1a: Leavanny|178/259","|move|p1a: Leavanny|Knock Off|p2a: Hawlucha","|-resisted|p2a: Hawlucha","|-damage|p2a: Hawlucha|186/244","|-enditem|p2a: Hawlucha|Sitrus Berry|[from] move: Knock Off|[of] p1a: Leavanny","|-damage|p1a: Leavanny|153/259|[from] item: Life Orb","|","|turn|15","|","|switch|p2a: Darkrai|Darkrai, L73|223/223","|move|p1a: Leavanny|Knock Off|p2a: Darkrai","|-resisted|p2a: Darkrai","|-damage|p2a: Darkrai|168/223","|-enditem|p2a: Darkrai|Leftovers|[from] move: Knock Off|[of] p1a: Leavanny","|-damage|p1a: Leavanny|128/259|[from] item: Life Orb","|","|turn|16","|","|switch|p1a: Blaziken|Blaziken, L74, M|240/240","|move|p2a: Darkrai|Sludge Bomb|p1a: Blaziken","|-damage|p1a: Blaziken|160/240","|","|turn|17","|","|detailschange|p1a: Blaziken|Blaziken-Mega, L74, M","|-mega|p1a: Blaziken|Blaziken|Blazikenite","|move|p2a: Darkrai|Sludge Bomb|p1a: Blaziken","|-damage|p1a: Blaziken|88/240","|-status|p1a: Blaziken|psn","|move|p1a: Blaziken|High Jump Kick|p2a: Darkrai","|-supereffective|p2a: Darkrai","|-damage|p2a: Darkrai|0 fnt","|faint|p2a: Darkrai","|","|-damage|p1a: Blaziken|58/240 psn|[from] psn","|-boost|p1a: Blaziken|spe|1|[from] ability: Speed Boost","|","|switch|p2a: Hawlucha|Hawlucha, L76, F|186/244","|turn|18","|","|move|p1a: Blaziken|Stone Edge|p2a: Hawlucha","|-damage|p2a: Hawlucha|79/244","|move|p2a: Hawlucha|High Jump Kick|p1a: Blaziken","|-damage|p1a: Blaziken|0 fnt","|faint|p1a: Blaziken","|","|","|switch|p1a: Staraptor|Staraptor, L76, M|254/254","|-ability|p1a: Staraptor|Intimidate","|-unboost|p2a: Hawlucha|atk|1","|turn|19","|","|move|p2a: Hawlucha|High Jump Kick|p1a: Staraptor","|-damage|p1a: Staraptor|164/254","|move|p1a: Staraptor|Double-Edge|p2a: Hawlucha","|-damage|p2a: Hawlucha|0 fnt","|-damage|p1a: Staraptor|138/254|[from] recoil|[of] p2a: Hawlucha","|-damage|p1a: Staraptor|113/254|[from] item: Life Orb","|faint|p2a: Hawlucha","|","|","|switch|p2a: Diancie|Diancie, L77|204/204","|turn|20","|","|move|p1a: Staraptor|Roost|p1a: Staraptor","|-heal|p1a: Staraptor|240/254","|move|p2a: Diancie|Diamond Storm|p1a: Staraptor","|-damage|p1a: Staraptor|111/254","|-boost|p2a: Diancie|def|1","|","|turn|21","|","|move|p1a: Staraptor|Brave Bird|p2a: Diancie","|-crit|p2a: Diancie","|-resisted|p2a: Diancie","|-damage|p2a: Diancie|125/204","|-damage|p1a: Staraptor|85/254|[from] recoil|[of] p2a: Diancie","|-damage|p1a: Staraptor|60/254|[from] item: Life Orb","|move|p2a: Diancie|Diamond Storm|p1a: Staraptor","|-supereffective|p1a: Staraptor","|-damage|p1a: Staraptor|0 fnt","|-boost|p2a: Diancie|def|1","|faint|p1a: Staraptor","|","|","|switch|p1a: Clefable|Clefable, L75, M|266/266","|turn|22","|","|move|p1a: Clefable|Fire Blast|p2a: Diancie|[miss]","|-miss|p1a: Clefable|p2a: Diancie","|move|p2a: Diancie|Diamond Storm|p1a: Clefable","|-damage|p1a: Clefable|157/266","|","|turn|23","|","|move|p1a: Clefable|Fire Blast|p2a: Diancie|[miss]","|-miss|p1a: Clefable|p2a: Diancie","|move|p2a: Diancie|Moonblast|p1a: Clefable","|-damage|p1a: Clefable|58/266","|-unboost|p1a: Clefable|spa|1","|","|turn|24","|","|move|p1a: Clefable|Fire Blast|p2a: Diancie","|-resisted|p2a: Diancie","|-damage|p2a: Diancie|107/204","|move|p2a: Diancie|Moonblast|p1a: Clefable","|-damage|p1a: Clefable|0 fnt","|faint|p1a: Clefable","|","|","|switch|p1a: Leavanny|Leavanny, L83, F|128/259","|turn|25","|","|move|p1a: Leavanny|Knock Off|p2a: Diancie","|-resisted|p2a: Diancie","|-damage|p2a: Diancie|91/204","|-enditem|p2a: Diancie|Light Clay|[from] move: Knock Off|[of] p1a: Leavanny","|-damage|p1a: Leavanny|103/259|[from] item: Life Orb","|move|p2a: Diancie|Moonblast|p1a: Leavanny","|-damage|p1a: Leavanny|6/259","|-unboost|p1a: Leavanny|spa|1","|","|turn|26","|","|move|p1a: Leavanny|Leaf Blade|p2a: Diancie","|-supereffective|p2a: Diancie","|-damage|p2a: Diancie|0 fnt","|-damage|p1a: Leavanny|0 fnt|[from] item: Life Orb","|faint|p2a: Diancie","|faint|p1a: Leavanny","|","|","|switch|p1a: Kricketune|Kricketune, L83, F|9/263","|switch|p2a: Azumarill|Azumarill, L75, M|34/274","|turn|27","|","|move|p2a: Azumarill|Aqua Jet|p1a: Kricketune","|-damage|p1a: Kricketune|0 fnt","|faint|p1a: Kricketune","|","|","|switch|p1a: Shaymin-Sky|Shaymin-Sky, L73|80/266","|turn|28","|","|move|p2a: Azumarill|Aqua Jet|p1a: Shaymin-Sky","|-resisted|p1a: Shaymin-Sky","|-damage|p1a: Shaymin-Sky|53/266","|move|p1a: Shaymin-Sky|Earth Power|p2a: Azumarill","|-damage|p2a: Azumarill|0 fnt","|-damage|p1a: Shaymin-Sky|27/266|[from] item: Life Orb","|faint|p2a: Azumarill","|","|","|switch|p2a: Sawk|Sawk, L81, M|254/254","|turn|29","|","|move|p1a: Shaymin-Sky|Air Slash|p2a: Sawk","|-crit|p2a: Sawk","|-supereffective|p2a: Sawk","|-ability|p2a: Sawk|Sturdy","|-damage|p2a: Sawk|1/254","|-damage|p1a: Shaymin-Sky|1/266|[from] item: Life Orb","|move|p2a: Sawk|Close Combat|p1a: Shaymin-Sky","|-resisted|p1a: Shaymin-Sky","|-damage|p1a: Shaymin-Sky|0 fnt","|-unboost|p2a: Sawk|def|1","|-unboost|p2a: Sawk|spd|1","|faint|p1a: Shaymin-Sky","|","|win|basic lee"],"p1rating":{"entryid":"558092","serverid":"eos","formatid":"randombattle","userid":"lexilynn","username":"Lexi_Lynn","w":"2","l":2,"t":"0","gxe":50,"r":"1572.5671258289","rd":"116.77753930647","sigma":"0","rptime":"1440752400","rpr":1499.7149739312,"rprd":107.2276892149,"rpsigma":"0","acre":1029.8402653759,"lacre":1029.8402653759,"oldacre":"1049.7965803511"},"p2rating":{"entryid":595150,"formatid":"randombattle","userid":"basiclee","username":"basic lee","r":1500,"rd":130,"sigma":0,"rpr":1548.6642696165,"rprd":122.92123760266,"rpsigma":0,"rptime":1440752400,"w":1,"l":0,"t":0,"gxe":56.1,"acre":1045.6941063353,"lacre":1045.6941063353,"oldacre":1000},"endType":"normal"}