{"seed":[53947,48345,63482,32865],"turns":24,"p1":"mortal jordean","p2":"trgfd","p1team":[{"name":"Dragalge","moves":["scald","focusblast","dracometeor","hiddenpowerfire"],"ability":"Adaptability","evs":{"hp":85,"atk":85,"def":85,"spa":85,"spd":85,"spe":85},"ivs":{"hp":31,"atk":30,"def":31,"spa":30,"spd":31,"spe":30},"item":"Choice Specs","level":77,"shiny":false},{"name":"Stantler","moves":["jumpkick","suckerpunch","doubleedge","earthquake"],"ability":"Sap Sipper","evs":{"hp":85,"atk":85,"def":85,"spa":85,"spd":85,"spe":85},"ivs":{"hp":31,"atk":31,"def":31,"spa":31,"spd":31,"spe":31},"item":"Life Orb","level":83,"shiny":false},{"name":"Wormadam","moves":["gigadrain","toxic","synthesis","protect"],"ability":"Overcoat","evs":{"hp":85,"atk":85,"def":85,"spa":85,"spd":85,"spe":85},"ivs":{"hp":31,"atk":31,"def":31,"spa":31,"spd":31,"spe":31},"item":"Leftovers","level":83,"shiny":false},{"name":"Scolipede","moves":["toxicspikes","megahorn","spikes","batonpass"],"ability":"Speed Boost","evs":{"hp":81,"atk":89,"def":85,"spa":85,"spd":85,"spe":85},"ivs":{"hp":31,"atk":31,"def":31,"spa":31,"spd":31,"spe":31},"item":"Black Sludge","level":76,"shiny":false},{"name":"Glalie","moves":["earthquake","iceshard","taunt","return"],"ability":"Inner Focus","evs":{"hp":81,"atk":89,"def":85,"spa":85,"spd":85,"spe":85},"ivs":{"hp":31,"atk":31,"def":31,"spa":31,"spd":31,"spe":31},"item":"Glalitite","level":79,"shiny":false},{"name":"Sharpedo","moves":["earthquake","crunch","icebeam","waterfall"],"ability":"Speed Boost","evs":{"hp":85,"atk":85,"def":85,"spa":85,"spd":85,"spe":85},"ivs":{"hp":31,"atk":31,"def":31,"spa":31,"spd":31,"spe":31},"item":"Expert Belt","level":90,"shiny":false}],"p2team":[{"name":"Celebi","moves":["thunderwave","hiddenpowerfire","recover","psychic"],"ability":"Natural Cure","evs":{"hp":85,"atk":85,"def":85,"spa":85,"spd":85,"spe":85},"ivs":{"hp":31,"atk":30,"def":31,"spa":30,"spd":31,"spe":30},"item":"Leftovers","level":75,"shiny":false},{"name":"Cradily","moves":["gigadrain","seedbomb","stealthrock","rockslide"],"ability":"Storm Drain","evs":{"hp":85,"atk":85,"def":85,"spa":85,"spd":85,"spe":85},"ivs":{"hp":31,"atk":31,"def":31,"spa":31,"spd":31,"spe":31},"item":"Leftovers","level":81,"shiny":false},{"name":"Arceus-Rock","moves":["stoneedge","extremespeed","recover","earthquake"],"ability":"Multitype","evs":{"hp":85,"atk":85,"def":85,"spa":85,"spd":85,"spe":85},"ivs":{"hp":31,"atk":31,"def":31,"spa":31,"spd":31,"spe":31},"item":"Stone Plate","level":73,"shiny":false},{"name":"Beautifly","moves":["gigadrain","bugbuzz","quiverdance","hiddenpowerrock"],"ability":"Swarm","evs":{"hp":85,"atk":85,"def":85,"spa":85,"spd":85,"spe":85},"ivs":{"hp":31,"atk":31,"def":30,"spa":31,"spd":30,"spe":30},"item":"Life Orb","level":83,"shiny":false},{"name":"Tentacruel","moves":["scald","rapidspin","toxicspikes","sludgebomb"],"ability":"Clear Body","evs":{"hp":85,"atk":85,"def":85,"spa":85,"spd":85,"spe":85},"ivs":{"hp":31,"atk":31,"def":31,"spa":31,"spd":31,"spe":31},"item":"Life Orb","level":77,"shiny":false},{"name":"Rotom-Fan","moves":["thunderbolt","airslash","trick","painsplit"],"ability":"Levitate","evs":{"hp":85,"atk":85,"def":85,"spa":85,"spd":85,"spe":85},"ivs":{"hp":31,"atk":31,"def":31,"spa":31,"spd":31,"spe":31},"item":"Air Balloon","level":81,"shiny":false}],"log":["|player|p1|mortal jordean|229","|player|p2|trgfd|222","|gametype|singles","|gen|6","|tier|Random Battle","|rated","|rule|Sleep Clause Mod: Limit one foe put to sleep","|rule|HP Percentage Mod: HP is shown in percentages","|","|start","|switch|p1a: Dragalge|Dragalge, L77, F|227/227","|switch|p2a: Celebi|Celebi, L75|274/274","|turn|1","|","|move|p2a: Celebi|Thunder Wave|p1a: Dragalge","|-status|p1a: Dragalge|par","|move|p1a: Dragalge|Draco Meteor|p2a: Celebi|[miss]","|-miss|p1a: Dragalge|p2a: Celebi","|","|turn|2","|","|move|p2a: Celebi|Hidden Power|p1a: Dragalge","|-resisted|p1a: Dragalge","|-damage|p1a: Dragalge|212/227 par","|cant|p1a: Dragalge|par","|","|turn|3","|","|move|p2a: Celebi|Psychic|p1a: Dragalge","|-supereffective|p1a: Dragalge","|-damage|p1a: Dragalge|68/227 par","|move|p1a: Dragalge|Draco Meteor|p2a: Celebi","|-damage|p2a: Celebi|54/274","|-unboost|p1a: Dragalge|spa|2","|","|-heal|p2a: Celebi|71/274|[from] item: Leftovers","|turn|4","|","|move|p2a: Celebi|Psychic|p1a: Dragalge","|-supereffective|p1a: Dragalge","|-damage|p1a: Dragalge|0 fnt","|faint|p1a: Dragalge","|","|-heal|p2a: Celebi|88/274|[from] item: Leftovers","|","|switch|p1a: Glalie|Glalie, L79, F|255/255","|turn|5","|","|detailschange|p1a: Glalie|Glalie-Mega, L79, F","|-mega|p1a: Glalie|Glalie|Glalitite","|move|p1a: Glalie|Ice Shard|p2a: Celebi","|-crit|p2a: Celebi","|-supereffective|p2a: Celebi","|-damage|p2a: Celebi|0 fnt","|faint|p2a: Celebi","|","|","|switch|p2a: Rotom-Fan|Rotom-Fan, L81|214/214","|-item|p2a: Rotom-Fan|Air Balloon","|turn|6","|","|move|p1a: Glalie|Ice Shard|p2a: Rotom-Fan","|-supereffective|p2a: Rotom-Fan","|-damage|p2a: Rotom-Fan|128/214","|-enditem|p2a: Rotom-Fan|Air Balloon","|move|p2a: Rotom-Fan|Thunderbolt|p1a: Glalie","|-damage|p1a: Glalie|143/255","|","|turn|7","|","|move|p1a: Glalie|Ice Shard|p2a: Rotom-Fan","|-supereffective|p2a: Rotom-Fan","|-damage|p2a: Rotom-Fan|42/214","|move|p2a: Rotom-Fan|Air Slash|p1a: Glalie","|-damage|p1a: Glalie|53/255","|","|turn|8","|","|move|p1a: Glalie|Ice Shard|p2a: Rotom-Fan","|-supereffective|p2a: Rotom-Fan","|-damage|p2a: Rotom-Fan|0 fnt","|faint|p2a: Rotom-Fan","|","|","|switch|p2a: Tentacruel|Tentacruel, L77, F|250/250","|turn|9","|","|move|p1a: Glalie|Ice Shard|p2a: Tentacruel","|-resisted|p2a: Tentacruel","|-damage|p2a: Tentacruel|218/250","|move|p2a: Tentacruel|Toxic Spikes|p1a: Glalie","|-sidestart|p1: mortal jordean|move: Toxic Spikes","|","|turn|10","|","|move|p1a: Glalie|Taunt|p2a: Tentacruel","|-start|p2a: Tentacruel|move: Taunt","|move|p2a: Tentacruel|Scald|p1a: Glalie","|-damage|p1a: Glalie|0 fnt","|-damage|p2a: Tentacruel|193/250|[from] item: Life Orb","|faint|p1a: Glalie","|","|","|switch|p1a: Wormadam|Wormadam, L83, F|235/235","|-status|p1a: Wormadam|psn","|turn|11","|","|move|p2a: Tentacruel|Sludge Bomb|p1a: Wormadam","|-supereffective|p1a: Wormadam","|-damage|p1a: Wormadam|61/235 psn","|-damage|p2a: Tentacruel|168/250|[from] item: Life Orb","|move|p1a: Wormadam|Giga Drain|p2a: Tentacruel","|-damage|p2a: Tentacruel|113/250","|-heal|p1a: Wormadam|89/235 psn|[from] drain|[of] p2a: Tentacruel","|","|-heal|p1a: Wormadam|103/235 psn|[from] item: Leftovers","|-damage|p1a: Wormadam|74/235 psn|[from] psn","|turn|12","|","|move|p2a: Tentacruel|Sludge Bomb|p1a: Wormadam","|-supereffective|p1a: Wormadam","|-damage|p1a: Wormadam|0 fnt","|-damage|p2a: Tentacruel|88/250|[from] item: Life Orb","|faint|p1a: Wormadam","|","|-end|p2a: Tentacruel|move: Taunt","|","|switch|p1a: Sharpedo|Sharpedo, L90, M|272/272","|-status|p1a: Sharpedo|psn","|turn|13","|","|move|p1a: Sharpedo|Earthquake|p2a: Tentacruel","|-supereffective|p2a: Tentacruel","|-damage|p2a: Tentacruel|0 fnt","|faint|p2a: Tentacruel","|","|-damage|p1a: Sharpedo|238/272 psn|[from] psn","|-boost|p1a: Sharpedo|spe|1|[from] ability: Speed Boost","|","|switch|p2a: Arceus-Rock|Arceus-Rock, L73|296/296","|turn|14","|","|move|p1a: Sharpedo|Earthquake|p2a: Arceus-Rock","|-supereffective|p2a: Arceus-Rock","|-damage|p2a: Arceus-Rock|80/296","|move|p2a: Arceus-Rock|Stone Edge|p1a: Sharpedo","|-damage|p1a: Sharpedo|69/272 psn","|","|-damage|p1a: Sharpedo|35/272 psn|[from] psn","|-boost|p1a: Sharpedo|spe|1|[from] ability: Speed Boost","|turn|15","|","|move|p2a: Arceus-Rock|Extreme Speed|p1a: Sharpedo","|-damage|p1a: Sharpedo|0 fnt","|faint|p1a: Sharpedo","|","|","|switch|p1a: Stantler|Stantler, L83, F|257/257","|-status|p1a: Stantler|psn","|turn|16","|","|move|p2a: Arceus-Rock|Extreme Speed|p1a: Stantler","|-damage|p1a: Stantler|185/257 psn","|move|p1a: Stantler|Sucker Punch|p2a: Arceus-Rock","|-fail|p1a: Stantler","|","|-damage|p1a: Stantler|153/257 psn|[from] psn","|turn|17","|","|move|p2a: Arceus-Rock|Extreme Speed|p1a: Stantler","|-damage|p1a: Stantler|80/257 psn","|move|p1a: Stantler|Earthquake|p2a: Arceus-Rock","|-supereffective|p2a: Arceus-Rock","|-damage|p2a: Arceus-Rock|0 fnt","|-damage|p1a: Stantler|55/257 psn|[from] item: Life Orb","|faint|p2a: Arceus-Rock","|","|-damage|p1a: Stantler|23/257 psn|[from] psn","|","|switch|p2a: Beautifly|Beautifly, L83, M|235/235","|turn|18","|","|move|p1a: Stantler|Jump Kick|p2a: Beautifly","|-resisted|p2a: Beautifly","|-damage|p2a: Beautifly|201/235","|-damage|p1a: Stantler|0 fnt|[from] item: Life Orb","|faint|p1a: Stantler","|move|p2a: Beautifly|Giga Drain|p1: Stantler|[notarget]","|-notarget","|","|","|switch|p1a: Scolipede|Scolipede, L76, M|215/215","|-sideend|p1: mortal jordean|move: Toxic Spikes|[of] p1a: Scolipede","|turn|19","|","|move|p1a: Scolipede|Megahorn|p2a: Beautifly","|-resisted|p2a: Beautifly","|-damage|p2a: Beautifly|123/235","|move|p2a: Beautifly|Giga Drain|p1a: Scolipede","|-resisted|p1a: Scolipede","|-damage|p1a: Scolipede|193/215","|-heal|p2a: Beautifly|134/235|[from] drain|[of] p1a: Scolipede","|-damage|p2a: Beautifly|111/235|[from] item: Life Orb","|","|-heal|p1a: Scolipede|206/215|[from] item: Black Sludge","|-boost|p1a: Scolipede|spe|1|[from] ability: Speed Boost","|turn|20","|","|move|p1a: Scolipede|Toxic Spikes|p2a: Beautifly","|-sidestart|p2: trgfd|move: Toxic Spikes","|move|p2a: Beautifly|Bug Buzz|p1a: Scolipede","|-resisted|p1a: Scolipede","|-damage|p1a: Scolipede|122/215","|-damage|p2a: Beautifly|88/235|[from] item: Life Orb","|","|-heal|p1a: Scolipede|135/215|[from] item: Black Sludge","|-boost|p1a: Scolipede|spe|1|[from] ability: Speed Boost","|turn|21","|","|move|p1a: Scolipede|Megahorn|p2a: Beautifly","|-resisted|p2a: Beautifly","|-damage|p2a: Beautifly|8/235","|move|p2a: Beautifly|Quiver Dance|p2a: Beautifly","|-boost|p2a: Beautifly|spa|1","|-boost|p2a: Beautifly|spd|1","|-boost|p2a: Beautifly|spe|1","|","|-heal|p1a: Scolipede|148/215|[from] item: Black Sludge","|-boost|p1a: Scolipede|spe|1|[from] ability: Speed Boost","|turn|22","|","|move|p1a: Scolipede|Megahorn|p2a: Beautifly","|-resisted|p2a: Beautifly","|-damage|p2a: Beautifly|0 fnt","|faint|p2a: Beautifly","|","|-heal|p1a: Scolipede|161/215|[from] item: Black Sludge","|-boost|p1a: Scolipede|spe|1|[from] ability: Speed Boost","|","|switch|p2a: Cradily|Cradily, L81, F|272/272","|-status|p2a: Cradily|psn","|turn|23","|","|move|p1a: Scolipede|Megahorn|p2a: Cradily","|-supereffective|p2a: Cradily","|-damage|p2a: Cradily|66/272 psn","|move|p2a: Cradily|Stealth Rock|p1a: Scolipede","|-sidestart|p1: mortal jordean|move: Stealth Rock","|","|-heal|p1a: Scolipede|174/215|[from] item: Black Sludge","|-heal|p2a: Cradily|83/272 psn|[from] item: Leftovers","|-damage|p2a: Cradily|49/272 psn|[from] psn","|-boost|p1a: Scolipede|spe|1|[from] ability: Speed Boost","|turn|24","|","|move|p1a: Scolipede|Megahorn|p2a: Cradily","|-supereffective|p2a: Cradily","|-damage|p2a: Cradily|0 fnt","|faint|p2a: Cradily","|","|win|mortal jordean"],"p1rating":{"entryid":"198097","serverid":"eos","formatid":"randombattle","userid":"mortaljordean","username":"mortal jordean","w":4,"l":"4","t":"0","gxe":50.2,"r":1476.826576989,"rd":96.209877631779,"sigma":"0","rptime":1440752400,"rpr":1501.3691223087,"rprd":93.21547712466,"rpsigma":"0","acre":1080.6049546744,"lacre":1080.6049546744,"oldacre":"1053.5192668612"},"p2rating":{"entryid":587338,"formatid":"randombattle","userid":"trgfd","username":"trgfd","r":1500,"rd":130,"sigma":0,"rpr":1459.0303395688,"rprd":122.44008715414,"rpsigma":0,"rptime":1440752400,"w":0,"l":1,"t":0,"gxe":44.9,"acre":1000,"lacre":1000,"oldacre":1000},"endType":"normal"}