{"seed":[23376,54273,46294,6706],"turns":19,"p1":"belowarches","p2":"sivayetski","p1team":[{"name":"Vespiquen","moves":["toxic","substitute","defendorder","attackorder"],"ability":"Pressure","evs":{"hp":81,"atk":89,"def":85,"spa":85,"spd":85,"spe":85},"ivs":{"hp":31,"atk":31,"def":31,"spa":31,"spd":31,"spe":31},"item":"Leftovers","level":83,"shiny":false},{"name":"Lucario","moves":["nastyplot","aurasphere","bulletpunch","icepunch"],"ability":"Justified","evs":{"hp":85,"atk":85,"def":85,"spa":85,"spd":85,"spe":85},"ivs":{"hp":31,"atk":31,"def":31,"spa":31,"spd":31,"spe":31},"item":"Lucarionite","level":74,"shiny":false},{"name":"Landorus","moves":["focusblast","earthpower","calmmind","psychic"],"ability":"Sheer Force","evs":{"hp":85,"atk":85,"def":85,"spa":85,"spd":85,"spe":85},"ivs":{"hp":31,"atk":31,"def":31,"spa":31,"spd":31,"spe":31},"item":"Life Orb","level":73,"shiny":false},{"name":"Illumise","moves":["bugbuzz","batonpass","substitute","thunderbolt"],"ability":"Prankster","evs":{"hp":81,"atk":85,"def":85,"spa":89,"spd":85,"spe":85},"ivs":{"hp":31,"atk":31,"def":31,"spa":31,"spd":31,"spe":31},"item":"Leftovers","level":83,"shiny":false},{"name":"Mewtwo","moves":["calmmind","icebeam","fireblast","psystrike"],"ability":"Unnerve","evs":{"hp":85,"atk":85,"def":85,"spa":85,"spd":85,"spe":85},"ivs":{"hp":31,"atk":31,"def":31,"spa":31,"spd":31,"spe":31},"item":"Leftovers","level":73,"shiny":false},{"name":"Ampharos","moves":["focusblast","toxic","reflect","voltswitch"],"ability":"Static","evs":{"hp":85,"atk":85,"def":85,"spa":85,"spd":85,"spe":85},"ivs":{"hp":31,"atk":31,"def":31,"spa":31,"spd":31,"spe":31},"item":"Light Clay","level":81,"shiny":false}],"p2team":[{"name":"Luxray","moves":["icefang","crunch","voltswitch","facade"],"ability":"Guts","evs":{"hp":85,"atk":85,"def":85,"spa":85,"spd":85,"spe":85},"ivs":{"hp":31,"atk":31,"def":31,"spa":31,"spd":31,"spe":31},"item":"Toxic Orb","level":83,"shiny":false},{"name":"Sawk","moves":["icepunch","bulkup","closecombat","poisonjab"],"ability":"Mold Breaker","evs":{"hp":85,"atk":85,"def":85,"spa":85,"spd":85,"spe":85},"ivs":{"hp":31,"atk":31,"def":31,"spa":31,"spd":31,"spe":31},"item":"Life Orb","level":81,"shiny":false},{"name":"Weavile","moves":["pursuit","lowkick","knockoff","iceshard"],"ability":"Pressure","evs":{"hp":85,"atk":85,"def":85,"spa":85,"spd":85,"spe":85},"ivs":{"hp":31,"atk":31,"def":31,"spa":31,"spd":31,"spe":31},"item":"Choice Band","level":75,"shiny":false},{"name":"Lickilicky","moves":["earthquake","protect","knockoff","bodyslam"],"ability":"Cloud Nine","evs":{"hp":85,"atk":85,"def":85,"spa":85,"spd":85,"spe":85},"ivs":{"hp":31,"atk":31,"def":31,"spa":31,"spd":31,"spe":31},"item":"Leftovers","level":83,"shiny":false},{"name":"Jirachi","moves":["stealthrock","icepunch","bodyslam","ironhead"],"ability":"Serene Grace","evs":{"hp":85,"atk":85,"def":85,"spa":85,"spd":85,"spe":85},"ivs":{"hp":31,"atk":31,"def":31,"spa":31,"spd":31,"spe":31},"item":"Leftovers","level":75,"shiny":false},{"name":"Hypno","moves":["wish","protect","toxic","seismictoss"],"ability":"Inner Focus","evs":{"hp":85,"atk":85,"def":85,"spa":85,"spd":85,"spe":85},"ivs":{"hp":31,"atk":31,"def":31,"spa":31,"spd":31,"spe":31},"item":"Leftovers","level":83,"shiny":false}],"log":["|player|p1|belowarches|101","|player|p2|sivayetski|170","|gametype|singles","|gen|6","|tier|Random Battle","|rated","|rule|Sleep Clause Mod: Limit one foe put to sleep","|rule|HP Percentage Mod: HP is shown in percentages","|","|start","|switch|p1a: Vespiquen|Vespiquen, L83, F|251/251","|switch|p2a: Luxray|Luxray, L83, M|268/268","|-ability|p1a: Vespiquen|Pressure","|turn|1","|","|switch|p1a: Lucario|Lucario, L74, F|226/226","|move|p2a: Luxray|Ice Fang|p1a: Lucario","|-resisted|p1a: Lucario","|-damage|p1a: Lucario|190/226","|","|-status|p2a: Luxray|tox|[from] item: Toxic Orb","|turn|2","|","|move|p1a: Lucario|Aura Sphere|p2a: Luxray","|-crit|p2a: Luxray","|-damage|p2a: Luxray|132/268 tox","|move|p2a: Luxray|Volt Switch|p1a: Lucario","|-damage|p1a: Lucario|91/226","|","|switch|p2a: Weavile|Weavile, L75, M|229/229","|-ability|p2a: Weavile|Pressure","|","|turn|3","|","|move|p1a: Lucario|Bullet Punch|p2a: Weavile","|-supereffective|p2a: Weavile","|-damage|p2a: Weavile|119/229","|move|p2a: Weavile|Low Kick|p1a: Lucario","|-supereffective|p1a: Lucario","|-damage|p1a: Lucario|0 fnt","|faint|p1a: Lucario","|","|","|switch|p1a: Ampharos|Ampharos, L81, M|278/278","|turn|4","|","|move|p2a: Weavile|Low Kick|p1a: Ampharos","|-damage|p1a: Ampharos|198/278","|-status|p2a: Weavile|par","|move|p1a: Ampharos|Volt Switch|p2a: Weavile","|-damage|p2a: Weavile|26/229 par","|","|switch|p1a: Landorus|Landorus, L73, M|250/250","|","|turn|5","|","|move|p1a: Landorus|Earth Power|p2a: Weavile","|-damage|p2a: Weavile|0 fnt","|faint|p2a: Weavile","|","|","|switch|p2a: Sawk|Sawk, L81, M|254/254","|-ability|p2a: Sawk|Mold Breaker","|turn|6","|","|move|p1a: Landorus|Earth Power|p2a: Sawk","|-damage|p2a: Sawk|75/254","|move|p2a: Sawk|Ice Punch|p1a: Landorus","|-supereffective|p1a: Landorus","|-damage|p1a: Landorus|0 fnt","|-damage|p2a: Sawk|50/254|[from] item: Life Orb","|faint|p1a: Landorus","|","|","|switch|p1a: Vespiquen|Vespiquen, L83, F|251/251","|-ability|p1a: Vespiquen|Pressure","|turn|7","|","|move|p2a: Sawk|Ice Punch|p1a: Vespiquen","|-crit|p1a: Vespiquen","|-supereffective|p1a: Vespiquen","|-damage|p1a: Vespiquen|22/251","|-damage|p2a: Sawk|25/254|[from] item: Life Orb","|move|p1a: Vespiquen|Attack Order|p2a: Sawk","|-resisted|p2a: Sawk","|-damage|p2a: Sawk|0 fnt","|faint|p2a: Sawk","|","|-heal|p1a: Vespiquen|37/251|[from] item: Leftovers","|","|switch|p2a: Luxray|Luxray, L83, M|132/268 tox","|turn|8","|","|move|p2a: Luxray|Facade|p1a: Vespiquen","|-crit|p1a: Vespiquen","|-damage|p1a: Vespiquen|0 fnt","|faint|p1a: Vespiquen","|","|-damage|p2a: Luxray|116/268 tox|[from] psn","|","|switch|p1a: Ampharos|Ampharos, L81, M|198/278","|turn|9","|","|move|p2a: Luxray|Facade|p1a: Ampharos","|-damage|p1a: Ampharos|15/278","|move|p1a: Ampharos|Focus Blast|p2a: Luxray","|-damage|p2a: Luxray|10/268 tox","|-unboost|p2a: Luxray|spd|1","|","|-damage|p2a: Luxray|0 fnt|[from] psn","|faint|p2a: Luxray","|","|switch|p2a: Hypno|Hypno, L83, F|277/277","|turn|10","|","|move|p2a: Hypno|Toxic|p1a: Ampharos","|-status|p1a: Ampharos|tox","|move|p1a: Ampharos|Toxic|p2a: Hypno","|-status|p2a: Hypno|tox","|","|-damage|p2a: Hypno|260/277 tox|[from] psn","|-damage|p1a: Ampharos|0 fnt|[from] psn","|faint|p1a: Ampharos","|","|switch|p1a: Illumise|Illumise, L83, F|243/243","|turn|11","|","|move|p1a: Illumise|Bug Buzz|p2a: Hypno","|-supereffective|p2a: Hypno","|-damage|p2a: Hypno|144/277 tox","|move|p2a: Hypno|Toxic|p1a: Illumise","|-status|p1a: Illumise|tox","|","|-heal|p2a: Hypno|161/277 tox|[from] item: Leftovers","|-damage|p1a: Illumise|228/243 tox|[from] psn","|-damage|p2a: Hypno|127/277 tox|[from] psn","|turn|12","|","|move|p1a: Illumise|Thunderbolt|p2a: Hypno","|-damage|p2a: Hypno|82/277 tox","|move|p2a: Hypno|Wish|p2a: Hypno","|","|-heal|p1a: Illumise|243/243 tox|[from] item: Leftovers","|-heal|p2a: Hypno|99/277 tox|[from] item: Leftovers","|-damage|p1a: Illumise|213/243 tox|[from] psn","|-damage|p2a: Hypno|48/277 tox|[from] psn","|turn|13","|","|move|p2a: Hypno|Protect|p2a: Hypno","|-singleturn|p2a: Hypno|Protect","|move|p1a: Illumise|Bug Buzz|p2a: Hypno","|-activate|p2a: Hypno|Protect","|","|-heal|p2a: Hypno|186/277 tox|[from] move: Wish|[wisher] Hypno","|-heal|p1a: Illumise|228/243 tox|[from] item: Leftovers","|-heal|p2a: Hypno|203/277 tox|[from] item: Leftovers","|-damage|p1a: Illumise|183/243 tox|[from] psn","|-damage|p2a: Hypno|135/277 tox|[from] psn","|turn|14","|","|move|p1a: Illumise|Bug Buzz|p2a: Hypno","|-supereffective|p2a: Hypno","|-damage|p2a: Hypno|15/277 tox","|move|p2a: Hypno|Wish|p2a: Hypno","|","|-heal|p1a: Illumise|198/243 tox|[from] item: Leftovers","|-heal|p2a: Hypno|32/277 tox|[from] item: Leftovers","|-damage|p1a: Illumise|138/243 tox|[from] psn","|-damage|p2a: Hypno|0 fnt|[from] psn","|faint|p2a: Hypno","|","|switch|p2a: Jirachi|Jirachi, L75|274/274","|turn|15","|","|move|p2a: Jirachi|Iron Head|p1a: Illumise","|-damage|p1a: Illumise|36/243 tox","|move|p1a: Illumise|Bug Buzz|p2a: Jirachi","|-damage|p2a: Jirachi|198/274","|","|-heal|p2a: Jirachi|274/274|[from] move: Wish|[wisher] Hypno","|-heal|p1a: Illumise|51/243 tox|[from] item: Leftovers","|-damage|p1a: Illumise|0 fnt|[from] psn","|faint|p1a: Illumise","|","|switch|p1a: Mewtwo|Mewtwo, L73|275/275","|-ability|p1a: Mewtwo|Unnerve|p2: sivayetski","|turn|16","|","|move|p1a: Mewtwo|Ice Beam|p2a: Jirachi","|-resisted|p2a: Jirachi","|-damage|p2a: Jirachi|240/274","|move|p2a: Jirachi|Body Slam|p1a: Mewtwo","|-damage|p1a: Mewtwo|220/275","|","|-heal|p1a: Mewtwo|237/275|[from] item: Leftovers","|-heal|p2a: Jirachi|257/274|[from] item: Leftovers","|turn|17","|","|move|p1a: Mewtwo|Fire Blast|p2a: Jirachi","|-supereffective|p2a: Jirachi","|-damage|p2a: Jirachi|77/274","|move|p2a: Jirachi|Iron Head|p1a: Mewtwo","|-damage|p1a: Mewtwo|152/275","|","|-heal|p1a: Mewtwo|169/275|[from] item: Leftovers","|-heal|p2a: Jirachi|94/274|[from] item: Leftovers","|turn|18","|","|move|p1a: Mewtwo|Fire Blast|p2a: Jirachi","|-supereffective|p2a: Jirachi","|-damage|p2a: Jirachi|0 fnt","|faint|p2a: Jirachi","|","|-heal|p1a: Mewtwo|186/275|[from] item: Leftovers","|","|switch|p2a: Lickilicky|Lickilicky, L83, F|318/318","|-ability|p2a: Lickilicky|Cloud Nine","|turn|19","|","|move|p1a: Mewtwo|Psystrike|p2a: Lickilicky","|-damage|p2a: Lickilicky|198/318","|move|p2a: Lickilicky|Knock Off|p1a: Mewtwo","|-crit|p1a: Mewtwo","|-supereffective|p1a: Mewtwo","|-damage|p1a: Mewtwo|0 fnt","|-enditem|p1a: Mewtwo|Leftovers|[from] move: Knock Off|[of] p2a: Lickilicky","|faint|p1a: Mewtwo","|","|win|sivayetski"],"p1rating":{"entryid":560218,"formatid":"randombattle","userid":"belowarches","username":"belowarches","r":1500,"rd":130,"sigma":0,"rpr":1459.8393856612,"rprd":122.8583080769,"rpsigma":0,"rptime":1440666000,"w":0,"l":1,"t":0,"gxe":45,"acre":1000,"lacre":1000,"oldacre":1000},"p2rating":{"entryid":560219,"formatid":"randombattle","userid":"sivayetski","username":"sivayetski","r":1500,"rd":130,"sigma":0,"rpr":1540.1606143388,"rprd":122.8583080769,"rpsigma":0,"rptime":1440666000,"w":1,"l":0,"t":0,"gxe":55,"acre":1040,"lacre":1040,"oldacre":1000},"endType":"normal"}