{"seed":[26764,34063,45269,14542],"turns":19,"p1":"Austin - ⒶⓌⒶⓎ","p2":"DemonicScizor","p1team":[{"name":"Abomasnow","moves":["hiddenpowerfire","gigadrain","blizzard","earthquake"],"ability":"Snow Warning","evs":{"hp":81,"atk":85,"def":85,"spa":89,"spd":85,"spe":85},"ivs":{"hp":31,"atk":30,"def":31,"spa":30,"spd":31,"spe":30},"item":"Abomasite","level":90,"shiny":false},{"name":"Charizard","moves":["flareblitz","swordsdance","acrobatics","earthquake"],"ability":"Blaze","evs":{"hp":85,"atk":85,"def":85,"spa":85,"spd":85,"spe":85},"ivs":{"hp":31,"atk":31,"def":31,"spa":31,"spd":31,"spe":31},"item":"Flying Gem","level":81,"shiny":false},{"name":"Machamp","moves":["dynamicpunch","stoneedge","substitute","icepunch"],"ability":"No Guard","evs":{"hp":85,"atk":85,"def":85,"spa":85,"spd":85,"spe":85},"ivs":{"hp":31,"atk":31,"def":31,"spa":31,"spd":31,"spe":31},"item":"Leftovers","level":77,"shiny":false},{"name":"Deoxys-Defense","moves":["toxic","seismictoss","stealthrock","taunt"],"ability":"Pressure","evs":{"hp":85,"atk":85,"def":85,"spa":85,"spd":85,"spe":85},"ivs":{"hp":31,"atk":31,"def":31,"spa":31,"spd":31,"spe":31},"item":"Leftovers","level":73,"shiny":false},{"name":"Empoleon","moves":["hiddenpowerfire","icebeam","hydropump","flashcannon"],"ability":"Torrent","evs":{"hp":85,"atk":85,"def":85,"spa":85,"spd":85,"spe":85},"ivs":{"hp":31,"atk":30,"def":31,"spa":30,"spd":31,"spe":30},"item":"Choice Specs","level":77,"shiny":false},{"name":"Azumarill","moves":["superpower","aquajet","bellydrum","playrough"],"ability":"Huge Power","evs":{"hp":85,"atk":85,"def":85,"spa":85,"spd":85,"spe":85},"ivs":{"hp":31,"atk":31,"def":31,"spa":31,"spd":31,"spe":31},"item":"Sitrus Berry","level":75,"shiny":false}],"p2team":[{"name":"Delcatty","moves":["fakeout","healbell","wildcharge","doubleedge"],"ability":"Wonder Skin","evs":{"hp":85,"atk":85,"def":85,"spa":85,"spd":85,"spe":85},"ivs":{"hp":31,"atk":31,"def":31,"spa":31,"spd":31,"spe":31},"item":"Life Orb","level":83,"shiny":false},{"name":"Castform","moves":["solarbeam","sunnyday","icebeam","weatherball"],"ability":"Forecast","evs":{"hp":81,"atk":85,"def":85,"spa":89,"spd":85,"spe":85},"ivs":{"hp":31,"atk":31,"def":31,"spa":31,"spd":31,"spe":31},"item":"Heat Rock","level":83,"shiny":false},{"name":"Wailord","moves":["waterspout","hydropump","hiddenpowergrass","icebeam"],"ability":"Water Veil","evs":{"hp":85,"atk":85,"def":85,"spa":85,"spd":85,"spe":85},"ivs":{"hp":31,"atk":30,"def":31,"spa":30,"spd":31,"spe":31},"item":"Choice Specs","level":83,"shiny":false},{"name":"Amoonguss","moves":["stunspore","synthesis","gigadrain","sludgebomb"],"ability":"Regenerator","evs":{"hp":85,"atk":85,"def":85,"spa":85,"spd":85,"spe":85},"ivs":{"hp":31,"atk":31,"def":31,"spa":31,"spd":31,"spe":31},"item":"Black Sludge","level":79,"shiny":false},{"name":"Skuntank","moves":["suckerpunch","poisonjab","taunt","crunch"],"ability":"Aftermath","evs":{"hp":85,"atk":85,"def":85,"spa":85,"spd":85,"spe":85},"ivs":{"hp":31,"atk":31,"def":31,"spa":31,"spd":31,"spe":31},"item":"Life Orb","level":81,"shiny":false},{"name":"Goodra","moves":["sludgebomb","dragontail","earthquake","dragonpulse"],"ability":"Sap Sipper","evs":{"hp":85,"atk":85,"def":85,"spa":85,"spd":85,"spe":85},"ivs":{"hp":31,"atk":31,"def":31,"spa":31,"spd":31,"spe":31},"item":"Assault Vest","level":77,"shiny":false}],"log":["|player|p1|Austin - ⒶⓌⒶⓎ|austin.png","|player|p2|DemonicScizor|demonicscizor.png","|gametype|singles","|gen|6","|tier|Random Battle","|rated","|rule|Sleep Clause Mod: Limit one foe put to sleep","|rule|HP Percentage Mod: HP is shown in percentages","|","|start","|switch|p1a: Abomasnow|Abomasnow, L90, F|307/307","|switch|p2a: Delcatty|Delcatty, L83, M|252/252","|-weather|Hail","|turn|1","|","|detailschange|p1a: Abomasnow|Abomasnow-Mega, L90, F","|-mega|p1a: Abomasnow|Abomasnow|Abomasite","|move|p2a: Delcatty|Fake Out|p1a: Abomasnow","|-damage|p1a: Abomasnow|271/307","|-damage|p2a: Delcatty|227/252|[from] item: Life Orb","|cant|p1a: Abomasnow|flinch","|","|-weather|Hail|[upkeep]","|-damage|p2a: Delcatty|212/252|[from] hail","|turn|2","|","|switch|p2a: Castform|Castform, L83, M|251/251","|-formechange|p2a: Castform|Castform-Snowy|[msg]","|move|p1a: Abomasnow|Blizzard|p2a: Castform","|-resisted|p2a: Castform","|-damage|p2a: Castform|155/251","|","|-weather|Hail|[upkeep]","|turn|3","|","|move|p2a: Castform|Sunny Day|p2a: Castform","|-weather|SunnyDay","|-formechange|p2a: Castform|Castform-Sunny|[msg]","|move|p1a: Abomasnow|Earthquake|p2a: Castform","|-supereffective|p2a: Castform","|-damage|p2a: Castform|0 fnt","|faint|p2a: Castform","|","|-weather|SunnyDay|[upkeep]","|","|switch|p2a: Skuntank|Skuntank, L81, M|299/299","|turn|4","|","|switch|p1a: Empoleon|Empoleon, L77, F|256/256","|move|p2a: Skuntank|Poison Jab|p1a: Empoleon","|-immune|p1a: Empoleon|[msg]","|","|-weather|SunnyDay|[upkeep]","|turn|5","|","|move|p2a: Skuntank|Crunch|p1a: Empoleon","|-damage|p1a: Empoleon|155/256","|-unboost|p1a: Empoleon|def|1","|-damage|p2a: Skuntank|270/299|[from] item: Life Orb","|move|p1a: Empoleon|Flash Cannon|p2a: Skuntank","|-damage|p2a: Skuntank|111/299","|","|-weather|SunnyDay|[upkeep]","|turn|6","|","|move|p2a: Skuntank|Crunch|p1a: Empoleon","|-damage|p1a: Empoleon|0 fnt","|-damage|p2a: Skuntank|82/299|[from] item: Life Orb","|faint|p1a: Empoleon","|","|-weather|SunnyDay|[upkeep]","|","|switch|p1a: Machamp|Machamp, L77, M|265/265","|turn|7","|","|move|p2a: Skuntank|Poison Jab|p1a: Machamp","|-damage|p1a: Machamp|143/265","|-status|p1a: Machamp|psn","|-damage|p2a: Skuntank|53/299|[from] item: Life Orb","|move|p1a: Machamp|Dynamic Punch|p2a: Skuntank","|-damage|p2a: Skuntank|0 fnt","|-damage|p1a: Machamp|77/265 psn|[from] ability: Aftermath|[of] p2a: Skuntank","|faint|p2a: Skuntank","|","|-weather|SunnyDay|[upkeep]","|-heal|p1a: Machamp|93/265 psn|[from] item: Leftovers","|-damage|p1a: Machamp|60/265 psn|[from] psn","|","|switch|p2a: Delcatty|Delcatty, L83, M|212/252","|turn|8","|","|switch|p1a: Abomasnow|Abomasnow-Mega, L90, F|271/307","|-weather|Hail","|move|p2a: Delcatty|Fake Out|p1a: Abomasnow","|-damage|p1a: Abomasnow|236/307","|-damage|p2a: Delcatty|187/252|[from] item: Life Orb","|","|-weather|Hail|[upkeep]","|-damage|p2a: Delcatty|172/252|[from] hail","|turn|9","|","|move|p2a: Delcatty|Double-Edge|p1a: Abomasnow","|-damage|p1a: Abomasnow|135/307","|-damage|p2a: Delcatty|139/252|[from] recoil|[of] p1a: Abomasnow","|-damage|p2a: Delcatty|114/252|[from] item: Life Orb","|move|p1a: Abomasnow|Blizzard|p2a: Delcatty","|-damage|p2a: Delcatty|0 fnt","|faint|p2a: Delcatty","|","|-weather|Hail|[upkeep]","|","|switch|p2a: Goodra|Goodra, L77, F|265/265","|turn|10","|","|move|p2a: Goodra|Sludge Bomb|p1a: Abomasnow","|-supereffective|p1a: Abomasnow","|-damage|p1a: Abomasnow|39/307","|-status|p1a: Abomasnow|psn","|move|p1a: Abomasnow|Blizzard|p2a: Goodra","|-supereffective|p2a: Goodra","|-damage|p2a: Goodra|101/265","|","|-weather|Hail|[upkeep]","|-damage|p2a: Goodra|85/265|[from] hail","|-damage|p1a: Abomasnow|1/307 psn|[from] psn","|turn|11","|","|move|p2a: Goodra|Dragon Pulse|p1a: Abomasnow","|-damage|p1a: Abomasnow|0 fnt","|faint|p1a: Abomasnow","|","|-weather|Hail|[upkeep]","|-damage|p2a: Goodra|69/265|[from] hail","|","|switch|p1a: Deoxys-Defense|Deoxys-Defense, L73|193/193","|-ability|p1a: Deoxys-Defense|Pressure","|turn|12","|","|move|p1a: Deoxys-Defense|Stealth Rock|p2a: Goodra","|-sidestart|p2: DemonicScizor|move: Stealth Rock","|move|p2a: Goodra|Sludge Bomb|p1a: Deoxys-Defense","|-damage|p1a: Deoxys-Defense|150/193","|","|-weather|none","|-heal|p1a: Deoxys-Defense|162/193|[from] item: Leftovers","|turn|13","|","|move|p1a: Deoxys-Defense|Seismic Toss|p2a: Goodra","|-damage|p2a: Goodra|0 fnt","|faint|p2a: Goodra","|","|-heal|p1a: Deoxys-Defense|174/193|[from] item: Leftovers","|","|switch|p2a: Wailord|Wailord, L83, F|418/418","|-damage|p2a: Wailord|366/418|[from] Stealth Rock","|turn|14","|","|move|p1a: Deoxys-Defense|Seismic Toss|p2a: Wailord","|-damage|p2a: Wailord|293/418","|move|p2a: Wailord|Water Spout|p1a: Deoxys-Defense","|-damage|p1a: Deoxys-Defense|69/193","|","|-heal|p1a: Deoxys-Defense|81/193|[from] item: Leftovers","|turn|15","|","|move|p1a: Deoxys-Defense|Seismic Toss|p2a: Wailord","|-damage|p2a: Wailord|220/418","|move|p2a: Wailord|Water Spout|p1a: Deoxys-Defense","|-damage|p1a: Deoxys-Defense|0 fnt","|faint|p1a: Deoxys-Defense","|","|","|switch|p1a: Azumarill|Azumarill, L75, M|274/274","|turn|16","|","|switch|p2a: Amoonguss|Amoonguss, L79, M|310/310","|-damage|p2a: Amoonguss|272/310|[from] Stealth Rock","|move|p1a: Azumarill|Play Rough|p2a: Amoonguss","|-resisted|p2a: Amoonguss","|-damage|p2a: Amoonguss|215/310","|-unboost|p2a: Amoonguss|atk|1","|","|-heal|p2a: Amoonguss|234/310|[from] item: Black Sludge","|turn|17","|","|switch|p1a: Machamp|Machamp, L77, M|60/265 psn","|move|p2a: Amoonguss|Giga Drain|p1a: Machamp","|-damage|p1a: Machamp|0 fnt","|-heal|p2a: Amoonguss|264/310|[from] drain|[of] p1a: Machamp","|faint|p1a: Machamp","|","|-heal|p2a: Amoonguss|283/310|[from] item: Black Sludge","|","|switch|p1a: Charizard|Charizard, L81, F|259/259","|turn|18","|","|move|p1a: Charizard|Flare Blitz|p2a: Amoonguss","|-supereffective|p2a: Amoonguss","|-damage|p2a: Amoonguss|0 fnt","|-damage|p1a: Charizard|166/259|[from] recoil|[of] p2a: Amoonguss","|faint|p2a: Amoonguss","|","|","|switch|p2a: Wailord|Wailord, L83, F|220/418","|-damage|p2a: Wailord|168/418|[from] Stealth Rock","|turn|19","|","|move|p1a: Charizard|Acrobatics|p2a: Wailord","|-enditem|p1a: Charizard|Flying Gem|[from] gem|[move] Acrobatics","|-damage|p2a: Wailord|0 fnt","|faint|p2a: Wailord","|","|win|Austin - ⒶⓌⒶⓎ"],"p1rating":{"entryid":"508346","serverid":"eos","formatid":"randombattle","userid":"austin","username":"Austin","w":2,"l":"0","t":"0","gxe":61.4,"r":"1561.4685146908","rd":123.84000388686,"sigma":"0","rptime":1440752400,"rpr":1592.3899348525,"rprd":117.7712322191,"rpsigma":"0","acre":1085.8234707457,"lacre":1085.8234707457,"oldacre":"1060.1576325571"},"p2rating":{"entryid":581282,"formatid":"randombattle","userid":"demonicscizor","username":"DemonicScizor","r":1500,"rd":130,"sigma":0,"rpr":1466.1123075086,"rprd":122.94357957306,"rpsigma":0,"rptime":1440752400,"w":0,"l":1,"t":0,"gxe":45.8,"acre":1000,"lacre":1000,"oldacre":1000},"endType":"normal"}