{"seed":[10389,54270,53390,41705],"turns":26,"p1":"XxxShadowBoxxX","p2":"CoolMeDownB","p1team":[{"name":"Thundurus","moves":["nastyplot","thunderbolt","hiddenpowerice","taunt"],"ability":"Prankster","evs":{"hp":85,"atk":85,"def":85,"spa":85,"spd":85,"spe":85},"ivs":{"hp":31,"atk":30,"def":30,"spa":31,"spd":31,"spe":31},"item":"Focus Sash","level":75,"shiny":false},{"name":"Galvantula","moves":["bugbuzz","gigadrain","voltswitch","hiddenpowerice"],"ability":"Swarm","evs":{"hp":85,"atk":85,"def":85,"spa":85,"spd":85,"spe":85},"ivs":{"hp":31,"atk":30,"def":30,"spa":31,"spd":31,"spe":31},"item":"Choice Scarf","level":77,"shiny":false},{"name":"Magmortar","moves":["focusblast","thunderbolt","hiddenpowerice","fireblast"],"ability":"Vital Spirit","evs":{"hp":85,"atk":85,"def":85,"spa":85,"spd":85,"spe":85},"ivs":{"hp":31,"atk":30,"def":30,"spa":31,"spd":31,"spe":31},"item":"Choice Scarf","level":81,"shiny":false},{"name":"Durant","moves":["honeclaws","ironhead","stoneedge","batonpass"],"ability":"Hustle","evs":{"hp":85,"atk":85,"def":85,"spa":85,"spd":85,"spe":85},"ivs":{"hp":31,"atk":31,"def":31,"spa":31,"spd":31,"spe":31},"item":"Leftovers","level":79,"shiny":false},{"name":"Phione","moves":["uturn","raindance","rest","scald"],"ability":"Hydration","evs":{"hp":85,"atk":85,"def":85,"spa":85,"spd":85,"spe":85},"ivs":{"hp":31,"atk":31,"def":31,"spa":31,"spd":31,"spe":31},"item":"Damp Rock","level":83,"shiny":false},{"name":"Accelgor","moves":["focusblast","bugbuzz","gigadrain","encore"],"ability":"Hydration","evs":{"hp":81,"atk":85,"def":85,"spa":89,"spd":85,"spe":85},"ivs":{"hp":31,"atk":31,"def":31,"spa":31,"spd":31,"spe":31},"item":"Life Orb","level":79,"shiny":false}],"p2team":[{"name":"Accelgor","moves":["encore","spikes","yawn","bugbuzz"],"ability":"Hydration","evs":{"hp":81,"atk":85,"def":85,"spa":89,"spd":85,"spe":85},"ivs":{"hp":31,"atk":31,"def":31,"spa":31,"spd":31,"spe":31},"item":"Focus Sash","level":79,"shiny":false},{"name":"Serperior","moves":["dragonpulse","substitute","glare","leafstorm"],"ability":"Contrary","evs":{"hp":85,"atk":85,"def":85,"spa":85,"spd":85,"spe":85},"ivs":{"hp":31,"atk":31,"def":31,"spa":31,"spd":31,"spe":31},"item":"Leftovers","level":75,"shiny":false},{"name":"Malamar","moves":["rockslide","substitute","trickroom","knockoff"],"ability":"Infiltrator","evs":{"hp":170,"atk":85,"def":85,"spa":85,"spd":85,"spe":0},"ivs":{"hp":31,"atk":31,"def":31,"spa":31,"spd":31,"spe":0},"item":"Leftovers","level":81,"shiny":false},{"name":"Dunsparce","moves":["coil","roost","bite","bodyslam"],"ability":"Serene Grace","evs":{"hp":85,"atk":85,"def":85,"spa":85,"spd":85,"spe":85},"ivs":{"hp":31,"atk":31,"def":31,"spa":31,"spd":31,"spe":31},"item":"Leftovers","level":83,"shiny":false},{"name":"Ho-Oh","moves":["sacredfire","roost","bravebird","toxic"],"ability":"Regenerator","evs":{"hp":85,"atk":85,"def":85,"spa":85,"spd":85,"spe":85},"ivs":{"hp":31,"atk":31,"def":31,"spa":31,"spd":31,"spe":31},"item":"Leftovers","level":73,"shiny":false},{"name":"Wailord","moves":["hiddenpowerfire","icebeam","hydropump","waterspout"],"ability":"Pressure","evs":{"hp":85,"atk":85,"def":85,"spa":85,"spd":85,"spe":85},"ivs":{"hp":31,"atk":30,"def":31,"spa":30,"spd":31,"spe":30},"item":"Choice Specs","level":83,"shiny":false}],"log":["|player|p1|XxxShadowBoxxX|209","|player|p2|CoolMeDownB|76","|gametype|singles","|gen|6","|tier|Random Battle","|rated","|rule|Sleep Clause Mod: Limit one foe put to sleep","|rule|HP Percentage Mod: HP is shown in percentages","|","|start","|switch|p1a: Thundurus|Thundurus, L75, M|242/242","|switch|p2a: Accelgor|Accelgor, L79, M|255/255","|turn|1","|","|move|p2a: Accelgor|Spikes|p1a: Thundurus","|-sidestart|p1: XxxShadowBoxxX|Spikes","|move|p1a: Thundurus|Hidden Power|p2a: Accelgor","|-damage|p2a: Accelgor|196/255","|","|turn|2","|","|move|p1a: Thundurus|Nasty Plot|p1a: Thundurus","|-boost|p1a: Thundurus|spa|2","|move|p2a: Accelgor|Spikes|p1a: Thundurus","|-sidestart|p1: XxxShadowBoxxX|Spikes","|","|turn|3","|","|move|p2a: Accelgor|Spikes|p1a: Thundurus","|-sidestart|p1: XxxShadowBoxxX|Spikes","|move|p1a: Thundurus|Hidden Power|p2a: Accelgor","|-damage|p2a: Accelgor|72/255","|","|turn|4","|","|move|p1a: Thundurus|Nasty Plot|p1a: Thundurus","|-boost|p1a: Thundurus|spa|2","|move|p2a: Accelgor|Yawn|p1a: Thundurus","|-start|p1a: Thundurus|move: Yawn|[of] p2a: Accelgor","|","|turn|5","|","|move|p2a: Accelgor|Encore|p1a: Thundurus","|-start|p1a: Thundurus|Encore","|move|p1a: Thundurus|Nasty Plot|p1a: Thundurus","|-boost|p1a: Thundurus|spa|2","|","|-end|p1a: Thundurus|move: Yawn|[silent]","|-status|p1a: Thundurus|slp","|turn|6","|","|switch|p2a: Wailord|Wailord, L83, F|418/418","|-ability|p2a: Wailord|Pressure","|cant|p1a: Thundurus|slp","|","|turn|7","|","|-curestatus|p1a: Thundurus|slp","|move|p1a: Thundurus|Nasty Plot|p1a: Thundurus","|-fail|p1a: Thundurus","|move|p2a: Wailord|Water Spout|p1a: Thundurus","|-enditem|p1a: Thundurus|Focus Sash","|-damage|p1a: Thundurus|1/242","|","|-end|p1a: Thundurus|Encore","|turn|8","|","|switch|p2a: Dunsparce|Dunsparce, L83, F|302/302","|move|p1a: Thundurus|Thunderbolt|p2a: Dunsparce","|-damage|p2a: Dunsparce|0 fnt","|faint|p2a: Dunsparce","|","|","|switch|p2a: Accelgor|Accelgor, L79, M|72/255","|turn|9","|","|move|p2a: Accelgor|Bug Buzz|p1a: Thundurus","|-resisted|p1a: Thundurus","|-damage|p1a: Thundurus|0 fnt","|faint|p1a: Thundurus","|","|","|switch|p1a: Magmortar|Magmortar, L81, F|254/254","|-damage|p1a: Magmortar|191/254|[from] Spikes","|turn|10","|","|switch|p2a: Ho-Oh|Ho-Oh, L73|275/275","|move|p1a: Magmortar|Fire Blast|p2a: Ho-Oh","|-resisted|p2a: Ho-Oh","|-damage|p2a: Ho-Oh|228/275","|","|-heal|p2a: Ho-Oh|245/275|[from] item: Leftovers","|turn|11","|","|switch|p1a: Phione|Phione, L83|268/268","|-damage|p1a: Phione|201/268|[from] Spikes","|move|p2a: Ho-Oh|Brave Bird|p1a: Phione","|-damage|p1a: Phione|56/268","|-damage|p2a: Ho-Oh|197/275|[from] recoil|[of] p1a: Phione","|","|-heal|p2a: Ho-Oh|214/275|[from] item: Leftovers","|turn|12","|","|move|p1a: Phione|Scald|p2a: Ho-Oh","|-crit|p2a: Ho-Oh","|-supereffective|p2a: Ho-Oh","|-damage|p2a: Ho-Oh|62/275","|move|p2a: Ho-Oh|Brave Bird|p1a: Phione","|-damage|p1a: Phione|0 fnt","|-damage|p2a: Ho-Oh|44/275|[from] recoil|[of] p1a: Phione","|faint|p1a: Phione","|","|-heal|p2a: Ho-Oh|61/275|[from] item: Leftovers","|","|switch|p1a: Magmortar|Magmortar, L81, F|191/254","|-damage|p1a: Magmortar|128/254|[from] Spikes","|turn|13","|","|move|p1a: Magmortar|Thunderbolt|p2a: Ho-Oh","|-supereffective|p2a: Ho-Oh","|-damage|p2a: Ho-Oh|0 fnt","|faint|p2a: Ho-Oh","|","|","|switch|p2a: Serperior|Serperior, L75, F|236/236","|turn|14","|","|move|p1a: Magmortar|Thunderbolt|p2a: Serperior","|-resisted|p2a: Serperior","|-damage|p2a: Serperior|198/236","|move|p2a: Serperior|Substitute|p2a: Serperior","|-start|p2a: Serperior|Substitute","|-damage|p2a: Serperior|139/236","|","|-heal|p2a: Serperior|153/236|[from] item: Leftovers","|turn|15","|","|move|p1a: Magmortar|Thunderbolt|p2a: Serperior","|-resisted|p2a: Serperior","|-activate|p2a: Serperior|Substitute|[damage]","|move|p2a: Serperior|Leaf Storm|p1a: Magmortar","|-resisted|p1a: Magmortar","|-damage|p1a: Magmortar|86/254","|-boost|p2a: Serperior|spa|2","|","|-heal|p2a: Serperior|167/236|[from] item: Leftovers","|turn|16","|","|move|p1a: Magmortar|Thunderbolt|p2a: Serperior","|-resisted|p2a: Serperior","|-end|p2a: Serperior|Substitute","|move|p2a: Serperior|Leaf Storm|p1a: Magmortar","|-resisted|p1a: Magmortar","|-damage|p1a: Magmortar|0 fnt","|-boost|p2a: Serperior|spa|2","|faint|p1a: Magmortar","|","|-heal|p2a: Serperior|181/236|[from] item: Leftovers","|","|switch|p1a: Accelgor|Accelgor, L79, M|255/255","|-damage|p1a: Accelgor|192/255|[from] Spikes","|turn|17","|","|move|p1a: Accelgor|Bug Buzz|p2a: Serperior","|-supereffective|p2a: Serperior","|-damage|p2a: Serperior|0 fnt","|-damage|p1a: Accelgor|167/255|[from] item: Life Orb","|faint|p2a: Serperior","|","|","|switch|p2a: Wailord|Wailord, L83, F|418/418","|-ability|p2a: Wailord|Pressure","|turn|18","|","|move|p1a: Accelgor|Encore|p2a: Wailord","|-fail|p2a: Wailord","|move|p2a: Wailord|Hidden Power|p1a: Accelgor","|-supereffective|p1a: Accelgor","|-damage|p1a: Accelgor|1/255","|","|turn|19","|","|move|p1a: Accelgor|Giga Drain|p2a: Wailord","|-supereffective|p2a: Wailord","|-damage|p2a: Wailord|231/418","|-heal|p1a: Accelgor|95/255|[from] drain|[of] p2a: Wailord","|-damage|p1a: Accelgor|70/255|[from] item: Life Orb","|move|p2a: Wailord|Hidden Power|p1a: Accelgor","|-supereffective|p1a: Accelgor","|-damage|p1a: Accelgor|0 fnt","|faint|p1a: Accelgor","|","|","|switch|p1a: Galvantula|Galvantula, L77, F|234/234","|-damage|p1a: Galvantula|176/234|[from] Spikes","|turn|20","|","|switch|p2a: Accelgor|Accelgor, L79, M|72/255","|move|p1a: Galvantula|Giga Drain|p2a: Accelgor","|-resisted|p2a: Accelgor","|-damage|p2a: Accelgor|42/255","|-heal|p1a: Galvantula|191/234|[from] drain|[of] p2a: Accelgor","|","|turn|21","|","|switch|p1a: Durant|Durant, L79, M|221/221","|-damage|p1a: Durant|166/221|[from] Spikes","|move|p2a: Accelgor|Yawn|p1a: Durant","|-start|p1a: Durant|move: Yawn|[of] p2a: Accelgor","|","|-heal|p1a: Durant|179/221|[from] item: Leftovers","|turn|22","|","|switch|p2a: Malamar|Malamar, L81, F|289/289","|move|p1a: Durant|Iron Head|p2a: Malamar","|-damage|p2a: Malamar|168/289","|","|-end|p1a: Durant|move: Yawn|[silent]","|-status|p1a: Durant|slp","|-heal|p1a: Durant|192/221 slp|[from] item: Leftovers","|-heal|p2a: Malamar|186/289|[from] item: Leftovers","|turn|23","|","|cant|p1a: Durant|slp","|move|p2a: Malamar|Trick Room|p2a: Malamar","|-fieldstart|move: Trick Room|[of] p2a: Malamar","|","|-heal|p2a: Malamar|204/289|[from] item: Leftovers","|-heal|p1a: Durant|205/221 slp|[from] item: Leftovers","|turn|24","|","|switch|p2a: Wailord|Wailord, L83, F|231/418","|-ability|p2a: Wailord|Pressure","|cant|p1a: Durant|slp","|","|-heal|p1a: Durant|218/221 slp|[from] item: Leftovers","|turn|25","|","|move|p2a: Wailord|Hidden Power|p1a: Durant","|-supereffective|p1a: Durant","|-damage|p1a: Durant|0 fnt","|faint|p1a: Durant","|","|","|switch|p1a: Galvantula|Galvantula, L77, F|191/234","|-damage|p1a: Galvantula|133/234|[from] Spikes","|turn|26","|","|move|p2a: Wailord|Hidden Power|p1a: Galvantula","|-supereffective|p1a: Galvantula","|-damage|p1a: Galvantula|0 fnt","|faint|p1a: Galvantula","|","|win|CoolMeDownB"],"p1rating":{"entryid":595631,"formatid":"randombattle","userid":"xxxshadowboxxx","username":"XxxShadowBoxxX","r":1500,"rd":130,"sigma":0,"rpr":1459.8393856612,"rprd":122.8583080769,"rpsigma":0,"rptime":1440752400,"w":0,"l":1,"t":0,"gxe":45,"acre":1000,"lacre":1000,"oldacre":1000},"p2rating":{"entryid":595632,"formatid":"randombattle","userid":"coolmedownb","username":"CoolMeDownB","r":1500,"rd":130,"sigma":0,"rpr":1540.1606143388,"rprd":122.8583080769,"rpsigma":0,"rptime":1440752400,"w":1,"l":0,"t":0,"gxe":55,"acre":1040,"lacre":1040,"oldacre":1000},"endType":"normal"}