{"seed":[55648,12678,10850,19185],"turns":19,"p1":"douglas 1998","p2":"cruch","p1team":[{"name":"Toxicroak","moves":["icepunch","substitute","suckerpunch","drainpunch"],"ability":"Dry Skin","evs":{"hp":85,"atk":85,"def":85,"spa":85,"spd":85,"spe":85},"ivs":{"hp":31,"atk":31,"def":31,"spa":31,"spd":31,"spe":31},"item":"Black Sludge","level":77,"shiny":false},{"name":"Marowak","moves":["stealthrock","knockoff","substitute","bonemerang"],"ability":"Rock Head","evs":{"hp":85,"atk":85,"def":85,"spa":85,"spd":85,"spe":85},"ivs":{"hp":31,"atk":31,"def":31,"spa":31,"spd":31,"spe":31},"item":"Thick Club","level":83,"shiny":false},{"name":"Mantine","moves":["defog","toxic","scald","airslash"],"ability":"Water Absorb","evs":{"hp":85,"atk":85,"def":85,"spa":85,"spd":85,"spe":85},"ivs":{"hp":31,"atk":31,"def":31,"spa":31,"spd":31,"spe":31},"item":"Leftovers","level":81,"shiny":false},{"name":"Deoxys","moves":["spikes","taunt","stealthrock","psychoboost"],"ability":"Pressure","evs":{"hp":85,"atk":85,"def":85,"spa":85,"spd":85,"spe":85},"ivs":{"hp":31,"atk":31,"def":31,"spa":31,"spd":31,"spe":31},"item":"Leftovers","level":73,"shiny":false},{"name":"Delibird","moves":["iceshard","icepunch","destinybond","spikes"],"ability":"Hustle","evs":{"hp":81,"atk":89,"def":85,"spa":85,"spd":85,"spe":85},"ivs":{"hp":31,"atk":31,"def":31,"spa":31,"spd":31,"spe":31},"item":"Leftovers","level":83,"shiny":false},{"name":"Tauros","moves":["rockslide","zenheadbutt","doubleedge","earthquake"],"ability":"Sheer Force","evs":{"hp":85,"atk":85,"def":85,"spa":85,"spd":85,"spe":85},"ivs":{"hp":31,"atk":31,"def":31,"spa":31,"spd":31,"spe":31},"item":"Life Orb","level":81,"shiny":false}],"p2team":[{"name":"Shuckle","moves":["encore","infestation","toxic","stealthrock"],"ability":"Sturdy","evs":{"hp":85,"atk":85,"def":85,"spa":85,"spd":85,"spe":85},"ivs":{"hp":31,"atk":31,"def":31,"spa":31,"spd":31,"spe":31},"item":"Leftovers","level":78,"shiny":false},{"name":"Drapion","moves":["earthquake","aquatail","poisonjab","knockoff"],"ability":"Battle Armor","evs":{"hp":85,"atk":85,"def":85,"spa":85,"spd":85,"spe":85},"ivs":{"hp":31,"atk":31,"def":31,"spa":31,"spd":31,"spe":31},"item":"Choice Scarf","level":79,"shiny":false},{"name":"Genesect-Douse","moves":["ironhead","extremespeed","shiftgear","technoblast"],"ability":"Download","evs":{"hp":85,"atk":85,"def":85,"spa":85,"spd":85,"spe":85},"ivs":{"hp":31,"atk":31,"def":31,"spa":31,"spd":31,"spe":31},"item":"Douse Drive","level":74,"shiny":false},{"name":"Victini","moves":["zenheadbutt","boltstrike","vcreate","blueflare"],"ability":"Victory Star","evs":{"hp":85,"atk":85,"def":85,"spa":85,"spd":85,"spe":85},"ivs":{"hp":31,"atk":31,"def":31,"spa":31,"spd":31,"spe":31},"item":"Assault Vest","level":76,"shiny":false},{"name":"Aurorus","moves":["thunderwave","freezedry","thunderbolt","hypervoice"],"ability":"Refrigerate","evs":{"hp":81,"atk":85,"def":85,"spa":89,"spd":85,"spe":85},"ivs":{"hp":31,"atk":31,"def":31,"spa":31,"spd":31,"spe":31},"item":"Leftovers","level":81,"shiny":false},{"name":"Girafarig","moves":["psyshock","hypervoice","nastyplot","batonpass"],"ability":"Sap Sipper","evs":{"hp":85,"atk":85,"def":85,"spa":85,"spd":85,"spe":85},"ivs":{"hp":31,"atk":31,"def":31,"spa":31,"spd":31,"spe":31},"item":"Leftovers","level":83,"shiny":false}],"log":["|player|p1|douglas 1998|265","|player|p2|cruch|247","|gametype|singles","|gen|6","|tier|Random Battle","|rated","|rule|Sleep Clause Mod: Limit one foe put to sleep","|rule|HP Percentage Mod: HP is shown in percentages","|","|start","|switch|p1a: Toxicroak|Toxicroak, L77, M|254/254","|switch|p2a: Shuckle|Shuckle, L78, F|159/159","|turn|1","|","|move|p1a: Toxicroak|Ice Punch|p2a: Shuckle","|-damage|p2a: Shuckle|137/159","|move|p2a: Shuckle|Toxic|p1a: Toxicroak","|-immune|p1a: Toxicroak|[msg]","|","|-heal|p2a: Shuckle|146/159|[from] item: Leftovers","|turn|2","|","|move|p1a: Toxicroak|Drain Punch|p2a: Shuckle","|-damage|p2a: Shuckle|110/159","|move|p2a: Shuckle|Infestation|p1a: Toxicroak","|-resisted|p1a: Toxicroak","|-damage|p1a: Toxicroak|252/254","|-activate|p1a: Toxicroak|move: Infestation|[of] p2a: Shuckle","|","|-heal|p1a: Toxicroak|254/254|[from] item: Black Sludge","|-heal|p2a: Shuckle|119/159|[from] item: Leftovers","|-damage|p1a: Toxicroak|223/254|[from] move: Infestation|[partiallytrapped]","|turn|3","|","|move|p1a: Toxicroak|Sucker Punch|p2a: Shuckle","|-fail|p1a: Toxicroak","|move|p2a: Shuckle|Encore|p1a: Toxicroak","|-start|p1a: Toxicroak|Encore","|","|-heal|p1a: Toxicroak|238/254|[from] item: Black Sludge","|-heal|p2a: Shuckle|128/159|[from] item: Leftovers","|-damage|p1a: Toxicroak|207/254|[from] move: Infestation|[partiallytrapped]","|turn|4","|","|move|p1a: Toxicroak|Sucker Punch|p2a: Shuckle","|-fail|p1a: Toxicroak","|move|p2a: Shuckle|Stealth Rock|p1a: Toxicroak","|-sidestart|p1: douglas 1998|move: Stealth Rock","|","|-heal|p1a: Toxicroak|222/254|[from] item: Black Sludge","|-heal|p2a: Shuckle|137/159|[from] item: Leftovers","|-damage|p1a: Toxicroak|191/254|[from] move: Infestation|[partiallytrapped]","|turn|5","|","|move|p1a: Toxicroak|Sucker Punch|p2a: Shuckle","|-damage|p2a: Shuckle|109/159","|move|p2a: Shuckle|Infestation|p1a: Toxicroak","|-resisted|p1a: Toxicroak","|-damage|p1a: Toxicroak|189/254","|","|-heal|p1a: Toxicroak|204/254|[from] item: Black Sludge","|-heal|p2a: Shuckle|118/159|[from] item: Leftovers","|-damage|p1a: Toxicroak|173/254|[from] move: Infestation|[partiallytrapped]","|turn|6","|","|move|p1a: Toxicroak|Sucker Punch|p2a: Shuckle","|-fail|p1a: Toxicroak","|move|p2a: Shuckle|Encore|p1a: Toxicroak","|-fail|p1a: Toxicroak","|","|-heal|p1a: Toxicroak|188/254|[from] item: Black Sludge","|-heal|p2a: Shuckle|127/159|[from] item: Leftovers","|-end|p1a: Toxicroak|Infestation|[partiallytrapped]","|-end|p1a: Toxicroak|Encore","|turn|7","|","|switch|p1a: Marowak|Marowak, L83, F|235/235","|-damage|p1a: Marowak|221/235|[from] Stealth Rock","|move|p2a: Shuckle|Toxic|p1a: Marowak","|-status|p1a: Marowak|tox","|","|-heal|p2a: Shuckle|136/159|[from] item: Leftovers","|-damage|p1a: Marowak|207/235 tox|[from] psn","|turn|8","|","|move|p1a: Marowak|Bonemerang|p2a: Shuckle","|-damage|p2a: Shuckle|87/159","|-damage|p2a: Shuckle|41/159","|-hitcount|p2a: Shuckle|2","|move|p2a: Shuckle|Infestation|p1a: Marowak","|-damage|p1a: Marowak|200/235 tox","|-activate|p1a: Marowak|move: Infestation|[of] p2a: Shuckle","|","|-heal|p2a: Shuckle|50/159|[from] item: Leftovers","|-damage|p1a: Marowak|172/235 tox|[from] psn","|-damage|p1a: Marowak|143/235 tox|[from] move: Infestation|[partiallytrapped]","|turn|9","|","|move|p1a: Marowak|Bonemerang|p2a: Shuckle","|-damage|p2a: Shuckle|2/159","|-damage|p2a: Shuckle|0 fnt","|-hitcount|p2a: Shuckle|2","|faint|p2a: Shuckle","|","|-damage|p1a: Marowak|101/235 tox|[from] psn","|","|switch|p2a: Girafarig|Girafarig, L83, M|252/252","|turn|10","|","|move|p2a: Girafarig|Psyshock|p1a: Marowak","|-damage|p1a: Marowak|38/235 tox","|move|p1a: Marowak|Bonemerang|p2a: Girafarig","|-damage|p2a: Girafarig|149/252","|-damage|p2a: Girafarig|38/252","|-hitcount|p2a: Girafarig|2","|","|-heal|p2a: Girafarig|53/252|[from] item: Leftovers","|-damage|p1a: Marowak|0 fnt|[from] psn","|faint|p1a: Marowak","|","|switch|p1a: Tauros|Tauros, L81, M|254/254","|-damage|p1a: Tauros|223/254|[from] Stealth Rock","|turn|11","|","|move|p1a: Tauros|Earthquake|p2a: Girafarig","|-damage|p2a: Girafarig|0 fnt","|-damage|p1a: Tauros|198/254|[from] item: Life Orb","|faint|p2a: Girafarig","|","|","|switch|p2a: Aurorus|Aurorus, L81, F|331/331","|turn|12","|","|move|p1a: Tauros|Zen Headbutt|p2a: Aurorus","|-damage|p2a: Aurorus|219/331","|move|p2a: Aurorus|Freeze-Dry|p1a: Tauros","|-damage|p1a: Tauros|108/254","|","|-heal|p2a: Aurorus|239/331|[from] item: Leftovers","|turn|13","|","|move|p1a: Tauros|Rock Slide|p2a: Aurorus","|-supereffective|p2a: Aurorus","|-damage|p2a: Aurorus|31/331","|move|p2a: Aurorus|Thunderbolt|p1a: Tauros","|-damage|p1a: Tauros|31/254","|","|-heal|p2a: Aurorus|51/331|[from] item: Leftovers","|turn|14","|","|move|p1a: Tauros|Rock Slide|p2a: Aurorus","|-supereffective|p2a: Aurorus","|-damage|p2a: Aurorus|0 fnt","|faint|p2a: Aurorus","|","|","|switch|p2a: Genesect-Douse|Genesect-Douse, L74|227/227","|-boost|p2a: Genesect-Douse|spa|1|[from] ability: Download","|turn|15","|","|move|p2a: Genesect-Douse|Extreme Speed|p1a: Tauros","|-damage|p1a: Tauros|0 fnt","|faint|p1a: Tauros","|","|","|switch|p1a: Mantine|Mantine, L81, M|238/238","|-damage|p1a: Mantine|179/238|[from] Stealth Rock","|turn|16","|","|move|p2a: Genesect-Douse|Iron Head|p1a: Mantine","|-resisted|p1a: Mantine","|-damage|p1a: Mantine|134/238","|cant|p1a: Mantine|flinch","|","|-heal|p1a: Mantine|148/238|[from] item: Leftovers","|turn|17","|","|move|p2a: Genesect-Douse|Shift Gear|p2a: Genesect-Douse","|-boost|p2a: Genesect-Douse|spe|2","|-boost|p2a: Genesect-Douse|atk|1","|move|p1a: Mantine|Scald|p2a: Genesect-Douse","|-damage|p2a: Genesect-Douse|148/227","|","|-heal|p1a: Mantine|162/238|[from] item: Leftovers","|turn|18","|","|move|p2a: Genesect-Douse|Iron Head|p1a: Mantine","|-resisted|p1a: Mantine","|-damage|p1a: Mantine|90/238","|cant|p1a: Mantine|flinch","|","|-heal|p1a: Mantine|104/238|[from] item: Leftovers","|turn|19","|","|win|cruch"],"p1rating":{"entryid":573437,"formatid":"randombattle","userid":"douglas1998","username":"douglas 1998","r":1500,"rd":130,"sigma":0,"rpr":1459.8393856612,"rprd":122.8583080769,"rpsigma":0,"rptime":1440752400,"w":0,"l":1,"t":0,"gxe":45,"acre":1000,"lacre":1000,"oldacre":1000},"p2rating":{"entryid":"549627","serverid":"eos","formatid":"randombattle","userid":"cruch","username":"cruch","w":2,"l":"0","t":"0","gxe":59,"r":1540.1606143388,"rd":122.8583080769,"sigma":"0","rptime":1440752400,"rpr":1572.6173197679,"rprd":116.84146468108,"rpsigma":"0","acre":1070.1028089042,"lacre":1070.1028089042,"oldacre":"1040"},"endType":"forfeit"}