{"seed":[47910,45653,22883,34108],"turns":17,"p1":"Prof ツ Torpid","p2":"mortal jordean","p1team":[{"name":"Stantler","moves":["suckerpunch","earthquake","jumpkick","doubleedge"],"ability":"Intimidate","evs":{"hp":85,"atk":85,"def":85,"spa":85,"spd":85,"spe":85},"ivs":{"hp":31,"atk":31,"def":31,"spa":31,"spd":31,"spe":31},"item":"Life Orb","level":83,"shiny":false},{"name":"Sceptile","moves":["earthquake","outrage","substitute","swordsdance"],"ability":"Overgrow","evs":{"hp":85,"atk":85,"def":85,"spa":85,"spd":85,"spe":85},"ivs":{"hp":31,"atk":31,"def":31,"spa":31,"spd":31,"spe":31},"item":"Sceptilite","level":77,"shiny":false},{"name":"Rapidash","moves":["willowisp","morningsun","flareblitz","wildcharge"],"ability":"Flash Fire","evs":{"hp":81,"atk":89,"def":85,"spa":85,"spd":85,"spe":85},"ivs":{"hp":31,"atk":31,"def":31,"spa":31,"spd":31,"spe":31},"item":"Leftovers","level":83,"shiny":false},{"name":"Landorus","moves":["rockpolish","sludgewave","knockoff","earthpower"],"ability":"Sheer Force","evs":{"hp":85,"atk":85,"def":85,"spa":85,"spd":85,"spe":85},"ivs":{"hp":31,"atk":31,"def":31,"spa":31,"spd":31,"spe":31},"item":"Life Orb","level":73,"shiny":false},{"name":"Jolteon","moves":["hiddenpowerice","thunderbolt","voltswitch","signalbeam"],"ability":"Volt Absorb","evs":{"hp":85,"atk":85,"def":85,"spa":85,"spd":85,"spe":85},"ivs":{"hp":31,"atk":30,"def":30,"spa":31,"spd":31,"spe":31},"item":"Choice Specs","level":79,"shiny":false},{"name":"Claydol","moves":["rapidspin","icebeam","psychic","stealthrock"],"ability":"Levitate","evs":{"hp":85,"atk":85,"def":85,"spa":85,"spd":85,"spe":85},"ivs":{"hp":31,"atk":31,"def":31,"spa":31,"spd":31,"spe":31},"item":"Leftovers","level":81,"shiny":false}],"p2team":[{"name":"Wigglytuff","moves":["dazzlinggleam","protect","hypervoice","fireblast"],"ability":"Competitive","evs":{"hp":85,"atk":85,"def":85,"spa":85,"spd":85,"spe":85},"ivs":{"hp":31,"atk":31,"def":31,"spa":31,"spd":31,"spe":31},"item":"Leftovers","level":83,"shiny":false},{"name":"Minun","moves":["hiddenpowerice","encore","thunderbolt","substitute"],"ability":"Volt Absorb","evs":{"hp":85,"atk":85,"def":85,"spa":85,"spd":85,"spe":85},"ivs":{"hp":31,"atk":30,"def":30,"spa":31,"spd":31,"spe":31},"item":"Leftovers","level":83,"shiny":false},{"name":"Garbodor","moves":["rockblast","gunkshot","toxic","haze"],"ability":"Aftermath","evs":{"hp":85,"atk":85,"def":85,"spa":85,"spd":85,"spe":85},"ivs":{"hp":31,"atk":31,"def":31,"spa":31,"spd":31,"spe":31},"item":"Black Sludge","level":81,"shiny":false},{"name":"Manaphy","moves":["energyball","tailglow","icebeam","surf"],"ability":"Hydration","evs":{"hp":85,"atk":85,"def":85,"spa":85,"spd":85,"spe":85},"ivs":{"hp":31,"atk":31,"def":31,"spa":31,"spd":31,"spe":31},"item":"Leftovers","level":75,"shiny":false},{"name":"Haxorus","moves":["earthquake","taunt","outrage","dragondance"],"ability":"Mold Breaker","evs":{"hp":85,"atk":85,"def":85,"spa":85,"spd":85,"spe":85},"ivs":{"hp":31,"atk":31,"def":31,"spa":31,"spd":31,"spe":31},"item":"Lum Berry","level":77,"shiny":false},{"name":"Seismitoad","moves":["toxic","hydropump","sludgewave","raindance"],"ability":"Swift Swim","evs":{"hp":85,"atk":85,"def":85,"spa":85,"spd":85,"spe":85},"ivs":{"hp":31,"atk":31,"def":31,"spa":31,"spd":31,"spe":31},"item":"Damp Rock","level":79,"shiny":false}],"log":["|player|p1|Prof ツ Torpid|102","|player|p2|mortal jordean|229","|gametype|singles","|gen|6","|tier|Random Battle","|rated","|rule|Sleep Clause Mod: Limit one foe put to sleep","|rule|HP Percentage Mod: HP is shown in percentages","|","|start","|switch|p1a: Stantler|Stantler, L83, M|257/257","|switch|p2a: Wigglytuff|Wigglytuff, L83, M|368/368","|-ability|p1a: Stantler|Intimidate","|-unboost|p2a: Wigglytuff|atk|1","|-boost|p2a: Wigglytuff|spa|2|[from] ability: Competitive","|turn|1","|","|move|p1a: Stantler|Jump Kick|p2a: Wigglytuff","|-damage|p2a: Wigglytuff|234/368","|-damage|p1a: Stantler|232/257|[from] item: Life Orb","|move|p2a: Wigglytuff|Fire Blast|p1a: Stantler","|-damage|p1a: Stantler|65/257","|-status|p1a: Stantler|brn","|","|-heal|p2a: Wigglytuff|257/368|[from] item: Leftovers","|-damage|p1a: Stantler|33/257 brn|[from] brn","|turn|2","|","|move|p1a: Stantler|Double-Edge|p2a: Wigglytuff","|-damage|p2a: Wigglytuff|132/368","|-damage|p1a: Stantler|0 fnt|[from] recoil|[of] p2a: Wigglytuff","|faint|p1a: Stantler","|move|p2a: Wigglytuff|Hyper Voice|p1: Stantler|[notarget]","|-notarget","|","|-heal|p2a: Wigglytuff|155/368|[from] item: Leftovers","|","|switch|p1a: Rapidash|Rapidash, L83, M|243/243","|turn|3","|","|move|p1a: Rapidash|Will-O-Wisp|p2a: Wigglytuff|[miss]","|-miss|p1a: Rapidash|p2a: Wigglytuff","|move|p2a: Wigglytuff|Dazzling Gleam|p1a: Rapidash","|-resisted|p1a: Rapidash","|-damage|p1a: Rapidash|162/243","|","|-heal|p1a: Rapidash|177/243|[from] item: Leftovers","|-heal|p2a: Wigglytuff|178/368|[from] item: Leftovers","|turn|4","|","|move|p1a: Rapidash|Will-O-Wisp|p2a: Wigglytuff","|-status|p2a: Wigglytuff|brn","|move|p2a: Wigglytuff|Hyper Voice|p1a: Rapidash","|-damage|p1a: Rapidash|0 fnt","|faint|p1a: Rapidash","|","|-heal|p2a: Wigglytuff|201/368 brn|[from] item: Leftovers","|-damage|p2a: Wigglytuff|155/368 brn|[from] brn","|","|switch|p1a: Jolteon|Jolteon, L79, M|232/232","|turn|5","|","|move|p1a: Jolteon|Volt Switch|p2a: Wigglytuff","|-damage|p2a: Wigglytuff|0 fnt","|faint|p2a: Wigglytuff","|","|switch|p1a: Claydol|Claydol, L81|230/230","|","|","|switch|p2a: Seismitoad|Seismitoad, L79, M|295/295","|turn|6","|","|move|p1a: Claydol|Stealth Rock|p2a: Seismitoad","|-sidestart|p2: mortal jordean|move: Stealth Rock","|move|p2a: Seismitoad|Hydro Pump|p1a: Claydol","|-supereffective|p1a: Claydol","|-damage|p1a: Claydol|84/230","|","|-heal|p1a: Claydol|98/230|[from] item: Leftovers","|turn|7","|","|move|p1a: Claydol|Ice Beam|p2a: Seismitoad","|-damage|p2a: Seismitoad|241/295","|move|p2a: Seismitoad|Hydro Pump|p1a: Claydol","|-supereffective|p1a: Claydol","|-damage|p1a: Claydol|0 fnt","|faint|p1a: Claydol","|","|","|switch|p1a: Sceptile|Sceptile, L77, M|234/234","|turn|8","|","|detailschange|p1a: Sceptile|Sceptile-Mega, L77, M","|-mega|p1a: Sceptile|Sceptile|Sceptilite","|move|p1a: Sceptile|Earthquake|p2a: Seismitoad","|-damage|p2a: Seismitoad|160/295","|move|p2a: Seismitoad|Sludge Wave|p1a: Sceptile","|-supereffective|p1a: Sceptile","|-damage|p1a: Sceptile|122/234","|","|turn|9","|","|switch|p1a: Landorus|Landorus, L73, M|250/250","|move|p2a: Seismitoad|Sludge Wave|p1a: Landorus","|-resisted|p1a: Landorus","|-damage|p1a: Landorus|218/250","|","|turn|10","|","|move|p1a: Landorus|Earth Power|p2a: Seismitoad","|-damage|p2a: Seismitoad|3/295","|move|p2a: Seismitoad|Hydro Pump|p1a: Landorus","|-supereffective|p1a: Landorus","|-damage|p1a: Landorus|0 fnt","|faint|p1a: Landorus","|","|","|switch|p1a: Sceptile|Sceptile-Mega, L77, M|122/234","|turn|11","|","|move|p1a: Sceptile|Earthquake|p2a: Seismitoad","|-damage|p2a: Seismitoad|0 fnt","|faint|p2a: Seismitoad","|","|","|switch|p2a: Garbodor|Garbodor, L81, M|262/262","|-damage|p2a: Garbodor|230/262|[from] Stealth Rock","|turn|12","|","|switch|p1a: Jolteon|Jolteon, L79, M|232/232","|move|p2a: Garbodor|Gunk Shot|p1a: Jolteon","|-damage|p1a: Jolteon|61/232","|","|-heal|p2a: Garbodor|246/262|[from] item: Black Sludge","|turn|13","|","|move|p1a: Jolteon|Thunderbolt|p2a: Garbodor","|-damage|p2a: Garbodor|107/262","|move|p2a: Garbodor|Gunk Shot|p1a: Jolteon","|-damage|p1a: Jolteon|0 fnt","|faint|p1a: Jolteon","|","|-heal|p2a: Garbodor|123/262|[from] item: Black Sludge","|","|switch|p1a: Sceptile|Sceptile-Mega, L77, M|122/234","|turn|14","|","|move|p1a: Sceptile|Earthquake|p2a: Garbodor","|-supereffective|p2a: Garbodor","|-damage|p2a: Garbodor|0 fnt","|faint|p2a: Garbodor","|","|","|switch|p2a: Haxorus|Haxorus, L77, F|244/244","|-damage|p2a: Haxorus|214/244|[from] Stealth Rock","|-ability|p2a: Haxorus|Mold Breaker","|turn|15","|","|move|p1a: Sceptile|Outrage|p2a: Haxorus","|-supereffective|p2a: Haxorus","|-damage|p2a: Haxorus|0 fnt","|faint|p2a: Haxorus","|","|","|switch|p2a: Minun|Minun, L83, M|235/235","|-damage|p2a: Minun|206/235|[from] Stealth Rock","|turn|16","|","|move|p1a: Sceptile|Outrage|p2a: Minun|[from]lockedmove","|-damage|p2a: Minun|28/235","|-start|p1a: Sceptile|confusion|[fatigue]","|move|p2a: Minun|Thunderbolt|p1a: Sceptile","|-boost|p1a: Sceptile|spa|1|[from] ability: Lightning Rod","|","|-heal|p2a: Minun|42/235|[from] item: Leftovers","|turn|17","|","|-activate|p1a: Sceptile|confusion","|-damage|p1a: Sceptile|86/234|[from] confusion","|move|p2a: Minun|Hidden Power|p1a: Sceptile","|-supereffective|p1a: Sceptile","|-damage|p1a: Sceptile|0 fnt","|faint|p1a: Sceptile","|","|win|mortal jordean"],"p1rating":{"entryid":7361395,"formatid":"randombattle","userid":"proftorpid","username":"Prof ツ Torpid","r":1500,"rd":130,"sigma":0,"rpr":1443.1417843552,"rprd":123.23824922972,"rpsigma":0,"rptime":1438592400,"w":0,"l":1,"t":0,"gxe":42.9,"acre":1000,"lacre":1000,"oldacre":1000},"p2rating":{"entryid":"6786940","serverid":"eos","formatid":"randombattle","userid":"mortaljordean","username":"mortal jordean","w":3,"l":"8","t":"0","gxe":36.8,"r":"1365.6573756529","rd":92.247111867296,"sigma":"0","rptime":1438592400,"rpr":1394.5287321633,"rprd":89.889020168598,"rpsigma":"0","acre":1073.6456820867,"lacre":1073.6456820867,"oldacre":"1044.584930701"},"endType":"normal"}