{"seed":[36332,22983,23801,25185],"turns":38,"p1":"Rain ☆ Aurem","p2":"Seven Swell","p1team":[{"name":"Ditto","moves":["transform"],"ability":"Imposter","evs":{"hp":85,"atk":85,"def":85,"spa":85,"spd":85,"spe":85},"ivs":{"hp":31,"atk":31,"def":31,"spa":31,"spd":31,"spe":31},"item":"Choice Scarf","level":83,"shiny":false},{"name":"Volcarona","moves":["quiverdance","roost","fireblast","bugbuzz"],"ability":"Flame Body","evs":{"hp":81,"atk":85,"def":85,"spa":89,"spd":85,"spe":85},"ivs":{"hp":31,"atk":31,"def":31,"spa":31,"spd":31,"spe":31},"item":"Leftovers","level":76,"shiny":false},{"name":"Vaporeon","moves":["icebeam","scald","healbell","wish"],"ability":"Water Absorb","evs":{"hp":85,"atk":85,"def":85,"spa":85,"spd":85,"spe":85},"ivs":{"hp":31,"atk":31,"def":31,"spa":31,"spd":31,"spe":31},"item":"Leftovers","level":77,"shiny":false},{"name":"Sandslash","moves":["rapidspin","knockoff","toxic","earthquake"],"ability":"Sand Rush","evs":{"hp":85,"atk":85,"def":85,"spa":85,"spd":85,"spe":85},"ivs":{"hp":31,"atk":31,"def":31,"spa":31,"spd":31,"spe":31},"item":"Life Orb","level":81,"shiny":false},{"name":"Slurpuff","moves":["calmmind","flamethrower","drainpunch","substitute"],"ability":"Unburden","evs":{"hp":85,"atk":85,"def":85,"spa":85,"spd":85,"spe":85},"ivs":{"hp":31,"atk":31,"def":31,"spa":31,"spd":31,"spe":31},"item":"Sitrus Berry","level":77,"shiny":false},{"name":"Zebstrika","moves":["wildcharge","hiddenpowergrass","overheat","thunderbolt"],"ability":"Sap Sipper","evs":{"hp":85,"atk":85,"def":85,"spa":85,"spd":85,"spe":85},"ivs":{"hp":31,"atk":30,"def":31,"spa":30,"spd":31,"spe":31},"item":"Expert Belt","level":83,"shiny":false}],"p2team":[{"name":"Moltres","moves":["substitute","willowisp","hiddenpowergrass","fireblast"],"ability":"Pressure","evs":{"hp":81,"atk":85,"def":85,"spa":89,"spd":85,"spe":85},"ivs":{"hp":31,"atk":30,"def":31,"spa":30,"spd":31,"spe":31},"item":"Leftovers","level":78,"shiny":false},{"name":"Drapion","moves":["knockoff","earthquake","aquatail","taunt"],"ability":"Sniper","evs":{"hp":85,"atk":85,"def":85,"spa":85,"spd":85,"spe":85},"ivs":{"hp":31,"atk":31,"def":31,"spa":31,"spd":31,"spe":31},"item":"Life Orb","level":79,"shiny":false},{"name":"Tangrowth","moves":["leechseed","rockslide","leafstorm","earthquake"],"ability":"Regenerator","evs":{"hp":85,"atk":85,"def":85,"spa":85,"spd":85,"spe":85},"ivs":{"hp":31,"atk":31,"def":31,"spa":31,"spd":31,"spe":31},"item":"Life Orb","level":79,"shiny":false},{"name":"Eelektross","moves":["flamethrower","gigadrain","uturn","thunderbolt"],"ability":"Levitate","evs":{"hp":85,"atk":85,"def":85,"spa":85,"spd":85,"spe":85},"ivs":{"hp":31,"atk":31,"def":31,"spa":31,"spd":31,"spe":31},"item":"Expert Belt","level":79,"shiny":false},{"name":"Malamar","moves":["substitute","rockslide","knockoff","psychocut"],"ability":"Infiltrator","evs":{"hp":85,"atk":85,"def":85,"spa":85,"spd":85,"spe":85},"ivs":{"hp":31,"atk":31,"def":31,"spa":31,"spd":31,"spe":31},"item":"Leftovers","level":81,"shiny":false},{"name":"Kabutops","moves":["stoneedge","waterfall","swordsdance","knockoff"],"ability":"Swift Swim","evs":{"hp":85,"atk":85,"def":85,"spa":85,"spd":85,"spe":85},"ivs":{"hp":31,"atk":31,"def":31,"spa":31,"spd":31,"spe":31},"item":"Life Orb","level":81,"shiny":false}],"log":["|player|p1|Rain ☆ Aurem|rainaurem.png","|player|p2|Seven Swell|sevenswell.png","|gametype|singles","|gen|6","|tier|Random Battle","|rated","|rule|Sleep Clause Mod: Limit one foe put to sleep","|rule|HP Percentage Mod: HP is shown in percentages","|","|start","|switch|p1a: Ditto|Ditto, L83|215/215","|switch|p2a: Moltres|Moltres, L78|268/268","|-transform|p1a: Ditto|p2a: Moltres","|-ability|p1a: Ditto|Pressure","|-ability|p2a: Moltres|Pressure","|turn|1","|","|switch|p1a: Vaporeon|Vaporeon, L77, M|327/327","|move|p2a: Moltres|Fire Blast|p1a: Vaporeon|[miss]","|-miss|p2a: Moltres|p1a: Vaporeon","|","|turn|2","|","|switch|p2a: Tangrowth|Tangrowth, L79, F|288/288","|move|p1a: Vaporeon|Scald|p2a: Tangrowth","|-resisted|p2a: Tangrowth","|-damage|p2a: Tangrowth|225/288","|-status|p2a: Tangrowth|brn","|","|-damage|p2a: Tangrowth|189/288 brn|[from] brn","|turn|3","|","|switch|p1a: Volcarona|Volcarona, L76, M|253/253","|move|p2a: Tangrowth|Leech Seed|p1a: Volcarona","|-start|p1a: Volcarona|move: Leech Seed","|","|-damage|p1a: Volcarona|222/253|[from] Leech Seed|[of] p2a: Tangrowth","|-heal|p2a: Tangrowth|220/288 brn|[silent]","|-damage|p2a: Tangrowth|184/288 brn|[from] brn","|turn|4","|","|switch|p2a: Moltres|Moltres, L78|268/268","|-ability|p2a: Moltres|Pressure","|move|p1a: Volcarona|Bug Buzz|p2a: Moltres","|-resisted|p2a: Moltres","|-damage|p2a: Moltres|241/268","|","|-heal|p1a: Volcarona|237/253|[from] item: Leftovers","|-heal|p2a: Moltres|257/268|[from] item: Leftovers","|-damage|p1a: Volcarona|206/253|[from] Leech Seed|[of] p2a: Moltres","|-heal|p2a: Moltres|268/268|[silent]","|turn|5","|","|switch|p1a: Vaporeon|Vaporeon, L77, M|327/327","|move|p2a: Moltres|Substitute|p2a: Moltres","|-start|p2a: Moltres|Substitute","|-damage|p2a: Moltres|201/268","|","|-heal|p2a: Moltres|217/268|[from] item: Leftovers","|turn|6","|","|move|p2a: Moltres|Hidden Power|p1a: Vaporeon","|-supereffective|p1a: Vaporeon","|-damage|p1a: Vaporeon|227/327","|move|p1a: Vaporeon|Scald|p2a: Moltres","|-supereffective|p2a: Moltres","|-end|p2a: Moltres|Substitute","|","|-heal|p2a: Moltres|233/268|[from] item: Leftovers","|-heal|p1a: Vaporeon|247/327|[from] item: Leftovers","|turn|7","|","|switch|p2a: Tangrowth|Tangrowth, L79, F|280/288 brn","|move|p1a: Vaporeon|Ice Beam|p2a: Tangrowth","|-supereffective|p2a: Tangrowth","|-damage|p2a: Tangrowth|80/288 brn","|","|-heal|p1a: Vaporeon|267/327|[from] item: Leftovers","|-damage|p2a: Tangrowth|44/288 brn|[from] brn","|turn|8","|","|move|p1a: Vaporeon|Ice Beam|p2a: Tangrowth","|-supereffective|p2a: Tangrowth","|-damage|p2a: Tangrowth|0 fnt","|faint|p2a: Tangrowth","|","|-heal|p1a: Vaporeon|287/327|[from] item: Leftovers","|","|switch|p2a: Eelektross|Eelektross, L79, M|264/264","|turn|9","|","|switch|p1a: Sandslash|Sandslash, L81, F|254/254","|move|p2a: Eelektross|Giga Drain|p1a: Sandslash","|-supereffective|p1a: Sandslash","|-damage|p1a: Sandslash|81/254","|","|turn|10","|","|move|p1a: Sandslash|Knock Off|p2a: Eelektross","|-damage|p2a: Eelektross|163/264","|-enditem|p2a: Eelektross|Expert Belt|[from] move: Knock Off|[of] p1a: Sandslash","|-damage|p1a: Sandslash|56/254|[from] item: Life Orb","|move|p2a: Eelektross|Giga Drain|p1a: Sandslash","|-crit|p1a: Sandslash","|-supereffective|p1a: Sandslash","|-damage|p1a: Sandslash|0 fnt","|-heal|p2a: Eelektross|191/264|[from] drain|[of] p1a: Sandslash","|faint|p1a: Sandslash","|","|","|switch|p1a: Slurpuff|Slurpuff, L77, M|253/253","|turn|11","|","|move|p1a: Slurpuff|Calm Mind|p1a: Slurpuff","|-boost|p1a: Slurpuff|spa|1","|-boost|p1a: Slurpuff|spd|1","|move|p2a: Eelektross|Thunderbolt|p1a: Slurpuff","|-damage|p1a: Slurpuff|178/253","|","|turn|12","|","|move|p1a: Slurpuff|Calm Mind|p1a: Slurpuff","|-boost|p1a: Slurpuff|spa|1","|-boost|p1a: Slurpuff|spd|1","|move|p2a: Eelektross|U-turn|p1a: Slurpuff","|-resisted|p1a: Slurpuff","|-damage|p1a: Slurpuff|149/253","|","|switch|p2a: Drapion|Drapion, L79, M|240/240","|","|turn|13","|","|move|p2a: Drapion|Earthquake|p1a: Slurpuff","|-damage|p1a: Slurpuff|55/253","|-damage|p2a: Drapion|216/240|[from] item: Life Orb","|-enditem|p1a: Slurpuff|Sitrus Berry|[eat]","|-heal|p1a: Slurpuff|118/253|[from] item: Sitrus Berry","|move|p1a: Slurpuff|Flamethrower|p2a: Drapion","|-damage|p2a: Drapion|107/240","|","|turn|14","|","|move|p1a: Slurpuff|Flamethrower|p2a: Drapion","|-damage|p2a: Drapion|0 fnt","|faint|p2a: Drapion","|","|","|switch|p2a: Kabutops|Kabutops, L81, M|230/230","|turn|15","|","|move|p1a: Slurpuff|Drain Punch|p2a: Kabutops","|-supereffective|p2a: Kabutops","|-damage|p2a: Kabutops|154/230","|-heal|p1a: Slurpuff|156/253|[from] drain|[of] p2a: Kabutops","|move|p2a: Kabutops|Waterfall|p1a: Slurpuff","|-damage|p1a: Slurpuff|34/253","|-damage|p2a: Kabutops|131/230|[from] item: Life Orb","|","|turn|16","|","|move|p1a: Slurpuff|Drain Punch|p2a: Kabutops","|-supereffective|p2a: Kabutops","|-damage|p2a: Kabutops|55/230","|-heal|p1a: Slurpuff|72/253|[from] drain|[of] p2a: Kabutops","|move|p2a: Kabutops|Waterfall|p1a: Slurpuff","|-damage|p1a: Slurpuff|0 fnt","|-damage|p2a: Kabutops|32/230|[from] item: Life Orb","|faint|p1a: Slurpuff","|","|","|switch|p1a: Ditto|Ditto, L83|215/215","|-transform|p1a: Ditto|p2a: Kabutops","|turn|17","|","|move|p1a: Ditto|Waterfall|p2a: Kabutops","|-damage|p2a: Kabutops|0 fnt","|faint|p2a: Kabutops","|","|","|switch|p2a: Malamar|Malamar, L81, F|272/272","|turn|18","|","|switch|p1a: Volcarona|Volcarona, L76, M|206/253","|move|p2a: Malamar|Knock Off|p1a: Volcarona","|-damage|p1a: Volcarona|71/253","|-enditem|p1a: Volcarona|Leftovers|[from] move: Knock Off|[of] p2a: Malamar","|","|turn|19","|","|switch|p2a: Moltres|Moltres, L78|233/268","|-ability|p2a: Moltres|Pressure","|move|p1a: Volcarona|Bug Buzz|p2a: Moltres","|-resisted|p2a: Moltres","|-damage|p2a: Moltres|205/268","|","|-heal|p2a: Moltres|221/268|[from] item: Leftovers","|turn|20","|","|move|p1a: Volcarona|Roost|p1a: Volcarona","|-heal|p1a: Volcarona|198/253","|move|p2a: Moltres|Substitute|p2a: Moltres","|-start|p2a: Moltres|Substitute","|-damage|p2a: Moltres|154/268","|","|-heal|p2a: Moltres|170/268|[from] item: Leftovers","|turn|21","|","|switch|p1a: Vaporeon|Vaporeon, L77, M|287/327","|move|p2a: Moltres|Fire Blast|p1a: Vaporeon","|-resisted|p1a: Vaporeon","|-damage|p1a: Vaporeon|227/327","|","|-heal|p2a: Moltres|186/268|[from] item: Leftovers","|-heal|p1a: Vaporeon|247/327|[from] item: Leftovers","|turn|22","|","|move|p2a: Moltres|Hidden Power|p1a: Vaporeon","|-supereffective|p1a: Vaporeon","|-damage|p1a: Vaporeon|161/327","|move|p1a: Vaporeon|Scald|p2a: Moltres","|-supereffective|p2a: Moltres","|-end|p2a: Moltres|Substitute","|","|-heal|p2a: Moltres|202/268|[from] item: Leftovers","|-heal|p1a: Vaporeon|181/327|[from] item: Leftovers","|turn|23","|","|switch|p2a: Eelektross|Eelektross, L79, M|191/264","|move|p1a: Vaporeon|Wish|p1a: Vaporeon","|","|-heal|p1a: Vaporeon|201/327|[from] item: Leftovers","|turn|24","|","|switch|p1a: Zebstrika|Zebstrika, L83, M|260/260","|move|p2a: Eelektross|Thunderbolt|p1a: Zebstrika","|-resisted|p1a: Zebstrika","|-damage|p1a: Zebstrika|206/260","|","|-heal|p1a: Zebstrika|260/260|[from] move: Wish|[wisher] Vaporeon","|turn|25","|","|move|p1a: Zebstrika|Overheat|p2a: Eelektross","|-damage|p2a: Eelektross|97/264","|-unboost|p1a: Zebstrika|spa|2","|move|p2a: Eelektross|U-turn|p1a: Zebstrika","|-damage|p1a: Zebstrika|190/260","|","|switch|p2a: Malamar|Malamar, L81, F|272/272","|","|turn|26","|","|move|p1a: Zebstrika|Wild Charge|p2a: Malamar","|-damage|p2a: Malamar|179/272","|-damage|p1a: Zebstrika|167/260|[from] recoil|[of] p2a: Malamar","|move|p2a: Malamar|Psycho Cut|p1a: Zebstrika","|-damage|p1a: Zebstrika|85/260","|","|-heal|p2a: Malamar|196/272|[from] item: Leftovers","|turn|27","|","|switch|p1a: Vaporeon|Vaporeon, L77, M|201/327","|move|p2a: Malamar|Knock Off|p1a: Vaporeon","|-damage|p1a: Vaporeon|75/327","|-enditem|p1a: Vaporeon|Leftovers|[from] move: Knock Off|[of] p2a: Malamar","|","|-heal|p2a: Malamar|213/272|[from] item: Leftovers","|turn|28","|","|switch|p1a: Volcarona|Volcarona, L76, M|198/253","|move|p2a: Malamar|Psycho Cut|p1a: Volcarona","|-damage|p1a: Volcarona|111/253","|","|-heal|p2a: Malamar|230/272|[from] item: Leftovers","|turn|29","|","|switch|p1a: Zebstrika|Zebstrika, L83, M|85/260","|switch|p2a: Moltres|Moltres, L78|202/268","|-ability|p2a: Moltres|Pressure","|","|-heal|p2a: Moltres|218/268|[from] item: Leftovers","|turn|30","|","|switch|p2a: Eelektross|Eelektross, L79, M|97/264","|move|p1a: Zebstrika|Wild Charge|p2a: Eelektross","|-resisted|p2a: Eelektross","|-damage|p2a: Eelektross|43/264","|-damage|p1a: Zebstrika|71/260|[from] recoil|[of] p2a: Eelektross","|","|turn|31","|","|move|p1a: Zebstrika|Overheat|p2a: Eelektross","|-damage|p2a: Eelektross|0 fnt","|-unboost|p1a: Zebstrika|spa|2","|faint|p2a: Eelektross","|","|","|switch|p2a: Malamar|Malamar, L81, F|230/272","|turn|32","|","|switch|p1a: Vaporeon|Vaporeon, L77, M|75/327","|move|p2a: Malamar|Rock Slide|p1a: Vaporeon","|-damage|p1a: Vaporeon|13/327","|","|-heal|p2a: Malamar|247/272|[from] item: Leftovers","|turn|33","|","|move|p2a: Malamar|Knock Off|p1a: Vaporeon","|-damage|p1a: Vaporeon|0 fnt","|faint|p1a: Vaporeon","|","|-heal|p2a: Malamar|264/272|[from] item: Leftovers","|","|switch|p1a: Ditto|Ditto, L83|215/215","|-transform|p1a: Ditto|p2a: Malamar","|turn|34","|","|move|p1a: Ditto|Knock Off|p2a: Malamar","|-crit|p2a: Malamar","|-damage|p2a: Malamar|128/272","|-enditem|p2a: Malamar|Leftovers|[from] move: Knock Off|[of] p1a: Ditto","|move|p2a: Malamar|Knock Off|p1a: Ditto","|-damage|p1a: Ditto|119/215","|-enditem|p1a: Ditto|Choice Scarf|[from] move: Knock Off|[of] p2a: Malamar","|","|turn|35","|","|move|p2a: Malamar|Knock Off|p1a: Ditto","|-damage|p1a: Ditto|50/215","|move|p1a: Ditto|Knock Off|p2a: Malamar","|-damage|p2a: Malamar|56/272","|","|turn|36","|","|move|p1a: Ditto|Knock Off|p2a: Malamar","|-damage|p2a: Malamar|0 fnt","|faint|p2a: Malamar","|","|","|switch|p2a: Moltres|Moltres, L78|218/268","|-ability|p2a: Moltres|Pressure","|turn|37","|","|move|p2a: Moltres|Fire Blast|p1a: Ditto","|-damage|p1a: Ditto|0 fnt","|faint|p1a: Ditto","|","|-heal|p2a: Moltres|234/268|[from] item: Leftovers","|","|switch|p1a: Zebstrika|Zebstrika, L83, M|71/260","|turn|38","|","|move|p1a: Zebstrika|Wild Charge|p2a: Moltres","|-supereffective|p2a: Moltres","|-damage|p2a: Moltres|0 fnt","|-damage|p1a: Zebstrika|12/260|[from] recoil|[of] p2a: Moltres","|faint|p2a: Moltres","|","|win|Rain ☆ Aurem"],"p1rating":{"entryid":"6444477","serverid":"eos","formatid":"randombattle","userid":"rainaurem","username":"Rain ☆ Aurem","w":48,"l":"16","t":"0","gxe":71.8,"r":"1661.2235185695","rd":"49.24985693637","sigma":"0","rptime":"1438592400","rpr":1677.1877014396,"rprd":47.827631674327,"rpsigma":"0","acre":1243.7668882588,"lacre":1243.7668882588,"oldacre":"1227.7388546477"},"p2rating":{"entryid":"7278334","serverid":"eos","formatid":"randombattle","userid":"sevenswell","username":"Seven Swell","w":"3","l":1,"t":"0","gxe":58.5,"r":"1594.2720258531","rd":"111.79394385237","sigma":"0","rptime":"1438592400","rpr":1567.980788314,"rprd":106.71319718046,"rpsigma":"0","acre":1081.4798112217,"lacre":1081.4798112217,"oldacre":"1097.242678149"},"endType":"normal"}