{"seed":[31809,14469,28682,18828],"turns":25,"p1":"barnageddon","p2":"Cardia","p1team":[{"name":"Serperior","moves":["glare","hiddenpowerfire","leafstorm","substitute"],"ability":"Contrary","evs":{"hp":85,"atk":85,"def":85,"spa":85,"spd":85,"spe":85},"ivs":{"hp":31,"atk":30,"def":31,"spa":30,"spd":31,"spe":30},"item":"Leftovers","level":75,"shiny":false},{"name":"Terrakion","moves":["stealthrock","closecombat","stoneedge","earthquake"],"ability":"Justified","evs":{"hp":85,"atk":85,"def":85,"spa":85,"spd":85,"spe":85},"ivs":{"hp":31,"atk":31,"def":31,"spa":31,"spd":31,"spe":31},"item":"Life Orb","level":76,"shiny":false},{"name":"Rayquaza","moves":["earthquake","vcreate","dragondance","dragonascent"],"ability":"Air Lock","evs":{"hp":85,"atk":85,"def":85,"spa":85,"spd":85,"spe":85},"ivs":{"hp":31,"atk":31,"def":31,"spa":31,"spd":31,"spe":31},"item":"Leftovers","level":71,"shiny":false},{"name":"Emolga","moves":["substitute","encore","thunderbolt","roost"],"ability":"Motor Drive","evs":{"hp":85,"atk":85,"def":85,"spa":85,"spd":85,"spe":85},"ivs":{"hp":31,"atk":31,"def":31,"spa":31,"spd":31,"spe":31},"item":"Leftovers","level":83,"shiny":false},{"name":"Emboar","moves":["fireblast","grassknot","stoneedge","suckerpunch"],"ability":"Blaze","evs":{"hp":85,"atk":85,"def":85,"spa":85,"spd":85,"spe":85},"ivs":{"hp":31,"atk":31,"def":31,"spa":31,"spd":31,"spe":31},"item":"Life Orb","level":79,"shiny":false},{"name":"Registeel","moves":["ironhead","toxic","rest","seismictoss"],"ability":"Clear Body","evs":{"hp":85,"atk":85,"def":85,"spa":85,"spd":85,"spe":85},"ivs":{"hp":31,"atk":31,"def":31,"spa":31,"spd":31,"spe":31},"item":"Chesto Berry","level":79,"shiny":false}],"p2team":[{"name":"Zebstrika","moves":["hiddenpowergrass","overheat","thunderbolt","wildcharge"],"ability":"Sap Sipper","evs":{"hp":85,"atk":85,"def":85,"spa":85,"spd":85,"spe":85},"ivs":{"hp":31,"atk":30,"def":31,"spa":30,"spd":31,"spe":31},"item":"Expert Belt","level":83,"shiny":false},{"name":"Sableye","moves":["shadowball","calmmind","recover","darkpulse"],"ability":"Prankster","evs":{"hp":85,"atk":85,"def":85,"spa":85,"spd":85,"spe":85},"ivs":{"hp":31,"atk":31,"def":31,"spa":31,"spd":31,"spe":31},"item":"Sablenite","level":75,"shiny":false},{"name":"Ledian","moves":["encore","uturn","toxic","lightscreen"],"ability":"Early Bird","evs":{"hp":85,"atk":85,"def":85,"spa":85,"spd":85,"spe":85},"ivs":{"hp":31,"atk":31,"def":31,"spa":31,"spd":31,"spe":31},"item":"Light Clay","level":83,"shiny":false},{"name":"Hoopa","moves":["shadowball","nastyplot","focusblast","psyshock"],"ability":"Magician","evs":{"hp":85,"atk":85,"def":85,"spa":85,"spd":85,"spe":85},"ivs":{"hp":31,"atk":31,"def":31,"spa":31,"spd":31,"spe":31},"item":"Life Orb","level":75,"shiny":false},{"name":"Zekrom","moves":["voltswitch","dracometeor","outrage","boltstrike"],"ability":"Teravolt","evs":{"hp":85,"atk":85,"def":85,"spa":85,"spd":85,"spe":85},"ivs":{"hp":31,"atk":31,"def":31,"spa":31,"spd":31,"spe":31},"item":"Assault Vest","level":73,"shiny":false},{"name":"Palkia","moves":["fireblast","spacialrend","thunderwave","hydropump"],"ability":"Pressure","evs":{"hp":85,"atk":85,"def":85,"spa":85,"spd":85,"spe":85},"ivs":{"hp":31,"atk":31,"def":31,"spa":31,"spd":31,"spe":31},"item":"Leftovers","level":73,"shiny":false}],"log":["|player|p1|barnageddon|170","|player|p2|Cardia|32","|gametype|singles","|gen|6","|tier|Random Battle","|rated","|rule|Sleep Clause Mod: Limit one foe put to sleep","|rule|HP Percentage Mod: HP is shown in percentages","|","|start","|switch|p1a: Serperior|Serperior, L75, F|236/236","|switch|p2a: Zebstrika|Zebstrika, L83, F|260/260","|turn|1","|","|switch|p1a: Emboar|Emboar, L79, F|303/303","|move|p2a: Zebstrika|Overheat|p1a: Emboar","|-resisted|p1a: Emboar","|-damage|p1a: Emboar|249/303","|-unboost|p2a: Zebstrika|spa|2","|","|turn|2","|","|switch|p2a: Palkia|Palkia, L73|252/252","|-ability|p2a: Palkia|Pressure","|move|p1a: Emboar|Stone Edge|p2a: Palkia","|-damage|p2a: Palkia|145/252","|-damage|p1a: Emboar|219/303|[from] item: Life Orb","|","|-heal|p2a: Palkia|160/252|[from] item: Leftovers","|turn|3","|","|switch|p1a: Emolga|Emolga, L83, F|227/227","|move|p2a: Palkia|Thunder Wave|p1a: Emolga","|-boost|p1a: Emolga|spe|1|[from] ability: Motor Drive","|","|-heal|p2a: Palkia|175/252|[from] item: Leftovers","|turn|4","|","|move|p1a: Emolga|Encore|p2a: Palkia","|-start|p2a: Palkia|Encore","|move|p2a: Palkia|Thunder Wave|p1a: Emolga","|-boost|p1a: Emolga|spe|1|[from] ability: Motor Drive","|","|-heal|p2a: Palkia|190/252|[from] item: Leftovers","|turn|5","|","|switch|p2a: Zekrom|Zekrom, L73|266/266","|-ability|p2a: Zekrom|Teravolt","|move|p1a: Emolga|Substitute|p1a: Emolga","|-start|p1a: Emolga|Substitute","|-damage|p1a: Emolga|171/227","|","|-heal|p1a: Emolga|185/227|[from] item: Leftovers","|turn|6","|","|move|p1a: Emolga|Encore|p2a: Zekrom","|-fail|p2a: Zekrom","|move|p2a: Zekrom|Outrage|p1a: Emolga","|-end|p1a: Emolga|Substitute","|","|-heal|p1a: Emolga|199/227|[from] item: Leftovers","|turn|7","|","|switch|p1a: Emboar|Emboar, L79, F|219/303","|move|p2a: Zekrom|Outrage|p1a: Emboar|[from]lockedmove","|-damage|p1a: Emboar|23/303","|-start|p2a: Zekrom|confusion|[fatigue]","|","|turn|8","|","|-activate|p2a: Zekrom|confusion","|move|p2a: Zekrom|Volt Switch|p1a: Emboar","|-damage|p1a: Emboar|0 fnt","|faint|p1a: Emboar","|","|switch|p2a: Palkia|Palkia, L73|190/252","|-ability|p2a: Palkia|Pressure","|","|-heal|p2a: Palkia|205/252|[from] item: Leftovers","|","|switch|p1a: Rayquaza|Rayquaza, L71|267/267","|-ability|p1a: Rayquaza|Air Lock","|turn|9","|","|switch|p1a: Emolga|Emolga, L83, F|199/227","|move|p2a: Palkia|Spacial Rend|p1a: Emolga","|-damage|p1a: Emolga|49/227","|","|-heal|p1a: Emolga|63/227|[from] item: Leftovers","|-heal|p2a: Palkia|220/252|[from] item: Leftovers","|turn|10","|","|move|p1a: Emolga|Thunderbolt|p2a: Palkia","|-damage|p2a: Palkia|151/252","|-status|p2a: Palkia|par","|move|p2a: Palkia|Spacial Rend|p1a: Emolga","|-crit|p1a: Emolga","|-damage|p1a: Emolga|0 fnt","|faint|p1a: Emolga","|","|-heal|p2a: Palkia|166/252 par|[from] item: Leftovers","|","|switch|p1a: Serperior|Serperior, L75, F|236/236","|turn|11","|","|switch|p2a: Zebstrika|Zebstrika, L83, F|260/260","|move|p1a: Serperior|Leaf Storm|p2a: Zebstrika","|-boost|p2a: Zebstrika|atk|1|[from] ability: Sap Sipper","|","|turn|12","|","|switch|p1a: Terrakion|Terrakion, L76|263/263","|move|p2a: Zebstrika|Overheat|p1a: Terrakion","|-crit|p1a: Terrakion","|-resisted|p1a: Terrakion","|-damage|p1a: Terrakion|198/263","|-unboost|p2a: Zebstrika|spa|2","|","|turn|13","|","|move|p2a: Zebstrika|Wild Charge|p1a: Terrakion","|-damage|p1a: Terrakion|39/263","|-damage|p2a: Zebstrika|220/260|[from] recoil|[of] p1a: Terrakion","|move|p1a: Terrakion|Earthquake|p2a: Zebstrika","|-supereffective|p2a: Zebstrika","|-damage|p2a: Zebstrika|0 fnt","|-damage|p1a: Terrakion|13/263|[from] item: Life Orb","|faint|p2a: Zebstrika","|","|","|switch|p2a: Ledian|Ledian, L83, F|227/227","|turn|14","|","|move|p1a: Terrakion|Stealth Rock|p2a: Ledian","|-sidestart|p2: Cardia|move: Stealth Rock","|move|p2a: Ledian|Light Screen|p2a: Ledian","|-sidestart|p2: Cardia|move: Light Screen","|","|turn|15","|","|move|p1a: Terrakion|Close Combat|p2a: Ledian","|-resisted|p2a: Ledian","|-damage|p2a: Ledian|169/227","|-unboost|p1a: Terrakion|def|1","|-unboost|p1a: Terrakion|spd|1","|-damage|p1a: Terrakion|0 fnt|[from] item: Life Orb","|faint|p1a: Terrakion","|move|p2a: Ledian|Toxic|p1: Terrakion|[notarget]","|-notarget","|","|","|switch|p1a: Registeel|Registeel, L79|256/256","|turn|16","|","|move|p2a: Ledian|U-turn|p1a: Registeel","|-resisted|p1a: Registeel","|-damage|p1a: Registeel|242/256","|","|switch|p2a: Zekrom|Zekrom, L73|266/266","|-damage|p2a: Zekrom|233/266|[from] Stealth Rock","|-ability|p2a: Zekrom|Teravolt","|move|p1a: Registeel|Iron Head|p2a: Zekrom","|-resisted|p2a: Zekrom","|-damage|p2a: Zekrom|207/266","|","|turn|17","|","|move|p2a: Zekrom|Bolt Strike|p1a: Registeel","|-damage|p1a: Registeel|133/256","|move|p1a: Registeel|Toxic|p2a: Zekrom","|-status|p2a: Zekrom|tox","|","|-damage|p2a: Zekrom|191/266 tox|[from] psn","|turn|18","|","|move|p2a: Zekrom|Bolt Strike|p1a: Registeel","|-damage|p1a: Registeel|21/256","|-status|p1a: Registeel|par","|cant|p1a: Registeel|par","|","|-damage|p2a: Zekrom|159/266 tox|[from] psn","|turn|19","|","|move|p2a: Zekrom|Outrage|p1a: Registeel","|-crit|p1a: Registeel","|-resisted|p1a: Registeel","|-damage|p1a: Registeel|0 fnt","|faint|p1a: Registeel","|","|-damage|p2a: Zekrom|111/266 tox|[from] psn","|","|switch|p1a: Serperior|Serperior, L75, F|236/236","|turn|20","|","|move|p1a: Serperior|Leaf Storm|p2a: Zekrom","|-resisted|p2a: Zekrom","|-damage|p2a: Zekrom|94/266 tox","|-boost|p1a: Serperior|spa|2","|move|p2a: Zekrom|Outrage|p1a: Serperior|[from]lockedmove","|-damage|p1a: Serperior|88/236","|-start|p2a: Zekrom|confusion|[fatigue]","|","|-heal|p1a: Serperior|102/236|[from] item: Leftovers","|-damage|p2a: Zekrom|30/266 tox|[from] psn","|turn|21","|","|move|p1a: Serperior|Substitute|p1a: Serperior","|-start|p1a: Serperior|Substitute","|-damage|p1a: Serperior|43/236","|-activate|p2a: Zekrom|confusion","|move|p2a: Zekrom|Draco Meteor|p1a: Serperior","|-end|p1a: Serperior|Substitute","|-unboost|p2a: Zekrom|spa|2","|","|-heal|p1a: Serperior|57/236|[from] item: Leftovers","|-damage|p2a: Zekrom|0 fnt|[from] psn","|-sideend|p2: Cardia|move: Light Screen","|faint|p2a: Zekrom","|","|switch|p2a: Hoopa|Hoopa, L75|244/244","|-damage|p2a: Hoopa|214/244|[from] Stealth Rock","|turn|22","|","|move|p1a: Serperior|Leaf Storm|p2a: Hoopa","|-damage|p2a: Hoopa|51/244","|-boost|p1a: Serperior|spa|2","|move|p2a: Hoopa|Shadow Ball|p1a: Serperior","|-damage|p1a: Serperior|0 fnt","|-damage|p2a: Hoopa|27/244|[from] item: Life Orb","|faint|p1a: Serperior","|","|","|switch|p1a: Rayquaza|Rayquaza, L71|267/267","|-ability|p1a: Rayquaza|Air Lock","|turn|23","|","|detailschange|p1a: Rayquaza|Rayquaza-Mega, L71","|-mega|p1a: Rayquaza|Rayquaza|","|-weather|DeltaStream","|move|p1a: Rayquaza|Dragon Dance|p1a: Rayquaza","|-boost|p1a: Rayquaza|atk|1","|-boost|p1a: Rayquaza|spe|1","|move|p2a: Hoopa|Shadow Ball|p1a: Rayquaza","|-damage|p1a: Rayquaza|138/267","|-damage|p2a: Hoopa|3/244|[from] item: Life Orb","|","|-weather|DeltaStream|[upkeep]","|-heal|p1a: Rayquaza|154/267|[from] item: Leftovers","|turn|24","|","|move|p1a: Rayquaza|Dragon Dance|p1a: Rayquaza","|-boost|p1a: Rayquaza|atk|1","|-boost|p1a: Rayquaza|spe|1","|move|p2a: Hoopa|Psyshock|p1a: Rayquaza","|-damage|p1a: Rayquaza|16/267","|-damage|p2a: Hoopa|0 fnt|[from] item: Life Orb","|faint|p2a: Hoopa","|","|-weather|DeltaStream|[upkeep]","|-heal|p1a: Rayquaza|32/267|[from] item: Leftovers","|","|switch|p2a: Sableye|Sableye, L75, F|199/199","|-damage|p2a: Sableye|175/199|[from] Stealth Rock","|turn|25","|","|detailschange|p2a: Sableye|Sableye-Mega, L75, F","|-mega|p2a: Sableye|Sableye|Sablenite","|move|p1a: Rayquaza|Earthquake|p2a: Sableye","|-damage|p2a: Sableye|24/199","|move|p2a: Sableye|Shadow Ball|p1a: Rayquaza","|-damage|p1a: Rayquaza|0 fnt","|faint|p1a: Rayquaza","|-weather|none","|","|win|Cardia"],"p1rating":{"entryid":"7371789","serverid":"eos","formatid":"randombattle","userid":"barnageddon","username":"barnageddon","w":"1","l":1,"t":"0","gxe":50.5,"r":"1500","rd":"130","sigma":"0","rptime":"1438592400","rpr":1503.7562765297,"rprd":116.79987975578,"rpsigma":"0","acre":1025.5488879924,"lacre":1025.5488879924,"oldacre":"1040"},"p2rating":{"entryid":"6866030","serverid":"eos","formatid":"randombattle","userid":"cardia","username":"Cardia","w":3,"l":"0","t":"0","gxe":62.6,"r":"1540.1606143388","rd":"126.61174403085","sigma":"0","rptime":"1438592400","rpr":1602.4146098408,"rprd":114.42301647483,"rpsigma":"0","acre":1099.8769698352,"lacre":1099.8769698352,"oldacre":"1073.73933395"},"endType":"normal"}