{"seed":[1489,12504,27511,50869],"turns":19,"p1":"coco121","p2":"Cardia","p1team":[{"name":"Gallade","moves":["swordsdance","substitute","knockoff","drainpunch"],"ability":"Justified","evs":{"hp":85,"atk":85,"def":85,"spa":85,"spd":85,"spe":85},"ivs":{"hp":31,"atk":31,"def":31,"spa":31,"spd":31,"spe":31},"item":"Galladite","level":76,"shiny":false},{"name":"Chimecho","moves":["taunt","healbell","psychic","yawn"],"ability":"Levitate","evs":{"hp":85,"atk":85,"def":85,"spa":85,"spd":85,"spe":85},"ivs":{"hp":31,"atk":31,"def":31,"spa":31,"spd":31,"spe":31},"item":"Leftovers","level":83,"shiny":false},{"name":"Darkrai","moves":["sludgebomb","nastyplot","darkvoid","darkpulse"],"ability":"Bad Dreams","evs":{"hp":85,"atk":85,"def":85,"spa":85,"spd":85,"spe":85},"ivs":{"hp":31,"atk":31,"def":31,"spa":31,"spd":31,"spe":31},"item":"Leftovers","level":73,"shiny":false},{"name":"Raichu","moves":["voltswitch","grassknot","focusblast","hiddenpowerice"],"ability":"Lightning Rod","evs":{"hp":85,"atk":85,"def":85,"spa":85,"spd":85,"spe":85},"ivs":{"hp":31,"atk":30,"def":30,"spa":31,"spd":31,"spe":31},"item":"Choice Specs","level":83,"shiny":false},{"name":"Tangrowth","moves":["hiddenpowerfire","knockoff","sleeppowder","leafstorm"],"ability":"Regenerator","evs":{"hp":85,"atk":85,"def":85,"spa":85,"spd":85,"spe":85},"ivs":{"hp":31,"atk":30,"def":31,"spa":30,"spd":31,"spe":30},"item":"Life Orb","level":79,"shiny":false},{"name":"Scyther","moves":["aerialace","quickattack","brickbreak","uturn"],"ability":"Technician","evs":{"hp":81,"atk":89,"def":85,"spa":85,"spd":85,"spe":85},"ivs":{"hp":31,"atk":31,"def":31,"spa":31,"spd":31,"spe":31},"item":"Eviolite","level":81,"shiny":false}],"p2team":[{"name":"Sigilyph","moves":["roost","psychoshift","storedpower","cosmicpower"],"ability":"Magic Guard","evs":{"hp":85,"atk":85,"def":85,"spa":85,"spd":85,"spe":85},"ivs":{"hp":31,"atk":31,"def":31,"spa":31,"spd":31,"spe":31},"item":"Flame Orb","level":79,"shiny":false},{"name":"Qwilfish","moves":["thunderwave","spikes","destinybond","waterfall"],"ability":"Intimidate","evs":{"hp":85,"atk":85,"def":85,"spa":85,"spd":85,"spe":85},"ivs":{"hp":31,"atk":31,"def":31,"spa":31,"spd":31,"spe":31},"item":"Black Sludge","level":79,"shiny":false},{"name":"Nidoking","moves":["earthpower","icebeam","sludgewave","fireblast"],"ability":"Sheer Force","evs":{"hp":85,"atk":85,"def":85,"spa":85,"spd":85,"spe":85},"ivs":{"hp":31,"atk":31,"def":31,"spa":31,"spd":31,"spe":31},"item":"Life Orb","level":77,"shiny":false},{"name":"Ursaring","moves":["swordsdance","facade","crunch","closecombat"],"ability":"Guts","evs":{"hp":85,"atk":85,"def":85,"spa":85,"spd":85,"spe":85},"ivs":{"hp":31,"atk":31,"def":31,"spa":31,"spd":31,"spe":31},"item":"Toxic Orb","level":83,"shiny":false},{"name":"Leafeon","moves":["swordsdance","leafblade","synthesis","batonpass"],"ability":"Chlorophyll","evs":{"hp":85,"atk":85,"def":85,"spa":85,"spd":85,"spe":85},"ivs":{"hp":31,"atk":31,"def":31,"spa":31,"spd":31,"spe":31},"item":"Leftovers","level":83,"shiny":false},{"name":"Reshiram","moves":["stoneedge","blueflare","dracometeor","roost"],"ability":"Turboblaze","evs":{"hp":85,"atk":85,"def":85,"spa":85,"spd":85,"spe":85},"ivs":{"hp":31,"atk":31,"def":31,"spa":31,"spd":31,"spe":31},"item":"Leftovers","level":73,"shiny":false}],"log":["|player|p1|coco121|266","|player|p2|Cardia|32","|gametype|singles","|gen|6","|tier|Random Battle","|rated","|rule|Sleep Clause Mod: Limit one foe put to sleep","|rule|HP Percentage Mod: HP is shown in percentages","|","|start","|switch|p1a: Gallade|Gallade, L76, M|228/228","|switch|p2a: Sigilyph|Sigilyph, L79, F|243/243","|turn|1","|","|switch|p2a: Qwilfish|Qwilfish, L79, M|232/232","|-ability|p2a: Qwilfish|Intimidate","|-unboost|p1a: Gallade|atk|1","|detailschange|p1a: Gallade|Gallade-Mega, L76, M","|-mega|p1a: Gallade|Gallade|Galladite","|move|p1a: Gallade|Knock Off|p2a: Qwilfish","|-damage|p2a: Qwilfish|166/232","|-enditem|p2a: Qwilfish|Black Sludge|[from] move: Knock Off|[of] p1a: Gallade","|","|turn|2","|","|move|p1a: Gallade|Swords Dance|p1a: Gallade","|-boost|p1a: Gallade|atk|2","|move|p2a: Qwilfish|Thunder Wave|p1a: Gallade","|-status|p1a: Gallade|par","|","|turn|3","|","|move|p2a: Qwilfish|Spikes|p1a: Gallade","|-sidestart|p1: coco121|Spikes","|move|p1a: Gallade|Swords Dance|p1a: Gallade","|-boost|p1a: Gallade|atk|2","|","|turn|4","|","|move|p2a: Qwilfish|Destiny Bond|p2a: Qwilfish","|-singlemove|p2a: Qwilfish|Destiny Bond","|cant|p1a: Gallade|par","|","|turn|5","|","|move|p2a: Qwilfish|Spikes|p1a: Gallade","|-sidestart|p1: coco121|Spikes","|move|p1a: Gallade|Knock Off|p2a: Qwilfish","|-damage|p2a: Qwilfish|7/232","|","|turn|6","|","|move|p2a: Qwilfish|Destiny Bond|p2a: Qwilfish","|-singlemove|p2a: Qwilfish|Destiny Bond","|move|p1a: Gallade|Knock Off|p2a: Qwilfish","|-damage|p2a: Qwilfish|0 fnt","|faint|p2a: Qwilfish","|-activate|p2a: Qwilfish|Destiny Bond","|faint|p1a: Gallade","|","|","|switch|p1a: Raichu|Raichu, L83, F|235/235","|switch|p2a: Leafeon|Leafeon, L83, F|244/244","|-damage|p1a: Raichu|196/235|[from] Spikes","|turn|7","|","|move|p1a: Raichu|Hidden Power|p2a: Leafeon","|-crit|p2a: Leafeon","|-supereffective|p2a: Leafeon","|-damage|p2a: Leafeon|34/244","|move|p2a: Leafeon|Leaf Blade|p1a: Raichu","|-damage|p1a: Raichu|57/235","|","|-heal|p2a: Leafeon|49/244|[from] item: Leftovers","|turn|8","|","|switch|p2a: Reshiram|Reshiram, L73|266/266","|-ability|p2a: Reshiram|Turboblaze","|move|p1a: Raichu|Hidden Power|p2a: Reshiram","|-damage|p2a: Reshiram|216/266","|","|-heal|p2a: Reshiram|232/266|[from] item: Leftovers","|turn|9","|","|move|p1a: Raichu|Hidden Power|p2a: Reshiram","|-damage|p2a: Reshiram|179/266","|move|p2a: Reshiram|Blue Flare|p1a: Raichu","|-damage|p1a: Raichu|0 fnt","|faint|p1a: Raichu","|","|-heal|p2a: Reshiram|195/266|[from] item: Leftovers","|","|switch|p1a: Darkrai|Darkrai, L73|223/223","|-damage|p1a: Darkrai|186/223|[from] Spikes","|turn|10","|","|switch|p2a: Leafeon|Leafeon, L83, F|49/244","|move|p1a: Darkrai|Dark Void|p2a: Leafeon","|-status|p2a: Leafeon|slp","|","|-heal|p1a: Darkrai|199/223|[from] item: Leftovers","|-heal|p2a: Leafeon|64/244 slp|[from] item: Leftovers","|-damage|p2a: Leafeon|34/244 slp|[from] ability: Bad Dreams","|turn|11","|","|switch|p2a: Reshiram|Reshiram, L73|195/266","|-ability|p2a: Reshiram|Turboblaze","|move|p1a: Darkrai|Nasty Plot|p1a: Darkrai","|-boost|p1a: Darkrai|spa|2","|","|-heal|p1a: Darkrai|212/223|[from] item: Leftovers","|-heal|p2a: Reshiram|211/266|[from] item: Leftovers","|turn|12","|","|move|p1a: Darkrai|Dark Pulse|p2a: Reshiram","|-damage|p2a: Reshiram|52/266","|move|p2a: Reshiram|Draco Meteor|p1a: Darkrai","|-damage|p1a: Darkrai|37/223","|-unboost|p2a: Reshiram|spa|2","|","|-heal|p1a: Darkrai|50/223|[from] item: Leftovers","|-heal|p2a: Reshiram|68/266|[from] item: Leftovers","|turn|13","|","|move|p1a: Darkrai|Dark Pulse|p2a: Reshiram","|-damage|p2a: Reshiram|0 fnt","|faint|p2a: Reshiram","|","|-heal|p1a: Darkrai|63/223|[from] item: Leftovers","|","|switch|p2a: Ursaring|Ursaring, L83, F|285/285","|turn|14","|","|move|p1a: Darkrai|Dark Void|p2a: Ursaring","|-message|Sleep Clause Mod activated.","|-immune|p2a: Ursaring|[msg]","|move|p2a: Ursaring|Facade|p1a: Darkrai","|-damage|p1a: Darkrai|0 fnt","|faint|p1a: Darkrai","|","|-status|p2a: Ursaring|tox|[from] item: Toxic Orb","|","|switch|p1a: Chimecho|Chimecho, L83, F|244/244","|turn|15","|","|move|p1a: Chimecho|Yawn|p2a: Ursaring","|-fail|p2a: Ursaring","|move|p2a: Ursaring|Facade|p1a: Chimecho","|-damage|p1a: Chimecho|0 fnt","|faint|p1a: Chimecho","|","|-damage|p2a: Ursaring|268/285 tox|[from] psn","|","|switch|p1a: Scyther|Scyther, L81, M|245/245","|turn|16","|","|move|p1a: Scyther|Brick Break|p2a: Ursaring","|-supereffective|p2a: Ursaring","|-damage|p2a: Ursaring|150/285 tox","|move|p2a: Ursaring|Facade|p1a: Scyther","|-damage|p1a: Scyther|50/245","|","|-damage|p2a: Ursaring|116/285 tox|[from] psn","|turn|17","|","|switch|p2a: Leafeon|Leafeon, L83, F|34/244 slp","|move|p1a: Scyther|Brick Break|p2a: Leafeon","|-damage|p2a: Leafeon|0 fnt","|faint|p2a: Leafeon","|","|","|switch|p2a: Nidoking|Nidoking, L77, M|251/251","|turn|18","|","|move|p1a: Scyther|Aerial Ace|p2a: Nidoking","|-damage|p2a: Nidoking|139/251","|move|p2a: Nidoking|Ice Beam|p1a: Scyther","|-supereffective|p1a: Scyther","|-damage|p1a: Scyther|0 fnt","|faint|p1a: Scyther","|","|","|switch|p1a: Tangrowth|Tangrowth, L79, M|288/288","|-damage|p1a: Tangrowth|240/288|[from] Spikes","|turn|19","|","|move|p2a: Nidoking|Sludge Wave|p1a: Tangrowth","|-supereffective|p1a: Tangrowth","|-damage|p1a: Tangrowth|0 fnt","|faint|p1a: Tangrowth","|","|win|Cardia"],"p1rating":{"entryid":7371799,"formatid":"randombattle","userid":"coco121","username":"coco121","r":1500,"rd":130,"sigma":0,"rpr":1463.975523621,"rprd":122.88182248757,"rpsigma":0,"rptime":1438592400,"w":0,"l":1,"t":0,"gxe":45.5,"acre":1000,"lacre":1000,"oldacre":1000},"p2rating":{"entryid":"6866030","serverid":"eos","formatid":"randombattle","userid":"cardia","username":"Cardia","w":2,"l":"0","t":"0","gxe":59.2,"r":"1540.1606143388","rd":126.61174403085,"sigma":"0","rptime":1438592400,"rpr":1574.4276636534,"rprd":120.05579564794,"rpsigma":"0","acre":1073.73933395,"lacre":1073.73933395,"oldacre":"1044.7057904109"},"endType":"normal"}