{"seed":[55696,42510,2551,30180],"turns":29,"p1":"soulrapper","p2":"Rain ☆ Aurem","p1team":[{"name":"Mightyena","moves":["firefang","suckerpunch","irontail","playrough"],"ability":"Intimidate","evs":{"hp":85,"atk":85,"def":85,"spa":85,"spd":85,"spe":85},"ivs":{"hp":31,"atk":31,"def":31,"spa":31,"spd":31,"spe":31},"item":"Expert Belt","level":83,"shiny":false},{"name":"Quagsire","moves":["earthquake","icebeam","encore","scald"],"ability":"Water Absorb","evs":{"hp":85,"atk":85,"def":85,"spa":85,"spd":85,"spe":85},"ivs":{"hp":31,"atk":31,"def":31,"spa":31,"spd":31,"spe":31},"item":"Life Orb","level":81,"shiny":false},{"name":"Groudon","moves":["stoneedge","earthquake","lavaplume","rockpolish"],"ability":"Drought","evs":{"hp":85,"atk":85,"def":85,"spa":85,"spd":85,"spe":85},"ivs":{"hp":31,"atk":31,"def":31,"spa":31,"spd":31,"spe":31},"item":"Weakness Policy","level":73,"shiny":false},{"name":"Lanturn","moves":["healbell","hiddenpowergrass","voltswitch","hydropump"],"ability":"Water Absorb","evs":{"hp":85,"atk":85,"def":85,"spa":85,"spd":85,"spe":85},"ivs":{"hp":31,"atk":30,"def":31,"spa":30,"spd":31,"spe":31},"item":"Life Orb","level":81,"shiny":false},{"name":"Regirock","moves":["stoneedge","rest","thunderwave","drainpunch"],"ability":"Sturdy","evs":{"hp":85,"atk":85,"def":85,"spa":85,"spd":85,"spe":85},"ivs":{"hp":31,"atk":31,"def":31,"spa":31,"spd":31,"spe":31},"item":"Chesto Berry","level":81,"shiny":false},{"name":"Reuniclus","moves":["trickroom","psyshock","focusblast","recover"],"ability":"Regenerator","evs":{"hp":170,"atk":85,"def":85,"spa":85,"spd":85,"spe":0},"ivs":{"hp":31,"atk":31,"def":31,"spa":31,"spd":31,"spe":0},"item":"Leftovers","level":77,"shiny":false}],"p2team":[{"name":"Primeape","moves":["uturn","closecombat","stoneedge","gunkshot"],"ability":"Defiant","evs":{"hp":85,"atk":85,"def":85,"spa":85,"spd":85,"spe":85},"ivs":{"hp":31,"atk":31,"def":31,"spa":31,"spd":31,"spe":31},"item":"Choice Scarf","level":81,"shiny":false},{"name":"Shiftry","moves":["lowkick","knockoff","defog","suckerpunch"],"ability":"Early Bird","evs":{"hp":85,"atk":85,"def":85,"spa":85,"spd":85,"spe":85},"ivs":{"hp":31,"atk":31,"def":31,"spa":31,"spd":31,"spe":31},"item":"Life Orb","level":79,"shiny":false},{"name":"Amoonguss","moves":["sludgebomb","foulplay","spore","clearsmog"],"ability":"Regenerator","evs":{"hp":85,"atk":85,"def":85,"spa":85,"spd":85,"spe":85},"ivs":{"hp":31,"atk":31,"def":31,"spa":31,"spd":31,"spe":31},"item":"Black Sludge","level":79,"shiny":false},{"name":"Beheeyem","moves":["thunderbolt","trickroom","psyshock","signalbeam"],"ability":"Synchronize","evs":{"hp":170,"atk":85,"def":85,"spa":85,"spd":85,"spe":0},"ivs":{"hp":31,"atk":31,"def":31,"spa":31,"spd":31,"spe":0},"item":"Life Orb","level":83,"shiny":false},{"name":"Swanna","moves":["roost","scald","hurricane","defog"],"ability":"Hydration","evs":{"hp":81,"atk":85,"def":85,"spa":89,"spd":85,"spe":85},"ivs":{"hp":31,"atk":31,"def":31,"spa":31,"spd":31,"spe":31},"item":"Leftovers","level":83,"shiny":false},{"name":"Scyther","moves":["aerialace","roost","knockoff","bugbite"],"ability":"Technician","evs":{"hp":81,"atk":89,"def":85,"spa":85,"spd":85,"spe":85},"ivs":{"hp":31,"atk":31,"def":31,"spa":31,"spd":31,"spe":31},"item":"Eviolite","level":81,"shiny":false}],"log":["|player|p1|soulrapper|170","|player|p2|Rain ☆ Aurem|rainaurem.png","|gametype|singles","|gen|6","|tier|Random Battle","|rated","|rule|Sleep Clause Mod: Limit one foe put to sleep","|rule|HP Percentage Mod: HP is shown in percentages","|","|start","|switch|p1a: Mightyena|Mightyena, L83, F|252/252","|switch|p2a: Primeape|Primeape, L81, M|238/238","|-ability|p1a: Mightyena|Intimidate","|-unboost|p2a: Primeape|atk|1","|-boost|p2a: Primeape|atk|2|[from] ability: Defiant","|turn|1","|","|move|p2a: Primeape|Close Combat|p1a: Mightyena","|-supereffective|p1a: Mightyena","|-damage|p1a: Mightyena|0 fnt","|-unboost|p2a: Primeape|def|1","|-unboost|p2a: Primeape|spd|1","|faint|p1a: Mightyena","|","|","|switch|p1a: Quagsire|Quagsire, L81, F|287/287","|turn|2","|","|switch|p2a: Amoonguss|Amoonguss, L79, M|310/310","|move|p1a: Quagsire|Encore|p2a: Amoonguss","|-fail|p2a: Amoonguss","|","|turn|3","|","|move|p1a: Quagsire|Ice Beam|p2a: Amoonguss","|-supereffective|p2a: Amoonguss","|-damage|p2a: Amoonguss|170/310","|-damage|p1a: Quagsire|259/287|[from] item: Life Orb","|move|p2a: Amoonguss|Spore|p1a: Quagsire","|-status|p1a: Quagsire|slp","|","|-heal|p2a: Amoonguss|189/310|[from] item: Black Sludge","|turn|4","|","|switch|p2a: Beheeyem|Beheeyem, L83, F|278/278","|cant|p1a: Quagsire|slp","|","|turn|5","|","|cant|p1a: Quagsire|slp","|move|p2a: Beheeyem|Psyshock|p1a: Quagsire","|-damage|p1a: Quagsire|107/287 slp","|-damage|p2a: Beheeyem|251/278|[from] item: Life Orb","|","|turn|6","|","|cant|p1a: Quagsire|slp","|move|p2a: Beheeyem|Psyshock|p1a: Quagsire","|-damage|p1a: Quagsire|0 fnt","|-damage|p2a: Beheeyem|224/278|[from] item: Life Orb","|faint|p1a: Quagsire","|","|","|switch|p1a: Groudon|Groudon, L73|266/266","|-weather|SunnyDay","|turn|7","|","|move|p1a: Groudon|Earthquake|p2a: Beheeyem","|-damage|p2a: Beheeyem|80/278","|move|p2a: Beheeyem|Psyshock|p1a: Groudon","|-damage|p1a: Groudon|157/266","|-damage|p2a: Beheeyem|53/278|[from] item: Life Orb","|","|-weather|SunnyDay|[upkeep]","|turn|8","|","|switch|p2a: Swanna|Swanna, L83, M|259/259","|move|p1a: Groudon|Stone Edge|p2a: Swanna","|-supereffective|p2a: Swanna","|-damage|p2a: Swanna|65/259","|","|-weather|SunnyDay|[upkeep]","|-heal|p2a: Swanna|81/259|[from] item: Leftovers","|turn|9","|","|move|p2a: Swanna|Scald|p1a: Groudon","|-supereffective|p1a: Groudon","|-damage|p1a: Groudon|71/266","|-enditem|p1a: Groudon|Weakness Policy","|-boost|p1a: Groudon|atk|2|[from] item: Weakness Policy","|-boost|p1a: Groudon|spa|2|[from] item: Weakness Policy","|move|p1a: Groudon|Lava Plume|p2a: Swanna","|-resisted|p2a: Swanna","|-damage|p2a: Swanna|0 fnt","|faint|p2a: Swanna","|","|-weather|SunnyDay|[upkeep]","|","|switch|p2a: Primeape|Primeape, L81, M|238/238","|turn|10","|","|move|p2a: Primeape|Close Combat|p1a: Groudon","|-damage|p1a: Groudon|0 fnt","|-unboost|p2a: Primeape|def|1","|-unboost|p2a: Primeape|spd|1","|faint|p1a: Groudon","|","|-weather|SunnyDay|[upkeep]","|","|switch|p1a: Lanturn|Lanturn, L81, M|335/335","|turn|11","|","|switch|p2a: Beheeyem|Beheeyem, L83, F|53/278","|move|p1a: Lanturn|Hidden Power|p2a: Beheeyem","|-damage|p2a: Beheeyem|9/278","|-damage|p1a: Lanturn|302/335|[from] item: Life Orb","|","|-weather|none","|turn|12","|","|move|p1a: Lanturn|Volt Switch|p2a: Beheeyem","|-damage|p2a: Beheeyem|0 fnt","|-damage|p1a: Lanturn|269/335|[from] item: Life Orb","|faint|p2a: Beheeyem","|","|switch|p1a: Regirock|Regirock, L81|262/262","|","|","|switch|p2a: Amoonguss|Amoonguss, L79, M|292/310","|turn|13","|","|move|p1a: Regirock|Thunder Wave|p2a: Amoonguss","|-status|p2a: Amoonguss|par","|cant|p2a: Amoonguss|par","|","|-heal|p2a: Amoonguss|310/310 par|[from] item: Black Sludge","|turn|14","|","|move|p1a: Regirock|Rest|p1a: Regirock","|-fail|p1a: Regirock","|move|p2a: Amoonguss|Spore|p1a: Regirock","|-status|p1a: Regirock|slp","|-enditem|p1a: Regirock|Chesto Berry|[eat]","|-curestatus|p1a: Regirock|slp","|","|turn|15","|","|move|p1a: Regirock|Stone Edge|p2a: Amoonguss","|-crit|p2a: Amoonguss","|-damage|p2a: Amoonguss|126/310 par","|cant|p2a: Amoonguss|par","|","|-heal|p2a: Amoonguss|145/310 par|[from] item: Black Sludge","|turn|16","|","|switch|p2a: Primeape|Primeape, L81, M|238/238","|move|p1a: Regirock|Stone Edge|p2a: Primeape","|-resisted|p2a: Primeape","|-damage|p2a: Primeape|172/238","|","|turn|17","|","|move|p2a: Primeape|U-turn|p1a: Regirock","|-damage|p1a: Regirock|233/262","|","|switch|p2a: Amoonguss|Amoonguss, L79, M|248/310 par","|move|p1a: Regirock|Rest|p1a: Regirock","|-status|p1a: Regirock|slp","|-heal|p1a: Regirock|262/262 slp|[silent]","|-status|p1a: Regirock|slp|[from] move: Rest","|","|-heal|p2a: Amoonguss|267/310 par|[from] item: Black Sludge","|turn|18","|","|switch|p2a: Shiftry|Shiftry, L79, M|272/272","|cant|p1a: Regirock|slp","|","|turn|19","|","|move|p2a: Shiftry|Low Kick|p1a: Regirock","|-supereffective|p1a: Regirock","|-damage|p1a: Regirock|155/262 slp","|-damage|p2a: Shiftry|245/272|[from] item: Life Orb","|cant|p1a: Regirock|slp","|","|turn|20","|","|move|p2a: Shiftry|Low Kick|p1a: Regirock","|-supereffective|p1a: Regirock","|-damage|p1a: Regirock|41/262 slp","|-damage|p2a: Shiftry|218/272|[from] item: Life Orb","|-curestatus|p1a: Regirock|slp","|move|p1a: Regirock|Stone Edge|p2a: Shiftry","|-damage|p2a: Shiftry|83/272","|","|turn|21","|","|switch|p1a: Lanturn|Lanturn, L81, M|269/335","|move|p2a: Shiftry|Low Kick|p1a: Lanturn","|-damage|p1a: Lanturn|222/335","|-damage|p2a: Shiftry|56/272|[from] item: Life Orb","|","|turn|22","|","|move|p2a: Shiftry|Knock Off|p1a: Lanturn","|-damage|p1a: Lanturn|62/335","|-enditem|p1a: Lanturn|Life Orb|[from] move: Knock Off|[of] p2a: Shiftry","|-damage|p2a: Shiftry|29/272|[from] item: Life Orb","|move|p1a: Lanturn|Volt Switch|p2a: Shiftry","|-resisted|p2a: Shiftry","|-damage|p2a: Shiftry|0 fnt","|faint|p2a: Shiftry","|","|switch|p1a: Regirock|Regirock, L81|41/262","|","|","|switch|p2a: Primeape|Primeape, L81, M|172/238","|turn|23","|","|move|p2a: Primeape|Close Combat|p1a: Regirock","|-supereffective|p1a: Regirock","|-damage|p1a: Regirock|0 fnt","|-unboost|p2a: Primeape|def|1","|-unboost|p2a: Primeape|spd|1","|faint|p1a: Regirock","|","|","|switch|p1a: Lanturn|Lanturn, L81, M|62/335","|turn|24","|","|move|p2a: Primeape|Close Combat|p1a: Lanturn","|-damage|p1a: Lanturn|0 fnt","|-unboost|p2a: Primeape|def|1","|-unboost|p2a: Primeape|spd|1","|faint|p1a: Lanturn","|","|","|switch|p1a: Reuniclus|Reuniclus, L77, M|312/312","|turn|25","|","|switch|p2a: Amoonguss|Amoonguss, L79, M|310/310 par","|move|p1a: Reuniclus|Recover|p1a: Reuniclus","|-fail|p1a: Reuniclus","|","|turn|26","|","|move|p2a: Amoonguss|Spore|p1a: Reuniclus","|-status|p1a: Reuniclus|slp","|cant|p1a: Reuniclus|slp","|","|turn|27","|","|switch|p2a: Scyther|Scyther, L81, M|245/245","|cant|p1a: Reuniclus|slp","|","|turn|28","|","|move|p2a: Scyther|Bug Bite|p1a: Reuniclus","|-supereffective|p1a: Reuniclus","|-damage|p1a: Reuniclus|88/312 slp","|cant|p1a: Reuniclus|slp","|","|-heal|p1a: Reuniclus|107/312 slp|[from] item: Leftovers","|turn|29","|","|move|p2a: Scyther|Bug Bite|p1a: Reuniclus","|-supereffective|p1a: Reuniclus","|-damage|p1a: Reuniclus|0 fnt","|faint|p1a: Reuniclus","|","|win|Rain ☆ Aurem"],"p1rating":{"entryid":7377961,"formatid":"randombattle","userid":"soulrapper","username":"soulrapper","r":1500,"rd":130,"sigma":0,"rpr":1475.3050252038,"rprd":123.30550271046,"rpsigma":0,"rptime":1438592400,"w":0,"l":1,"t":0,"gxe":46.9,"acre":1000,"lacre":1000,"oldacre":1000},"p2rating":{"entryid":"6444477","serverid":"eos","formatid":"randombattle","userid":"rainaurem","username":"Rain ☆ Aurem","w":46,"l":"16","t":"0","gxe":70.9,"r":"1661.2235185695","rd":"49.24985693637","sigma":"0","rptime":"1438592400","rpr":1668.6957020224,"rprd":48.557412064837,"rpsigma":"0","acre":1216.5753268991,"lacre":1216.5753268991,"oldacre":"1204.8137489763"},"endType":"normal"}