{"seed":[61134,43158,48491,41356],"turns":31,"p1":"Daniowo","p2":"InfernalxCrown","p1team":[{"name":"Purugly","moves":["return","knockoff","quickattack","fakeout"],"ability":"Thick Fat","evs":{"hp":85,"atk":85,"def":85,"spa":85,"spd":85,"spe":85},"ivs":{"hp":31,"atk":31,"def":31,"spa":31,"spd":31,"spe":31},"item":"Life Orb","level":83,"shiny":false},{"name":"Venomoth","moves":["batonpass","bugbuzz","sleeppowder","substitute"],"ability":"Tinted Lens","evs":{"hp":85,"atk":85,"def":85,"spa":85,"spd":85,"spe":85},"ivs":{"hp":31,"atk":31,"def":31,"spa":31,"spd":31,"spe":31},"item":"Black Sludge","level":76,"shiny":false},{"name":"Uxie","moves":["uturn","stealthrock","yawn","psychic"],"ability":"Levitate","evs":{"hp":85,"atk":85,"def":85,"spa":85,"spd":85,"spe":85},"ivs":{"hp":31,"atk":31,"def":31,"spa":31,"spd":31,"spe":31},"item":"Leftovers","level":81,"shiny":false},{"name":"Tornadus","moves":["knockoff","taunt","acrobatics","superpower"],"ability":"Prankster","evs":{"hp":85,"atk":85,"def":85,"spa":85,"spd":85,"spe":85},"ivs":{"hp":31,"atk":31,"def":31,"spa":31,"spd":31,"spe":31},"item":"Flying Gem","level":78,"shiny":false},{"name":"Druddigon","moves":["firepunch","stealthrock","glare","outrage"],"ability":"Sheer Force","evs":{"hp":85,"atk":85,"def":85,"spa":85,"spd":85,"spe":85},"ivs":{"hp":31,"atk":31,"def":31,"spa":31,"spd":31,"spe":31},"item":"Life Orb","level":79,"shiny":false},{"name":"Feraligatr","moves":["icepunch","dragondance","aquajet","earthquake"],"ability":"Sheer Force","evs":{"hp":85,"atk":85,"def":85,"spa":85,"spd":85,"spe":85},"ivs":{"hp":31,"atk":31,"def":31,"spa":31,"spd":31,"spe":31},"item":"Life Orb","level":77,"shiny":false}],"p2team":[{"name":"Rotom-Wash","moves":["hydropump","trick","hiddenpowerice","painsplit"],"ability":"Levitate","evs":{"hp":85,"atk":85,"def":85,"spa":85,"spd":85,"spe":85},"ivs":{"hp":31,"atk":30,"def":30,"spa":31,"spd":31,"spe":31},"item":"Choice Scarf","level":75,"shiny":false},{"name":"Hariyama","moves":["closecombat","knockoff","bulkup","stoneedge"],"ability":"Thick Fat","evs":{"hp":85,"atk":85,"def":85,"spa":85,"spd":85,"spe":85},"ivs":{"hp":31,"atk":31,"def":31,"spa":31,"spd":31,"spe":31},"item":"Life Orb","level":81,"shiny":false},{"name":"Darkrai","moves":["darkvoid","sludgebomb","substitute","darkpulse"],"ability":"Bad Dreams","evs":{"hp":85,"atk":85,"def":85,"spa":85,"spd":85,"spe":85},"ivs":{"hp":31,"atk":31,"def":31,"spa":31,"spd":31,"spe":31},"item":"Leftovers","level":73,"shiny":false},{"name":"Camerupt","moves":["stealthrock","ancientpower","fireblast","earthpower"],"ability":"Solid Rock","evs":{"hp":85,"atk":85,"def":85,"spa":85,"spd":85,"spe":85},"ivs":{"hp":31,"atk":31,"def":31,"spa":31,"spd":31,"spe":31},"item":"Cameruptite","level":79,"shiny":false},{"name":"Beartic","moves":["superpower","aquajet","nightslash","iciclecrash"],"ability":"Snow Cloak","evs":{"hp":85,"atk":85,"def":85,"spa":85,"spd":85,"spe":85},"ivs":{"hp":31,"atk":31,"def":31,"spa":31,"spd":31,"spe":31},"item":"Choice Band","level":83,"shiny":false},{"name":"Blissey","moves":["stealthrock","wish","toxic","seismictoss"],"ability":"Natural Cure","evs":{"hp":85,"atk":85,"def":85,"spa":85,"spd":85,"spe":85},"ivs":{"hp":31,"atk":31,"def":31,"spa":31,"spd":31,"spe":31},"item":"Leftovers","level":77,"shiny":false}],"log":["|player|p1|Daniowo|266","|player|p2|InfernalxCrown|infernalxcrown.png","|gametype|singles","|gen|6","|tier|Random Battle","|rated","|rule|Sleep Clause Mod: Limit one foe put to sleep","|rule|HP Percentage Mod: HP is shown in percentages","|","|start","|switch|p1a: Purugly|Purugly, L83, M|254/254","|switch|p2a: Rotom-Wash|Rotom-Wash, L75|199/199","|turn|1","|","|move|p2a: Rotom-Wash|Trick|p1a: Purugly","|-activate|p2a: Rotom-Wash|move: Trick|[of] p1a: Purugly","|-item|p1a: Purugly|Choice Scarf|[from] move: Trick","|-item|p2a: Rotom-Wash|Life Orb|[from] move: Trick","|move|p1a: Purugly|Knock Off|p2a: Rotom-Wash","|-damage|p2a: Rotom-Wash|143/199","|-enditem|p2a: Rotom-Wash|Life Orb|[from] move: Knock Off|[of] p1a: Purugly","|","|turn|2","|","|move|p1a: Purugly|Knock Off|p2a: Rotom-Wash","|-damage|p2a: Rotom-Wash|106/199","|move|p2a: Rotom-Wash|Hydro Pump|p1a: Purugly","|-damage|p1a: Purugly|115/254","|","|turn|3","|","|move|p1a: Purugly|Knock Off|p2a: Rotom-Wash","|-crit|p2a: Rotom-Wash","|-damage|p2a: Rotom-Wash|45/199","|move|p2a: Rotom-Wash|Hydro Pump|p1a: Purugly|[miss]","|-miss|p2a: Rotom-Wash|p1a: Purugly","|","|turn|4","|","|move|p1a: Purugly|Knock Off|p2a: Rotom-Wash","|-damage|p2a: Rotom-Wash|6/199","|move|p2a: Rotom-Wash|Pain Split|p1a: Purugly","|-sethp|p1a: Purugly|60/254|p2a: Rotom-Wash|60/199|[from] move: Pain Split","|","|turn|5","|","|move|p1a: Purugly|Knock Off|p2a: Rotom-Wash","|-damage|p2a: Rotom-Wash|24/199","|move|p2a: Rotom-Wash|Hydro Pump|p1a: Purugly","|-damage|p1a: Purugly|0 fnt","|faint|p1a: Purugly","|","|","|switch|p1a: Feraligatr|Feraligatr, L77, M|257/257","|turn|6","|","|switch|p2a: Hariyama|Hariyama, L81, M|366/366","|move|p1a: Feraligatr|Ice Punch|p2a: Hariyama","|-damage|p2a: Hariyama|313/366","|","|turn|7","|","|move|p1a: Feraligatr|Earthquake|p2a: Hariyama","|-crit|p2a: Hariyama","|-damage|p2a: Hariyama|139/366","|-damage|p1a: Feraligatr|232/257|[from] item: Life Orb","|move|p2a: Hariyama|Bulk Up|p2a: Hariyama","|-boost|p2a: Hariyama|atk|1","|-boost|p2a: Hariyama|def|1","|","|turn|8","|","|move|p1a: Feraligatr|Earthquake|p2a: Hariyama","|-damage|p2a: Hariyama|60/366","|-damage|p1a: Feraligatr|207/257|[from] item: Life Orb","|move|p2a: Hariyama|Knock Off|p1a: Feraligatr","|-damage|p1a: Feraligatr|50/257","|-enditem|p1a: Feraligatr|Life Orb|[from] move: Knock Off|[of] p2a: Hariyama","|-damage|p2a: Hariyama|24/366|[from] item: Life Orb","|","|turn|9","|","|move|p1a: Feraligatr|Earthquake|p2a: Hariyama","|-damage|p2a: Hariyama|0 fnt","|faint|p2a: Hariyama","|","|","|switch|p2a: Beartic|Beartic, L83, F|293/293","|turn|10","|","|switch|p1a: Tornadus|Tornadus, L78, M|251/251","|move|p2a: Beartic|Night Slash|p1a: Tornadus","|-damage|p1a: Tornadus|150/251","|","|turn|11","|","|move|p1a: Tornadus|Superpower|p2a: Beartic","|-crit|p2a: Beartic","|-supereffective|p2a: Beartic","|-damage|p2a: Beartic|9/293","|-unboost|p1a: Tornadus|atk|1","|-unboost|p1a: Tornadus|def|1","|move|p2a: Beartic|Night Slash|p1a: Tornadus","|-damage|p1a: Tornadus|0 fnt","|faint|p1a: Tornadus","|","|","|switch|p1a: Druddigon|Druddigon, L79, F|251/251","|turn|12","|","|move|p2a: Beartic|Night Slash|p1a: Druddigon","|-crit|p1a: Druddigon","|-damage|p1a: Druddigon|135/251","|move|p1a: Druddigon|Fire Punch|p2a: Beartic","|-supereffective|p2a: Beartic","|-damage|p2a: Beartic|0 fnt","|faint|p2a: Beartic","|","|","|switch|p2a: Camerupt|Camerupt, L79, F|240/240","|turn|13","|","|switch|p1a: Feraligatr|Feraligatr, L77, M|50/257","|detailschange|p2a: Camerupt|Camerupt-Mega, L79, F","|-mega|p2a: Camerupt|Camerupt|Cameruptite","|move|p2a: Camerupt|Fire Blast|p1a: Feraligatr|[miss]","|-miss|p2a: Camerupt|p1a: Feraligatr","|","|turn|14","|","|switch|p2a: Blissey|Blissey, L77, F|519/519","|move|p1a: Feraligatr|Aqua Jet|p2a: Blissey","|-damage|p2a: Blissey|407/519","|","|-heal|p2a: Blissey|439/519|[from] item: Leftovers","|turn|15","|","|move|p1a: Feraligatr|Earthquake|p2a: Blissey","|-damage|p2a: Blissey|223/519","|move|p2a: Blissey|Seismic Toss|p1a: Feraligatr","|-damage|p1a: Feraligatr|0 fnt","|faint|p1a: Feraligatr","|","|-heal|p2a: Blissey|255/519|[from] item: Leftovers","|","|switch|p1a: Uxie|Uxie, L81|254/254","|turn|16","|","|move|p1a: Uxie|Psychic|p2a: Blissey","|-damage|p2a: Blissey|198/519","|move|p2a: Blissey|Toxic|p1a: Uxie","|-status|p1a: Uxie|tox","|","|-heal|p2a: Blissey|230/519|[from] item: Leftovers","|-damage|p1a: Uxie|239/254 tox|[from] psn","|turn|17","|","|move|p1a: Uxie|Psychic|p2a: Blissey","|-damage|p2a: Blissey|176/519","|move|p2a: Blissey|Wish|p2a: Blissey","|","|-heal|p1a: Uxie|254/254 tox|[from] item: Leftovers","|-heal|p2a: Blissey|208/519|[from] item: Leftovers","|-damage|p1a: Uxie|224/254 tox|[from] psn","|turn|18","|","|move|p1a: Uxie|Psychic|p2a: Blissey","|-damage|p2a: Blissey|147/519","|move|p2a: Blissey|Stealth Rock|p1a: Uxie","|-sidestart|p1: Daniowo|move: Stealth Rock","|","|-heal|p2a: Blissey|406/519|[from] move: Wish|[wisher] Blissey","|-heal|p1a: Uxie|239/254 tox|[from] item: Leftovers","|-heal|p2a: Blissey|438/519|[from] item: Leftovers","|-damage|p1a: Uxie|194/254 tox|[from] psn","|turn|19","|","|move|p1a: Uxie|Yawn|p2a: Blissey","|-start|p2a: Blissey|move: Yawn|[of] p1a: Uxie","|move|p2a: Blissey|Seismic Toss|p1a: Uxie","|-damage|p1a: Uxie|117/254 tox","|","|-heal|p1a: Uxie|132/254 tox|[from] item: Leftovers","|-heal|p2a: Blissey|470/519|[from] item: Leftovers","|-damage|p1a: Uxie|72/254 tox|[from] psn","|turn|20","|","|move|p1a: Uxie|Stealth Rock|p2a: Blissey","|-sidestart|p2: InfernalxCrown|move: Stealth Rock","|move|p2a: Blissey|Wish|p2a: Blissey","|","|-end|p2a: Blissey|move: Yawn|[silent]","|-status|p2a: Blissey|slp","|-heal|p1a: Uxie|87/254 tox|[from] item: Leftovers","|-heal|p2a: Blissey|502/519 slp|[from] item: Leftovers","|-damage|p1a: Uxie|12/254 tox|[from] psn","|turn|21","|","|move|p1a: Uxie|U-turn|p2a: Blissey","|-damage|p2a: Blissey|381/519 slp","|","|switch|p1a: Druddigon|Druddigon, L79, F|135/251","|-damage|p1a: Druddigon|104/251|[from] Stealth Rock","|cant|p2a: Blissey|slp","|","|-heal|p2a: Blissey|519/519 slp|[from] move: Wish|[wisher] Blissey","|turn|22","|","|cant|p2a: Blissey|slp","|move|p1a: Druddigon|Fire Punch|p2a: Blissey","|-damage|p2a: Blissey|191/519 slp","|","|-heal|p2a: Blissey|223/519 slp|[from] item: Leftovers","|turn|23","|","|switch|p2a: Camerupt|Camerupt-Mega, L79, F|240/240","|-damage|p2a: Camerupt|210/240|[from] Stealth Rock","|move|p1a: Druddigon|Fire Punch|p2a: Camerupt","|-resisted|p2a: Camerupt","|-damage|p2a: Camerupt|165/240","|","|turn|24","|","|move|p1a: Druddigon|Outrage|p2a: Camerupt","|-damage|p2a: Camerupt|0 fnt","|-damage|p1a: Druddigon|79/251|[from] item: Life Orb","|faint|p2a: Camerupt","|","|","|switch|p2a: Darkrai|Darkrai, L73|223/223","|-damage|p2a: Darkrai|196/223|[from] Stealth Rock","|turn|25","|","|move|p2a: Darkrai|Dark Void|p1a: Druddigon","|-status|p1a: Druddigon|slp","|cant|p1a: Druddigon|slp","|","|-start|p1a: Druddigon|confusion|[fatigue]","|-heal|p2a: Darkrai|209/223|[from] item: Leftovers","|-damage|p1a: Druddigon|48/251 slp|[from] ability: Bad Dreams","|turn|26","|","|switch|p1a: Venomoth|Venomoth, L76, M|231/231","|-damage|p1a: Venomoth|174/231|[from] Stealth Rock","|move|p2a: Darkrai|Substitute|p2a: Darkrai","|-start|p2a: Darkrai|Substitute","|-damage|p2a: Darkrai|154/223","|","|-heal|p2a: Darkrai|167/223|[from] item: Leftovers","|-heal|p1a: Venomoth|188/231|[from] item: Black Sludge","|turn|27","|","|move|p2a: Darkrai|Sludge Bomb|p1a: Venomoth","|-resisted|p1a: Venomoth","|-damage|p1a: Venomoth|149/231","|move|p1a: Venomoth|Substitute|p1a: Venomoth","|-start|p1a: Venomoth|Substitute","|-damage|p1a: Venomoth|92/231","|","|-heal|p2a: Darkrai|180/223|[from] item: Leftovers","|-heal|p1a: Venomoth|106/231|[from] item: Black Sludge","|turn|28","|","|move|p2a: Darkrai|Dark Pulse|p1a: Venomoth","|-end|p1a: Venomoth|Substitute","|move|p1a: Venomoth|Sleep Powder|p2a: Darkrai","|-fail|p2a: Darkrai","|","|-heal|p2a: Darkrai|193/223|[from] item: Leftovers","|-heal|p1a: Venomoth|120/231|[from] item: Black Sludge","|turn|29","|","|move|p2a: Darkrai|Dark Pulse|p1a: Venomoth","|-damage|p1a: Venomoth|21/231","|cant|p1a: Venomoth|flinch","|","|-heal|p2a: Darkrai|206/223|[from] item: Leftovers","|-heal|p1a: Venomoth|35/231|[from] item: Black Sludge","|turn|30","|","|move|p2a: Darkrai|Dark Pulse|p1a: Venomoth","|-damage|p1a: Venomoth|0 fnt","|faint|p1a: Venomoth","|","|-heal|p2a: Darkrai|219/223|[from] item: Leftovers","|","|switch|p1a: Druddigon|Druddigon, L79, F|48/251 slp","|-damage|p1a: Druddigon|17/251 slp|[from] Stealth Rock","|turn|31","|","|move|p2a: Darkrai|Dark Pulse|p1a: Druddigon","|-damage|p1a: Druddigon|0 fnt","|faint|p1a: Druddigon","|","|-heal|p2a: Darkrai|223/223|[from] item: Leftovers","|","|switch|p1a: Uxie|Uxie, L81|12/254 tox","|-damage|p1a: Uxie|0 fnt|[from] Stealth Rock","|faint|p1a: Uxie","|","|win|InfernalxCrown"],"p1rating":{"entryid":"7270041","serverid":"eos","formatid":"randombattle","userid":"daniowo","username":"Daniowo","w":"0","l":2,"t":"0","gxe":39.7,"r":1448.586831608,"rd":123.45293802719,"sigma":"0","rptime":1438592400,"rpr":1416.9042910641,"rprd":117.39350706679,"rpsigma":"0","acre":1000,"lacre":1000,"oldacre":"1000"},"p2rating":{"entryid":7377395,"formatid":"randombattle","userid":"infernalxcrown","username":"InfernalxCrown","r":1500,"rd":130,"sigma":0,"rpr":1540.1606143388,"rprd":122.8583080769,"rpsigma":0,"rptime":1438592400,"w":1,"l":0,"t":0,"gxe":55,"acre":1040,"lacre":1040,"oldacre":1000},"endType":"normal"}