{"seed":[35246,29557,22712,50665],"turns":20,"p1":"Metalyte","p2":"E4 IceHawk†","p1team":[{"name":"Altaria","species":"Altaria","item":"altarianite","ability":"Natural Cure","moves":["roost","dragondance","return","earthquake"],"nature":"","evs":{"hp":0,"atk":0,"def":0,"spa":0,"spd":0,"spe":0},"ivs":{"hp":31,"atk":31,"def":31,"spa":31,"spd":31,"spe":31}},{"name":"Goodra","species":"Goodra","item":"assaultvest","ability":"Gooey","moves":["dragonpulse","thunderbolt","icebeam","flamethrower"],"nature":"Modest","evs":{"hp":248,"atk":0,"def":0,"spa":252,"spd":8,"spe":0},"ivs":{"hp":31,"atk":31,"def":31,"spa":31,"spd":31,"spe":31}},{"name":"Latias","species":"Latias","item":"flameorb","ability":"Levitate","moves":["recover","psychoshift","dracometeor","healingwish"],"nature":"Timid","evs":{"hp":248,"atk":0,"def":0,"spa":8,"spd":0,"spe":252},"ivs":{"hp":31,"atk":31,"def":31,"spa":31,"spd":31,"spe":31}},{"name":"Dragalge","species":"Dragalge","item":"choicespecs","ability":"Adaptability","moves":["dracometeor","sludgewave","focusblast","hydropump"],"nature":"Modest","evs":{"hp":248,"atk":0,"def":0,"spa":252,"spd":8,"spe":0},"ivs":{"hp":31,"atk":31,"def":31,"spa":31,"spd":31,"spe":31}},{"name":"Druddigon","species":"Druddigon","item":"rockyhelmet","ability":"Rough Skin","moves":["stealthrock","glare","dragontail","suckerpunch"],"nature":"Impish","evs":{"hp":252,"atk":0,"def":252,"spa":0,"spd":4,"spe":0},"ivs":{"hp":31,"atk":31,"def":31,"spa":31,"spd":31,"spe":31}},{"name":"Dragonite","species":"Dragonite","item":"weaknesspolicy","ability":"Multiscale","moves":["dragondance","dragonclaw","extremespeed","earthquake"],"nature":"Adamant","evs":{"hp":0,"atk":252,"def":0,"spa":0,"spd":4,"spe":252},"ivs":{"hp":31,"atk":31,"def":31,"spa":31,"spd":31,"spe":31}}],"p2team":[{"name":"^_^","species":"froslass","item":"focussash","ability":"Cursed Body","moves":["thunderwave","hiddenpowerfire","confuseray","hex"],"nature":"Timid","evs":{"hp":252,"atk":0,"def":0,"spa":4,"spd":0,"spe":252},"ivs":{"hp":31,"atk":30,"def":31,"spa":30,"spd":31,"spe":30}},{"name":"Weavile","species":"Weavile","item":"lifeorb","ability":"Pressure","moves":["knockoff","iciclecrash","iceshard","lowkick"],"nature":"Adamant","evs":{"hp":0,"atk":252,"def":0,"spa":0,"spd":4,"spe":252},"ivs":{"hp":31,"atk":31,"def":31,"spa":31,"spd":31,"spe":31}},{"name":"Kyurem-Black","species":"Kyurem-Black","item":"choicescarf","ability":"Teravolt","moves":["outrage","fusionbolt","icebeam","ironhead"],"nature":"Naive","evs":{"hp":0,"atk":252,"def":0,"spa":4,"spd":0,"spe":252},"ivs":{"hp":31,"atk":31,"def":31,"spa":31,"spd":31,"spe":31}},{"name":"Abomasnow","species":"Abomasnow","item":"abomasite","ability":"Soundproof","moves":["blizzard","gigadrain","earthquake","iceshard"],"nature":"Mild","evs":{"hp":248,"atk":8,"def":0,"spa":252,"spd":0,"spe":0},"ivs":{"hp":31,"atk":31,"def":31,"spa":31,"spd":31,"spe":31}},{"name":"Mamoswine","species":"Mamoswine","item":"lifeorb","ability":"Thick Fat","moves":["earthquake","iciclespear","iceshard","superpower"],"nature":"Jolly","evs":{"hp":0,"atk":252,"def":0,"spa":0,"spd":4,"spe":252},"ivs":{"hp":31,"atk":31,"def":31,"spa":31,"spd":31,"spe":31}},{"name":"Avalugg","species":"Avalugg","item":"rockyhelmet","ability":"Sturdy","moves":["avalanche","rapidspin","roar","recover"],"nature":"Relaxed","evs":{"hp":248,"atk":8,"def":252,"spa":0,"spd":0,"spe":0},"ivs":{"hp":31,"atk":31,"def":31,"spa":31,"spd":31,"spe":0}}],"log":["|player|p1|Metalyte|165","|player|p2|E4 IceHawk†|80","|gametype|singles","|gen|6","|tier|Monotype","|rated","|rule|Baton Pass Clause: Limit one Baton Passer, can't pass Spe and other stats simultaneously","|rule|Swagger Clause: Swagger is banned","|rule|Same Type Clause: Pokémon in a team must share a type","|clearpoke","|poke|p1|Altaria, F","|poke|p1|Goodra, M","|poke|p1|Latias, F","|poke|p1|Dragalge, M","|poke|p1|Druddigon, F","|poke|p1|Dragonite, M","|poke|p2|Froslass, F","|poke|p2|Weavile, M","|poke|p2|Kyurem-Black","|poke|p2|Abomasnow, F","|poke|p2|Mamoswine, M","|poke|p2|Avalugg, M","|rule|Sleep Clause Mod: Limit one foe put to sleep","|rule|Species Clause: Limit one of each Pokémon","|rule|OHKO Clause: OHKO moves are banned","|rule|Moody Clause: Moody is banned","|rule|Evasion Moves Clause: Evasion moves are banned","|rule|Endless Battle Clause: Forcing endless battles is banned","|rule|HP Percentage Mod: HP is shown in percentages","|teampreview","|","|start","|switch|p1a: Druddigon|Druddigon, F|358/358","|switch|p2a: ^_^|Froslass, F|344/344","|turn|1","|","|move|p2a: ^_^|Confuse Ray|p1a: Druddigon","|-start|p1a: Druddigon|confusion","|-activate|p1a: Druddigon|confusion","|-damage|p1a: Druddigon|331/358|[from] confusion","|","|turn|2","|","|move|p2a: ^_^|Thunder Wave|p1a: Druddigon","|-status|p1a: Druddigon|par","|-activate|p1a: Druddigon|confusion","|-damage|p1a: Druddigon|300/358 par|[from] confusion","|","|turn|3","|","|switch|p2a: Abomasnow|Abomasnow, F|383/383","|-activate|p1a: Druddigon|confusion","|-damage|p1a: Druddigon|270/358 par|[from] confusion","|","|turn|4","|","|detailschange|p2a: Abomasnow|Abomasnow-Mega, F","|-mega|p2a: Abomasnow|Abomasnow|Abomasite","|-weather|Hail","|move|p2a: Abomasnow|Blizzard|p1a: Druddigon","|-supereffective|p1a: Druddigon","|-damage|p1a: Druddigon|0 fnt","|faint|p1a: Druddigon","|","|-weather|Hail|[upkeep]","|","|switch|p1a: Dragalge|Dragalge, M|333/333","|turn|5","|","|move|p1a: Dragalge|Sludge Wave|p2a: Abomasnow","|-supereffective|p2a: Abomasnow","|-damage|p2a: Abomasnow|0 fnt","|faint|p2a: Abomasnow","|","|-weather|Hail|[upkeep]","|-damage|p1a: Dragalge|313/333|[from] hail","|","|switch|p2a: ^_^|Froslass, F|344/344","|turn|6","|","|move|p2a: ^_^|Confuse Ray|p1a: Dragalge","|-start|p1a: Dragalge|confusion","|-activate|p1a: Dragalge|confusion","|-damage|p1a: Dragalge|290/333|[from] confusion","|","|-weather|Hail|[upkeep]","|-damage|p1a: Dragalge|270/333|[from] hail","|turn|7","|","|move|p2a: ^_^|Thunder Wave|p1a: Dragalge","|-status|p1a: Dragalge|par","|-activate|p1a: Dragalge|confusion","|-damage|p1a: Dragalge|247/333 par|[from] confusion","|","|-weather|Hail|[upkeep]","|-damage|p1a: Dragalge|227/333 par|[from] hail","|turn|8","|","|move|p2a: ^_^|Hex|p1a: Dragalge","|-damage|p1a: Dragalge|122/333 par","|-end|p1a: Dragalge|confusion","|move|p1a: Dragalge|Sludge Wave|p2a: ^_^","|-resisted|p2a: ^_^","|-damage|p2a: ^_^|135/344","|","|-weather|none","|turn|9","|","|switch|p1a: Goodra|Goodra, M|383/383","|move|p2a: ^_^|Confuse Ray|p1a: Goodra","|-start|p1a: Goodra|confusion","|","|turn|10","|","|move|p2a: ^_^|Thunder Wave|p1a: Goodra","|-status|p1a: Goodra|par","|-activate|p1a: Goodra|confusion","|move|p1a: Goodra|Dragon Pulse|p2a: ^_^","|-damage|p2a: ^_^|0 fnt","|-start|p1a: Goodra|Disable|Dragon Pulse","|faint|p2a: ^_^","|","|","|switch|p2a: Mamoswine|Mamoswine, M|361/361","|turn|11","|","|switch|p1a: Dragalge|Dragalge, M|122/333 par","|move|p2a: Mamoswine|Icicle Spear|p1a: Dragalge","|-supereffective|p1a: Dragalge","|-damage|p1a: Dragalge|2/333 par","|-supereffective|p1a: Dragalge","|-damage|p1a: Dragalge|0 fnt","|-hitcount|p1a: Dragalge|2","|-damage|p2a: Mamoswine|325/361|[from] item: Life Orb","|faint|p1a: Dragalge","|","|","|switch|p1a: Altaria|Altaria, F|291/291","|turn|12","|","|detailschange|p1a: Altaria|Altaria-Mega, F","|-mega|p1a: Altaria|Altaria|Altarianite","|move|p2a: Mamoswine|Icicle Spear|p1a: Altaria","|-supereffective|p1a: Altaria","|-damage|p1a: Altaria|182/291","|-supereffective|p1a: Altaria","|-damage|p1a: Altaria|73/291","|-supereffective|p1a: Altaria","|-damage|p1a: Altaria|0 fnt","|-hitcount|p1a: Altaria|3","|-damage|p2a: Mamoswine|289/361|[from] item: Life Orb","|faint|p1a: Altaria","|","|","|switch|p1a: Latias|Latias, F|363/363","|turn|13","|","|move|p2a: Mamoswine|Ice Shard|p1a: Latias","|-supereffective|p1a: Latias","|-damage|p1a: Latias|173/363","|-damage|p2a: Mamoswine|253/361|[from] item: Life Orb","|move|p1a: Latias|Recover|p1a: Latias","|-heal|p1a: Latias|355/363","|","|-status|p1a: Latias|brn|[from] item: Flame Orb","|turn|14","|","|move|p1a: Latias|Psycho Shift|p2a: Mamoswine","|-status|p2a: Mamoswine|brn","|-curestatus|p1a: Latias|brn","|move|p2a: Mamoswine|Icicle Spear|p1a: Latias","|-supereffective|p1a: Latias","|-damage|p1a: Latias|289/363","|-supereffective|p1a: Latias","|-damage|p1a: Latias|229/363","|-supereffective|p1a: Latias","|-damage|p1a: Latias|165/363","|-hitcount|p1a: Latias|3","|-damage|p2a: Mamoswine|217/361 brn|[from] item: Life Orb","|","|-damage|p2a: Mamoswine|172/361 brn|[from] brn","|-status|p1a: Latias|brn|[from] item: Flame Orb","|turn|15","|","|move|p2a: Mamoswine|Ice Shard|p1a: Latias","|-crit|p1a: Latias","|-supereffective|p1a: Latias","|-damage|p1a: Latias|4/363 brn","|-damage|p2a: Mamoswine|136/361 brn|[from] item: Life Orb","|move|p1a: Latias|Recover|p1a: Latias","|-heal|p1a: Latias|186/363 brn","|","|-damage|p1a: Latias|141/363 brn|[from] brn","|-damage|p2a: Mamoswine|91/361 brn|[from] brn","|turn|16","|","|move|p2a: Mamoswine|Ice Shard|p1a: Latias","|-supereffective|p1a: Latias","|-damage|p1a: Latias|40/363 brn","|-damage|p2a: Mamoswine|55/361 brn|[from] item: Life Orb","|move|p1a: Latias|Recover|p1a: Latias","|-heal|p1a: Latias|222/363 brn","|","|-damage|p1a: Latias|177/363 brn|[from] brn","|-damage|p2a: Mamoswine|10/361 brn|[from] brn","|turn|17","|","|move|p1a: Latias|Recover|p1a: Latias","|-heal|p1a: Latias|359/363 brn","|move|p2a: Mamoswine|Icicle Spear|p1a: Latias","|-supereffective|p1a: Latias","|-damage|p1a: Latias|295/363 brn","|-supereffective|p1a: Latias","|-damage|p1a: Latias|235/363 brn","|-supereffective|p1a: Latias","|-damage|p1a: Latias|175/363 brn","|-hitcount|p1a: Latias|3","|-damage|p2a: Mamoswine|0 fnt|[from] item: Life Orb","|faint|p2a: Mamoswine","|","|-damage|p1a: Latias|130/363 brn|[from] brn","|","|switch|p2a: Kyurem-Black|Kyurem-Black|391/391","|-ability|p2a: Kyurem-Black|Teravolt","|turn|18","|","|move|p2a: Kyurem-Black|Outrage|p1a: Latias","|-supereffective|p1a: Latias","|-damage|p1a: Latias|0 fnt","|faint|p1a: Latias","|","|","|switch|p1a: Dragonite|Dragonite, M|323/323","|turn|19","|","|move|p2a: Kyurem-Black|Outrage|p1a: Dragonite|[from]lockedmove","|-supereffective|p1a: Dragonite","|-damage|p1a: Dragonite|0 fnt","|faint|p1a: Dragonite","|","|","|switch|p1a: Goodra|Goodra, M|383/383 par","|turn|20","|","|move|p2a: Kyurem-Black|Outrage|p1a: Goodra|[from]lockedmove","|-supereffective|p1a: Goodra","|-damage|p1a: Goodra|0 fnt","|-unboost|p2a: Kyurem-Black|spe|1","|-start|p2a: Kyurem-Black|confusion|[fatigue]","|faint|p1a: Goodra","|","|win|E4 IceHawk†"],"p1rating":{"entryid":"6571486","serverid":"eos","formatid":"monotype","userid":"metalyte","username":"Metalyte","w":"43","l":36,"t":"0","gxe":54.1,"r":"1552.871063059","rd":"44.3879565634","sigma":"0","rptime":"1438851600","rpr":1530.9209366685,"rprd":43.154130349799,"rpsigma":"0","acre":1130.7827055422,"lacre":1130.7827055422,"oldacre":"1164.9835097798"},"p2rating":{"entryid":"7403154","serverid":"eos","formatid":"monotype","userid":"e4icehawk","username":"E4 IceHawk†","w":2,"l":"3","t":"0","gxe":47.3,"r":1439.9294742743,"rd":106.19293799709,"sigma":"0","rptime":1438851600,"rpr":1478.8523042698,"rprd":102.05528010886,"rpsigma":"0","acre":1079.2192381268,"lacre":1079.2192381268,"oldacre":"1030.8229744347"},"endType":"normal"}