{"seed":[35782,60488,42560,33],"turns":20,"p1":"LTIL-Tahit","p2":"Inferno 용의ACE사용자","p1team":[{"name":"Swalot","species":"Swalot","item":"assaultvest","ability":"Sticky Hold","moves":["sludgebomb","gigadrain","icebeam","earthquake"],"nature":"Quiet","evs":{"hp":248,"atk":0,"def":0,"spa":200,"spd":60,"spe":0},"ivs":{"hp":31,"atk":31,"def":31,"spa":31,"spd":31,"spe":31}},{"name":"Scolipede","species":"Scolipede","item":"focussash","ability":"Speed Boost","moves":["steamroller","spikes","protect","endeavor"],"nature":"Jolly","evs":{"hp":4,"atk":252,"def":0,"spa":0,"spd":0,"spe":252},"ivs":{"hp":31,"atk":31,"def":31,"spa":31,"spd":31,"spe":31}},{"name":"Nidoking","species":"Nidoking","item":"lifeorb","ability":"Sheer Force","moves":["flamethrower","earthpower","venoshock","icebeam"],"nature":"Modest","evs":{"hp":4,"atk":0,"def":0,"spa":252,"spd":0,"spe":252},"ivs":{"hp":31,"atk":31,"def":31,"spa":31,"spd":31,"spe":31}},{"name":"Ariados","species":"Ariados","item":"focussash","ability":"Insomnia","moves":["stickyweb","toxicspikes","megahorn","suckerpunch"],"nature":"Jolly","evs":{"hp":0,"atk":252,"def":0,"spa":0,"spd":4,"spe":252},"ivs":{"hp":31,"atk":31,"def":31,"spa":31,"spd":31,"spe":31}},{"name":"Venusaur","species":"Venusaur","item":"venusaurite","ability":"Chlorophyll","moves":["gigadrain","sludgebomb","synthesis","leechseed"],"nature":"Bold","evs":{"hp":252,"atk":0,"def":112,"spa":0,"spd":144,"spe":0},"ivs":{"hp":31,"atk":31,"def":31,"spa":31,"spd":31,"spe":31}},{"name":"Muk","species":"Muk","item":"blacksludge","ability":"Poison Touch","moves":["poisonjab","curse","shadowsneak","brickbreak"],"nature":"Careful","evs":{"hp":252,"atk":4,"def":0,"spa":0,"spd":252,"spe":0},"ivs":{"hp":31,"atk":31,"def":31,"spa":31,"spd":31,"spe":31}}],"p2team":[{"name":"ラティオス","species":"latios","item":"choicescarf","ability":"Levitate","moves":["hiddenpowerfire","dragonpulse","psyshock","icebeam"],"nature":"Timid","evs":{"hp":0,"atk":0,"def":4,"spa":252,"spd":0,"spe":252},"ivs":{"hp":31,"atk":30,"def":31,"spa":30,"spd":31,"spe":30}},{"name":"キュレム","species":"kyuremblack","item":"lifeorb","ability":"Teravolt","moves":["icebeam","outrage","fusionbolt","ironhead"],"nature":"Naive","evs":{"hp":0,"atk":100,"def":0,"spa":180,"spd":0,"spe":228},"shiny":true,"ivs":{"hp":31,"atk":31,"def":31,"spa":31,"spd":31,"spe":31}},{"name":"ボーマンダ","species":"salamence","item":"choicescarf","ability":"Moxie","moves":["outrage","aerialace","steelwing","earthquake"],"nature":"Jolly","evs":{"hp":0,"atk":252,"def":4,"spa":0,"spd":0,"spe":252},"ivs":{"hp":31,"atk":31,"def":31,"spa":31,"spd":31,"spe":31}},{"name":"サザンドラ","species":"hydreigon","item":"lifeorb","ability":"Levitate","moves":["darkpulse","flamethrower","dracometeor","flashcannon"],"nature":"Timid","evs":{"hp":4,"atk":0,"def":0,"spa":252,"spd":0,"spe":252},"shiny":true,"ivs":{"hp":31,"atk":31,"def":31,"spa":31,"spd":31,"spe":31}},{"name":"ガブリアス","species":"garchomp","item":"rockyhelmet","ability":"Rough Skin","moves":["stealthrock","earthquake","dragontail","endure"],"nature":"Impish","evs":{"hp":252,"atk":0,"def":232,"spa":0,"spd":24,"spe":0},"ivs":{"hp":31,"atk":31,"def":31,"spa":31,"spd":31,"spe":31}},{"name":"Latias","species":"Latias","item":"latiasite","ability":"Levitate","moves":["calmmind","recover","psyshock","dragonbreath"],"nature":"Bold","evs":{"hp":252,"atk":0,"def":224,"spa":0,"spd":0,"spe":32},"ivs":{"hp":31,"atk":30,"def":31,"spa":30,"spd":31,"spe":30},"shiny":true}],"log":["|player|p1|LTIL-Tahit|169","|player|p2|Inferno 용의ACE사용자|alliancewutang.png","|gametype|singles","|gen|6","|tier|Monotype","|rated","|rule|Baton Pass Clause: Limit one Baton Passer, can't pass Spe and other stats simultaneously","|rule|Swagger Clause: Swagger is banned","|rule|Same Type Clause: Pokémon in a team must share a type","|clearpoke","|poke|p1|Swalot, M","|poke|p1|Scolipede, M","|poke|p1|Nidoking, M","|poke|p1|Ariados, M","|poke|p1|Venusaur, M","|poke|p1|Muk, F","|poke|p2|Latios, M","|poke|p2|Kyurem-Black, shiny","|poke|p2|Salamence, M","|poke|p2|Hydreigon, F, shiny","|poke|p2|Garchomp, F","|poke|p2|Latias, F, shiny","|rule|Sleep Clause Mod: Limit one foe put to sleep","|rule|Species Clause: Limit one of each Pokémon","|rule|OHKO Clause: OHKO moves are banned","|rule|Moody Clause: Moody is banned","|rule|Evasion Moves Clause: Evasion moves are banned","|rule|Endless Battle Clause: Forcing endless battles is banned","|rule|HP Percentage Mod: HP is shown in percentages","|teampreview","|","|start","|switch|p1a: Ariados|Ariados, M|281/281","|switch|p2a: ラティオス|Latios, M|301/301","|turn|1","|","|move|p2a: ラティオス|Psyshock|p1a: Ariados","|-supereffective|p1a: Ariados","|-enditem|p1a: Ariados|Focus Sash","|-damage|p1a: Ariados|1/281","|move|p1a: Ariados|Sticky Web|p2a: ラティオス","|-sidestart|p2: Inferno 용의ACE사용자|move: Sticky Web","|","|turn|2","|","|move|p1a: Ariados|Sucker Punch|p2a: ラティオス","|-supereffective|p2a: ラティオス","|-damage|p2a: ラティオス|129/301","|move|p2a: ラティオス|Psyshock|p1a: Ariados","|-supereffective|p1a: Ariados","|-damage|p1a: Ariados|0 fnt","|faint|p1a: Ariados","|","|","|switch|p1a: Scolipede|Scolipede, M|262/262","|turn|3","|","|switch|p2a: ガブリアス|Garchomp, F|420/420","|-activate|p2a: ガブリアス|move: Sticky Web","|-unboost|p2a: ガブリアス|spe|1","|move|p1a: Scolipede|Protect|p1a: Scolipede","|-fail|p1a: Scolipede","|","|-boost|p1a: Scolipede|spe|1|[from] ability: Speed Boost","|turn|4","|","|move|p1a: Scolipede|Protect|p1a: Scolipede","|-singleturn|p1a: Scolipede|Protect","|move|p2a: ガブリアス|Stealth Rock|p1a: Scolipede","|-sidestart|p1: LTIL-Tahit|move: Stealth Rock","|","|-boost|p1a: Scolipede|spe|1|[from] ability: Speed Boost","|turn|5","|","|move|p1a: Scolipede|Steamroller|p2a: ガブリアス","|-damage|p2a: ガブリアス|342/420","|-damage|p1a: Scolipede|230/262|[from] ability: Rough Skin|[of] p2a: ガブリアス","|-damage|p1a: Scolipede|187/262|[from] item: Rocky Helmet|[of] p2a: ガブリアス","|cant|p2a: ガブリアス|flinch","|","|-boost|p1a: Scolipede|spe|1|[from] ability: Speed Boost","|turn|6","|","|move|p1a: Scolipede|Protect|p1a: Scolipede","|-singleturn|p1a: Scolipede|Protect","|move|p2a: ガブリアス|Dragon Tail|p1a: Scolipede","|-activate|p1a: Scolipede|Protect","|","|-boost|p1a: Scolipede|spe|1|[from] ability: Speed Boost","|turn|7","|","|move|p1a: Scolipede|Spikes|p2a: ガブリアス","|-sidestart|p2: Inferno 용의ACE사용자|Spikes","|move|p2a: ガブリアス|Dragon Tail|p1a: Scolipede","|-damage|p1a: Scolipede|96/262","|drag|p1a: Swalot|Swalot, M|403/403","|-damage|p1a: Swalot|353/403|[from] Stealth Rock","|","|turn|8","|","|move|p2a: ガブリアス|Earthquake|p1a: Swalot","|-supereffective|p1a: Swalot","|-damage|p1a: Swalot|0 fnt","|faint|p1a: Swalot","|","|","|switch|p1a: Scolipede|Scolipede, M|96/262","|-damage|p1a: Scolipede|31/262|[from] Stealth Rock","|turn|9","|","|move|p1a: Scolipede|Protect|p1a: Scolipede","|-singleturn|p1a: Scolipede|Protect","|move|p2a: ガブリアス|Earthquake|p1a: Scolipede","|-activate|p1a: Scolipede|Protect","|","|-boost|p1a: Scolipede|spe|1|[from] ability: Speed Boost","|turn|10","|","|move|p1a: Scolipede|Endeavor|p2a: ガブリアス","|-damage|p2a: ガブリアス|31/420","|-damage|p1a: Scolipede|0 fnt|[from] ability: Rough Skin|[of] p2a: ガブリアス","|faint|p1a: Scolipede","|move|p2a: ガブリアス|Dragon Tail|p1: Scolipede|[notarget]","|-notarget","|","|","|switch|p1a: Muk|Muk, F|414/414","|-damage|p1a: Muk|363/414|[from] Stealth Rock","|turn|11","|","|move|p2a: ガブリアス|Endure|p2a: ガブリアス","|-singleturn|p2a: ガブリアス|move: Endure","|move|p1a: Muk|Poison Jab|p2a: ガブリアス","|-resisted|p2a: ガブリアス","|-activate|p2a: ガブリアス|move: Endure","|-damage|p2a: ガブリアス|1/420","|-damage|p1a: Muk|312/414|[from] ability: Rough Skin|[of] p2a: ガブリアス","|-damage|p1a: Muk|243/414|[from] item: Rocky Helmet|[of] p2a: ガブリアス","|","|-heal|p1a: Muk|268/414|[from] item: Black Sludge","|turn|12","|","|move|p1a: Muk|Shadow Sneak|p2a: ガブリアス","|-damage|p2a: ガブリアス|0 fnt","|-damage|p1a: Muk|217/414|[from] ability: Rough Skin|[of] p2a: ガブリアス","|-damage|p1a: Muk|148/414|[from] item: Rocky Helmet|[of] p2a: ガブリアス","|faint|p2a: ガブリアス","|","|-heal|p1a: Muk|173/414|[from] item: Black Sludge","|","|switch|p2a: ラティオス|Latios, M|129/301","|turn|13","|","|move|p1a: Muk|Shadow Sneak|p2a: ラティオス","|-supereffective|p2a: ラティオス","|-damage|p2a: ラティオス|53/301","|-status|p2a: ラティオス|psn","|move|p2a: ラティオス|Psyshock|p1a: Muk","|-supereffective|p1a: Muk","|-damage|p1a: Muk|0 fnt","|faint|p1a: Muk","|","|-damage|p2a: ラティオス|16/301 psn|[from] psn","|","|switch|p1a: Venusaur|Venusaur, M|364/364","|-damage|p1a: Venusaur|319/364|[from] Stealth Rock","|turn|14","|","|detailschange|p1a: Venusaur|Venusaur-Mega, M","|-mega|p1a: Venusaur|Venusaur|Venusaurite","|move|p2a: ラティオス|Psyshock|p1a: Venusaur","|-supereffective|p1a: Venusaur","|-damage|p1a: Venusaur|121/364","|move|p1a: Venusaur|Synthesis|p1a: Venusaur","|-heal|p1a: Venusaur|303/364","|","|-damage|p2a: ラティオス|0 fnt|[from] psn","|faint|p2a: ラティオス","|","|switch|p2a: Latias|Latias, F, shiny|364/364","|turn|15","|","|detailschange|p2a: Latias|Latias-Mega, F, shiny","|-mega|p2a: Latias|Latias|Latiasite","|move|p2a: Latias|Calm Mind|p2a: Latias","|-boost|p2a: Latias|spa|1","|-boost|p2a: Latias|spd|1","|move|p1a: Venusaur|Synthesis|p1a: Venusaur","|-heal|p1a: Venusaur|364/364","|","|turn|16","|","|move|p2a: Latias|Calm Mind|p2a: Latias","|-boost|p2a: Latias|spa|1","|-boost|p2a: Latias|spd|1","|move|p1a: Venusaur|Leech Seed|p2a: Latias","|-start|p2a: Latias|move: Leech Seed","|","|-damage|p2a: Latias|319/364|[from] Leech Seed|[of] p1a: Venusaur","|turn|17","|","|move|p2a: Latias|Calm Mind|p2a: Latias","|-boost|p2a: Latias|spa|1","|-boost|p2a: Latias|spd|1","|move|p1a: Venusaur|Sludge Bomb|p2a: Latias","|-crit|p2a: Latias","|-damage|p2a: Latias|189/364","|-status|p2a: Latias|psn","|","|-damage|p2a: Latias|144/364 psn|[from] Leech Seed|[of] p1a: Venusaur","|-damage|p2a: Latias|99/364 psn|[from] psn","|turn|18","|","|move|p2a: Latias|Psyshock|p1a: Venusaur","|-supereffective|p1a: Venusaur","|-damage|p1a: Venusaur|0 fnt","|faint|p1a: Venusaur","|","|-damage|p2a: Latias|54/364 psn|[from] psn","|","|switch|p1a: Nidoking|Nidoking, M|304/304","|-damage|p1a: Nidoking|285/304|[from] Stealth Rock","|turn|19","|","|move|p1a: Nidoking|Ice Beam|p2a: Latias","|-crit|p2a: Latias","|-supereffective|p2a: Latias","|-damage|p2a: Latias|0 fnt","|faint|p2a: Latias","|","|","|switch|p2a: ボーマンダ|Salamence, M|331/331","|turn|20","|","|move|p2a: ボーマンダ|Earthquake|p1a: Nidoking","|-supereffective|p1a: Nidoking","|-damage|p1a: Nidoking|0 fnt","|faint|p1a: Nidoking","|-boost|p2a: ボーマンダ|atk|1|[from] ability: Moxie","|","|win|Inferno 용의ACE사용자"],"p1rating":{"entryid":"6925118","serverid":"eos","formatid":"monotype","userid":"ltiltahit","username":"LTIL-Tahit","w":"51","l":53,"t":"0","gxe":51.4,"r":"1527.3447789984","rd":"40.548657138947","sigma":"0","rptime":"1438851600","rpr":1510.4853283317,"rprd":38.454501359533,"rpsigma":"0","acre":1090.5900126846,"lacre":1090.5900126846,"oldacre":"1107.8466059969"},"p2rating":{"entryid":"7316925","serverid":"eos","formatid":"monotype","userid":"infernoace","username":"Inferno Ace","w":13,"l":"4","t":"0","gxe":67.8,"r":"1595.0360755949","rd":"86.019341372529","sigma":"0","rptime":"1438851600","rpr":1642.8146117779,"rprd":74.237194066434,"rpsigma":"0","acre":1236.3707185505,"lacre":1236.3707185505,"oldacre":"1219.1141252382"},"endType":"normal"}