{"seed":[58782,5047,31069,52412],"turns":28,"p1":"Zukushiku","p2":"Intern Twizz","p1team":[{"name":"Sableye","species":"Sableye","item":"sablenite","ability":"Prankster","moves":["knockoff","willowisp","recover","foulplay"],"nature":"Careful","evs":{"hp":252,"atk":0,"def":112,"spa":0,"spd":144,"spe":0},"ivs":{"hp":31,"atk":31,"def":31,"spa":31,"spd":31,"spe":31}},{"name":"Spiritomb","species":"Spiritomb","item":"leftovers","ability":"Infiltrator","moves":["calmmind","darkpulse","rest","willowisp"],"nature":"Bold","evs":{"hp":252,"atk":0,"def":252,"spa":0,"spd":4,"spe":0},"ivs":{"hp":31,"atk":31,"def":31,"spa":31,"spd":31,"spe":31}},{"name":"Aegislash","species":"Aegislash","item":"leftovers","ability":"Stance Change","moves":["substitute","kingsshield","flashcannon","shadowball"],"nature":"","shiny":true,"evs":{"hp":0,"atk":0,"def":0,"spa":0,"spd":0,"spe":0},"ivs":{"hp":31,"atk":31,"def":31,"spa":31,"spd":31,"spe":31}},{"name":"Jellicent","species":"Jellicent","item":"leftovers","ability":"Water Absorb","moves":["taunt","toxic","scald","recover"],"nature":"Calm","evs":{"hp":248,"atk":0,"def":0,"spa":0,"spd":216,"spe":44},"ivs":{"hp":31,"atk":31,"def":31,"spa":31,"spd":31,"spe":31}},{"name":"Chandelure","species":"Chandelure","item":"choicescarf","ability":"Flash Fire","moves":["fireblast","shadowball","energyball","hiddenpowerice"],"nature":"Timid","evs":{"hp":0,"atk":0,"def":0,"spa":252,"spd":4,"spe":252},"ivs":{"hp":31,"atk":30,"def":30,"spa":31,"spd":31,"spe":31},"shiny":true},{"name":"Golurk","species":"Golurk","item":"focussash","ability":"No Guard","moves":["dynamicpunch","earthquake","stealthrock","icepunch"],"nature":"Adamant","evs":{"hp":0,"atk":252,"def":0,"spa":0,"spd":4,"spe":252},"ivs":{"hp":31,"atk":31,"def":31,"spa":31,"spd":31,"spe":31}}],"p2team":[{"name":"Magnezone","species":"Magnezone","item":"leftovers","ability":"Sturdy","moves":["flashcannon","thunderbolt","protect","hiddenpowerice"],"nature":"Modest","evs":{"hp":76,"atk":0,"def":180,"spa":252,"spd":0,"spe":0},"ivs":{"hp":31,"atk":30,"def":30,"spa":31,"spd":31,"spe":31}},{"name":"Zapdos","species":"Zapdos","item":"leftovers","ability":"Pressure","moves":["discharge","heatwave","toxic","roost"],"nature":"Bold","evs":{"hp":4,"atk":0,"def":252,"spa":0,"spd":252,"spe":0},"ivs":{"hp":31,"atk":31,"def":31,"spa":31,"spd":31,"spe":31}},{"name":"Ampharos","species":"Ampharos","item":"ampharosite","ability":"Static","moves":["cottonguard","rest","sleeptalk","dragonpulse"],"nature":"Bold","evs":{"hp":0,"atk":0,"def":252,"spa":136,"spd":120,"spe":0},"ivs":{"hp":31,"atk":31,"def":31,"spa":31,"spd":31,"spe":31}},{"name":"Raikou","species":"Raikou","item":"leftovers","ability":"Pressure","moves":["calmmind","substitute","thunderbolt","extrasensory"],"nature":"Timid","evs":{"hp":0,"atk":0,"def":0,"spa":252,"spd":4,"spe":252},"ivs":{"hp":31,"atk":31,"def":31,"spa":31,"spd":31,"spe":31}},{"name":"Rotom-Wash","species":"Rotom-Wash","item":"choicescarf","ability":"Levitate","moves":["voltswitch","hydropump","willowisp","trick"],"nature":"Timid","evs":{"hp":0,"atk":0,"def":0,"spa":252,"spd":4,"spe":252},"ivs":{"hp":31,"atk":31,"def":31,"spa":31,"spd":31,"spe":31}},{"name":"Condom","species":"eelektross","item":"assaultvest","ability":"Levitate","moves":["gigadrain","thunderbolt","drainpunch","knockoff"],"nature":"Quiet","evs":{"hp":3,"atk":136,"def":0,"spa":108,"spd":252,"spe":0},"ivs":{"hp":31,"atk":31,"def":31,"spa":31,"spd":31,"spe":31}}],"log":["|player|p1|Zukushiku|zukushiku.png","|player|p2|Intern Twizz|122","|gametype|singles","|gen|6","|tier|Monotype","|rated","|rule|Baton Pass Clause: Limit one Baton Passer, can't pass Spe and other stats simultaneously","|rule|Swagger Clause: Swagger is banned","|rule|Same Type Clause: Pokémon in a team must share a type","|clearpoke","|poke|p1|Sableye, F","|poke|p1|Spiritomb, M","|poke|p1|Aegislash, M, shiny","|poke|p1|Jellicent, M","|poke|p1|Chandelure, M, shiny","|poke|p1|Golurk","|poke|p2|Magnezone","|poke|p2|Zapdos","|poke|p2|Ampharos, M","|poke|p2|Raikou","|poke|p2|Rotom-Wash","|poke|p2|Eelektross, M","|rule|Sleep Clause Mod: Limit one foe put to sleep","|rule|Species Clause: Limit one of each Pokémon","|rule|OHKO Clause: OHKO moves are banned","|rule|Moody Clause: Moody is banned","|rule|Evasion Moves Clause: Evasion moves are banned","|rule|Endless Battle Clause: Forcing endless battles is banned","|rule|HP Percentage Mod: HP is shown in percentages","|teampreview","|","|start","|switch|p1a: Sableye|Sableye, F|304/304","|switch|p2a: Rotom-Wash|Rotom-Wash|241/241","|turn|1","|","|detailschange|p1a: Sableye|Sableye-Mega, F","|-mega|p1a: Sableye|Sableye|Sablenite","|move|p2a: Rotom-Wash|Volt Switch|p1a: Sableye","|-damage|p1a: Sableye|231/304","|","|switch|p2a: Raikou|Raikou|321/321","|-ability|p2a: Raikou|Pressure","|move|p1a: Sableye|Knock Off|p2a: Raikou","|-damage|p2a: Raikou|195/321","|-enditem|p2a: Raikou|Leftovers|[from] move: Knock Off|[of] p1a: Sableye","|","|turn|2","|","|switch|p1a: Golurk|Golurk|319/319","|move|p2a: Raikou|Substitute|p2a: Raikou","|-start|p2a: Raikou|Substitute","|-damage|p2a: Raikou|115/321","|","|turn|3","|","|switch|p1a: Spiritomb|Spiritomb, M|304/304","|move|p2a: Raikou|Extrasensory|p1a: Spiritomb","|-immune|p1a: Spiritomb|[msg]","|","|turn|4","|","|move|p2a: Raikou|Calm Mind|p2a: Raikou","|-boost|p2a: Raikou|spa|1","|-boost|p2a: Raikou|spd|1","|move|p1a: Spiritomb|Calm Mind|p1a: Spiritomb","|-boost|p1a: Spiritomb|spa|1","|-boost|p1a: Spiritomb|spd|1","|","|turn|5","|","|move|p2a: Raikou|Calm Mind|p2a: Raikou","|-boost|p2a: Raikou|spa|1","|-boost|p2a: Raikou|spd|1","|move|p1a: Spiritomb|Calm Mind|p1a: Spiritomb","|-boost|p1a: Spiritomb|spa|1","|-boost|p1a: Spiritomb|spd|1","|","|turn|6","|","|move|p2a: Raikou|Calm Mind|p2a: Raikou","|-boost|p2a: Raikou|spa|1","|-boost|p2a: Raikou|spd|1","|move|p1a: Spiritomb|Calm Mind|p1a: Spiritomb","|-boost|p1a: Spiritomb|spa|1","|-boost|p1a: Spiritomb|spd|1","|","|turn|7","|","|move|p2a: Raikou|Calm Mind|p2a: Raikou","|-boost|p2a: Raikou|spa|1","|-boost|p2a: Raikou|spd|1","|move|p1a: Spiritomb|Dark Pulse|p2a: Raikou","|-damage|p2a: Raikou|39/321","|","|turn|8","|","|move|p2a: Raikou|Thunderbolt|p1a: Spiritomb","|-damage|p1a: Spiritomb|127/304","|move|p1a: Spiritomb|Dark Pulse|p2a: Raikou","|-damage|p2a: Raikou|0 fnt","|faint|p2a: Raikou","|","|-heal|p1a: Spiritomb|146/304|[from] item: Leftovers","|","|switch|p2a: Rotom-Wash|Rotom-Wash|241/241","|turn|9","|","|switch|p1a: Sableye|Sableye-Mega, F|231/304","|move|p2a: Rotom-Wash|Volt Switch|p1a: Sableye","|-damage|p1a: Sableye|152/304","|","|switch|p2a: Ampharos|Ampharos, M|321/321","|","|turn|10","|","|switch|p1a: Aegislash|Aegislash, M, shiny|261/261","|detailschange|p2a: Ampharos|Ampharos-Mega, M","|-mega|p2a: Ampharos|Ampharos|Ampharosite","|-ability|p2a: Ampharos|Mold Breaker","|move|p2a: Ampharos|Cotton Guard|p2a: Ampharos","|-boost|p2a: Ampharos|def|3","|","|turn|11","|","|move|p1a: Aegislash|Substitute|p1a: Aegislash","|-start|p1a: Aegislash|Substitute","|-damage|p1a: Aegislash|196/261","|move|p2a: Ampharos|Cotton Guard|p2a: Ampharos","|-boost|p2a: Ampharos|def|3","|","|-heal|p1a: Aegislash|212/261|[from] item: Leftovers","|turn|12","|","|-formechange|p1a: Aegislash|Aegislash-Blade","|move|p1a: Aegislash|Shadow Ball|p2a: Ampharos","|-damage|p2a: Ampharos|218/321","|move|p2a: Ampharos|Dragon Pulse|p1a: Aegislash","|-crit|p1a: Aegislash","|-resisted|p1a: Aegislash","|-end|p1a: Aegislash|Substitute","|","|-heal|p1a: Aegislash|228/261|[from] item: Leftovers","|turn|13","|","|-formechange|p1a: Aegislash|Aegislash","|move|p1a: Aegislash|King's Shield|p1a: Aegislash","|-singleturn|p1a: Aegislash|Protect","|move|p2a: Ampharos|Dragon Pulse|p1a: Aegislash","|-activate|p1a: Aegislash|Protect","|","|-heal|p1a: Aegislash|244/261|[from] item: Leftovers","|turn|14","|","|move|p1a: Aegislash|Substitute|p1a: Aegislash","|-start|p1a: Aegislash|Substitute","|-damage|p1a: Aegislash|179/261","|move|p2a: Ampharos|Dragon Pulse|p1a: Aegislash","|-resisted|p1a: Aegislash","|-activate|p1a: Aegislash|Substitute|[damage]","|","|-heal|p1a: Aegislash|195/261|[from] item: Leftovers","|turn|15","|","|-formechange|p1a: Aegislash|Aegislash-Blade","|move|p1a: Aegislash|Shadow Ball|p2a: Ampharos","|-damage|p2a: Ampharos|113/321","|move|p2a: Ampharos|Dragon Pulse|p1a: Aegislash","|-resisted|p1a: Aegislash","|-end|p1a: Aegislash|Substitute","|","|-heal|p1a: Aegislash|211/261|[from] item: Leftovers","|turn|16","|","|switch|p2a: Condom|Eelektross, M|311/311","|move|p1a: Aegislash|Substitute|p1a: Aegislash","|-start|p1a: Aegislash|Substitute","|-damage|p1a: Aegislash|146/261","|","|-heal|p1a: Aegislash|162/261|[from] item: Leftovers","|turn|17","|","|-formechange|p1a: Aegislash|Aegislash","|move|p1a: Aegislash|King's Shield|p1a: Aegislash","|-singleturn|p1a: Aegislash|Protect","|move|p2a: Condom|Knock Off|p1a: Aegislash","|-activate|p1a: Aegislash|Protect","|-unboost|p2a: Condom|atk|2","|","|-heal|p1a: Aegislash|178/261|[from] item: Leftovers","|turn|18","|","|-formechange|p1a: Aegislash|Aegislash-Blade","|move|p1a: Aegislash|Shadow Ball|p2a: Condom","|-crit|p2a: Condom","|-damage|p2a: Condom|193/311","|move|p2a: Condom|Thunderbolt|p1a: Aegislash","|-end|p1a: Aegislash|Substitute","|","|-heal|p1a: Aegislash|194/261|[from] item: Leftovers","|turn|19","|","|-formechange|p1a: Aegislash|Aegislash","|move|p1a: Aegislash|King's Shield|p1a: Aegislash","|-singleturn|p1a: Aegislash|Protect","|move|p2a: Condom|Thunderbolt|p1a: Aegislash","|-activate|p1a: Aegislash|Protect","|","|-heal|p1a: Aegislash|210/261|[from] item: Leftovers","|turn|20","|","|move|p1a: Aegislash|Substitute|p1a: Aegislash","|-start|p1a: Aegislash|Substitute","|-damage|p1a: Aegislash|145/261","|move|p2a: Condom|Knock Off|p1a: Aegislash","|-supereffective|p1a: Aegislash","|-end|p1a: Aegislash|Substitute","|","|-heal|p1a: Aegislash|161/261|[from] item: Leftovers","|turn|21","|","|switch|p1a: Golurk|Golurk|319/319","|move|p2a: Condom|Thunderbolt|p1a: Golurk","|-immune|p1a: Golurk|[msg]","|","|turn|22","|","|switch|p2a: Ampharos|Ampharos-Mega, M|113/321","|-ability|p2a: Ampharos|Mold Breaker","|move|p1a: Golurk|Dynamic Punch|p2a: Ampharos","|-damage|p2a: Ampharos|26/321","|-start|p2a: Ampharos|confusion","|","|turn|23","|","|move|p1a: Golurk|Stealth Rock|p2a: Ampharos","|-sidestart|p2: Intern Twizz|move: Stealth Rock","|-activate|p2a: Ampharos|confusion","|move|p2a: Ampharos|Rest|p2a: Ampharos","|-status|p2a: Ampharos|slp","|-heal|p2a: Ampharos|321/321 slp|[silent]","|-status|p2a: Ampharos|slp|[from] move: Rest","|","|turn|24","|","|move|p1a: Golurk|Ice Punch|p2a: Ampharos","|-supereffective|p2a: Ampharos","|-damage|p2a: Ampharos|187/321 slp","|cant|p2a: Ampharos|slp","|-end|p2a: Ampharos|confusion","|move|p2a: Ampharos|Sleep Talk|p2a: Ampharos","|move|p2a: Ampharos|Dragon Pulse|p1a: Golurk|[from]Sleep Talk","|-crit|p1a: Golurk","|-damage|p1a: Golurk|24/319","|","|turn|25","|","|move|p1a: Golurk|Earthquake|p2a: Ampharos","|-supereffective|p2a: Ampharos","|-damage|p2a: Ampharos|0 fnt","|faint|p2a: Ampharos","|","|","|switch|p2a: Rotom-Wash|Rotom-Wash|241/241","|-damage|p2a: Rotom-Wash|211/241|[from] Stealth Rock","|turn|26","|","|switch|p1a: Jellicent|Jellicent, M|403/403","|move|p2a: Rotom-Wash|Hydro Pump|p1a: Jellicent","|-immune|p1a: Jellicent|[msg]","|","|turn|27","|","|switch|p2a: Condom|Eelektross, M|193/311","|-damage|p2a: Condom|155/311|[from] Stealth Rock","|move|p1a: Jellicent|Toxic|p2a: Condom","|-status|p2a: Condom|tox","|","|-damage|p2a: Condom|136/311 tox|[from] psn","|turn|28","|","|win|Zukushiku"],"p1rating":{"entryid":"7076911","serverid":"eos","formatid":"monotype","userid":"zukushiku","username":"Zukushiku","w":28,"l":"14","t":"0","gxe":64.4,"r":"1598.3679066985","rd":"55.436480695911","sigma":"0","rptime":"1438851600","rpr":1612.8161175109,"rprd":54.228500815135,"rpsigma":"0","acre":1262.921064003,"lacre":1262.921064003,"oldacre":"1253.4916969648"},"p2rating":{"entryid":7448162,"formatid":"monotype","userid":"interntwizz","username":"Intern Twizz","r":1500,"rd":130,"sigma":0,"rpr":1469.0132861862,"rprd":122.52352909781,"rpsigma":0,"rptime":1438851600,"w":0,"l":1,"t":0,"gxe":46.1,"acre":1000,"lacre":1000,"oldacre":1000},"endType":"forfeit"}