{"seed":[58377,63797,24489,25477],"turns":66,"p1":"dannymcq","p2":"xSirSkit","p1team":[{"name":"Ludicolo","species":"Ludicolo","item":"leftovers","ability":"Own Tempo","moves":["icebeam","synthesis","gigadrain","scald"],"nature":"Calm","evs":{"hp":252,"atk":0,"def":0,"spa":4,"spd":252,"spe":0},"ivs":{"hp":31,"atk":31,"def":31,"spa":31,"spd":31,"spe":31}},{"name":"Gyarados","species":"Gyarados","item":"leftovers","ability":"Moxie","moves":["waterfall","earthquake","bounce","substitute"],"nature":"Careful","evs":{"hp":252,"atk":4,"def":0,"spa":0,"spd":252,"spe":0},"ivs":{"hp":31,"atk":31,"def":31,"spa":31,"spd":31,"spe":31}},{"name":"Rotom-Wash","species":"Rotom-Wash","item":"leftovers","ability":"Levitate","moves":["thunderwave","willowisp","voltswitch","hydropump"],"nature":"Bold","evs":{"hp":252,"atk":0,"def":252,"spa":0,"spd":4,"spe":0},"ivs":{"hp":31,"atk":31,"def":31,"spa":31,"spd":31,"spe":31}},{"name":"Lanturn","species":"Lanturn","item":"leftovers","ability":"Volt Absorb","moves":["thunderwave","healbell","voltswitch","icebeam"],"nature":"Calm","evs":{"hp":252,"atk":0,"def":4,"spa":0,"spd":252,"spe":0},"ivs":{"hp":31,"atk":31,"def":31,"spa":31,"spd":31,"spe":31}},{"name":"Starmie","species":"Starmie","item":"assaultvest","ability":"Analytic","moves":["hydropump","icebeam","psyshock","rapidspin"],"nature":"Modest","evs":{"hp":252,"atk":0,"def":0,"spa":252,"spd":4,"spe":0},"ivs":{"hp":31,"atk":31,"def":31,"spa":31,"spd":31,"spe":31}},{"name":"Vaporeon","species":"Vaporeon","item":"leftovers","ability":"Water Absorb","moves":["wish","toxic","protect","icebeam"],"nature":"Bold","evs":{"hp":252,"atk":0,"def":252,"spa":4,"spd":0,"spe":0},"ivs":{"hp":31,"atk":31,"def":31,"spa":31,"spd":31,"spe":31}}],"p2team":[{"name":"Aggron","species":"Aggron","item":"aggronite","ability":"Sturdy","moves":["heavyslam","firepunch","rest","thunderwave"],"nature":"Impish","evs":{"hp":252,"atk":184,"def":72,"spa":0,"spd":0,"spe":0},"ivs":{"hp":31,"atk":31,"def":31,"spa":31,"spd":31,"spe":31}},{"name":"Diancie","species":"Diancie","item":"leftovers","ability":"Clear Body","moves":["healbell","moonblast","earthpower","trickroom"],"nature":"Relaxed","evs":{"hp":252,"atk":0,"def":136,"spa":120,"spd":0,"spe":0},"ivs":{"hp":31,"atk":31,"def":31,"spa":31,"spd":31,"spe":0}},{"name":"Cradily","species":"Cradily","item":"leftovers","ability":"Storm Drain","moves":["gigadrain","stealthrock","recover","toxic"],"nature":"Bold","evs":{"hp":252,"atk":0,"def":252,"spa":4,"spd":0,"spe":0},"ivs":{"hp":31,"atk":31,"def":31,"spa":31,"spd":31,"spe":31}},{"name":"Terrakion","species":"Terrakion","item":"choicescarf","ability":"Justified","moves":["closecombat","stoneedge","earthquake","aerialace"],"nature":"Jolly","evs":{"hp":0,"atk":252,"def":0,"spa":0,"spd":4,"spe":252},"ivs":{"hp":31,"atk":31,"def":31,"spa":31,"spd":31,"spe":31}},{"name":"Tyranitar","species":"Tyranitar","item":"assaultvest","ability":"Sand Stream","moves":["stoneedge","crunch","fireblast","icepunch"],"nature":"Careful","evs":{"hp":0,"atk":212,"def":0,"spa":0,"spd":252,"spe":44},"ivs":{"hp":31,"atk":31,"def":31,"spa":31,"spd":31,"spe":31}},{"name":"Archeops","species":"Archeops","item":"","ability":"Defeatist","moves":["acrobatics","heatwave","earthquake","taunt"],"nature":"Jolly","evs":{"hp":0,"atk":252,"def":0,"spa":0,"spd":4,"spe":252},"ivs":{"hp":31,"atk":31,"def":31,"spa":31,"spd":31,"spe":31}}],"log":["|player|p1|dannymcq|17","|player|p2|xSirSkit|229","|gametype|singles","|gen|6","|tier|Monotype","|rated","|rule|Baton Pass Clause: Limit one Baton Passer, can't pass Spe and other stats simultaneously","|rule|Swagger Clause: Swagger is banned","|rule|Same Type Clause: Pokémon in a team must share a type","|clearpoke","|poke|p1|Ludicolo, F","|poke|p1|Gyarados, F","|poke|p1|Rotom-Wash","|poke|p1|Lanturn, F","|poke|p1|Starmie","|poke|p1|Vaporeon, M","|poke|p2|Aggron, M","|poke|p2|Diancie","|poke|p2|Cradily, M","|poke|p2|Terrakion","|poke|p2|Tyranitar, M","|poke|p2|Archeops, F","|rule|Sleep Clause Mod: Limit one foe put to sleep","|rule|Species Clause: Limit one of each Pokémon","|rule|OHKO Clause: OHKO moves are banned","|rule|Moody Clause: Moody is banned","|rule|Evasion Moves Clause: Evasion moves are banned","|rule|Endless Battle Clause: Forcing endless battles is banned","|rule|HP Percentage Mod: HP is shown in percentages","|teampreview","|","|start","|switch|p1a: Rotom-Wash|Rotom-Wash|304/304","|switch|p2a: Tyranitar|Tyranitar, M|341/341","|-weather|Sandstorm","|turn|1","|","|switch|p2a: Aggron|Aggron, M|344/344","|move|p1a: Rotom-Wash|Will-O-Wisp|p2a: Aggron|[miss]","|-miss|p1a: Rotom-Wash|p2a: Aggron","|","|-weather|Sandstorm|[upkeep]","|-damage|p1a: Rotom-Wash|285/304|[from] sandstorm","|-heal|p1a: Rotom-Wash|304/304|[from] item: Leftovers","|turn|2","|","|switch|p2a: Cradily|Cradily, M|376/376","|move|p1a: Rotom-Wash|Will-O-Wisp|p2a: Cradily","|-status|p2a: Cradily|brn","|","|-weather|Sandstorm|[upkeep]","|-damage|p1a: Rotom-Wash|285/304|[from] sandstorm","|-heal|p1a: Rotom-Wash|304/304|[from] item: Leftovers","|-damage|p2a: Cradily|329/376 brn|[from] brn","|turn|3","|","|switch|p1a: Gyarados|Gyarados, F|394/394","|move|p2a: Cradily|Toxic|p1a: Gyarados","|-status|p1a: Gyarados|tox","|","|-weather|Sandstorm|[upkeep]","|-damage|p1a: Gyarados|370/394 tox|[from] sandstorm","|-heal|p1a: Gyarados|394/394 tox|[from] item: Leftovers","|-heal|p2a: Cradily|352/376 brn|[from] item: Leftovers","|-damage|p1a: Gyarados|370/394 tox|[from] psn","|-damage|p2a: Cradily|305/376 brn|[from] brn","|turn|4","|","|switch|p1a: Lanturn|Lanturn, F|454/454","|move|p2a: Cradily|Giga Drain|p1a: Lanturn","|-supereffective|p1a: Lanturn","|-damage|p1a: Lanturn|316/454","|-heal|p2a: Cradily|374/376 brn|[from] drain|[of] p1a: Lanturn","|","|-weather|Sandstorm|[upkeep]","|-damage|p1a: Lanturn|288/454|[from] sandstorm","|-heal|p1a: Lanturn|316/454|[from] item: Leftovers","|-heal|p2a: Cradily|376/376 brn|[from] item: Leftovers","|-damage|p2a: Cradily|329/376 brn|[from] brn","|turn|5","|","|switch|p2a: Terrakion|Terrakion|323/323","|move|p1a: Lanturn|Volt Switch|p2a: Terrakion","|-damage|p2a: Terrakion|274/323","|","|switch|p1a: Starmie|Starmie|324/324","|","|-weather|none","|turn|6","|","|switch|p2a: Tyranitar|Tyranitar, M|341/341","|-weather|Sandstorm","|move|p1a: Starmie|Hydro Pump|p2a: Tyranitar","|-supereffective|p2a: Tyranitar","|-damage|p2a: Tyranitar|177/341","|","|-weather|Sandstorm|[upkeep]","|-damage|p1a: Starmie|304/324|[from] sandstorm","|turn|7","|","|move|p1a: Starmie|Hydro Pump|p2a: Tyranitar","|-supereffective|p2a: Tyranitar","|-damage|p2a: Tyranitar|57/341","|move|p2a: Tyranitar|Crunch|p1a: Starmie","|-supereffective|p1a: Starmie","|-damage|p1a: Starmie|0 fnt","|faint|p1a: Starmie","|","|-weather|Sandstorm|[upkeep]","|","|switch|p1a: Ludicolo|Ludicolo, F|364/364","|turn|8","|","|switch|p2a: Archeops|Archeops, F|291/291","|move|p1a: Ludicolo|Ice Beam|p2a: Archeops","|-supereffective|p2a: Archeops","|-damage|p2a: Archeops|173/291","|","|-weather|Sandstorm|[upkeep]","|-damage|p1a: Ludicolo|342/364|[from] sandstorm","|-heal|p1a: Ludicolo|364/364|[from] item: Leftovers","|turn|9","|","|switch|p1a: Rotom-Wash|Rotom-Wash|304/304","|move|p2a: Archeops|Acrobatics|p1a: Rotom-Wash","|-resisted|p1a: Rotom-Wash","|-damage|p1a: Rotom-Wash|236/304","|","|-weather|Sandstorm|[upkeep]","|-damage|p1a: Rotom-Wash|217/304|[from] sandstorm","|-heal|p1a: Rotom-Wash|236/304|[from] item: Leftovers","|turn|10","|","|switch|p2a: Cradily|Cradily, M|329/376 brn","|move|p1a: Rotom-Wash|Volt Switch|p2a: Cradily","|-resisted|p2a: Cradily","|-damage|p2a: Cradily|302/376 brn","|","|switch|p1a: Vaporeon|Vaporeon, M|464/464","|","|-weather|none","|-heal|p2a: Cradily|325/376 brn|[from] item: Leftovers","|-damage|p2a: Cradily|278/376 brn|[from] brn","|turn|11","|","|move|p1a: Vaporeon|Wish|p1a: Vaporeon","|move|p2a: Cradily|Giga Drain|p1a: Vaporeon","|-supereffective|p1a: Vaporeon","|-damage|p1a: Vaporeon|318/464","|-heal|p2a: Cradily|351/376 brn|[from] drain|[of] p1a: Vaporeon","|","|-heal|p1a: Vaporeon|347/464|[from] item: Leftovers","|-heal|p2a: Cradily|374/376 brn|[from] item: Leftovers","|-damage|p2a: Cradily|327/376 brn|[from] brn","|turn|12","|","|switch|p1a: Lanturn|Lanturn, F|316/454","|move|p2a: Cradily|Stealth Rock|p1a: Lanturn","|-sidestart|p1: dannymcq|move: Stealth Rock","|","|-heal|p1a: Lanturn|454/454|[from] move: Wish|[wisher] Vaporeon","|-heal|p2a: Cradily|350/376 brn|[from] item: Leftovers","|-damage|p2a: Cradily|303/376 brn|[from] brn","|turn|13","|","|move|p1a: Lanturn|Heal Bell|p1a: Lanturn","|-cureteam|p1a: Lanturn|[from] move: HealBell","|move|p2a: Cradily|Toxic|p1a: Lanturn|[miss]","|-miss|p2a: Cradily|p1a: Lanturn","|","|-heal|p2a: Cradily|326/376 brn|[from] item: Leftovers","|-damage|p2a: Cradily|279/376 brn|[from] brn","|turn|14","|","|move|p1a: Lanturn|Ice Beam|p2a: Cradily","|-supereffective|p2a: Cradily","|-damage|p2a: Cradily|177/376 brn","|move|p2a: Cradily|Toxic|p1a: Lanturn","|-status|p1a: Lanturn|tox","|","|-heal|p2a: Cradily|200/376 brn|[from] item: Leftovers","|-damage|p1a: Lanturn|426/454 tox|[from] psn","|-damage|p2a: Cradily|153/376 brn|[from] brn","|turn|15","|","|move|p1a: Lanturn|Volt Switch|p2a: Cradily","|-resisted|p2a: Cradily","|-damage|p2a: Cradily|123/376 brn","|","|switch|p1a: Gyarados|Gyarados, F|370/394","|-damage|p1a: Gyarados|272/394|[from] Stealth Rock","|move|p2a: Cradily|Recover|p2a: Cradily","|-heal|p2a: Cradily|311/376 brn","|","|-heal|p1a: Gyarados|296/394|[from] item: Leftovers","|-heal|p2a: Cradily|334/376 brn|[from] item: Leftovers","|-damage|p2a: Cradily|287/376 brn|[from] brn","|turn|16","|","|move|p1a: Gyarados|Substitute|p1a: Gyarados","|-start|p1a: Gyarados|Substitute","|-damage|p1a: Gyarados|198/394","|move|p2a: Cradily|Giga Drain|p1a: Gyarados","|-crit|p1a: Gyarados","|-activate|p1a: Gyarados|Substitute|[damage]","|-heal|p2a: Cradily|331/376 brn|[from] drain|[of] p1a: Gyarados","|","|-heal|p1a: Gyarados|222/394|[from] item: Leftovers","|-heal|p2a: Cradily|354/376 brn|[from] item: Leftovers","|-damage|p2a: Cradily|307/376 brn|[from] brn","|turn|17","|","|move|p1a: Gyarados|Bounce|p2a: Cradily|[still]","|-prepare|p1a: Gyarados|Bounce|p2a: Cradily","|move|p2a: Cradily|Giga Drain|p1a: Gyarados|[miss]","|-miss|p2a: Cradily|p1a: Gyarados","|","|-heal|p1a: Gyarados|246/394|[from] item: Leftovers","|-heal|p2a: Cradily|330/376 brn|[from] item: Leftovers","|-damage|p2a: Cradily|283/376 brn|[from] brn","|turn|18","|","|move|p1a: Gyarados|Bounce|p2a: Cradily|[from]lockedmove","|-damage|p2a: Cradily|192/376 brn","|move|p2a: Cradily|Giga Drain|p1a: Gyarados","|-end|p1a: Gyarados|Substitute","|-heal|p2a: Cradily|197/376 brn|[from] drain|[of] p1a: Gyarados","|","|-heal|p1a: Gyarados|270/394|[from] item: Leftovers","|-heal|p2a: Cradily|220/376 brn|[from] item: Leftovers","|-damage|p2a: Cradily|173/376 brn|[from] brn","|turn|19","|","|move|p1a: Gyarados|Substitute|p1a: Gyarados","|-start|p1a: Gyarados|Substitute","|-damage|p1a: Gyarados|172/394","|move|p2a: Cradily|Recover|p2a: Cradily","|-heal|p2a: Cradily|361/376 brn","|","|-heal|p1a: Gyarados|196/394|[from] item: Leftovers","|-heal|p2a: Cradily|376/376 brn|[from] item: Leftovers","|-damage|p2a: Cradily|329/376 brn|[from] brn","|turn|20","|","|move|p1a: Gyarados|Bounce|p2a: Cradily|[still]","|-prepare|p1a: Gyarados|Bounce|p2a: Cradily","|move|p2a: Cradily|Giga Drain|p1a: Gyarados|[miss]","|-miss|p2a: Cradily|p1a: Gyarados","|","|-heal|p1a: Gyarados|220/394|[from] item: Leftovers","|-heal|p2a: Cradily|352/376 brn|[from] item: Leftovers","|-damage|p2a: Cradily|305/376 brn|[from] brn","|turn|21","|","|move|p1a: Gyarados|Bounce|p2a: Cradily|[from]lockedmove|[miss]","|-miss|p1a: Gyarados|p2a: Cradily","|move|p2a: Cradily|Giga Drain|p1a: Gyarados","|-activate|p1a: Gyarados|Substitute|[damage]","|-heal|p2a: Cradily|332/376 brn|[from] drain|[of] p1a: Gyarados","|","|-heal|p1a: Gyarados|244/394|[from] item: Leftovers","|-heal|p2a: Cradily|355/376 brn|[from] item: Leftovers","|-damage|p2a: Cradily|308/376 brn|[from] brn","|turn|22","|","|switch|p2a: Diancie|Diancie|304/304","|move|p1a: Gyarados|Bounce|p2a: Diancie|[still]","|-prepare|p1a: Gyarados|Bounce|p2a: Diancie","|","|-heal|p1a: Gyarados|268/394|[from] item: Leftovers","|turn|23","|","|move|p1a: Gyarados|Bounce|p2a: Diancie|[from]lockedmove","|-resisted|p2a: Diancie","|-damage|p2a: Diancie|269/304","|-status|p2a: Diancie|par","|move|p2a: Diancie|Moonblast|p1a: Gyarados","|-crit|p1a: Gyarados","|-end|p1a: Gyarados|Substitute","|","|-heal|p1a: Gyarados|292/394|[from] item: Leftovers","|-heal|p2a: Diancie|288/304 par|[from] item: Leftovers","|turn|24","|","|switch|p2a: Cradily|Cradily, M|308/376 brn","|move|p1a: Gyarados|Waterfall|p2a: Cradily","|-boost|p2a: Cradily|spa|1|[from] ability: Storm Drain","|","|-heal|p1a: Gyarados|316/394|[from] item: Leftovers","|-heal|p2a: Cradily|331/376 brn|[from] item: Leftovers","|-damage|p2a: Cradily|284/376 brn|[from] brn","|turn|25","|","|move|p1a: Gyarados|Substitute|p1a: Gyarados","|-start|p1a: Gyarados|Substitute","|-damage|p1a: Gyarados|218/394","|move|p2a: Cradily|Giga Drain|p1a: Gyarados","|-activate|p1a: Gyarados|Substitute|[damage]","|-heal|p2a: Cradily|327/376 brn|[from] drain|[of] p1a: Gyarados","|","|-heal|p1a: Gyarados|242/394|[from] item: Leftovers","|-heal|p2a: Cradily|350/376 brn|[from] item: Leftovers","|-damage|p2a: Cradily|303/376 brn|[from] brn","|turn|26","|","|switch|p2a: Tyranitar|Tyranitar, M|57/341","|-weather|Sandstorm","|move|p1a: Gyarados|Bounce|p2a: Tyranitar|[still]","|-prepare|p1a: Gyarados|Bounce|p2a: Tyranitar","|","|-weather|Sandstorm|[upkeep]","|-damage|p1a: Gyarados|218/394|[from] sandstorm","|-heal|p1a: Gyarados|242/394|[from] item: Leftovers","|turn|27","|","|switch|p2a: Aggron|Aggron, M|344/344","|move|p1a: Gyarados|Bounce|p2a: Aggron|[from]lockedmove","|-resisted|p2a: Aggron","|-damage|p2a: Aggron|328/344","|","|-weather|Sandstorm|[upkeep]","|-damage|p1a: Gyarados|218/394|[from] sandstorm","|-heal|p1a: Gyarados|242/394|[from] item: Leftovers","|turn|28","|","|detailschange|p2a: Aggron|Aggron-Mega, M","|-mega|p2a: Aggron|Aggron|Aggronite","|move|p1a: Gyarados|Earthquake|p2a: Aggron","|-supereffective|p2a: Aggron","|-damage|p2a: Aggron|271/344","|move|p2a: Aggron|Heavy Slam|p1a: Gyarados","|-resisted|p1a: Gyarados","|-end|p1a: Gyarados|Substitute","|","|-weather|Sandstorm|[upkeep]","|-damage|p1a: Gyarados|218/394|[from] sandstorm","|-heal|p1a: Gyarados|242/394|[from] item: Leftovers","|turn|29","|","|switch|p1a: Ludicolo|Ludicolo, F|364/364","|-damage|p1a: Ludicolo|319/364|[from] Stealth Rock","|move|p2a: Aggron|Heavy Slam|p1a: Ludicolo","|-resisted|p1a: Ludicolo","|-damage|p1a: Ludicolo|177/364","|","|-weather|Sandstorm|[upkeep]","|-damage|p1a: Ludicolo|155/364|[from] sandstorm","|-heal|p1a: Ludicolo|177/364|[from] item: Leftovers","|turn|30","|","|move|p1a: Ludicolo|Synthesis|p1a: Ludicolo","|-heal|p1a: Ludicolo|268/364","|move|p2a: Aggron|Thunder Wave|p1a: Ludicolo","|-status|p1a: Ludicolo|par","|","|-weather|none","|-heal|p1a: Ludicolo|290/364 par|[from] item: Leftovers","|turn|31","|","|switch|p2a: Tyranitar|Tyranitar, M|57/341","|-weather|Sandstorm","|move|p1a: Ludicolo|Scald|p2a: Tyranitar","|-supereffective|p2a: Tyranitar","|-damage|p2a: Tyranitar|0 fnt","|faint|p2a: Tyranitar","|","|-weather|Sandstorm|[upkeep]","|-damage|p1a: Ludicolo|268/364 par|[from] sandstorm","|-heal|p1a: Ludicolo|290/364 par|[from] item: Leftovers","|","|switch|p2a: Terrakion|Terrakion|274/323","|turn|32","|","|switch|p1a: Vaporeon|Vaporeon, M|347/464","|-damage|p1a: Vaporeon|289/464|[from] Stealth Rock","|move|p2a: Terrakion|Close Combat|p1a: Vaporeon","|-damage|p1a: Vaporeon|97/464","|-unboost|p2a: Terrakion|def|1","|-unboost|p2a: Terrakion|spd|1","|","|-weather|Sandstorm|[upkeep]","|-damage|p1a: Vaporeon|68/464|[from] sandstorm","|-heal|p1a: Vaporeon|97/464|[from] item: Leftovers","|turn|33","|","|move|p1a: Vaporeon|Protect|p1a: Vaporeon","|-singleturn|p1a: Vaporeon|Protect","|move|p2a: Terrakion|Close Combat|p1a: Vaporeon","|-activate|p1a: Vaporeon|Protect","|","|-weather|Sandstorm|[upkeep]","|-damage|p1a: Vaporeon|68/464|[from] sandstorm","|-heal|p1a: Vaporeon|97/464|[from] item: Leftovers","|turn|34","|","|move|p1a: Vaporeon|Protect|p1a: Vaporeon","|-fail|p1a: Vaporeon","|move|p2a: Terrakion|Close Combat|p1a: Vaporeon","|-damage|p1a: Vaporeon|0 fnt","|-unboost|p2a: Terrakion|def|1","|-unboost|p2a: Terrakion|spd|1","|faint|p1a: Vaporeon","|","|-weather|Sandstorm|[upkeep]","|","|switch|p1a: Rotom-Wash|Rotom-Wash|236/304","|-damage|p1a: Rotom-Wash|198/304|[from] Stealth Rock","|turn|35","|","|move|p2a: Terrakion|Close Combat|p1a: Rotom-Wash","|-damage|p1a: Rotom-Wash|56/304","|-unboost|p2a: Terrakion|def|1","|-unboost|p2a: Terrakion|spd|1","|move|p1a: Rotom-Wash|Volt Switch|p2a: Terrakion","|-damage|p2a: Terrakion|127/323","|","|switch|p1a: Ludicolo|Ludicolo, F|290/364 par","|-damage|p1a: Ludicolo|245/364 par|[from] Stealth Rock","|","|-weather|none","|-heal|p1a: Ludicolo|267/364 par|[from] item: Leftovers","|turn|36","|","|move|p2a: Terrakion|Close Combat|p1a: Ludicolo","|-damage|p1a: Ludicolo|0 fnt","|-unboost|p2a: Terrakion|def|1","|-unboost|p2a: Terrakion|spd|1","|faint|p1a: Ludicolo","|","|","|switch|p1a: Lanturn|Lanturn, F|426/454 tox","|-damage|p1a: Lanturn|370/454 tox|[from] Stealth Rock","|turn|37","|","|switch|p2a: Cradily|Cradily, M|303/376 brn","|move|p1a: Lanturn|Volt Switch|p2a: Cradily","|-resisted|p2a: Cradily","|-damage|p2a: Cradily|270/376 brn","|","|switch|p1a: Gyarados|Gyarados, F|242/394","|-damage|p1a: Gyarados|144/394|[from] Stealth Rock","|","|-heal|p1a: Gyarados|168/394|[from] item: Leftovers","|-heal|p2a: Cradily|293/376 brn|[from] item: Leftovers","|-damage|p2a: Cradily|246/376 brn|[from] brn","|turn|38","|","|move|p1a: Gyarados|Substitute|p1a: Gyarados","|-start|p1a: Gyarados|Substitute","|-damage|p1a: Gyarados|70/394","|move|p2a: Cradily|Recover|p2a: Cradily","|-heal|p2a: Cradily|376/376 brn","|","|-heal|p1a: Gyarados|94/394|[from] item: Leftovers","|-damage|p2a: Cradily|329/376 brn|[from] brn","|turn|39","|","|switch|p2a: Aggron|Aggron-Mega, M|271/344","|move|p1a: Gyarados|Earthquake|p2a: Aggron","|-supereffective|p2a: Aggron","|-damage|p2a: Aggron|205/344","|","|-heal|p1a: Gyarados|118/394|[from] item: Leftovers","|turn|40","|","|move|p1a: Gyarados|Earthquake|p2a: Aggron","|-supereffective|p2a: Aggron","|-damage|p2a: Aggron|144/344","|move|p2a: Aggron|Heavy Slam|p1a: Gyarados","|-resisted|p1a: Gyarados","|-activate|p1a: Gyarados|Substitute|[damage]","|","|-heal|p1a: Gyarados|142/394|[from] item: Leftovers","|turn|41","|","|move|p1a: Gyarados|Bounce|p2a: Aggron|[still]","|-prepare|p1a: Gyarados|Bounce|p2a: Aggron","|move|p2a: Aggron|Heavy Slam|p1a: Gyarados|[miss]","|-miss|p2a: Aggron|p1a: Gyarados","|","|-heal|p1a: Gyarados|166/394|[from] item: Leftovers","|turn|42","|","|move|p1a: Gyarados|Bounce|p2a: Aggron|[from]lockedmove","|-resisted|p2a: Aggron","|-damage|p2a: Aggron|120/344","|move|p2a: Aggron|Heavy Slam|p1a: Gyarados","|-resisted|p1a: Gyarados","|-activate|p1a: Gyarados|Substitute|[damage]","|","|-heal|p1a: Gyarados|190/394|[from] item: Leftovers","|turn|43","|","|move|p1a: Gyarados|Earthquake|p2a: Aggron","|-supereffective|p2a: Aggron","|-damage|p2a: Aggron|63/344","|move|p2a: Aggron|Fire Punch|p1a: Gyarados","|-resisted|p1a: Gyarados","|-end|p1a: Gyarados|Substitute","|","|-heal|p1a: Gyarados|214/394|[from] item: Leftovers","|turn|44","|","|move|p1a: Gyarados|Substitute|p1a: Gyarados","|-start|p1a: Gyarados|Substitute","|-damage|p1a: Gyarados|116/394","|move|p2a: Aggron|Thunder Wave|p1a: Gyarados","|-fail|p1a: Gyarados","|","|-heal|p1a: Gyarados|140/394|[from] item: Leftovers","|turn|45","|","|move|p1a: Gyarados|Bounce|p2a: Aggron|[still]","|-prepare|p1a: Gyarados|Bounce|p2a: Aggron","|move|p2a: Aggron|Rest|p2a: Aggron","|-status|p2a: Aggron|slp","|-heal|p2a: Aggron|344/344 slp|[silent]","|-status|p2a: Aggron|slp|[from] move: Rest","|","|-heal|p1a: Gyarados|164/394|[from] item: Leftovers","|turn|46","|","|switch|p2a: Diancie|Diancie|288/304 par","|move|p1a: Gyarados|Bounce|p2a: Diancie|[from]lockedmove","|-resisted|p2a: Diancie","|-damage|p2a: Diancie|249/304 par","|","|-heal|p1a: Gyarados|188/394|[from] item: Leftovers","|-heal|p2a: Diancie|268/304 par|[from] item: Leftovers","|turn|47","|","|move|p1a: Gyarados|Earthquake|p2a: Diancie","|-supereffective|p2a: Diancie","|-damage|p2a: Diancie|152/304 par","|move|p2a: Diancie|Heal Bell|p2a: Diancie","|-cureteam|p2a: Diancie|[from] move: HealBell","|","|-heal|p1a: Gyarados|212/394|[from] item: Leftovers","|-heal|p2a: Diancie|171/304|[from] item: Leftovers","|turn|48","|","|move|p1a: Gyarados|Bounce|p2a: Diancie|[still]","|-prepare|p1a: Gyarados|Bounce|p2a: Diancie","|move|p2a: Diancie|Moonblast|p1a: Gyarados|[miss]","|-miss|p2a: Diancie|p1a: Gyarados","|","|-heal|p1a: Gyarados|236/394|[from] item: Leftovers","|-heal|p2a: Diancie|190/304|[from] item: Leftovers","|turn|49","|","|move|p1a: Gyarados|Bounce|p2a: Diancie|[from]lockedmove","|-resisted|p2a: Diancie","|-damage|p2a: Diancie|153/304","|move|p2a: Diancie|Moonblast|p1a: Gyarados","|-activate|p1a: Gyarados|Substitute|[damage]","|","|-heal|p1a: Gyarados|260/394|[from] item: Leftovers","|-heal|p2a: Diancie|172/304|[from] item: Leftovers","|turn|50","|","|move|p1a: Gyarados|Waterfall|p2a: Diancie","|-supereffective|p2a: Diancie","|-damage|p2a: Diancie|34/304","|move|p2a: Diancie|Moonblast|p1a: Gyarados","|-end|p1a: Gyarados|Substitute","|","|-heal|p1a: Gyarados|284/394|[from] item: Leftovers","|-heal|p2a: Diancie|53/304|[from] item: Leftovers","|turn|51","|","|move|p1a: Gyarados|Substitute|p1a: Gyarados","|-start|p1a: Gyarados|Substitute","|-damage|p1a: Gyarados|186/394","|move|p2a: Diancie|Moonblast|p1a: Gyarados","|-activate|p1a: Gyarados|Substitute|[damage]","|","|-heal|p1a: Gyarados|210/394|[from] item: Leftovers","|-heal|p2a: Diancie|72/304|[from] item: Leftovers","|turn|52","|","|switch|p2a: Aggron|Aggron-Mega, M|344/344","|move|p1a: Gyarados|Earthquake|p2a: Aggron","|-supereffective|p2a: Aggron","|-damage|p2a: Aggron|286/344","|","|-heal|p1a: Gyarados|234/394|[from] item: Leftovers","|turn|53","|","|move|p1a: Gyarados|Bounce|p2a: Aggron|[still]","|-prepare|p1a: Gyarados|Bounce|p2a: Aggron","|move|p2a: Aggron|Fire Punch|p1a: Gyarados|[miss]","|-miss|p2a: Aggron|p1a: Gyarados","|","|-heal|p1a: Gyarados|258/394|[from] item: Leftovers","|turn|54","|","|move|p1a: Gyarados|Bounce|p2a: Aggron|[from]lockedmove","|-resisted|p2a: Aggron","|-damage|p2a: Aggron|262/344","|move|p2a: Aggron|Fire Punch|p1a: Gyarados","|-resisted|p1a: Gyarados","|-end|p1a: Gyarados|Substitute","|","|-heal|p1a: Gyarados|282/394|[from] item: Leftovers","|turn|55","|","|move|p1a: Gyarados|Substitute|p1a: Gyarados","|-start|p1a: Gyarados|Substitute","|-damage|p1a: Gyarados|184/394","|move|p2a: Aggron|Fire Punch|p1a: Gyarados","|-resisted|p1a: Gyarados","|-activate|p1a: Gyarados|Substitute|[damage]","|","|-heal|p1a: Gyarados|208/394|[from] item: Leftovers","|turn|56","|","|move|p1a: Gyarados|Waterfall|p2a: Aggron","|-damage|p2a: Aggron|213/344","|move|p2a: Aggron|Fire Punch|p1a: Gyarados","|-resisted|p1a: Gyarados","|-end|p1a: Gyarados|Substitute","|","|-heal|p1a: Gyarados|232/394|[from] item: Leftovers","|turn|57","|","|move|p1a: Gyarados|Substitute|p1a: Gyarados","|-start|p1a: Gyarados|Substitute","|-damage|p1a: Gyarados|134/394","|move|p2a: Aggron|Fire Punch|p1a: Gyarados","|-resisted|p1a: Gyarados","|-activate|p1a: Gyarados|Substitute|[damage]","|","|-heal|p1a: Gyarados|158/394|[from] item: Leftovers","|turn|58","|","|move|p1a: Gyarados|Waterfall|p2a: Aggron","|-damage|p2a: Aggron|167/344","|move|p2a: Aggron|Fire Punch|p1a: Gyarados","|-resisted|p1a: Gyarados","|-end|p1a: Gyarados|Substitute","|","|-heal|p1a: Gyarados|182/394|[from] item: Leftovers","|turn|59","|","|move|p1a: Gyarados|Earthquake|p2a: Aggron","|-supereffective|p2a: Aggron","|-damage|p2a: Aggron|112/344","|move|p2a: Aggron|Fire Punch|p1a: Gyarados","|-resisted|p1a: Gyarados","|-damage|p1a: Gyarados|128/394","|","|-heal|p1a: Gyarados|152/394|[from] item: Leftovers","|turn|60","|","|move|p1a: Gyarados|Substitute|p1a: Gyarados","|-start|p1a: Gyarados|Substitute","|-damage|p1a: Gyarados|54/394","|move|p2a: Aggron|Fire Punch|p1a: Gyarados","|-resisted|p1a: Gyarados","|-activate|p1a: Gyarados|Substitute|[damage]","|","|-heal|p1a: Gyarados|78/394|[from] item: Leftovers","|turn|61","|","|move|p1a: Gyarados|Waterfall|p2a: Aggron","|-damage|p2a: Aggron|64/344","|move|p2a: Aggron|Fire Punch|p1a: Gyarados","|-resisted|p1a: Gyarados","|-end|p1a: Gyarados|Substitute","|","|-heal|p1a: Gyarados|102/394|[from] item: Leftovers","|turn|62","|","|move|p1a: Gyarados|Waterfall|p2a: Aggron","|-damage|p2a: Aggron|18/344","|cant|p2a: Aggron|flinch","|","|-heal|p1a: Gyarados|126/394|[from] item: Leftovers","|turn|63","|","|move|p1a: Gyarados|Earthquake|p2a: Aggron","|-supereffective|p2a: Aggron","|-damage|p2a: Aggron|0 fnt","|faint|p2a: Aggron","|-boost|p1a: Gyarados|atk|1|[from] ability: Moxie","|","|-heal|p1a: Gyarados|150/394|[from] item: Leftovers","|","|switch|p2a: Archeops|Archeops, F|173/291","|turn|64","|","|switch|p1a: Rotom-Wash|Rotom-Wash|56/304","|-damage|p1a: Rotom-Wash|18/304|[from] Stealth Rock","|move|p2a: Archeops|Acrobatics|p1a: Rotom-Wash","|-resisted|p1a: Rotom-Wash","|-damage|p1a: Rotom-Wash|0 fnt","|faint|p1a: Rotom-Wash","|","|","|switch|p1a: Lanturn|Lanturn, F|370/454 tox","|-damage|p1a: Lanturn|314/454 tox|[from] Stealth Rock","|turn|65","|","|move|p2a: Archeops|Earthquake|p1a: Lanturn","|-supereffective|p1a: Lanturn","|-damage|p1a: Lanturn|0 fnt","|faint|p1a: Lanturn","|","|","|switch|p1a: Gyarados|Gyarados, F|150/394","|-damage|p1a: Gyarados|52/394|[from] Stealth Rock","|turn|66","|","|move|p2a: Archeops|Acrobatics|p1a: Gyarados","|-damage|p1a: Gyarados|0 fnt","|faint|p1a: Gyarados","|","|win|xSirSkit"],"p1rating":{"entryid":7441571,"formatid":"monotype","userid":"dannymcq","username":"dannymcq","r":1500,"rd":130,"sigma":0,"rpr":1459.8393856612,"rprd":122.8583080769,"rpsigma":0,"rptime":1438851600,"w":0,"l":1,"t":0,"gxe":45,"acre":1000,"lacre":1000,"oldacre":1000},"p2rating":{"entryid":"7390425","serverid":"eos","formatid":"monotype","userid":"xsirskit","username":"xSirSkit","w":1,"l":"2","t":"0","gxe":45.5,"r":1424.5493354502,"rd":116.19100345364,"sigma":"0","rptime":1438851600,"rpr":1463.9656760141,"rprd":111.19795369756,"rpsigma":"0","acre":1040,"lacre":1040,"oldacre":"1000"},"endType":"normal"}