{"seed":[39905,45072,20870,16093],"turns":42,"p1":"Alliance Tsarina","p2":"Guard Wanderer","p1team":[{"name":"Chansey","species":"Chansey","item":"eviolite","ability":"Natural Cure","moves":["softboiled","toxic","stealthrock","aromatherapy"],"nature":"","evs":{"hp":0,"atk":0,"def":0,"spa":0,"spd":0,"spe":0},"ivs":{"hp":31,"atk":31,"def":31,"spa":31,"spd":31,"spe":31}},{"name":"Staraptor","species":"Staraptor","item":"leftovers","ability":"Intimidate","moves":["roost","bravebird","defog","closecombat"],"nature":"Adamant","evs":{"hp":252,"atk":252,"def":0,"spa":0,"spd":4,"spe":0},"ivs":{"hp":31,"atk":31,"def":31,"spa":31,"spd":31,"spe":31}},{"name":"Porygon2","species":"Porygon2","item":"eviolite","ability":"Analytic","moves":["recover","discharge","triattack","foulplay"],"nature":"Calm","evs":{"hp":248,"atk":0,"def":0,"spa":8,"spd":252,"spe":0},"ivs":{"hp":31,"atk":31,"def":31,"spa":31,"spd":31,"spe":31}},{"name":"Snorlax","species":"Snorlax","item":"leftovers","ability":"Immunity","moves":["curse","rest","sleeptalk","lastresort"],"nature":"Careful","evs":{"hp":252,"atk":4,"def":236,"spa":0,"spd":16,"spe":0},"ivs":{"hp":31,"atk":31,"def":31,"spa":31,"spd":31,"spe":31}},{"name":"Meloetta","species":"Meloetta","item":"choicespecs","ability":"Serene Grace","moves":["hyperbeam","psyshock","energyball","shadowball"],"nature":"Modest","evs":{"hp":4,"atk":0,"def":0,"spa":252,"spd":0,"spe":252},"ivs":{"hp":31,"atk":31,"def":31,"spa":31,"spd":31,"spe":31}},{"name":"Lopunny","species":"Lopunny","item":"lopunnite","ability":"Cute Charm","moves":["fakeout","drainpunch","return","thunderpunch"],"nature":"Jolly","evs":{"hp":0,"atk":252,"def":0,"spa":0,"spd":4,"spe":252},"ivs":{"hp":31,"atk":31,"def":31,"spa":31,"spd":31,"spe":31}}],"p2team":[{"name":"Weezing","species":"Weezing","item":"sitrusberry","ability":"Levitate","moves":["toxicspikes","willowisp","memento","thief"],"nature":"Careful","evs":{"hp":248,"atk":8,"def":0,"spa":0,"spd":252,"spe":0},"ivs":{"hp":31,"atk":31,"def":31,"spa":31,"spd":31,"spe":31}},{"name":"Tentacruel","species":"Tentacruel","item":"assaultvest","ability":"Liquid Ooze","moves":["scald","acidspray","gigadrain","hex"],"nature":"Timid","evs":{"hp":0,"atk":0,"def":4,"spa":252,"spd":0,"spe":252},"ivs":{"hp":31,"atk":31,"def":31,"spa":31,"spd":31,"spe":31}},{"name":"Skuntank","species":"Skuntank","item":"","ability":"Stench","moves":["snatch","thief","suckerpunch","poisonjab"],"nature":"Adamant","evs":{"hp":248,"atk":252,"def":0,"spa":0,"spd":8,"spe":0},"ivs":{"hp":31,"atk":31,"def":31,"spa":31,"spd":31,"spe":31}},{"name":"Crobat","species":"Crobat","item":"whiteherb","ability":"Infiltrator","moves":["curse","acrobatics","roost","hypnosis"],"nature":"Jolly","evs":{"hp":248,"atk":8,"def":0,"spa":0,"spd":0,"spe":252},"ivs":{"hp":31,"atk":31,"def":31,"spa":31,"spd":31,"spe":31}},{"name":"Gengar","species":"Gengar","item":"choicescarf","ability":"Levitate","moves":["trick","destinybond","venoshock","hex"],"nature":"Timid","evs":{"hp":0,"atk":0,"def":0,"spa":252,"spd":4,"spe":252},"ivs":{"hp":31,"atk":31,"def":31,"spa":31,"spd":31,"spe":31}},{"name":"Amoonguss","species":"Amoonguss","item":"blacksludge","ability":"Regenerator","moves":["spore","gigadrain","gastroacid","stunspore"],"nature":"Calm","evs":{"hp":248,"atk":0,"def":0,"spa":8,"spd":252,"spe":0},"shiny":true,"ivs":{"hp":31,"atk":31,"def":31,"spa":31,"spd":31,"spe":31}}],"log":["|player|p1|Alliance Tsarina|34","|player|p2|Guard Wanderer|235","|gametype|singles","|gen|6","|tier|Monotype","|rated","|rule|Baton Pass Clause: Limit one Baton Passer, can't pass Spe and other stats simultaneously","|rule|Swagger Clause: Swagger is banned","|rule|Same Type Clause: Pokémon in a team must share a type","|clearpoke","|poke|p1|Chansey, F","|poke|p1|Staraptor, M","|poke|p1|Porygon2","|poke|p1|Snorlax, F","|poke|p1|Meloetta","|poke|p1|Lopunny, M","|poke|p2|Weezing, F","|poke|p2|Tentacruel, M","|poke|p2|Skuntank, M","|poke|p2|Crobat, M","|poke|p2|Gengar, F","|poke|p2|Amoonguss, F, shiny","|rule|Sleep Clause Mod: Limit one foe put to sleep","|rule|Species Clause: Limit one of each Pokémon","|rule|OHKO Clause: OHKO moves are banned","|rule|Moody Clause: Moody is banned","|rule|Evasion Moves Clause: Evasion moves are banned","|rule|Endless Battle Clause: Forcing endless battles is banned","|rule|HP Percentage Mod: HP is shown in percentages","|teampreview","|","|start","|switch|p1a: Lopunny|Lopunny, M|271/271","|switch|p2a: Weezing|Weezing, F|333/333","|turn|1","|","|detailschange|p1a: Lopunny|Lopunny-Mega, M","|-mega|p1a: Lopunny|Lopunny|Lopunnite","|move|p1a: Lopunny|Fake Out|p2a: Weezing","|-damage|p2a: Weezing|269/333","|cant|p2a: Weezing|flinch","|","|turn|2","|","|switch|p1a: Chansey|Chansey, F|641/641","|move|p2a: Weezing|Will-O-Wisp|p1a: Chansey","|-status|p1a: Chansey|brn","|","|-damage|p1a: Chansey|561/641 brn|[from] brn","|turn|3","|","|move|p2a: Weezing|Toxic Spikes|p1a: Chansey","|-sidestart|p1: Alliance Tsarina|move: Toxic Spikes","|move|p1a: Chansey|Stealth Rock|p2a: Weezing","|-sidestart|p2: Guard Wanderer|move: Stealth Rock","|","|-damage|p1a: Chansey|481/641 brn|[from] brn","|turn|4","|","|switch|p1a: Staraptor|Staraptor, M|374/374","|-ability|p1a: Staraptor|Intimidate","|-unboost|p2a: Weezing|atk|1","|move|p2a: Weezing|Toxic Spikes|p1a: Staraptor","|-sidestart|p1: Alliance Tsarina|move: Toxic Spikes","|","|turn|5","|","|switch|p1a: Snorlax|Snorlax, F|524/524","|move|p2a: Weezing|Will-O-Wisp|p1a: Snorlax","|-status|p1a: Snorlax|brn","|","|-damage|p1a: Snorlax|459/524 brn|[from] brn","|turn|6","|","|move|p2a: Weezing|Will-O-Wisp|p1a: Snorlax","|-fail|p1a: Snorlax|brn","|move|p1a: Snorlax|Curse|p1a: Snorlax","|-unboost|p1a: Snorlax|spe|1","|-boost|p1a: Snorlax|atk|1","|-boost|p1a: Snorlax|def|1","|","|-heal|p1a: Snorlax|491/524 brn|[from] item: Leftovers","|-damage|p1a: Snorlax|426/524 brn|[from] brn","|turn|7","|","|switch|p2a: Tentacruel|Tentacruel, M|301/301","|-damage|p2a: Tentacruel|264/301|[from] Stealth Rock","|move|p1a: Snorlax|Curse|p1a: Snorlax","|-unboost|p1a: Snorlax|spe|1","|-boost|p1a: Snorlax|atk|1","|-boost|p1a: Snorlax|def|1","|","|-heal|p1a: Snorlax|458/524 brn|[from] item: Leftovers","|-damage|p1a: Snorlax|393/524 brn|[from] brn","|turn|8","|","|move|p2a: Tentacruel|Acid Spray|p1a: Snorlax","|-damage|p1a: Snorlax|347/524 brn","|-unboost|p1a: Snorlax|spd|2","|move|p1a: Snorlax|Rest|p1a: Snorlax","|-status|p1a: Snorlax|slp","|-heal|p1a: Snorlax|524/524 slp|[silent]","|-status|p1a: Snorlax|slp|[from] move: Rest","|","|turn|9","|","|move|p2a: Tentacruel|Acid Spray|p1a: Snorlax","|-damage|p1a: Snorlax|434/524 slp","|-unboost|p1a: Snorlax|spd|2","|cant|p1a: Snorlax|slp","|move|p1a: Snorlax|Sleep Talk|p1a: Snorlax","|move|p1a: Snorlax|Curse|p1a: Snorlax|[from]Sleep Talk","|-unboost|p1a: Snorlax|spe|1","|-boost|p1a: Snorlax|atk|1","|-boost|p1a: Snorlax|def|1","|","|-heal|p1a: Snorlax|466/524 slp|[from] item: Leftovers","|turn|10","|","|move|p2a: Tentacruel|Scald|p1a: Snorlax","|-damage|p1a: Snorlax|214/524 slp","|cant|p1a: Snorlax|slp","|move|p1a: Snorlax|Sleep Talk|p1a: Snorlax","|move|p1a: Snorlax|Rest|p1a: Snorlax|[from]Sleep Talk","|-fail|p1a: Snorlax","|","|-heal|p1a: Snorlax|246/524 slp|[from] item: Leftovers","|turn|11","|","|switch|p1a: Staraptor|Staraptor, M|374/374","|-ability|p1a: Staraptor|Intimidate","|-unboost|p2a: Tentacruel|atk|1","|move|p2a: Tentacruel|Scald|p1a: Staraptor","|-damage|p1a: Staraptor|218/374","|","|-heal|p1a: Staraptor|241/374|[from] item: Leftovers","|turn|12","|","|move|p2a: Tentacruel|Scald|p1a: Staraptor","|-damage|p1a: Staraptor|73/374","|-status|p1a: Staraptor|brn","|move|p1a: Staraptor|Defog|p2a: Tentacruel","|-unboost|p2a: Tentacruel|evasion|1","|-sideend|p2: Guard Wanderer|Stealth Rock|[from] move: Defog|[of] p2a: Tentacruel","|-sideend|p1: Alliance Tsarina|Toxic Spikes|[from] move: Defog|[of] p1a: Staraptor","|","|-heal|p1a: Staraptor|96/374 brn|[from] item: Leftovers","|-damage|p1a: Staraptor|50/374 brn|[from] brn","|turn|13","|","|switch|p1a: Porygon2|Porygon2|373/373","|move|p2a: Tentacruel|Acid Spray|p1a: Porygon2","|-damage|p1a: Porygon2|348/373","|-unboost|p1a: Porygon2|spd|2","|","|turn|14","|","|move|p2a: Tentacruel|Scald|p1a: Porygon2","|-damage|p1a: Porygon2|248/373","|move|p1a: Porygon2|Discharge|p2a: Tentacruel","|-supereffective|p2a: Tentacruel","|-damage|p2a: Tentacruel|168/301","|","|turn|15","|","|switch|p2a: Amoonguss|Amoonguss, F, shiny|431/431","|move|p1a: Porygon2|Discharge|p2a: Amoonguss","|-resisted|p2a: Amoonguss","|-damage|p2a: Amoonguss|392/431","|-status|p2a: Amoonguss|par","|","|-heal|p2a: Amoonguss|418/431 par|[from] item: Black Sludge","|turn|16","|","|switch|p1a: Meloetta|Meloetta|342/342","|cant|p2a: Amoonguss|par","|","|-heal|p2a: Amoonguss|431/431 par|[from] item: Black Sludge","|turn|17","|","|switch|p2a: Skuntank|Skuntank, M|409/409","|move|p1a: Meloetta|Psyshock|p2a: Skuntank","|-immune|p2a: Skuntank|[msg]","|","|turn|18","|","|switch|p1a: Lopunny|Lopunny-Mega, M|271/271","|move|p2a: Skuntank|Thief|p1a: Lopunny","|-resisted|p1a: Lopunny","|-damage|p1a: Lopunny|225/271","|","|turn|19","|","|switch|p2a: Crobat|Crobat, M|373/373","|move|p1a: Lopunny|Thunder Punch|p2a: Crobat","|-supereffective|p2a: Crobat","|-damage|p2a: Crobat|161/373","|","|turn|20","|","|switch|p2a: Amoonguss|Amoonguss, F, shiny|431/431 par","|move|p1a: Lopunny|Thunder Punch|p2a: Amoonguss","|-resisted|p2a: Amoonguss","|-damage|p2a: Amoonguss|373/431 par","|","|-heal|p2a: Amoonguss|399/431 par|[from] item: Black Sludge","|turn|21","|","|switch|p1a: Chansey|Chansey, F|481/641","|move|p2a: Amoonguss|Spore|p1a: Chansey","|-status|p1a: Chansey|slp","|","|-heal|p2a: Amoonguss|425/431 par|[from] item: Black Sludge","|turn|22","|","|switch|p1a: Meloetta|Meloetta|342/342","|switch|p2a: Skuntank|Skuntank, M|409/409","|","|turn|23","|","|move|p2a: Skuntank|Sucker Punch|p1a: Meloetta","|-supereffective|p1a: Meloetta","|-damage|p1a: Meloetta|54/342","|move|p1a: Meloetta|Hyper Beam|p2a: Skuntank","|-damage|p2a: Skuntank|0 fnt","|faint|p2a: Skuntank","|","|","|switch|p2a: Crobat|Crobat, M|161/373","|turn|24","|-mustrecharge|p1a: Meloetta","|-mustrecharge|p1a: Meloetta","|","|move|p2a: Crobat|Curse|p2a: Crobat","|-unboost|p2a: Crobat|spe|1","|-boost|p2a: Crobat|atk|1","|-boost|p2a: Crobat|def|1","|-enditem|p2a: Crobat|White Herb","|-restoreboost|p2a: Crobat|[silent]","|cant|p1a: Meloetta|recharge","|","|turn|25","|","|switch|p1a: Staraptor|Staraptor, M|50/374 brn","|-ability|p1a: Staraptor|Intimidate","|-unboost|p2a: Crobat|atk|1","|move|p2a: Crobat|Acrobatics|p1a: Staraptor","|-damage|p1a: Staraptor|0 fnt","|faint|p1a: Staraptor","|","|","|switch|p1a: Lopunny|Lopunny-Mega, M|225/271","|turn|26","|","|move|p1a: Lopunny|Fake Out|p2a: Crobat","|-damage|p2a: Crobat|104/373","|cant|p2a: Crobat|flinch","|","|turn|27","|","|move|p1a: Lopunny|Thunder Punch|p2a: Crobat","|-supereffective|p2a: Crobat","|-damage|p2a: Crobat|0 fnt","|faint|p2a: Crobat","|","|","|switch|p2a: Weezing|Weezing, F|269/333","|turn|28","|","|switch|p1a: Snorlax|Snorlax, F|246/524 slp","|move|p2a: Weezing|Toxic Spikes|p1a: Snorlax","|-sidestart|p1: Alliance Tsarina|move: Toxic Spikes","|","|-heal|p1a: Snorlax|278/524 slp|[from] item: Leftovers","|turn|29","|","|move|p2a: Weezing|Toxic Spikes|p1a: Snorlax","|-sidestart|p1: Alliance Tsarina|move: Toxic Spikes","|-curestatus|p1a: Snorlax|slp","|move|p1a: Snorlax|Curse|p1a: Snorlax","|-unboost|p1a: Snorlax|spe|1","|-boost|p1a: Snorlax|atk|1","|-boost|p1a: Snorlax|def|1","|","|-heal|p1a: Snorlax|310/524|[from] item: Leftovers","|turn|30","|","|move|p2a: Weezing|Will-O-Wisp|p1a: Snorlax","|-status|p1a: Snorlax|brn","|move|p1a: Snorlax|Rest|p1a: Snorlax","|-status|p1a: Snorlax|slp","|-heal|p1a: Snorlax|524/524 slp|[silent]","|-status|p1a: Snorlax|slp|[from] move: Rest","|","|turn|31","|","|switch|p2a: Tentacruel|Tentacruel, M|168/301","|cant|p1a: Snorlax|slp","|move|p1a: Snorlax|Sleep Talk|p1a: Snorlax","|move|p1a: Snorlax|Curse|p1a: Snorlax|[from]Sleep Talk","|-unboost|p1a: Snorlax|spe|1","|-boost|p1a: Snorlax|atk|1","|-boost|p1a: Snorlax|def|1","|","|turn|32","|","|move|p2a: Tentacruel|Acid Spray|p1a: Snorlax","|-damage|p1a: Snorlax|482/524 slp","|-unboost|p1a: Snorlax|spd|2","|cant|p1a: Snorlax|slp","|move|p1a: Snorlax|Sleep Talk|p1a: Snorlax","|move|p1a: Snorlax|Curse|p1a: Snorlax|[from]Sleep Talk","|-unboost|p1a: Snorlax|spe|1","|-boost|p1a: Snorlax|atk|1","|-boost|p1a: Snorlax|def|1","|","|-heal|p1a: Snorlax|514/524 slp|[from] item: Leftovers","|turn|33","|","|move|p2a: Tentacruel|Acid Spray|p1a: Snorlax","|-damage|p1a: Snorlax|432/524 slp","|-unboost|p1a: Snorlax|spd|2","|-curestatus|p1a: Snorlax|slp","|move|p1a: Snorlax|Last Resort|p2a: Tentacruel","|-damage|p2a: Tentacruel|0 fnt","|faint|p2a: Tentacruel","|","|-heal|p1a: Snorlax|464/524|[from] item: Leftovers","|","|switch|p2a: Gengar|Gengar, F|261/261","|turn|34","|","|switch|p1a: Chansey|Chansey, F|481/641","|-status|p1a: Chansey|tox","|move|p2a: Gengar|Trick|p1a: Chansey","|-activate|p2a: Gengar|move: Trick|[of] p1a: Chansey","|-item|p1a: Chansey|Choice Scarf|[from] move: Trick","|-item|p2a: Gengar|Eviolite|[from] move: Trick","|","|-damage|p1a: Chansey|441/641 tox|[from] psn","|turn|35","|","|switch|p2a: Weezing|Weezing, F|269/333","|move|p1a: Chansey|Stealth Rock|p2a: Weezing","|-sidestart|p2: Guard Wanderer|move: Stealth Rock","|","|-damage|p1a: Chansey|361/641 tox|[from] psn","|turn|36","|","|switch|p1a: Snorlax|Snorlax, F|464/524","|move|p2a: Weezing|Thief|p1a: Snorlax","|-damage|p1a: Snorlax|419/524","|","|-heal|p1a: Snorlax|451/524|[from] item: Leftovers","|turn|37","|","|switch|p1a: Meloetta|Meloetta|54/342","|-status|p1a: Meloetta|tox","|move|p2a: Weezing|Will-O-Wisp|p1a: Meloetta|[miss]","|-miss|p2a: Weezing|p1a: Meloetta","|","|-damage|p1a: Meloetta|33/342 tox|[from] psn","|turn|38","|","|switch|p2a: Amoonguss|Amoonguss, F, shiny|431/431 par","|-damage|p2a: Amoonguss|378/431 par|[from] Stealth Rock","|move|p1a: Meloetta|Psyshock|p2a: Amoonguss","|-supereffective|p2a: Amoonguss","|-damage|p2a: Amoonguss|0 fnt","|faint|p2a: Amoonguss","|","|-damage|p1a: Meloetta|0 fnt|[from] psn","|faint|p1a: Meloetta","|","|switch|p1a: Lopunny|Lopunny-Mega, M|225/271","|switch|p2a: Weezing|Weezing, F|269/333","|-status|p1a: Lopunny|tox","|-damage|p2a: Weezing|228/333|[from] Stealth Rock","|turn|39","|","|move|p1a: Lopunny|Fake Out|p2a: Weezing","|-damage|p2a: Weezing|167/333","|cant|p2a: Weezing|flinch","|","|-damage|p1a: Lopunny|209/271 tox|[from] psn","|turn|40","|","|move|p1a: Lopunny|Return|p2a: Weezing","|-damage|p2a: Weezing|0 fnt","|faint|p2a: Weezing","|","|-damage|p1a: Lopunny|177/271 tox|[from] psn","|","|switch|p2a: Gengar|Gengar, F|261/261","|-damage|p2a: Gengar|229/261|[from] Stealth Rock","|turn|41","|","|move|p1a: Lopunny|Thunder Punch|p2a: Gengar","|-damage|p2a: Gengar|92/261","|move|p2a: Gengar|Venoshock|p1a: Lopunny","|-damage|p1a: Lopunny|0 fnt","|faint|p1a: Lopunny","|","|","|switch|p1a: Porygon2|Porygon2|248/373","|-status|p1a: Porygon2|tox","|turn|42","|","|move|p2a: Gengar|Venoshock|p1a: Porygon2","|-damage|p1a: Porygon2|137/373 tox","|move|p1a: Porygon2|Discharge|p2a: Gengar","|-damage|p2a: Gengar|0 fnt","|faint|p2a: Gengar","|","|win|Alliance Tsarina"],"p1rating":{"entryid":7430906,"formatid":"monotype","userid":"alliancetsarina","username":"Alliance Tsarina","r":1500,"rd":130,"sigma":0,"rpr":1532.7734227853,"rprd":122.23687796164,"rpsigma":0,"rptime":1438765200,"w":1,"l":0,"t":0,"gxe":54.1,"acre":1054.6972565526,"lacre":1054.6972565526,"oldacre":1000},"p2rating":{"entryid":"6731189","serverid":"eos","formatid":"monotype","userid":"guardwanderer","username":"Guard Wanderer","w":"82","l":119,"t":"0","gxe":39.4,"r":"1416.6716065611","rd":"31.012894024758","sigma":"0","rptime":"1438765200","rpr":1418.634239453,"rprd":28.815116245226,"rpsigma":"0","acre":1099.7333874272,"lacre":1099.7333874272,"oldacre":"1133.9191727726"},"endType":"normal"}