{"seed":[48648,23253,45745,58724],"turns":22,"p1":"IV Tyrant","p2":"Sovereign♕Cactus","p1team":[{"name":"FEAR","species":"sableye","item":"sablenite","ability":"Prankster","moves":["calmmind","recover","willowisp","snarl"],"nature":"Bold","evs":{"hp":252,"atk":0,"def":196,"spa":0,"spd":60,"spe":0},"gender":"M","shiny":true,"ivs":{"hp":31,"atk":31,"def":31,"spa":31,"spd":31,"spe":31}},{"name":"TyranitarTube","species":"tyranitar","item":"leftovers","ability":"Sand Stream","moves":["stoneedge","fireblast","stealthrock","thunderwave"],"nature":"Brave","evs":{"hp":252,"atk":56,"def":0,"spa":0,"spd":200,"spe":0},"gender":"M","shiny":true,"ivs":{"hp":31,"atk":31,"def":31,"spa":31,"spd":31,"spe":31}},{"name":"LMFAO","species":"hoopaunbound","item":"choicescarf","ability":"Magician","moves":["hyperspacefury","hyperspacehole","gunkshot","energyball"],"nature":"Hasty","evs":{"hp":0,"atk":180,"def":0,"spa":76,"spd":0,"spe":252},"ivs":{"hp":31,"atk":31,"def":31,"spa":31,"spd":31,"spe":31}},{"name":"MyNiggaCraw","species":"crawdaunt","item":"lifeorb","ability":"Adaptability","moves":["knockoff","aquajet","swordsdance","crabhammer"],"nature":"Adamant","evs":{"hp":0,"atk":252,"def":0,"spa":0,"spd":4,"spe":252},"gender":"M","shiny":true,"ivs":{"hp":31,"atk":31,"def":31,"spa":31,"spd":31,"spe":31}},{"name":"Mandi","species":"mandibuzz","item":"rockyhelmet","ability":"Overcoat","moves":["bravebird","foulplay","roost","defog"],"nature":"Impish","evs":{"hp":248,"atk":8,"def":252,"spa":0,"spd":0,"spe":0},"shiny":true,"ivs":{"hp":31,"atk":31,"def":31,"spa":31,"spd":31,"spe":31}},{"name":"Bladedge","species":"bisharp","item":"lumberry","ability":"Defiant","moves":["swordsdance","knockoff","ironhead","suckerpunch"],"nature":"Adamant","evs":{"hp":0,"atk":252,"def":0,"spa":0,"spd":4,"spe":252},"gender":"M","shiny":true,"ivs":{"hp":31,"atk":31,"def":31,"spa":31,"spd":31,"spe":31}}],"p2team":[{"name":"Suck A Lollipop","species":"rotomwash","item":"leftovers","ability":"Levitate","moves":["hydropump","voltswitch","willowisp","shadowball"],"nature":"Calm","evs":{"hp":252,"atk":0,"def":0,"spa":4,"spd":252,"spe":0},"ivs":{"hp":31,"atk":31,"def":31,"spa":31,"spd":31,"spe":31}},{"name":"Butters The Doge","species":"azumarill","item":"choiceband","ability":"Sap Sipper","moves":["aquajet","icepunch","knockoff","playrough"],"nature":"Adamant","evs":{"hp":248,"atk":252,"def":0,"spa":0,"spd":8,"spe":0},"gender":"M","shiny":true,"ivs":{"hp":31,"atk":31,"def":31,"spa":31,"spd":31,"spe":31}},{"name":"Twin Balls","species":"lanturn","item":"leftovers","ability":"Volt Absorb","moves":["toxic","healbell","voltswitch","scald"],"nature":"Modest","evs":{"hp":108,"atk":0,"def":0,"spa":148,"spd":252,"spe":0},"shiny":true,"ivs":{"hp":31,"atk":31,"def":31,"spa":31,"spd":31,"spe":31}},{"name":"Scrotum Sweeper","species":"manaphy","item":"salacberry","ability":"Hydration","moves":["tailglow","icebeam","rest","surf"],"nature":"Modest","evs":{"hp":248,"atk":0,"def":0,"spa":252,"spd":8,"spe":0},"shiny":true,"ivs":{"hp":31,"atk":31,"def":31,"spa":31,"spd":31,"spe":31}},{"name":"Cotton The Hype","species":"politoed","item":"ejectbutton","ability":"Drizzle","moves":["perishsong","toxic","scald","protect"],"nature":"Bold","evs":{"hp":248,"atk":0,"def":252,"spa":0,"spd":8,"spe":0},"gender":"F","shiny":true,"ivs":{"hp":31,"atk":31,"def":31,"spa":31,"spd":31,"spe":31}},{"name":"Anti Lawn Mowing","species":"ludicolo","item":"lifeorb","ability":"Swift Swim","moves":["energyball","icebeam","focusblast","surf"],"nature":"Modest","evs":{"hp":0,"atk":0,"def":0,"spa":252,"spd":4,"spe":252},"shiny":true,"ivs":{"hp":31,"atk":31,"def":31,"spa":31,"spd":31,"spe":31}}],"log":["|player|p1|IV Tyrant|238","|player|p2|Sovereign♕Cactus|251","|gametype|singles","|gen|6","|tier|Monotype","|rated","|rule|Baton Pass Clause: Limit one Baton Passer, can't pass Spe and other stats simultaneously","|rule|Swagger Clause: Swagger is banned","|rule|Same Type Clause: Pokémon in a team must share a type","|clearpoke","|poke|p1|Sableye, M, shiny","|poke|p1|Tyranitar, M, shiny","|poke|p1|Hoopa-Unbound","|poke|p1|Crawdaunt, M, shiny","|poke|p1|Mandibuzz, F, shiny","|poke|p1|Bisharp, M, shiny","|poke|p2|Rotom-Wash","|poke|p2|Azumarill, M, shiny","|poke|p2|Lanturn, F, shiny","|poke|p2|Manaphy, shiny","|poke|p2|Politoed, F, shiny","|poke|p2|Ludicolo, F, shiny","|rule|Sleep Clause Mod: Limit one foe put to sleep","|rule|Species Clause: Limit one of each Pokémon","|rule|OHKO Clause: OHKO moves are banned","|rule|Moody Clause: Moody is banned","|rule|Evasion Moves Clause: Evasion moves are banned","|rule|Endless Battle Clause: Forcing endless battles is banned","|rule|HP Percentage Mod: HP is shown in percentages","|teampreview","|","|start","|switch|p1a: TyranitarTube|Tyranitar, M, shiny|404/404","|switch|p2a: Suck A Lollipop|Rotom-Wash|304/304","|-weather|Sandstorm","|turn|1","|","|move|p2a: Suck A Lollipop|Will-O-Wisp|p1a: TyranitarTube","|-status|p1a: TyranitarTube|brn","|move|p1a: TyranitarTube|Stealth Rock|p2a: Suck A Lollipop","|-sidestart|p2: Sovereign♕Cactus|move: Stealth Rock","|","|-weather|Sandstorm|[upkeep]","|-damage|p2a: Suck A Lollipop|285/304|[from] sandstorm","|-heal|p2a: Suck A Lollipop|304/304|[from] item: Leftovers","|-damage|p1a: TyranitarTube|354/404 brn|[from] brn","|turn|2","|","|switch|p2a: Cotton The Hype|Politoed, F, shiny|383/383","|-damage|p2a: Cotton The Hype|336/383|[from] Stealth Rock","|-weather|RainDance","|move|p1a: TyranitarTube|Stone Edge|p2a: Cotton The Hype","|-crit|p2a: Cotton The Hype","|-damage|p2a: Cotton The Hype|214/383","|-enditem|p2a: Cotton The Hype|Eject Button","|","|switch|p2a: Scrotum Sweeper|Manaphy, shiny|403/403","|-damage|p2a: Scrotum Sweeper|353/403|[from] Stealth Rock","|","|-weather|RainDance|[upkeep]","|-heal|p1a: TyranitarTube|379/404 brn|[from] item: Leftovers","|-damage|p1a: TyranitarTube|329/404 brn|[from] brn","|turn|3","|","|switch|p1a: Bladedge|Bisharp, M, shiny|271/271","|move|p2a: Scrotum Sweeper|Tail Glow|p2a: Scrotum Sweeper","|-boost|p2a: Scrotum Sweeper|spa|3","|","|-weather|RainDance|[upkeep]","|turn|4","|","|switch|p1a: TyranitarTube|Tyranitar, M, shiny|329/404 brn","|-weather|Sandstorm","|move|p2a: Scrotum Sweeper|Surf|p1a: TyranitarTube","|-supereffective|p1a: TyranitarTube","|-damage|p1a: TyranitarTube|0 fnt","|faint|p1a: TyranitarTube","|","|-weather|Sandstorm|[upkeep]","|-damage|p2a: Scrotum Sweeper|328/403|[from] sandstorm","|","|switch|p1a: FEAR|Sableye, M, shiny|304/304","|turn|5","|","|move|p1a: FEAR|Calm Mind|p1a: FEAR","|-boost|p1a: FEAR|spa|1","|-boost|p1a: FEAR|spd|1","|move|p2a: Scrotum Sweeper|Surf|p1a: FEAR","|-damage|p1a: FEAR|0 fnt","|faint|p1a: FEAR","|","|-weather|Sandstorm|[upkeep]","|-damage|p2a: Scrotum Sweeper|303/403|[from] sandstorm","|","|switch|p1a: MyNiggaCraw|Crawdaunt, M, shiny|267/267","|turn|6","|","|move|p2a: Scrotum Sweeper|Tail Glow|p2a: Scrotum Sweeper","|-boost|p2a: Scrotum Sweeper|spa|3","|move|p1a: MyNiggaCraw|Knock Off|p2a: Scrotum Sweeper","|-damage|p2a: Scrotum Sweeper|0 fnt","|-enditem|p2a: Scrotum Sweeper|Salac Berry|[from] move: Knock Off|[of] p1a: MyNiggaCraw","|-damage|p1a: MyNiggaCraw|241/267|[from] item: Life Orb","|faint|p2a: Scrotum Sweeper","|","|-weather|Sandstorm|[upkeep]","|-damage|p1a: MyNiggaCraw|225/267|[from] sandstorm","|","|switch|p2a: Cotton The Hype|Politoed, F, shiny|214/383","|-damage|p2a: Cotton The Hype|167/383|[from] Stealth Rock","|-weather|RainDance","|turn|7","|","|switch|p2a: Butters The Doge|Azumarill, M, shiny|403/403","|-damage|p2a: Butters The Doge|353/403|[from] Stealth Rock","|move|p1a: MyNiggaCraw|Knock Off|p2a: Butters The Doge","|-resisted|p2a: Butters The Doge","|-damage|p2a: Butters The Doge|171/403","|-enditem|p2a: Butters The Doge|Choice Band|[from] move: Knock Off|[of] p1a: MyNiggaCraw","|-damage|p1a: MyNiggaCraw|199/267|[from] item: Life Orb","|","|-weather|RainDance|[upkeep]","|turn|8","|","|switch|p1a: Mandi|Mandibuzz, F, shiny|423/423","|move|p2a: Butters The Doge|Knock Off|p1a: Mandi","|-resisted|p1a: Mandi","|-damage|p1a: Mandi|399/423","|-damage|p2a: Butters The Doge|104/403|[from] item: Rocky Helmet|[of] p1a: Mandi","|-enditem|p1a: Mandi|Rocky Helmet|[from] move: Knock Off|[of] p2a: Butters The Doge","|","|-weather|RainDance|[upkeep]","|turn|9","|","|switch|p2a: Twin Balls|Lanturn, F, shiny|418/418","|-damage|p2a: Twin Balls|366/418|[from] Stealth Rock","|move|p1a: Mandi|Brave Bird|p2a: Twin Balls","|-resisted|p2a: Twin Balls","|-damage|p2a: Twin Balls|282/418","|-damage|p1a: Mandi|371/423|[from] recoil|[of] p2a: Twin Balls","|","|-weather|RainDance|[upkeep]","|-heal|p2a: Twin Balls|308/418|[from] item: Leftovers","|turn|10","|","|move|p1a: Mandi|Foul Play|p2a: Twin Balls","|-damage|p2a: Twin Balls|208/418","|move|p2a: Twin Balls|Volt Switch|p1a: Mandi","|-supereffective|p1a: Mandi","|-damage|p1a: Mandi|197/423","|","|switch|p2a: Anti Lawn Mowing|Ludicolo, F, shiny|301/301","|-damage|p2a: Anti Lawn Mowing|264/301|[from] Stealth Rock","|","|-weather|RainDance|[upkeep]","|turn|11","|","|move|p2a: Anti Lawn Mowing|Ice Beam|p1a: Mandi","|-crit|p1a: Mandi","|-supereffective|p1a: Mandi","|-damage|p1a: Mandi|0 fnt","|-damage|p2a: Anti Lawn Mowing|234/301|[from] item: Life Orb","|faint|p1a: Mandi","|","|-weather|none","|","|switch|p1a: MyNiggaCraw|Crawdaunt, M, shiny|199/267","|turn|12","|","|move|p2a: Anti Lawn Mowing|Focus Blast|p1a: MyNiggaCraw","|-supereffective|p1a: MyNiggaCraw","|-damage|p1a: MyNiggaCraw|0 fnt","|-damage|p2a: Anti Lawn Mowing|204/301|[from] item: Life Orb","|faint|p1a: MyNiggaCraw","|","|","|switch|p1a: LMFAO|Hoopa-Unbound|301/301","|turn|13","|","|move|p1a: LMFAO|Gunk Shot|p2a: Anti Lawn Mowing","|-supereffective|p2a: Anti Lawn Mowing","|-damage|p2a: Anti Lawn Mowing|0 fnt","|faint|p2a: Anti Lawn Mowing","|","|","|switch|p2a: Cotton The Hype|Politoed, F, shiny|167/383","|-damage|p2a: Cotton The Hype|120/383|[from] Stealth Rock","|-weather|RainDance","|turn|14","|","|move|p1a: LMFAO|Gunk Shot|p2a: Cotton The Hype|[miss]","|-miss|p1a: LMFAO|p2a: Cotton The Hype","|move|p2a: Cotton The Hype|Scald|p1a: LMFAO","|-damage|p1a: LMFAO|198/301","|","|-weather|RainDance|[upkeep]","|turn|15","|","|switch|p2a: Suck A Lollipop|Rotom-Wash|304/304","|-damage|p2a: Suck A Lollipop|266/304|[from] Stealth Rock","|move|p1a: LMFAO|Gunk Shot|p2a: Suck A Lollipop|[miss]","|-miss|p1a: LMFAO|p2a: Suck A Lollipop","|","|-weather|RainDance|[upkeep]","|-heal|p2a: Suck A Lollipop|285/304|[from] item: Leftovers","|turn|16","|","|switch|p1a: Bladedge|Bisharp, M, shiny|271/271","|move|p2a: Suck A Lollipop|Hydro Pump|p1a: Bladedge|[miss]","|-miss|p2a: Suck A Lollipop|p1a: Bladedge","|","|-weather|RainDance|[upkeep]","|-heal|p2a: Suck A Lollipop|304/304|[from] item: Leftovers","|turn|17","|","|move|p1a: Bladedge|Knock Off|p2a: Suck A Lollipop","|-damage|p2a: Suck A Lollipop|133/304","|-enditem|p2a: Suck A Lollipop|Leftovers|[from] move: Knock Off|[of] p1a: Bladedge","|move|p2a: Suck A Lollipop|Hydro Pump|p1a: Bladedge","|-damage|p1a: Bladedge|3/271","|","|-weather|RainDance|[upkeep]","|turn|18","|","|move|p1a: Bladedge|Sucker Punch|p2a: Suck A Lollipop","|-damage|p2a: Suck A Lollipop|1/304","|move|p2a: Suck A Lollipop|Volt Switch|p1a: Bladedge","|-damage|p1a: Bladedge|0 fnt","|faint|p1a: Bladedge","|","|switch|p2a: Butters The Doge|Azumarill, M, shiny|104/403","|-damage|p2a: Butters The Doge|54/403|[from] Stealth Rock","|","|-weather|none","|","|switch|p1a: LMFAO|Hoopa-Unbound|198/301","|turn|19","|","|move|p2a: Butters The Doge|Aqua Jet|p1a: LMFAO","|-damage|p1a: LMFAO|125/301","|move|p1a: LMFAO|Gunk Shot|p2a: Butters The Doge","|-supereffective|p2a: Butters The Doge","|-damage|p2a: Butters The Doge|0 fnt","|faint|p2a: Butters The Doge","|","|","|switch|p2a: Suck A Lollipop|Rotom-Wash|1/304","|-damage|p2a: Suck A Lollipop|0 fnt|[from] Stealth Rock","|faint|p2a: Suck A Lollipop","|","|switch|p2a: Cotton The Hype|Politoed, F, shiny|120/383","|-damage|p2a: Cotton The Hype|73/383|[from] Stealth Rock","|-weather|RainDance","|turn|20","|","|move|p1a: LMFAO|Gunk Shot|p2a: Cotton The Hype|[miss]","|-miss|p1a: LMFAO|p2a: Cotton The Hype","|move|p2a: Cotton The Hype|Scald|p1a: LMFAO","|-damage|p1a: LMFAO|28/301","|","|-weather|RainDance|[upkeep]","|turn|21","|","|move|p1a: LMFAO|Gunk Shot|p2a: Cotton The Hype","|-damage|p2a: Cotton The Hype|0 fnt","|faint|p2a: Cotton The Hype","|","|-weather|RainDance|[upkeep]","|","|switch|p2a: Twin Balls|Lanturn, F, shiny|208/418","|-damage|p2a: Twin Balls|156/418|[from] Stealth Rock","|turn|22","|","|move|p1a: LMFAO|Gunk Shot|p2a: Twin Balls|[miss]","|-miss|p1a: LMFAO|p2a: Twin Balls","|move|p2a: Twin Balls|Scald|p1a: LMFAO","|-damage|p1a: LMFAO|0 fnt","|faint|p1a: LMFAO","|","|win|Sovereign♕Cactus"],"p1rating":{"entryid":"7423115","serverid":"eos","formatid":"monotype","userid":"ivtyrant","username":"IV Tyrant","w":"7","l":3,"t":"0","gxe":60.9,"r":"1581.2831250359","rd":"96.256516007837","sigma":"0","rptime":"1438851600","rpr":1585.9820666323,"rprd":87.752327470727,"rpsigma":"0","acre":1162.3049809971,"lacre":1162.3049809971,"oldacre":"1195.7246212901"},"p2rating":{"entryid":"6867552","serverid":"eos","formatid":"monotype","userid":"sovereigncactus","username":"Sovereign♕Cactus","w":95,"l":"110","t":"0","gxe":46.2,"r":"1471.7151973843","rd":"26.087880144434","sigma":"0","rptime":"1438851600","rpr":1470.9697922075,"rprd":25.588434861752,"rpsigma":"0","acre":1112.6023178268,"lacre":1112.6023178268,"oldacre":"1073.9614921338"},"endType":"normal"}