{"seed":[18584,46770,43951,51519],"turns":25,"p1":"Intern Argus","p2":"InfernalxCrown","p1team":[{"name":"Sableye","species":"Sableye","item":"leftovers","ability":"Prankster","moves":["knockoff","willowisp","recover","taunt"],"nature":"Bold","evs":{"hp":228,"atk":0,"def":252,"spa":0,"spd":0,"spe":28},"gender":"M","ivs":{"hp":31,"atk":0,"def":31,"spa":31,"spd":31,"spe":31}},{"name":"Aegislash","species":"Aegislash","item":"weaknesspolicy","ability":"Stance Change","moves":["kingsshield","sacredsword","shadowball","shadowsneak"],"nature":"Lonely","evs":{"hp":0,"atk":252,"def":0,"spa":240,"spd":0,"spe":16},"gender":"M","shiny":true,"ivs":{"hp":31,"atk":31,"def":31,"spa":31,"spd":31,"spe":31}},{"name":"Jellicent","species":"Jellicent","item":"leftovers","ability":"Cursed Body","moves":["toxic","scald","recover","acidarmor"],"nature":"Calm","evs":{"hp":252,"atk":0,"def":0,"spa":0,"spd":252,"spe":4},"gender":"M","ivs":{"hp":31,"atk":0,"def":31,"spa":31,"spd":31,"spe":31},"shiny":true},{"name":"Golurk","species":"Golurk","item":"focussash","ability":"No Guard","moves":["stealthrock","stoneedge","dynamicpunch","curse"],"nature":"Adamant","evs":{"hp":0,"atk":252,"def":0,"spa":0,"spd":4,"spe":252},"shiny":true,"ivs":{"hp":31,"atk":31,"def":31,"spa":31,"spd":31,"spe":31}},{"name":"Chandelure","species":"Chandelure","item":"choicescarf","ability":"Infiltrator","moves":["flamethrower","shadowball","energyball","trick"],"nature":"Modest","evs":{"hp":0,"atk":0,"def":0,"spa":252,"spd":4,"spe":252},"gender":"F","ivs":{"hp":31,"atk":0,"def":31,"spa":31,"spd":31,"spe":31}},{"name":"Gengar","species":"Gengar","item":"focussash","ability":"Levitate","moves":["destinybond","sludgebomb","shadowball","energyball"],"nature":"Timid","evs":{"hp":0,"atk":0,"def":0,"spa":252,"spd":4,"spe":252},"gender":"F","ivs":{"hp":31,"atk":0,"def":31,"spa":31,"spd":31,"spe":31},"shiny":true}],"p2team":[{"name":"Aegislash","species":"Aegislash","item":"weaknesspolicy","ability":"Stance Change","moves":["shadowball","shadowsneak","kingsshield","sacredsword"],"nature":"Brave","evs":{"hp":252,"atk":76,"def":0,"spa":176,"spd":4,"spe":0},"ivs":{"hp":31,"atk":31,"def":31,"spa":31,"spd":31,"spe":0},"shiny":true},{"name":"Sableye","species":"Sableye","item":"leftovers","ability":"Prankster","moves":["willowisp","recover","taunt","knockoff"],"nature":"Careful","evs":{"hp":252,"atk":0,"def":84,"spa":0,"spd":168,"spe":4},"ivs":{"hp":31,"atk":0,"def":31,"spa":31,"spd":31,"spe":31}},{"name":"Golurk","species":"Golurk","item":"focussash","ability":"No Guard","moves":["stealthrock","curse","dynamicpunch","stoneedge"],"nature":"Adamant","evs":{"hp":4,"atk":252,"def":0,"spa":0,"spd":0,"spe":252},"shiny":true,"ivs":{"hp":31,"atk":31,"def":31,"spa":31,"spd":31,"spe":31}},{"name":"Jellicent","species":"Jellicent","item":"leftovers","ability":"Cursed Body","moves":["acidarmor","toxic","recover","scald"],"nature":"Calm","evs":{"hp":252,"atk":0,"def":4,"spa":0,"spd":252,"spe":0},"gender":"M","ivs":{"hp":31,"atk":0,"def":31,"spa":31,"spd":31,"spe":31}},{"name":"Chandelure","species":"Chandelure","item":"choicescarf","ability":"Infiltrator","moves":["flamethrower","shadowball","energyball","trick"],"nature":"Timid","evs":{"hp":0,"atk":0,"def":4,"spa":252,"spd":0,"spe":252},"ivs":{"hp":31,"atk":0,"def":31,"spa":31,"spd":31,"spe":31},"shiny":true},{"name":"Gengar","species":"Gengar","item":"choicespecs","ability":"Levitate","moves":["dazzlinggleam","shadowball","thunderbolt","sludgewave"],"nature":"Timid","evs":{"hp":4,"atk":0,"def":0,"spa":252,"spd":0,"spe":252},"ivs":{"hp":31,"atk":0,"def":31,"spa":31,"spd":31,"spe":31}}],"log":["|player|p1|Intern Argus|144","|player|p2|InfernalxCrown|infernalxcrown.png","|gametype|singles","|gen|6","|tier|Monotype","|rated","|rule|Baton Pass Clause: Limit one Baton Passer, can't pass Spe and other stats simultaneously","|rule|Swagger Clause: Swagger is banned","|rule|Same Type Clause: Pokémon in a team must share a type","|clearpoke","|poke|p1|Sableye, M","|poke|p1|Aegislash, M, shiny","|poke|p1|Jellicent, M, shiny","|poke|p1|Golurk, shiny","|poke|p1|Chandelure, F","|poke|p1|Gengar, F, shiny","|poke|p2|Aegislash, F, shiny","|poke|p2|Sableye, M","|poke|p2|Golurk, shiny","|poke|p2|Jellicent, M","|poke|p2|Chandelure, M, shiny","|poke|p2|Gengar, F","|rule|Sleep Clause Mod: Limit one foe put to sleep","|rule|Species Clause: Limit one of each Pokémon","|rule|OHKO Clause: OHKO moves are banned","|rule|Moody Clause: Moody is banned","|rule|Evasion Moves Clause: Evasion moves are banned","|rule|Endless Battle Clause: Forcing endless battles is banned","|rule|HP Percentage Mod: HP is shown in percentages","|teampreview","|","|start","|switch|p1a: Golurk|Golurk, shiny|319/319","|switch|p2a: Sableye|Sableye, M|304/304","|turn|1","|","|switch|p1a: Jellicent|Jellicent, M, shiny|404/404","|move|p2a: Sableye|Knock Off|p1a: Jellicent","|-supereffective|p1a: Jellicent","|-damage|p1a: Jellicent|188/404","|-start|p2a: Sableye|Disable|Knock Off","|-enditem|p1a: Jellicent|Leftovers|[from] move: Knock Off|[of] p2a: Sableye","|","|turn|2","|","|move|p2a: Sableye|Taunt|p1a: Jellicent","|-start|p1a: Jellicent|move: Taunt","|move|p1a: Jellicent|Scald|p2a: Sableye","|-damage|p2a: Sableye|220/304","|","|-heal|p2a: Sableye|239/304|[from] item: Leftovers","|turn|3","|","|move|p2a: Sableye|Will-O-Wisp|p1a: Jellicent|[miss]","|-miss|p2a: Sableye|p1a: Jellicent","|move|p1a: Jellicent|Scald|p2a: Sableye","|-damage|p2a: Sableye|160/304","|","|-heal|p2a: Sableye|179/304|[from] item: Leftovers","|turn|4","|","|move|p2a: Sableye|Will-O-Wisp|p1a: Jellicent","|-status|p1a: Jellicent|brn","|move|p1a: Jellicent|Scald|p2a: Sableye","|-damage|p2a: Sableye|95/304","|-status|p2a: Sableye|brn","|","|-heal|p2a: Sableye|114/304 brn|[from] item: Leftovers","|-damage|p1a: Jellicent|138/404 brn|[from] brn","|-damage|p2a: Sableye|76/304 brn|[from] brn","|-end|p1a: Jellicent|move: Taunt","|turn|5","|","|move|p2a: Sableye|Taunt|p1a: Jellicent","|-start|p1a: Jellicent|move: Taunt","|cant|p1a: Jellicent|move: Taunt|Recover","|","|-heal|p2a: Sableye|95/304 brn|[from] item: Leftovers","|-damage|p1a: Jellicent|88/404 brn|[from] brn","|-damage|p2a: Sableye|57/304 brn|[from] brn","|-end|p2a: Sableye|Disable","|turn|6","|","|switch|p1a: Chandelure|Chandelure, F|261/261","|move|p2a: Sableye|Recover|p2a: Sableye","|-heal|p2a: Sableye|209/304 brn","|","|-heal|p2a: Sableye|228/304 brn|[from] item: Leftovers","|-damage|p2a: Sableye|190/304 brn|[from] brn","|turn|7","|","|switch|p1a: Jellicent|Jellicent, M, shiny|88/404 brn","|switch|p2a: Chandelure|Chandelure, M, shiny|261/261","|","|-damage|p1a: Jellicent|38/404 brn|[from] brn","|turn|8","|","|move|p2a: Chandelure|Shadow Ball|p1a: Jellicent","|-supereffective|p1a: Jellicent","|-damage|p1a: Jellicent|0 fnt","|faint|p1a: Jellicent","|","|","|switch|p1a: Golurk|Golurk, shiny|319/319","|turn|9","|","|move|p2a: Chandelure|Shadow Ball|p1a: Golurk","|-supereffective|p1a: Golurk","|-enditem|p1a: Golurk|Focus Sash","|-damage|p1a: Golurk|1/319","|move|p1a: Golurk|Stealth Rock|p2a: Chandelure","|-sidestart|p2: InfernalxCrown|move: Stealth Rock","|","|turn|10","|","|move|p2a: Chandelure|Shadow Ball|p1a: Golurk","|-supereffective|p1a: Golurk","|-damage|p1a: Golurk|0 fnt","|faint|p1a: Golurk","|","|","|switch|p1a: Gengar|Gengar, F, shiny|261/261","|turn|11","|","|move|p2a: Chandelure|Shadow Ball|p1a: Gengar","|-crit|p1a: Gengar","|-supereffective|p1a: Gengar","|-enditem|p1a: Gengar|Focus Sash","|-damage|p1a: Gengar|1/261","|move|p1a: Gengar|Shadow Ball|p2a: Chandelure","|-supereffective|p2a: Chandelure","|-damage|p2a: Chandelure|0 fnt","|faint|p2a: Chandelure","|","|","|switch|p2a: Aegislash|Aegislash, F, shiny|324/324","|-damage|p2a: Aegislash|304/324|[from] Stealth Rock","|turn|12","|","|switch|p1a: Sableye|Sableye, M|298/298","|-formechange|p2a: Aegislash|Aegislash-Blade","|move|p2a: Aegislash|Shadow Ball|p1a: Sableye","|-damage|p1a: Sableye|78/298","|","|-heal|p1a: Sableye|96/298|[from] item: Leftovers","|turn|13","|","|move|p1a: Sableye|Will-O-Wisp|p2a: Aegislash","|-status|p2a: Aegislash|brn","|move|p2a: Aegislash|Shadow Sneak|p1a: Sableye","|-damage|p1a: Sableye|60/298","|","|-heal|p1a: Sableye|78/298|[from] item: Leftovers","|-damage|p2a: Aegislash|264/324 brn|[from] brn","|turn|14","|","|move|p1a: Sableye|Recover|p1a: Sableye","|-heal|p1a: Sableye|227/298","|move|p2a: Aegislash|Shadow Ball|p1a: Sableye","|-damage|p1a: Sableye|10/298","|","|-heal|p1a: Sableye|28/298|[from] item: Leftovers","|-damage|p2a: Aegislash|224/324 brn|[from] brn","|turn|15","|","|move|p1a: Sableye|Recover|p1a: Sableye","|-heal|p1a: Sableye|177/298","|move|p2a: Aegislash|Shadow Sneak|p1a: Sableye","|-damage|p1a: Sableye|144/298","|","|-heal|p1a: Sableye|162/298|[from] item: Leftovers","|-damage|p2a: Aegislash|184/324 brn|[from] brn","|turn|16","|","|move|p1a: Sableye|Knock Off|p2a: Aegislash","|-supereffective|p2a: Aegislash","|-damage|p2a: Aegislash|0 fnt","|-enditem|p2a: Aegislash|Weakness Policy|[from] move: Knock Off|[of] p1a: Sableye","|faint|p2a: Aegislash","|","|-heal|p1a: Sableye|180/298|[from] item: Leftovers","|","|switch|p2a: Gengar|Gengar, F|262/262","|-damage|p2a: Gengar|230/262|[from] Stealth Rock","|turn|17","|","|switch|p1a: Aegislash|Aegislash, M, shiny|261/261","|move|p2a: Gengar|Dazzling Gleam|p1a: Aegislash","|-resisted|p1a: Aegislash","|-damage|p1a: Aegislash|211/261","|","|turn|18","|","|switch|p2a: Jellicent|Jellicent, M|404/404","|-damage|p2a: Jellicent|354/404|[from] Stealth Rock","|-formechange|p1a: Aegislash|Aegislash-Blade","|move|p1a: Aegislash|Shadow Sneak|p2a: Jellicent","|-supereffective|p2a: Jellicent","|-damage|p2a: Jellicent|138/404","|-start|p1a: Aegislash|Disable|Shadow Sneak","|","|-heal|p2a: Jellicent|163/404|[from] item: Leftovers","|turn|19","|","|move|p1a: Aegislash|Shadow Ball|p2a: Jellicent","|-supereffective|p2a: Jellicent","|-damage|p2a: Jellicent|0 fnt","|faint|p2a: Jellicent","|","|","|switch|p2a: Gengar|Gengar, F|230/262","|-damage|p2a: Gengar|198/262|[from] Stealth Rock","|turn|20","|","|switch|p1a: Sableye|Sableye, M|180/298","|move|p2a: Gengar|Dazzling Gleam|p1a: Sableye","|-supereffective|p1a: Sableye","|-damage|p1a: Sableye|0 fnt","|faint|p1a: Sableye","|","|","|switch|p1a: Aegislash|Aegislash, M, shiny|211/261","|turn|21","|","|switch|p2a: Sableye|Sableye, M|190/304 brn","|-damage|p2a: Sableye|152/304 brn|[from] Stealth Rock","|-formechange|p1a: Aegislash|Aegislash-Blade","|move|p1a: Aegislash|Shadow Sneak|p2a: Sableye","|-damage|p2a: Sableye|46/304 brn","|","|-heal|p2a: Sableye|65/304 brn|[from] item: Leftovers","|-damage|p2a: Sableye|27/304 brn|[from] brn","|turn|22","|","|move|p1a: Aegislash|Shadow Sneak|p2a: Sableye","|-damage|p2a: Sableye|0 fnt","|faint|p2a: Sableye","|","|","|switch|p2a: Golurk|Golurk, shiny|320/320","|-damage|p2a: Golurk|300/320|[from] Stealth Rock","|turn|23","|","|switch|p1a: Gengar|Gengar, F, shiny|1/261","|move|p2a: Golurk|Stealth Rock|p1a: Gengar","|-sidestart|p1: Intern Argus|move: Stealth Rock","|","|turn|24","|","|move|p1a: Gengar|Shadow Ball|p2a: Golurk","|-supereffective|p2a: Golurk","|-damage|p2a: Golurk|0 fnt","|faint|p2a: Golurk","|","|","|switch|p2a: Gengar|Gengar, F|198/262","|-damage|p2a: Gengar|166/262|[from] Stealth Rock","|turn|25","|","|move|p1a: Gengar|Destiny Bond|p1a: Gengar","|-singlemove|p1a: Gengar|Destiny Bond","|move|p2a: Gengar|Shadow Ball|p1a: Gengar","|-supereffective|p1a: Gengar","|-damage|p1a: Gengar|0 fnt","|faint|p1a: Gengar","|-activate|p1a: Gengar|Destiny Bond","|faint|p2a: Gengar","|","|win|Intern Argus"],"p1rating":{"entryid":"7430002","serverid":"eos","formatid":"monotype","userid":"internargus","username":"Intern Argus","w":2,"l":"0","t":"0","gxe":58.7,"r":"1500","rd":"130","sigma":"0","rptime":"1438765200","rpr":1569.9461559209,"rprd":115.43449970789,"rpsigma":"0","acre":1091.8214712086,"lacre":1091.8214712086,"oldacre":"1049.4368120696"},"p2rating":{"entryid":"5724468","serverid":"eos","formatid":"monotype","userid":"infernalxcrown","username":"InfernalxCrown","w":"79","l":74,"t":"0","gxe":53.2,"r":"1524.4591147586","rd":"38.905175487754","sigma":"0","rptime":"1438765200","rpr":1524.4634753878,"rprd":38.071213008058,"rpsigma":"0","acre":1124.7469786992,"lacre":1124.7469786992,"oldacre":"1157.2660349293"},"endType":"normal"}