{"seed":[56730,50130,44635,33812],"turns":21,"p1":"Orchestromic","p2":"Crystal glaceon13","p1team":[{"name":"Hippowdon","species":"Hippowdon","item":"leftovers","ability":"Sand Stream","moves":["slackoff","earthquake","stealthrock","roar"],"nature":"Adamant","evs":{"hp":188,"atk":72,"def":184,"spa":0,"spd":64,"spe":0},"gender":"M","shiny":true,"ivs":{"hp":31,"atk":31,"def":31,"spa":31,"spd":31,"spe":31}},{"name":"Excadrill","species":"Excadrill","item":"lifeorb","ability":"Sand Rush","moves":["earthquake","shadowclaw","ironhead","rockslide"],"nature":"Jolly","evs":{"hp":4,"atk":252,"def":0,"spa":0,"spd":0,"spe":252},"gender":"M","shiny":true,"ivs":{"hp":31,"atk":31,"def":31,"spa":31,"spd":31,"spe":31}},{"name":"Landorus","species":"Landorus","item":"lifeorb","ability":"Sheer Force","moves":["sludgewave","earthpower","psychic","hiddenpowerice"],"nature":"Timid","evs":{"hp":4,"atk":0,"def":0,"spa":252,"spd":0,"spe":252},"ivs":{"hp":31,"atk":30,"def":30,"spa":31,"spd":31,"spe":31},"shiny":true},{"name":"Garchomp","species":"Garchomp","item":"garchompite","ability":"Rough Skin","moves":["firefang","earthquake","outrage","ironhead"],"nature":"Jolly","evs":{"hp":4,"atk":252,"def":0,"spa":0,"spd":0,"spe":252},"gender":"M","shiny":true,"ivs":{"hp":31,"atk":31,"def":31,"spa":31,"spd":31,"spe":31}},{"name":"MaroMad","species":"marowak","item":"thickclub","ability":"Battle Armor","moves":["ironhead","bonemerang","knockoff","thunderpunch"],"nature":"Adamant","evs":{"hp":252,"atk":252,"def":0,"spa":0,"spd":0,"spe":0},"gender":"M","shiny":true,"ivs":{"hp":31,"atk":31,"def":31,"spa":31,"spd":31,"spe":31}},{"name":"Gliscor","species":"Gliscor","item":"toxicorb","ability":"Poison Heal","moves":["aerialace","toxic","protect","roost"],"nature":"Adamant","evs":{"hp":252,"atk":0,"def":252,"spa":0,"spd":4,"spe":0},"gender":"M","shiny":true,"ivs":{"hp":31,"atk":31,"def":31,"spa":31,"spd":31,"spe":31}}],"p2team":[{"name":"Diancie","species":"Diancie","item":"diancite","ability":"Clear Body","moves":["earthpower","moonblast","diamondstorm","protect"],"nature":"Naive","evs":{"hp":0,"atk":4,"def":0,"spa":252,"spd":0,"spe":252},"ivs":{"hp":31,"atk":31,"def":31,"spa":31,"spd":31,"spe":31}},{"name":"Togekiss","species":"Togekiss","item":"leftovers","ability":"Serene Grace","moves":["nastyplot","batonpass","airslash","flamethrower"],"nature":"Calm","evs":{"hp":248,"atk":0,"def":0,"spa":0,"spd":240,"spe":20},"ivs":{"hp":31,"atk":31,"def":31,"spa":31,"spd":31,"spe":31}},{"name":"Klefki","species":"Klefki","item":"lightclay","ability":"Prankster","moves":["reflect","lightscreen","thunderwave","foulplay"],"nature":"Bold","evs":{"hp":252,"atk":0,"def":64,"spa":0,"spd":192,"spe":0},"ivs":{"hp":31,"atk":31,"def":31,"spa":31,"spd":31,"spe":31}},{"name":"Azumarill","species":"Azumarill","item":"assaultvest","ability":"Huge Power","moves":["playrough","aquajet","waterfall","poweruppunch"],"nature":"Adamant","evs":{"hp":248,"atk":252,"def":0,"spa":0,"spd":0,"spe":8},"gender":"M","ivs":{"hp":31,"atk":31,"def":31,"spa":31,"spd":31,"spe":31}},{"name":"Gardevoir","species":"Gardevoir","item":"choicescarf","ability":"Trace","moves":["thunderbolt","hiddenpowerfire","moonblast","psyshock"],"nature":"Timid","evs":{"hp":0,"atk":0,"def":4,"spa":252,"spd":0,"spe":252},"ivs":{"hp":31,"atk":30,"def":31,"spa":30,"spd":31,"spe":30}},{"name":"Granbull","species":"Granbull","item":"leftovers","ability":"Intimidate","moves":["earthquake","firepunch","bulkup","playrough"],"nature":"Adamant","evs":{"hp":188,"atk":200,"def":120,"spa":0,"spd":0,"spe":0},"ivs":{"hp":31,"atk":31,"def":31,"spa":31,"spd":31,"spe":31}}],"log":["|player|p1|Orchestromic|orchestromic.png","|player|p2|Crystal glaceon13|32","|gametype|singles","|gen|6","|tier|Monotype","|rated","|rule|Baton Pass Clause: Limit one Baton Passer, can't pass Spe and other stats simultaneously","|rule|Swagger Clause: Swagger is banned","|rule|Same Type Clause: Pokémon in a team must share a type","|clearpoke","|poke|p1|Hippowdon, M, shiny","|poke|p1|Excadrill, M, shiny","|poke|p1|Landorus, M, shiny","|poke|p1|Garchomp, M, shiny","|poke|p1|Marowak, M, shiny","|poke|p1|Gliscor, M, shiny","|poke|p2|Diancie","|poke|p2|Togekiss, F","|poke|p2|Klefki, F","|poke|p2|Azumarill, M","|poke|p2|Gardevoir, F","|poke|p2|Granbull, M","|rule|Sleep Clause Mod: Limit one foe put to sleep","|rule|Species Clause: Limit one of each Pokémon","|rule|OHKO Clause: OHKO moves are banned","|rule|Moody Clause: Moody is banned","|rule|Evasion Moves Clause: Evasion moves are banned","|rule|Endless Battle Clause: Forcing endless battles is banned","|rule|HP Percentage Mod: HP is shown in percentages","|teampreview","|","|start","|switch|p1a: MaroMad|Marowak, M, shiny|324/324","|switch|p2a: Diancie|Diancie|241/241","|turn|1","|","|detailschange|p2a: Diancie|Diancie-Mega","|-mega|p2a: Diancie|Diancie|Diancite","|move|p2a: Diancie|Protect|p2a: Diancie","|-singleturn|p2a: Diancie|Protect","|move|p1a: MaroMad|Bonemerang|p2a: Diancie","|-activate|p2a: Diancie|Protect","|","|turn|2","|","|switch|p2a: Granbull|Granbull, M|368/368","|-ability|p2a: Granbull|Intimidate","|-unboost|p1a: MaroMad|atk|1","|move|p1a: MaroMad|Iron Head|p2a: Granbull","|-supereffective|p2a: Granbull","|-damage|p2a: Granbull|140/368","|","|-heal|p2a: Granbull|163/368|[from] item: Leftovers","|turn|3","|","|switch|p2a: Klefki|Klefki, F|318/318","|move|p1a: MaroMad|Iron Head|p2a: Klefki","|-damage|p2a: Klefki|230/318","|","|turn|4","|","|move|p2a: Klefki|Reflect|p2a: Klefki","|-sidestart|p2: Crystal glaceon13|Reflect","|move|p1a: MaroMad|Bonemerang|p2a: Klefki","|-supereffective|p2a: Klefki","|-damage|p2a: Klefki|148/318","|-supereffective|p2a: Klefki","|-damage|p2a: Klefki|58/318","|-hitcount|p2a: Klefki|2","|","|turn|5","|","|move|p2a: Klefki|Light Screen|p2a: Klefki","|-sidestart|p2: Crystal glaceon13|move: Light Screen","|move|p1a: MaroMad|Iron Head|p2a: Klefki","|-damage|p2a: Klefki|11/318","|","|turn|6","|","|switch|p2a: Togekiss|Togekiss, F|373/373","|move|p1a: MaroMad|Iron Head|p2a: Togekiss","|-supereffective|p2a: Togekiss","|-damage|p2a: Togekiss|271/373","|","|-heal|p2a: Togekiss|294/373|[from] item: Leftovers","|turn|7","|","|switch|p1a: Landorus|Landorus, M, shiny|320/320","|move|p2a: Togekiss|Nasty Plot|p2a: Togekiss","|-boost|p2a: Togekiss|spa|2","|","|-heal|p2a: Togekiss|317/373|[from] item: Leftovers","|turn|8","|","|move|p1a: Landorus|Sludge Wave|p2a: Togekiss","|-crit|p2a: Togekiss","|-supereffective|p2a: Togekiss","|-damage|p2a: Togekiss|0 fnt","|faint|p2a: Togekiss","|","|","|switch|p2a: Azumarill|Azumarill, M|403/403","|turn|9","|","|move|p1a: Landorus|Sludge Wave|p2a: Azumarill","|-supereffective|p2a: Azumarill","|-damage|p2a: Azumarill|272/403","|move|p2a: Azumarill|Waterfall|p1a: Landorus","|-crit|p1a: Landorus","|-supereffective|p1a: Landorus","|-damage|p1a: Landorus|0 fnt","|faint|p1a: Landorus","|","|","|switch|p1a: Hippowdon|Hippowdon, M, shiny|404/404","|-weather|Sandstorm","|turn|10","|","|move|p2a: Azumarill|Waterfall|p1a: Hippowdon","|-supereffective|p1a: Hippowdon","|-damage|p1a: Hippowdon|134/404","|move|p1a: Hippowdon|Roar|p2a: Azumarill","|drag|p2a: Granbull|Granbull, M|163/368","|-ability|p2a: Granbull|Intimidate","|-unboost|p1a: Hippowdon|atk|1","|","|-weather|Sandstorm|[upkeep]","|-damage|p2a: Granbull|140/368|[from] sandstorm","|-heal|p1a: Hippowdon|159/404|[from] item: Leftovers","|-heal|p2a: Granbull|163/368|[from] item: Leftovers","|turn|11","|","|switch|p1a: Garchomp|Garchomp, M, shiny|358/358","|switch|p2a: Gardevoir|Gardevoir, F|277/277","|-ability|p2a: Gardevoir|Rough Skin|[from] ability: Trace|[of] p1a: Garchomp","|","|-weather|Sandstorm|[upkeep]","|-damage|p2a: Gardevoir|260/277|[from] sandstorm","|-sideend|p2: Crystal glaceon13|Reflect","|turn|12","|","|detailschange|p1a: Garchomp|Garchomp-Mega, M, shiny","|-mega|p1a: Garchomp|Garchomp|Garchompite","|move|p2a: Gardevoir|Moonblast|p1a: Garchomp","|-supereffective|p1a: Garchomp","|-damage|p1a: Garchomp|8/358","|-unboost|p1a: Garchomp|spa|1","|move|p1a: Garchomp|Iron Head|p2a: Gardevoir","|-supereffective|p2a: Gardevoir","|-damage|p2a: Gardevoir|0 fnt","|-damage|p1a: Garchomp|0 fnt|[from] ability: Rough Skin|[of] p2a: Gardevoir","|faint|p1a: Garchomp","|faint|p2a: Gardevoir","|","|-weather|Sandstorm|[upkeep]","|-sideend|p2: Crystal glaceon13|move: Light Screen","|","|switch|p1a: Excadrill|Excadrill, M, shiny|362/362","|switch|p2a: Klefki|Klefki, F|11/318","|turn|13","|","|move|p2a: Klefki|Reflect|p2a: Klefki","|-sidestart|p2: Crystal glaceon13|Reflect","|move|p1a: Excadrill|Earthquake|p2a: Klefki","|-supereffective|p2a: Klefki","|-damage|p2a: Klefki|0 fnt","|-damage|p1a: Excadrill|326/362|[from] item: Life Orb","|faint|p2a: Klefki","|","|-weather|Sandstorm|[upkeep]","|","|switch|p2a: Granbull|Granbull, M|163/368","|-ability|p2a: Granbull|Intimidate","|-unboost|p1a: Excadrill|atk|1","|turn|14","|","|move|p1a: Excadrill|Iron Head|p2a: Granbull","|-supereffective|p2a: Granbull","|-damage|p2a: Granbull|17/368","|-damage|p1a: Excadrill|290/362|[from] item: Life Orb","|move|p2a: Granbull|Earthquake|p1a: Excadrill","|-supereffective|p1a: Excadrill","|-damage|p1a: Excadrill|0 fnt","|faint|p1a: Excadrill","|","|-weather|none","|-heal|p2a: Granbull|40/368|[from] item: Leftovers","|","|switch|p1a: Gliscor|Gliscor, M, shiny|354/354","|turn|15","|","|move|p1a: Gliscor|Aerial Ace|p2a: Granbull","|-damage|p2a: Granbull|0 fnt","|faint|p2a: Granbull","|","|-status|p1a: Gliscor|tox|[from] item: Toxic Orb","|","|switch|p2a: Azumarill|Azumarill, M|272/403","|turn|16","|","|move|p2a: Azumarill|Aqua Jet|p1a: Gliscor","|-supereffective|p1a: Gliscor","|-damage|p1a: Gliscor|244/354 tox","|move|p1a: Gliscor|Toxic|p2a: Azumarill","|-status|p2a: Azumarill|tox","|","|-heal|p1a: Gliscor|288/354 tox|[from] ability: Poison Heal","|-damage|p2a: Azumarill|247/403 tox|[from] psn","|turn|17","|","|move|p1a: Gliscor|Aerial Ace|p2a: Azumarill","|-damage|p2a: Azumarill|200/403 tox","|move|p2a: Azumarill|Power-Up Punch|p1a: Gliscor","|-resisted|p1a: Gliscor","|-damage|p1a: Gliscor|269/354 tox","|-boost|p2a: Azumarill|atk|1","|","|-heal|p1a: Gliscor|313/354 tox|[from] ability: Poison Heal","|-damage|p2a: Azumarill|150/403 tox|[from] psn","|turn|18","|","|move|p1a: Gliscor|Protect|p1a: Gliscor","|-singleturn|p1a: Gliscor|Protect","|move|p2a: Azumarill|Waterfall|p1a: Gliscor","|-activate|p1a: Gliscor|Protect","|","|-heal|p1a: Gliscor|354/354 tox|[from] ability: Poison Heal","|-damage|p2a: Azumarill|75/403 tox|[from] psn","|turn|19","|","|move|p1a: Gliscor|Aerial Ace|p2a: Azumarill","|-damage|p2a: Azumarill|31/403 tox","|move|p2a: Azumarill|Waterfall|p1a: Gliscor","|-supereffective|p1a: Gliscor","|-damage|p1a: Gliscor|0 fnt","|faint|p1a: Gliscor","|","|-damage|p2a: Azumarill|0 fnt|[from] psn","|faint|p2a: Azumarill","|","|switch|p2a: Diancie|Diancie-Mega|241/241","|switch|p1a: Hippowdon|Hippowdon, M, shiny|159/404","|-weather|Sandstorm","|turn|20","|","|move|p2a: Diancie|Moonblast|p1a: Hippowdon","|-damage|p1a: Hippowdon|0 fnt","|faint|p1a: Hippowdon","|","|-weather|Sandstorm|[upkeep]","|-sideend|p2: Crystal glaceon13|Reflect","|","|switch|p1a: MaroMad|Marowak, M, shiny|324/324","|turn|21","|","|move|p2a: Diancie|Moonblast|p1a: MaroMad","|-damage|p1a: MaroMad|69/324","|move|p1a: MaroMad|Iron Head|p2a: Diancie","|-supereffective|p2a: Diancie","|-damage|p2a: Diancie|0 fnt","|faint|p2a: Diancie","|","|win|Orchestromic"],"p1rating":{"entryid":"6980159","serverid":"eos","formatid":"monotype","userid":"orchestromic","username":"Orchestromic","w":12,"l":"23","t":"0","gxe":39.4,"r":"1439.740106633","rd":"65.042039959911","sigma":"0","rptime":"1438851600","rpr":1417.7841605602,"rprd":58.557332326688,"rpsigma":"0","acre":1090.7338058288,"lacre":1090.7338058288,"oldacre":"1033.9215764559"},"p2rating":{"entryid":"5815193","serverid":"eos","formatid":"monotype","userid":"crystalglaceon13","username":"Crystal glaceon13","w":"32","l":15,"t":"0","gxe":63,"r":"1619.9542173197","rd":"58.338440032355","sigma":"0","rptime":"1438851600","rpr":1601.7400401365,"rprd":56.467464771779,"rpsigma":"0","acre":1249.2873371284,"lacre":1249.2873371284,"oldacre":"1289.970063827"},"endType":"normal"}