{"seed":[26586,65259,57599,16562],"turns":20,"p1":"Union Wevrm","p2":"Rustic Espeon","p1team":[{"name":"Skarmory","species":"Skarmory","item":"leftovers","ability":"Sturdy","moves":["bravebird","defog","stealthrock","roost"],"nature":"Impish","evs":{"hp":252,"atk":0,"def":232,"spa":0,"spd":0,"spe":24},"ivs":{"hp":31,"atk":31,"def":31,"spa":31,"spd":31,"spe":31}},{"name":"Metagross","species":"Metagross","item":"airballoon","ability":"Light Metal","moves":["bulletpunch","meteormash","zenheadbutt","earthquake"],"nature":"Adamant","evs":{"hp":3,"atk":252,"def":0,"spa":0,"spd":1,"spe":252},"ivs":{"hp":31,"atk":31,"def":31,"spa":31,"spd":31,"spe":31}},{"name":"Scizor","species":"Scizor","item":"scizorite","ability":"Technician","moves":["bulletpunch","bugbite","roost","swordsdance"],"nature":"Adamant","evs":{"hp":4,"atk":252,"def":0,"spa":0,"spd":0,"spe":252},"ivs":{"hp":31,"atk":31,"def":31,"spa":31,"spd":31,"spe":31}},{"name":"Lucario","species":"Lucario","item":"airballoon","ability":"Justified","moves":["vacuumwave","nastyplot","aurasphere","flashcannon"],"nature":"Timid","evs":{"hp":0,"atk":0,"def":0,"spa":252,"spd":4,"spe":252},"ivs":{"hp":31,"atk":31,"def":31,"spa":31,"spd":31,"spe":31}},{"name":"Heatran","species":"Heatran","item":"airballoon","ability":"Flash Fire","moves":["lavaplume","toxic","protect","willowisp"],"nature":"Calm","evs":{"hp":252,"atk":0,"def":0,"spa":4,"spd":252,"spe":0},"ivs":{"hp":31,"atk":31,"def":31,"spa":31,"spd":31,"spe":31}},{"name":"Jirachi","species":"Jirachi","item":"leftovers","ability":"Serene Grace","moves":["bodyslam","ironhead","zenheadbutt","thunderpunch"],"nature":"","evs":{"hp":4,"atk":252,"def":0,"spa":0,"spd":0,"spe":252},"ivs":{"hp":31,"atk":31,"def":31,"spa":31,"spd":31,"spe":31}}],"p2team":[{"name":"Torkoal","species":"Torkoal","item":"leftovers","ability":"White Smoke","moves":["rapidspin","lavaplume","stealthrock","yawn"],"nature":"Bold","evs":{"hp":252,"atk":0,"def":252,"spa":4,"spd":0,"spe":0},"ivs":{"hp":31,"atk":31,"def":31,"spa":31,"spd":31,"spe":31}},{"name":"Entei","species":"Entei","item":"choiceband","ability":"Pressure","moves":["stoneedge","sacredfire","extremespeed","ironhead"],"nature":"Adamant","evs":{"hp":4,"atk":252,"def":0,"spa":0,"spd":0,"spe":252},"shiny":true,"ivs":{"hp":31,"atk":31,"def":31,"spa":31,"spd":31,"spe":31}},{"name":"Victini","species":"Victini","item":"choicescarf","ability":"Victory Star","moves":["boltstrike","blueflare","vcreate","uturn"],"nature":"Hasty","evs":{"hp":0,"atk":252,"def":0,"spa":4,"spd":0,"spe":252},"ivs":{"hp":31,"atk":31,"def":31,"spa":31,"spd":31,"spe":31}},{"name":"Charizard","species":"Charizard","item":"charizarditex","ability":"Blaze","moves":["dragondance","flareblitz","earthquake","dragonclaw"],"nature":"Adamant","evs":{"hp":0,"atk":252,"def":0,"spa":0,"spd":4,"spe":252},"ivs":{"hp":31,"atk":31,"def":31,"spa":31,"spd":31,"spe":31}},{"name":"Ninetales","species":"Ninetales","item":"choicespecs","ability":"Drought","moves":["overheat","solarbeam","psyshock","hiddenpowerice"],"nature":"Timid","evs":{"hp":0,"atk":0,"def":0,"spa":252,"spd":4,"spe":252},"ivs":{"hp":31,"atk":30,"def":30,"spa":31,"spd":31,"spe":31}},{"name":"Arcanine","species":"Arcanine","item":"rockyhelmet","ability":"Intimidate","moves":["flareblitz","extremespeed","wildcharge","closecombat"],"nature":"Lonely","evs":{"hp":248,"atk":252,"def":0,"spa":8,"spd":0,"spe":0},"ivs":{"hp":31,"atk":31,"def":31,"spa":31,"spd":31,"spe":31}}],"log":["|player|p1|Union Wevrm|unionwevrm.png","|player|p2|Rustic Espeon|70","|gametype|singles","|gen|6","|tier|Monotype","|rated","|rule|Baton Pass Clause: Limit one Baton Passer, can't pass Spe and other stats simultaneously","|rule|Swagger Clause: Swagger is banned","|rule|Same Type Clause: Pokémon in a team must share a type","|clearpoke","|poke|p1|Skarmory, M","|poke|p1|Metagross","|poke|p1|Scizor, M","|poke|p1|Lucario, M","|poke|p1|Heatran, M","|poke|p1|Jirachi","|poke|p2|Torkoal, F","|poke|p2|Entei, shiny","|poke|p2|Victini","|poke|p2|Charizard, M","|poke|p2|Ninetales, F","|poke|p2|Arcanine, M","|rule|Sleep Clause Mod: Limit one foe put to sleep","|rule|Species Clause: Limit one of each Pokémon","|rule|OHKO Clause: OHKO moves are banned","|rule|Moody Clause: Moody is banned","|rule|Evasion Moves Clause: Evasion moves are banned","|rule|Endless Battle Clause: Forcing endless battles is banned","|rule|HP Percentage Mod: HP is shown in percentages","|teampreview","|","|start","|switch|p1a: Heatran|Heatran, M|386/386","|switch|p2a: Victini|Victini|341/341","|-item|p1a: Heatran|Air Balloon","|turn|1","|","|move|p2a: Victini|U-turn|p1a: Heatran","|-resisted|p1a: Heatran","|-damage|p1a: Heatran|370/386","|-enditem|p1a: Heatran|Air Balloon","|","|switch|p2a: Charizard|Charizard, M|297/297","|move|p1a: Heatran|Toxic|p2a: Charizard","|-status|p2a: Charizard|tox","|","|-damage|p2a: Charizard|279/297 tox|[from] psn","|turn|2","|","|switch|p1a: Skarmory|Skarmory, M|334/334","|detailschange|p2a: Charizard|Charizard-Mega-X, M","|-mega|p2a: Charizard|Charizard|Charizardite X","|move|p2a: Charizard|Dragon Dance|p2a: Charizard","|-boost|p2a: Charizard|atk|1","|-boost|p2a: Charizard|spe|1","|","|-damage|p2a: Charizard|243/297 tox|[from] psn","|turn|3","|","|move|p2a: Charizard|Flare Blitz|p1a: Skarmory","|-supereffective|p1a: Skarmory","|-ability|p1a: Skarmory|Sturdy","|-damage|p1a: Skarmory|1/334","|-damage|p2a: Charizard|133/297 tox|[from] recoil|[of] p1a: Skarmory","|move|p1a: Skarmory|Stealth Rock|p2a: Charizard","|-sidestart|p2: Rustic Espeon|move: Stealth Rock","|","|-heal|p1a: Skarmory|21/334|[from] item: Leftovers","|-damage|p2a: Charizard|79/297 tox|[from] psn","|turn|4","|","|switch|p1a: Heatran|Heatran, M|370/386","|move|p2a: Charizard|Dragon Claw|p1a: Heatran","|-resisted|p1a: Heatran","|-damage|p1a: Heatran|217/386","|","|-damage|p2a: Charizard|7/297 tox|[from] psn","|turn|5","|","|move|p1a: Heatran|Protect|p1a: Heatran","|-singleturn|p1a: Heatran|Protect","|move|p2a: Charizard|Dragon Claw|p1a: Heatran","|-activate|p1a: Heatran|Protect","|","|-damage|p2a: Charizard|0 fnt|[from] psn","|faint|p2a: Charizard","|","|switch|p2a: Torkoal|Torkoal, F|344/344","|-damage|p2a: Torkoal|258/344|[from] Stealth Rock","|turn|6","|","|move|p1a: Heatran|Toxic|p2a: Torkoal","|-status|p2a: Torkoal|tox","|move|p2a: Torkoal|Rapid Spin|p1a: Heatran","|-resisted|p1a: Heatran","|-damage|p1a: Heatran|211/386","|-sideend|p2: Rustic Espeon|Stealth Rock|[from] move: Rapid Spin|[of] p2a: Torkoal","|","|-heal|p2a: Torkoal|279/344 tox|[from] item: Leftovers","|-damage|p2a: Torkoal|258/344 tox|[from] psn","|turn|7","|","|switch|p2a: Arcanine|Arcanine, M|383/383","|-ability|p2a: Arcanine|Intimidate","|-unboost|p1a: Heatran|atk|1","|move|p1a: Heatran|Lava Plume|p2a: Arcanine","|-resisted|p2a: Arcanine","|-damage|p2a: Arcanine|317/383","|","|turn|8","|","|move|p2a: Arcanine|Close Combat|p1a: Heatran","|-supereffective|p1a: Heatran","|-damage|p1a: Heatran|0 fnt","|-unboost|p2a: Arcanine|def|1","|-unboost|p2a: Arcanine|spd|1","|faint|p1a: Heatran","|","|","|switch|p1a: Metagross|Metagross|301/301","|-item|p1a: Metagross|Air Balloon","|turn|9","|","|switch|p2a: Torkoal|Torkoal, F|258/344 tox","|move|p1a: Metagross|Earthquake|p2a: Torkoal","|-supereffective|p2a: Torkoal","|-damage|p2a: Torkoal|100/344 tox","|","|-heal|p2a: Torkoal|121/344 tox|[from] item: Leftovers","|-damage|p2a: Torkoal|100/344 tox|[from] psn","|turn|10","|","|move|p1a: Metagross|Earthquake|p2a: Torkoal","|-supereffective|p2a: Torkoal","|-damage|p2a: Torkoal|0 fnt","|faint|p2a: Torkoal","|","|","|switch|p2a: Victini|Victini|341/341","|turn|11","|","|switch|p1a: Skarmory|Skarmory, M|21/334","|move|p2a: Victini|Blue Flare|p1a: Skarmory","|-supereffective|p1a: Skarmory","|-damage|p1a: Skarmory|0 fnt","|faint|p1a: Skarmory","|","|","|switch|p1a: Jirachi|Jirachi|342/342","|turn|12","|","|switch|p2a: Arcanine|Arcanine, M|317/383","|-ability|p2a: Arcanine|Intimidate","|-unboost|p1a: Jirachi|atk|1","|move|p1a: Jirachi|Body Slam|p2a: Arcanine","|-damage|p2a: Arcanine|239/383","|-damage|p1a: Jirachi|285/342|[from] item: Rocky Helmet|[of] p2a: Arcanine","|-status|p2a: Arcanine|par","|","|-heal|p1a: Jirachi|306/342|[from] item: Leftovers","|turn|13","|","|move|p1a: Jirachi|Zen Headbutt|p2a: Arcanine","|-damage|p2a: Arcanine|124/383 par","|-damage|p1a: Jirachi|249/342|[from] item: Rocky Helmet|[of] p2a: Arcanine","|cant|p2a: Arcanine|flinch","|","|-heal|p1a: Jirachi|270/342|[from] item: Leftovers","|turn|14","|","|move|p2a: Arcanine|Extreme Speed|p1a: Jirachi","|-resisted|p1a: Jirachi","|-damage|p1a: Jirachi|221/342","|move|p1a: Jirachi|Zen Headbutt|p2a: Arcanine","|-damage|p2a: Arcanine|22/383 par","|-damage|p1a: Jirachi|164/342|[from] item: Rocky Helmet|[of] p2a: Arcanine","|","|-heal|p1a: Jirachi|185/342|[from] item: Leftovers","|turn|15","|","|move|p1a: Jirachi|Thunder Punch|p2a: Arcanine","|-damage|p2a: Arcanine|0 fnt","|-damage|p1a: Jirachi|128/342|[from] item: Rocky Helmet|[of] p2a: Arcanine","|faint|p2a: Arcanine","|","|-heal|p1a: Jirachi|149/342|[from] item: Leftovers","|","|switch|p2a: Entei|Entei, shiny|372/372","|-ability|p2a: Entei|Pressure","|turn|16","|","|move|p2a: Entei|Sacred Fire|p1a: Jirachi|[miss]","|-miss|p2a: Entei|p1a: Jirachi","|move|p1a: Jirachi|Body Slam|p2a: Entei","|-damage|p2a: Entei|312/372","|","|-heal|p1a: Jirachi|170/342|[from] item: Leftovers","|turn|17","|","|move|p2a: Entei|Sacred Fire|p1a: Jirachi","|-supereffective|p1a: Jirachi","|-damage|p1a: Jirachi|0 fnt","|faint|p1a: Jirachi","|","|","|switch|p1a: Metagross|Metagross|301/301","|-item|p1a: Metagross|Air Balloon","|turn|18","|","|move|p2a: Entei|Sacred Fire|p1a: Metagross","|-supereffective|p1a: Metagross","|-damage|p1a: Metagross|0 fnt","|-enditem|p1a: Metagross|Air Balloon","|faint|p1a: Metagross","|","|","|switch|p1a: Lucario|Lucario, M|281/281","|-item|p1a: Lucario|Air Balloon","|turn|19","|","|move|p1a: Lucario|Aura Sphere|p2a: Entei","|-damage|p2a: Entei|147/372","|move|p2a: Entei|Sacred Fire|p1a: Lucario","|-supereffective|p1a: Lucario","|-damage|p1a: Lucario|0 fnt","|-enditem|p1a: Lucario|Air Balloon","|faint|p1a: Lucario","|","|","|switch|p1a: Scizor|Scizor, M|282/282","|turn|20","|","|detailschange|p1a: Scizor|Scizor-Mega, M","|-mega|p1a: Scizor|Scizor|Scizorite","|move|p1a: Scizor|Bullet Punch|p2a: Entei","|-resisted|p2a: Entei","|-damage|p2a: Entei|67/372","|move|p2a: Entei|Sacred Fire|p1a: Scizor","|-crit|p1a: Scizor","|-supereffective|p1a: Scizor","|-damage|p1a: Scizor|0 fnt","|faint|p1a: Scizor","|","|win|Rustic Espeon"],"p1rating":{"entryid":"7313146","serverid":"eos","formatid":"monotype","userid":"unionwevrm","username":"Union Wevrm","w":"7","l":22,"t":"0","gxe":30.1,"r":"1325.1346529936","rd":"68.631100823038","sigma":"0","rptime":"1438851600","rpr":1338.9817719978,"rprd":63.953493057524,"rpsigma":"0","acre":1044.1202578497,"lacre":1044.1202578497,"oldacre":"1060.1046319481"},"p2rating":{"entryid":"7202561","serverid":"eos","formatid":"monotype","userid":"rusticespeon","username":"Rustic Espeon","w":12,"l":"8","t":"0","gxe":58.4,"r":"1576.5497423781","rd":"78.042638651442","sigma":"0","rptime":"1438851600","rpr":1564.9480011544,"rprd":71.382759115292,"rpsigma":"0","acre":1136.9810128706,"lacre":1136.9810128706,"oldacre":"1115.966300717"},"endType":"normal"}