{"seed":[9332,5917,55079,23864],"turns":23,"p1":"Alliance- WU용의TANG","p2":"SailorStarshine","p1team":[{"name":"ラティオス","species":"latios","item":"choicescarf","ability":"Levitate","moves":["hiddenpowerfire","dragonpulse","psyshock","icebeam"],"nature":"Timid","evs":{"hp":0,"atk":0,"def":4,"spa":252,"spd":0,"spe":252},"ivs":{"hp":31,"atk":30,"def":31,"spa":30,"spd":31,"spe":30}},{"name":"キュレム","species":"kyuremblack","item":"lifeorb","ability":"Teravolt","moves":["icebeam","outrage","fusionbolt","ironhead"],"nature":"Naive","evs":{"hp":0,"atk":100,"def":0,"spa":180,"spd":0,"spe":228},"shiny":true,"ivs":{"hp":31,"atk":31,"def":31,"spa":31,"spd":31,"spe":31}},{"name":"ボーマンダ","species":"salamence","item":"choicescarf","ability":"Moxie","moves":["outrage","aerialace","steelwing","earthquake"],"nature":"Jolly","evs":{"hp":0,"atk":252,"def":4,"spa":0,"spd":0,"spe":252},"ivs":{"hp":31,"atk":31,"def":31,"spa":31,"spd":31,"spe":31}},{"name":"サザンドラ","species":"hydreigon","item":"lifeorb","ability":"Levitate","moves":["darkpulse","flamethrower","dracometeor","flashcannon"],"nature":"Timid","evs":{"hp":4,"atk":0,"def":0,"spa":252,"spd":0,"spe":252},"shiny":true,"ivs":{"hp":31,"atk":31,"def":31,"spa":31,"spd":31,"spe":31}},{"name":"ガブリアス","species":"garchomp","item":"rockyhelmet","ability":"Rough Skin","moves":["stealthrock","earthquake","dragontail","endure"],"nature":"Impish","evs":{"hp":252,"atk":0,"def":232,"spa":0,"spd":24,"spe":0},"ivs":{"hp":31,"atk":31,"def":31,"spa":31,"spd":31,"spe":31}},{"name":"ラティアス","species":"latias","item":"latiasite","ability":"Levitate","moves":["calmmind","recover","psyshock","dragonbreath"],"nature":"Bold","evs":{"hp":252,"atk":0,"def":224,"spa":0,"spd":0,"spe":32},"ivs":{"hp":31,"atk":0,"def":31,"spa":31,"spd":31,"spe":31}}],"p2team":[{"name":"Klefki","species":"Klefki","item":"choicescarf","ability":"Prankster","moves":["thunderwave","calmmind","switcheroo","drainingkiss"],"nature":"Bold","evs":{"hp":252,"atk":0,"def":252,"spa":4,"spd":0,"spe":0},"ivs":{"hp":31,"atk":31,"def":31,"spa":31,"spd":31,"spe":31}},{"name":"Togekiss","species":"Togekiss","item":"babiriberry","ability":"Serene Grace","moves":["flamethrower","airslash","roost","nastyplot"],"nature":"Calm","evs":{"hp":248,"atk":0,"def":0,"spa":8,"spd":252,"spe":0},"ivs":{"hp":31,"atk":31,"def":31,"spa":31,"spd":31,"spe":31}},{"name":"Gardevoir","species":"Gardevoir","item":"assaultvest","ability":"Trace","moves":["psychic","moonblast","focusblast","energyball"],"nature":"Modest","evs":{"hp":248,"atk":0,"def":0,"spa":252,"spd":8,"spe":0},"ivs":{"hp":31,"atk":31,"def":31,"spa":31,"spd":31,"spe":31}},{"name":"Azumarill","species":"Azumarill","item":"sitrusberry","ability":"Huge Power","moves":["playrough","aquatail","superpower","icepunch"],"nature":"Adamant","evs":{"hp":248,"atk":252,"def":0,"spa":0,"spd":8,"spe":0},"ivs":{"hp":31,"atk":31,"def":31,"spa":31,"spd":31,"spe":31}},{"name":"Whimsicott","species":"Whimsicott","item":"leftovers","ability":"Prankster","moves":["stunspore","encore","leechseed","uturn"],"nature":"Bold","evs":{"hp":252,"atk":0,"def":128,"spa":0,"spd":128,"spe":0},"ivs":{"hp":31,"atk":31,"def":31,"spa":31,"spd":31,"spe":31}},{"name":"Diancie","species":"Diancie","item":"diancite","ability":"Clear Body","moves":["moonblast","diamondstorm","earthpower","protect"],"nature":"","evs":{"hp":252,"atk":0,"def":0,"spa":252,"spd":4,"spe":0},"ivs":{"hp":31,"atk":31,"def":31,"spa":31,"spd":31,"spe":31}}],"log":["|player|p1|Alliance- WU용의TANG|alliancewutang.png","|player|p2|SailorStarshine|101","|gametype|singles","|gen|6","|tier|Monotype","|rated","|rule|Baton Pass Clause: Limit one Baton Passer, can't pass Spe and other stats simultaneously","|rule|Swagger Clause: Swagger is banned","|rule|Same Type Clause: Pokémon in a team must share a type","|clearpoke","|poke|p1|Latios, M","|poke|p1|Kyurem-Black, shiny","|poke|p1|Salamence, M","|poke|p1|Hydreigon, M, shiny","|poke|p1|Garchomp, M","|poke|p1|Latias, F","|poke|p2|Klefki, M","|poke|p2|Togekiss, F","|poke|p2|Gardevoir, M","|poke|p2|Azumarill, F","|poke|p2|Whimsicott, F","|poke|p2|Diancie","|rule|Sleep Clause Mod: Limit one foe put to sleep","|rule|Species Clause: Limit one of each Pokémon","|rule|OHKO Clause: OHKO moves are banned","|rule|Moody Clause: Moody is banned","|rule|Evasion Moves Clause: Evasion moves are banned","|rule|Endless Battle Clause: Forcing endless battles is banned","|rule|HP Percentage Mod: HP is shown in percentages","|teampreview","|","|start","|switch|p1a: サザンドラ|Hydreigon, M, shiny|326/326","|switch|p2a: Klefki|Klefki, M|318/318","|turn|1","|","|switch|p1a: ガブリアス|Garchomp, M|420/420","|move|p2a: Klefki|Thunder Wave|p1a: ガブリアス","|-immune|p1a: ガブリアス|[msg]","|","|turn|2","|","|switch|p2a: Whimsicott|Whimsicott, F|324/324","|move|p1a: ガブリアス|Stealth Rock|p2a: Whimsicott","|-sidestart|p2: SailorStarshine|move: Stealth Rock","|","|turn|3","|","|switch|p1a: ラティオス|Latios, M|301/301","|move|p2a: Whimsicott|Stun Spore|p1a: ラティオス","|-status|p1a: ラティオス|par","|","|turn|4","|","|move|p2a: Whimsicott|U-turn|p1a: ラティオス","|-supereffective|p1a: ラティオス","|-damage|p1a: ラティオス|221/301 par","|","|switch|p2a: Gardevoir|Gardevoir, M|339/339","|-damage|p2a: Gardevoir|297/339|[from] Stealth Rock","|-ability|p2a: Gardevoir|Levitate|[from] ability: Trace|[of] p1a: ラティオス","|move|p1a: ラティオス|Ice Beam|p2a: Gardevoir","|-crit|p2a: Gardevoir","|-damage|p2a: Gardevoir|201/339","|","|turn|5","|","|move|p2a: Gardevoir|Moonblast|p1a: ラティオス","|-supereffective|p1a: ラティオス","|-damage|p1a: ラティオス|0 fnt","|faint|p1a: ラティオス","|","|","|switch|p1a: ボーマンダ|Salamence, M|331/331","|turn|6","|","|switch|p2a: Klefki|Klefki, M|318/318","|-damage|p2a: Klefki|299/318|[from] Stealth Rock","|move|p1a: ボーマンダ|Steel Wing|p2a: Klefki","|-damage|p2a: Klefki|235/318","|","|turn|7","|","|switch|p1a: ガブリアス|Garchomp, M|420/420","|move|p2a: Klefki|Switcheroo|p1a: ガブリアス","|-activate|p2a: Klefki|move: Trick|[of] p1a: ガブリアス","|-item|p1a: ガブリアス|Choice Scarf|[from] Trick","|-item|p2a: Klefki|Rocky Helmet|[from] Trick","|","|turn|8","|","|switch|p2a: Whimsicott|Whimsicott, F|324/324","|-damage|p2a: Whimsicott|284/324|[from] Stealth Rock","|move|p1a: ガブリアス|Earthquake|p2a: Whimsicott","|-resisted|p2a: Whimsicott","|-damage|p2a: Whimsicott|213/324","|","|-heal|p2a: Whimsicott|233/324|[from] item: Leftovers","|turn|9","|","|switch|p1a: サザンドラ|Hydreigon, M, shiny|326/326","|move|p2a: Whimsicott|Stun Spore|p1a: サザンドラ","|-status|p1a: サザンドラ|par","|","|-heal|p2a: Whimsicott|253/324|[from] item: Leftovers","|turn|10","|","|move|p2a: Whimsicott|U-turn|p1a: サザンドラ","|-supereffective|p1a: サザンドラ","|-damage|p1a: サザンドラ|252/326 par","|","|switch|p2a: Azumarill|Azumarill, F|403/403","|-damage|p2a: Azumarill|353/403|[from] Stealth Rock","|cant|p1a: サザンドラ|par","|","|turn|11","|","|move|p2a: Azumarill|Play Rough|p1a: サザンドラ","|-supereffective|p1a: サザンドラ","|-damage|p1a: サザンドラ|0 fnt","|faint|p1a: サザンドラ","|","|","|switch|p1a: キュレム|Kyurem-Black, shiny|391/391","|-ability|p1a: キュレム|Teravolt","|turn|12","|","|move|p1a: キュレム|Fusion Bolt|p2a: Azumarill","|-supereffective|p2a: Azumarill","|-damage|p2a: Azumarill|0 fnt","|-damage|p1a: キュレム|352/391|[from] item: Life Orb","|faint|p2a: Azumarill","|","|","|switch|p2a: Whimsicott|Whimsicott, F|253/324","|-damage|p2a: Whimsicott|213/324|[from] Stealth Rock","|turn|13","|","|move|p2a: Whimsicott|Stun Spore|p1a: キュレム|[miss]","|-miss|p2a: Whimsicott|p1a: キュレム","|move|p1a: キュレム|Ice Beam|p2a: Whimsicott","|-supereffective|p2a: Whimsicott","|-damage|p2a: Whimsicott|0 fnt","|-damage|p1a: キュレム|313/391|[from] item: Life Orb","|faint|p2a: Whimsicott","|","|","|switch|p2a: Diancie|Diancie|304/304","|-damage|p2a: Diancie|266/304|[from] Stealth Rock","|turn|14","|","|detailschange|p2a: Diancie|Diancie-Mega","|-mega|p2a: Diancie|Diancie|Diancite","|move|p1a: キュレム|Iron Head|p2a: Diancie","|-supereffective|p2a: Diancie","|-damage|p2a: Diancie|0 fnt","|-damage|p1a: キュレム|274/391|[from] item: Life Orb","|faint|p2a: Diancie","|","|","|switch|p2a: Gardevoir|Gardevoir, M|201/339","|-damage|p2a: Gardevoir|159/339|[from] Stealth Rock","|-ability|p2a: Gardevoir|Teravolt|[from] ability: Trace|[of] p1a: キュレム","|-ability|p2a: Gardevoir|Teravolt","|turn|15","|","|switch|p1a: ガブリアス|Garchomp, M|420/420","|move|p2a: Gardevoir|Moonblast|p1a: ガブリアス","|-supereffective|p1a: ガブリアス","|-damage|p1a: ガブリアス|46/420","|","|turn|16","|","|move|p1a: ガブリアス|Earthquake|p2a: Gardevoir","|-damage|p2a: Gardevoir|0 fnt","|faint|p2a: Gardevoir","|","|","|switch|p2a: Togekiss|Togekiss, F|373/373","|-damage|p2a: Togekiss|280/373|[from] Stealth Rock","|turn|17","|","|move|p1a: ガブリアス|Earthquake|p2a: Togekiss","|-immune|p2a: Togekiss|[msg]","|move|p2a: Togekiss|Air Slash|p1a: ガブリアス","|-damage|p1a: ガブリアス|0 fnt","|faint|p1a: ガブリアス","|","|","|switch|p1a: キュレム|Kyurem-Black, shiny|274/391","|-ability|p1a: キュレム|Teravolt","|turn|18","|","|move|p1a: キュレム|Fusion Bolt|p2a: Togekiss","|-crit|p2a: Togekiss","|-supereffective|p2a: Togekiss","|-damage|p2a: Togekiss|0 fnt","|-damage|p1a: キュレム|235/391|[from] item: Life Orb","|faint|p2a: Togekiss","|","|","|switch|p2a: Klefki|Klefki, M|235/318","|-damage|p2a: Klefki|216/318|[from] Stealth Rock","|turn|19","|","|move|p2a: Klefki|Thunder Wave|p1a: キュレム","|-status|p1a: キュレム|par","|move|p1a: キュレム|Fusion Bolt|p2a: Klefki","|-damage|p2a: Klefki|80/318","|-damage|p1a: キュレム|196/391 par|[from] item: Life Orb","|","|turn|20","|","|move|p2a: Klefki|Draining Kiss|p1a: キュレム","|-supereffective|p1a: キュレム","|-damage|p1a: キュレム|76/391 par","|-heal|p2a: Klefki|170/318|[from] drain|[of] p1a: キュレム","|cant|p1a: キュレム|par","|","|turn|21","|","|move|p2a: Klefki|Draining Kiss|p1a: キュレム","|-supereffective|p1a: キュレム","|-damage|p1a: キュレム|0 fnt","|-heal|p2a: Klefki|227/318|[from] drain|[of] p1a: キュレム","|faint|p1a: キュレム","|","|","|switch|p1a: ボーマンダ|Salamence, M|331/331","|turn|22","|","|move|p2a: Klefki|Thunder Wave|p1a: ボーマンダ","|-status|p1a: ボーマンダ|par","|move|p1a: ボーマンダ|Earthquake|p2a: Klefki","|-supereffective|p2a: Klefki","|-damage|p2a: Klefki|23/318","|","|turn|23","|","|move|p2a: Klefki|Draining Kiss|p1a: ボーマンダ","|-supereffective|p1a: ボーマンダ","|-damage|p1a: ボーマンダ|215/331 par","|-heal|p2a: Klefki|110/318|[from] drain|[of] p1a: ボーマンダ","|move|p1a: ボーマンダ|Earthquake|p2a: Klefki","|-supereffective|p2a: Klefki","|-damage|p2a: Klefki|0 fnt","|faint|p2a: Klefki","|-boost|p1a: ボーマンダ|atk|1|[from] ability: Moxie","|","|win|Alliance- WU용의TANG"],"p1rating":{"entryid":"7022950","serverid":"eos","formatid":"monotype","userid":"alliancewutang","username":"Alliance - Wu Tang","w":32,"l":"12","t":"0","gxe":68.8,"r":"1618.5943161483","rd":"58.964557831182","sigma":"0","rptime":"1438851600","rpr":1650.6397223997,"rprd":54.016005156929,"rpsigma":"0","acre":1338.2432511723,"lacre":1338.2432511723,"oldacre":"1330.9161115369"},"p2rating":{"entryid":"7452383","serverid":"eos","formatid":"monotype","userid":"sailorstarshine","username":"SailorStarshine","w":"2","l":1,"t":"0","gxe":54.8,"r":"1500","rd":"130","sigma":"0","rptime":"1438851600","rpr":1538.3213681716,"rprd":111.24580047004,"rpsigma":"0","acre":1063.6379474241,"lacre":1063.6379474241,"oldacre":"1071.2150360938"},"endType":"normal"}