{"seed":[12319,851,21726,47883],"turns":27,"p1":"GTX♅Lyako","p2":"Zukushiku","p1team":[{"name":"Gyarados","species":"Gyarados","item":"lumberry","ability":"Moxie","moves":["earthquake","flamethrower","waterfall","bounce"],"nature":"Lonely","evs":{"hp":248,"atk":252,"def":0,"spa":8,"spd":0,"spe":0},"ivs":{"hp":31,"atk":31,"def":31,"spa":31,"spd":31,"spe":31}},{"name":"Politoed","species":"Politoed","item":"redcard","ability":"Drizzle","moves":["scald","surf","toxic","blizzard"],"nature":"Bold","evs":{"hp":248,"atk":0,"def":252,"spa":8,"spd":0,"spe":0},"ivs":{"hp":31,"atk":31,"def":31,"spa":31,"spd":31,"spe":31}},{"name":"Azumarill","species":"Azumarill","item":"sitrusberry","ability":"Huge Power","moves":["aquajet","knockoff","scald","bodyslam"],"nature":"Adamant","evs":{"hp":248,"atk":252,"def":0,"spa":0,"spd":8,"spe":0},"ivs":{"hp":31,"atk":31,"def":31,"spa":31,"spd":31,"spe":31}},{"name":"Keldeo","species":"Keldeo","item":"leftovers","ability":"Justified","moves":["scald","secretsword","hiddenpowerground","closecombat"],"nature":"Hasty","evs":{"hp":0,"atk":4,"def":0,"spa":252,"spd":0,"spe":252},"ivs":{"hp":31,"atk":31,"def":31,"spa":30,"spd":30,"spe":31}},{"name":"Cloyster","species":"Cloyster","item":"focussash","ability":"Skill Link","moves":["shellsmash","iciclespear","rockblast","explosion"],"nature":"Adamant","evs":{"hp":0,"atk":252,"def":0,"spa":0,"spd":4,"spe":252},"ivs":{"hp":31,"atk":31,"def":31,"spa":31,"spd":31,"spe":31}},{"name":"Swampert","species":"Swampert","item":"swampertite","ability":"Torrent","moves":["earthquake","hiddenpowerfire","waterfall","raindance"],"nature":"","ivs":{"hp":31,"atk":30,"def":31,"spa":30,"spd":31,"spe":30},"evs":{"hp":0,"atk":0,"def":0,"spa":0,"spd":0,"spe":0}}],"p2team":[{"name":"Drifblim","species":"Drifblim","item":"weaknesspolicy","ability":"Unburden","moves":["stockpile","substitute","batonpass","tailwind"],"nature":"Timid","evs":{"hp":248,"atk":0,"def":0,"spa":0,"spd":8,"spe":252},"ivs":{"hp":31,"atk":0,"def":31,"spa":31,"spd":31,"spe":31},"shiny":true},{"name":"Gengar","species":"Gengar","item":"lifeorb","ability":"Levitate","moves":["shadowball","focusblast","substitute","painsplit"],"nature":"Timid","evs":{"hp":0,"atk":0,"def":0,"spa":252,"spd":4,"spe":252},"ivs":{"hp":31,"atk":0,"def":31,"spa":31,"spd":31,"spe":31}},{"name":"Sableye","species":"Sableye","item":"sablenite","ability":"Prankster","moves":["knockoff","willowisp","recover","foulplay"],"nature":"Careful","evs":{"hp":252,"atk":0,"def":112,"spa":0,"spd":144,"spe":0},"ivs":{"hp":31,"atk":31,"def":31,"spa":31,"spd":31,"spe":31}},{"name":"Chandelure","species":"Chandelure","item":"choicescarf","ability":"Flash Fire","moves":["fireblast","shadowball","energyball","hiddenpowerice"],"nature":"Timid","evs":{"hp":0,"atk":0,"def":0,"spa":252,"spd":4,"spe":252},"ivs":{"hp":31,"atk":0,"def":30,"spa":31,"spd":31,"spe":31},"shiny":true},{"name":"Jellicent","species":"Jellicent","item":"leftovers","ability":"Water Absorb","moves":["taunt","toxic","scald","recover"],"nature":"Calm","evs":{"hp":248,"atk":0,"def":0,"spa":0,"spd":44,"spe":216},"ivs":{"hp":31,"atk":31,"def":31,"spa":31,"spd":31,"spe":31}},{"name":"Hoopa","species":"Hoopa","item":"lifeorb","ability":"Magician","moves":["substitute","hyperspacehole","shadowball","drainpunch"],"nature":"Naive","evs":{"hp":0,"atk":84,"def":0,"spa":172,"spd":0,"spe":252},"ivs":{"hp":31,"atk":31,"def":31,"spa":31,"spd":31,"spe":31}}],"log":["|player|p1|GTX♅Lyako|102","|player|p2|Zukushiku|zukushiku.png","|gametype|singles","|gen|6","|tier|Monotype","|rated","|rule|Baton Pass Clause: Limit one Baton Passer, can't pass Spe and other stats simultaneously","|rule|Swagger Clause: Swagger is banned","|rule|Same Type Clause: Pokémon in a team must share a type","|clearpoke","|poke|p1|Gyarados, M","|poke|p1|Politoed, M","|poke|p1|Azumarill, F","|poke|p1|Keldeo","|poke|p1|Cloyster, F","|poke|p1|Swampert, F","|poke|p2|Drifblim, M, shiny","|poke|p2|Gengar, F","|poke|p2|Sableye, M","|poke|p2|Chandelure, M, shiny","|poke|p2|Jellicent, M","|poke|p2|Hoopa","|rule|Sleep Clause Mod: Limit one foe put to sleep","|rule|Species Clause: Limit one of each Pokémon","|rule|OHKO Clause: OHKO moves are banned","|rule|Moody Clause: Moody is banned","|rule|Evasion Moves Clause: Evasion moves are banned","|rule|Endless Battle Clause: Forcing endless battles is banned","|rule|HP Percentage Mod: HP is shown in percentages","|teampreview","|","|start","|switch|p1a: Politoed|Politoed, M|383/383","|switch|p2a: Jellicent|Jellicent, M|403/403","|-weather|RainDance","|turn|1","|","|move|p2a: Jellicent|Taunt|p1a: Politoed","|-start|p1a: Politoed|move: Taunt","|move|p1a: Politoed|Blizzard|p2a: Jellicent","|-resisted|p2a: Jellicent","|-damage|p2a: Jellicent|370/403","|","|-weather|RainDance|[upkeep]","|-heal|p2a: Jellicent|395/403|[from] item: Leftovers","|turn|2","|","|move|p2a: Jellicent|Toxic|p1a: Politoed","|-status|p1a: Politoed|tox","|move|p1a: Politoed|Scald|p2a: Jellicent","|-heal|p2a: Jellicent|403/403|[from] ability: Water Absorb|[of] p1a: Politoed","|","|-weather|RainDance|[upkeep]","|-damage|p1a: Politoed|360/383 tox|[from] psn","|turn|3","|","|move|p2a: Jellicent|Scald|p1a: Politoed","|-resisted|p1a: Politoed","|-damage|p1a: Politoed|300/383 tox","|-enditem|p1a: Politoed|Red Card|[of] p2a: Jellicent","|drag|p2a: Chandelure|Chandelure, M, shiny|261/261","|move|p1a: Politoed|Blizzard|p2a: Chandelure","|-miss|p1a: Politoed|p2a: Chandelure","|","|-weather|RainDance|[upkeep]","|-damage|p1a: Politoed|254/383 tox|[from] psn","|-end|p1a: Politoed|move: Taunt","|turn|4","|","|switch|p2a: Jellicent|Jellicent, M|403/403","|move|p1a: Politoed|Surf|p2a: Jellicent","|-immune|p2a: Jellicent|[msg]","|","|-weather|RainDance|[upkeep]","|-damage|p1a: Politoed|185/383 tox|[from] psn","|turn|5","|","|switch|p2a: Drifblim|Drifblim, M, shiny|503/503","|switch|p1a: Keldeo|Keldeo|323/323","|","|-weather|none","|turn|6","|","|move|p1a: Keldeo|Scald|p2a: Drifblim","|-damage|p2a: Drifblim|269/503","|-status|p2a: Drifblim|brn","|move|p2a: Drifblim|Stockpile|p2a: Drifblim","|-start|p2a: Drifblim|stockpile1","|-boost|p2a: Drifblim|def|1","|-boost|p2a: Drifblim|spd|1","|","|-damage|p2a: Drifblim|207/503 brn|[from] brn","|turn|7","|","|move|p1a: Keldeo|Hidden Power|p2a: Drifblim","|-immune|p2a: Drifblim|[msg]","|move|p2a: Drifblim|Baton Pass|p2a: Drifblim","|","|switch|p2a: Hoopa|Hoopa|301/301","|","|turn|8","|","|move|p1a: Keldeo|Scald|p2a: Hoopa","|-damage|p2a: Hoopa|219/301","|move|p2a: Hoopa|Substitute|p2a: Hoopa","|-start|p2a: Hoopa|Substitute","|-damage|p2a: Hoopa|144/301","|","|turn|9","|","|move|p1a: Keldeo|Scald|p2a: Hoopa","|-end|p2a: Hoopa|Substitute","|move|p2a: Hoopa|Hyperspace Hole|p1a: Keldeo","|-supereffective|p1a: Keldeo","|-damage|p1a: Keldeo|0 fnt","|-damage|p2a: Hoopa|114/301|[from] item: Life Orb","|faint|p1a: Keldeo","|","|","|switch|p1a: Politoed|Politoed, M|185/383 tox","|-weather|RainDance","|turn|10","|","|move|p2a: Hoopa|Substitute|p2a: Hoopa","|-start|p2a: Hoopa|Substitute","|-damage|p2a: Hoopa|39/301","|move|p1a: Politoed|Toxic|p2a: Hoopa","|-fail|p2a: Hoopa","|","|-weather|RainDance|[upkeep]","|-damage|p1a: Politoed|162/383 tox|[from] psn","|turn|11","|","|move|p2a: Hoopa|Drain Punch|p1a: Politoed","|-crit|p1a: Politoed","|-damage|p1a: Politoed|42/383 tox","|-heal|p2a: Hoopa|99/301|[from] drain|[of] p1a: Politoed","|-damage|p2a: Hoopa|69/301|[from] item: Life Orb","|move|p1a: Politoed|Surf|p2a: Hoopa","|-end|p2a: Hoopa|Substitute","|","|-weather|RainDance|[upkeep]","|-damage|p1a: Politoed|0 fnt|[from] psn","|faint|p1a: Politoed","|","|switch|p1a: Swampert|Swampert, F|341/341","|turn|12","|","|detailschange|p1a: Swampert|Swampert-Mega, F","|-mega|p1a: Swampert|Swampert|Swampertite","|move|p2a: Hoopa|Shadow Ball|p1a: Swampert","|-damage|p1a: Swampert|156/341","|-damage|p2a: Hoopa|39/301|[from] item: Life Orb","|move|p1a: Swampert|Waterfall|p2a: Hoopa","|-damage|p2a: Hoopa|0 fnt","|faint|p2a: Hoopa","|","|-weather|RainDance|[upkeep]","|","|switch|p2a: Sableye|Sableye, M|304/304","|turn|13","|","|move|p2a: Sableye|Will-O-Wisp|p1a: Swampert","|-status|p1a: Swampert|brn","|move|p1a: Swampert|Waterfall|p2a: Sableye","|-damage|p2a: Sableye|190/304","|","|-weather|RainDance|[upkeep]","|-damage|p1a: Swampert|114/341 brn|[from] brn","|turn|14","|","|move|p2a: Sableye|Recover|p2a: Sableye","|-heal|p2a: Sableye|304/304","|move|p1a: Swampert|Earthquake|p2a: Sableye","|-damage|p2a: Sableye|211/304","|","|-weather|none","|-damage|p1a: Swampert|72/341 brn|[from] brn","|turn|15","|","|move|p2a: Sableye|Recover|p2a: Sableye","|-heal|p2a: Sableye|304/304","|move|p1a: Swampert|Hidden Power|p2a: Sableye","|-damage|p2a: Sableye|257/304","|","|-damage|p1a: Swampert|30/341 brn|[from] brn","|turn|16","|","|switch|p1a: Cloyster|Cloyster, F|241/241","|switch|p2a: Gengar|Gengar, F|261/261","|","|turn|17","|","|move|p2a: Gengar|Shadow Ball|p1a: Cloyster","|-enditem|p1a: Cloyster|Focus Sash","|-damage|p1a: Cloyster|1/241","|-unboost|p1a: Cloyster|spd|1","|-damage|p2a: Gengar|235/261|[from] item: Life Orb","|move|p1a: Cloyster|Shell Smash|p1a: Cloyster","|-unboost|p1a: Cloyster|def|1","|-unboost|p1a: Cloyster|spd|1","|-boost|p1a: Cloyster|atk|2","|-boost|p1a: Cloyster|spa|2","|-boost|p1a: Cloyster|spe|2","|","|turn|18","|","|switch|p2a: Drifblim|Drifblim, M, shiny|207/503 brn","|move|p1a: Cloyster|Rock Blast|p2a: Drifblim","|-supereffective|p2a: Drifblim","|-damage|p2a: Drifblim|23/503 brn","|-enditem|p2a: Drifblim|Weakness Policy","|-boost|p2a: Drifblim|atk|2|[from] item: Weakness Policy","|-boost|p2a: Drifblim|spa|2|[from] item: Weakness Policy","|-supereffective|p2a: Drifblim","|-damage|p2a: Drifblim|0 fnt","|-hitcount|p2a: Drifblim|2","|faint|p2a: Drifblim","|","|","|switch|p2a: Sableye|Sableye, M|257/304","|turn|19","|","|move|p2a: Sableye|Will-O-Wisp|p1a: Cloyster","|-status|p1a: Cloyster|brn","|move|p1a: Cloyster|Icicle Spear|p2a: Sableye","|-damage|p2a: Sableye|215/304","|-damage|p2a: Sableye|170/304","|-damage|p2a: Sableye|127/304","|-damage|p2a: Sableye|85/304","|-damage|p2a: Sableye|39/304","|-hitcount|p2a: Sableye|5","|","|-damage|p1a: Cloyster|0 fnt|[from] brn","|faint|p1a: Cloyster","|","|switch|p1a: Gyarados|Gyarados, M|393/393","|turn|20","|","|move|p2a: Sableye|Will-O-Wisp|p1a: Gyarados","|-status|p1a: Gyarados|brn","|-enditem|p1a: Gyarados|Lum Berry|[eat]","|-curestatus|p1a: Gyarados|brn","|move|p1a: Gyarados|Waterfall|p2a: Sableye","|-damage|p2a: Sableye|0 fnt","|faint|p2a: Sableye","|-boost|p1a: Gyarados|atk|1|[from] ability: Moxie","|","|","|switch|p2a: Gengar|Gengar, F|235/261","|turn|21","|","|move|p2a: Gengar|Shadow Ball|p1a: Gyarados","|-damage|p1a: Gyarados|206/393","|-damage|p2a: Gengar|209/261|[from] item: Life Orb","|move|p1a: Gyarados|Bounce|p2a: Gengar|[still]","|-prepare|p1a: Gyarados|Bounce|p2a: Gengar","|","|turn|22","|","|move|p2a: Gengar|Substitute|p2a: Gengar","|-start|p2a: Gengar|Substitute","|-damage|p2a: Gengar|144/261","|move|p1a: Gyarados|Bounce|p2a: Gengar|[from]lockedmove|[miss]","|-miss|p1a: Gyarados|p2a: Gengar","|","|turn|23","|","|move|p2a: Gengar|Shadow Ball|p1a: Gyarados","|-damage|p1a: Gyarados|21/393","|-damage|p2a: Gengar|118/261|[from] item: Life Orb","|move|p1a: Gyarados|Waterfall|p2a: Gengar","|-end|p2a: Gengar|Substitute","|","|turn|24","|","|move|p2a: Gengar|Shadow Ball|p1a: Gyarados","|-damage|p1a: Gyarados|0 fnt","|-damage|p2a: Gengar|92/261|[from] item: Life Orb","|faint|p1a: Gyarados","|","|","|switch|p1a: Swampert|Swampert-Mega, F|30/341 brn","|turn|25","|","|move|p2a: Gengar|Shadow Ball|p1a: Swampert","|-damage|p1a: Swampert|0 fnt","|-damage|p2a: Gengar|66/261|[from] item: Life Orb","|faint|p1a: Swampert","|","|","|switch|p1a: Azumarill|Azumarill, F|403/403","|turn|26","|","|move|p2a: Gengar|Shadow Ball|p1a: Azumarill","|-damage|p1a: Azumarill|164/403","|-damage|p2a: Gengar|40/261|[from] item: Life Orb","|-enditem|p1a: Azumarill|Sitrus Berry|[eat]","|-heal|p1a: Azumarill|264/403|[from] item: Sitrus Berry","|move|p1a: Azumarill|Knock Off|p2a: Gengar","|-supereffective|p2a: Gengar","|-damage|p2a: Gengar|0 fnt","|-enditem|p2a: Gengar|Life Orb|[from] move: Knock Off|[of] p1a: Azumarill","|faint|p2a: Gengar","|","|","|switch|p2a: Chandelure|Chandelure, M, shiny|261/261","|turn|27","|","|move|p2a: Chandelure|Energy Ball|p1a: Azumarill","|-supereffective|p1a: Azumarill","|-damage|p1a: Azumarill|0 fnt","|faint|p1a: Azumarill","|","|win|Zukushiku"],"p1rating":{"entryid":"7452508","serverid":"eos","formatid":"monotype","userid":"gtxlyako","username":"GTX♅Lyako","w":"1","l":1,"t":"0","gxe":49.1,"r":"1500","rd":"130","sigma":"0","rptime":"1438851600","rpr":1492.6842153895,"rprd":117.13709638681,"rpsigma":"0","acre":1036.7609017336,"lacre":1036.7609017336,"oldacre":"1042.709007311"},"p2rating":{"entryid":"7076911","serverid":"eos","formatid":"monotype","userid":"zukushiku","username":"Zukushiku","w":31,"l":"14","t":"0","gxe":66.5,"r":"1598.3679066985","rd":"55.436480695911","sigma":"0","rptime":"1438851600","rpr":1630.1257531486,"rprd":52.636541439434,"rpsigma":"0","acre":1311.8806486861,"lacre":1311.8806486861,"oldacre":"1304.6296694252"},"endType":"normal"}