{"seed":[35986,1054,2192,12214],"turns":40,"p1":"Crystal glaceon13","p2":"Twizz","p1team":[{"name":"Diancie","species":"Diancie","item":"diancite","ability":"Clear Body","moves":["earthpower","moonblast","diamondstorm","protect"],"nature":"Naive","evs":{"hp":0,"atk":4,"def":0,"spa":252,"spd":0,"spe":252},"ivs":{"hp":31,"atk":31,"def":31,"spa":31,"spd":31,"spe":31}},{"name":"Togekiss","species":"Togekiss","item":"leftovers","ability":"Serene Grace","moves":["nastyplot","batonpass","airslash","flamethrower"],"nature":"Calm","evs":{"hp":248,"atk":0,"def":0,"spa":0,"spd":240,"spe":20},"ivs":{"hp":31,"atk":31,"def":31,"spa":31,"spd":31,"spe":31}},{"name":"Klefki","species":"Klefki","item":"lightclay","ability":"Prankster","moves":["reflect","lightscreen","thunderwave","foulplay"],"nature":"Bold","evs":{"hp":252,"atk":0,"def":64,"spa":0,"spd":192,"spe":0},"ivs":{"hp":31,"atk":31,"def":31,"spa":31,"spd":31,"spe":31}},{"name":"Azumarill","species":"Azumarill","item":"assaultvest","ability":"Huge Power","moves":["playrough","aquajet","waterfall","poweruppunch"],"nature":"Adamant","evs":{"hp":248,"atk":252,"def":0,"spa":0,"spd":0,"spe":8},"gender":"M","ivs":{"hp":31,"atk":31,"def":31,"spa":31,"spd":31,"spe":31}},{"name":"Gardevoir","species":"Gardevoir","item":"choicescarf","ability":"Trace","moves":["thunderbolt","hiddenpowerfire","moonblast","psyshock"],"nature":"Timid","evs":{"hp":0,"atk":0,"def":4,"spa":252,"spd":0,"spe":252},"ivs":{"hp":31,"atk":30,"def":31,"spa":30,"spd":31,"spe":30}},{"name":"Granbull","species":"Granbull","item":"leftovers","ability":"Intimidate","moves":["earthquake","firepunch","bulkup","playrough"],"nature":"Adamant","evs":{"hp":188,"atk":200,"def":120,"spa":0,"spd":0,"spe":0},"ivs":{"hp":31,"atk":31,"def":31,"spa":31,"spd":31,"spe":31}}],"p2team":[{"name":"Magnezone","species":"Magnezone","item":"leftovers","ability":"Sturdy","moves":["flashcannon","thunderbolt","protect","hiddenpowerice"],"nature":"Modest","evs":{"hp":76,"atk":0,"def":180,"spa":252,"spd":0,"spe":0},"ivs":{"hp":31,"atk":30,"def":30,"spa":31,"spd":31,"spe":31}},{"name":"Zapdos","species":"Zapdos","item":"leftovers","ability":"Pressure","moves":["discharge","heatwave","toxic","roost"],"nature":"Bold","evs":{"hp":4,"atk":0,"def":252,"spa":0,"spd":252,"spe":0},"ivs":{"hp":31,"atk":31,"def":31,"spa":31,"spd":31,"spe":31}},{"name":"Ampharos","species":"Ampharos","item":"ampharosite","ability":"Static","moves":["cottonguard","rest","sleeptalk","dragonpulse"],"nature":"Bold","evs":{"hp":0,"atk":0,"def":252,"spa":136,"spd":120,"spe":0},"ivs":{"hp":31,"atk":31,"def":31,"spa":31,"spd":31,"spe":31}},{"name":"Raikou","species":"Raikou","item":"leftovers","ability":"Pressure","moves":["calmmind","substitute","thunderbolt","extrasensory"],"nature":"Timid","evs":{"hp":0,"atk":0,"def":0,"spa":252,"spd":4,"spe":252},"ivs":{"hp":31,"atk":31,"def":31,"spa":31,"spd":31,"spe":31}},{"name":"Rotom-Wash","species":"Rotom-Wash","item":"choicescarf","ability":"Levitate","moves":["voltswitch","hydropump","willowisp","trick"],"nature":"Timid","evs":{"hp":0,"atk":0,"def":0,"spa":252,"spd":4,"spe":252},"ivs":{"hp":31,"atk":31,"def":31,"spa":31,"spd":31,"spe":31}},{"name":"Condom","species":"eelektross","item":"assaultvest","ability":"Levitate","moves":["gigadrain","thunderbolt","drainpunch","knockoff"],"nature":"Quiet","evs":{"hp":3,"atk":136,"def":0,"spa":108,"spd":252,"spe":0},"ivs":{"hp":31,"atk":31,"def":31,"spa":31,"spd":31,"spe":31}}],"log":["|player|p1|Crystal glaceon13|32","|player|p2|Twizz|122","|gametype|singles","|gen|6","|tier|Monotype","|rated","|rule|Baton Pass Clause: Limit one Baton Passer, can't pass Spe and other stats simultaneously","|rule|Swagger Clause: Swagger is banned","|rule|Same Type Clause: Pokémon in a team must share a type","|clearpoke","|poke|p1|Diancie","|poke|p1|Togekiss, F","|poke|p1|Klefki, M","|poke|p1|Azumarill, M","|poke|p1|Gardevoir, F","|poke|p1|Granbull, M","|poke|p2|Magnezone","|poke|p2|Zapdos","|poke|p2|Ampharos, F","|poke|p2|Raikou","|poke|p2|Rotom-Wash","|poke|p2|Eelektross, F","|rule|Sleep Clause Mod: Limit one foe put to sleep","|rule|Species Clause: Limit one of each Pokémon","|rule|OHKO Clause: OHKO moves are banned","|rule|Moody Clause: Moody is banned","|rule|Evasion Moves Clause: Evasion moves are banned","|rule|Endless Battle Clause: Forcing endless battles is banned","|rule|HP Percentage Mod: HP is shown in percentages","|teampreview","|","|start","|switch|p1a: Diancie|Diancie|241/241","|switch|p2a: Rotom-Wash|Rotom-Wash|241/241","|turn|1","|","|detailschange|p1a: Diancie|Diancie-Mega","|-mega|p1a: Diancie|Diancie|Diancite","|move|p1a: Diancie|Protect|p1a: Diancie","|-singleturn|p1a: Diancie|Protect","|move|p2a: Rotom-Wash|Hydro Pump|p1a: Diancie","|-activate|p1a: Diancie|Protect","|","|turn|2","|","|switch|p1a: Klefki|Klefki, M|318/318","|move|p2a: Rotom-Wash|Hydro Pump|p1a: Klefki","|-damage|p1a: Klefki|158/318","|","|turn|3","|","|move|p1a: Klefki|Light Screen|p1a: Klefki","|-sidestart|p1: Crystal glaceon13|move: Light Screen","|move|p2a: Rotom-Wash|Hydro Pump|p1a: Klefki","|-damage|p1a: Klefki|83/318","|","|turn|4","|","|switch|p2a: Zapdos|Zapdos|322/322","|-ability|p2a: Zapdos|Pressure","|switch|p1a: Togekiss|Togekiss, F|373/373","|","|turn|5","|","|move|p2a: Zapdos|Discharge|p1a: Togekiss","|-supereffective|p1a: Togekiss","|-damage|p1a: Togekiss|297/373","|move|p1a: Togekiss|Nasty Plot|p1a: Togekiss","|-boost|p1a: Togekiss|spa|2","|","|-heal|p1a: Togekiss|320/373|[from] item: Leftovers","|turn|6","|","|move|p2a: Zapdos|Discharge|p1a: Togekiss","|-supereffective|p1a: Togekiss","|-damage|p1a: Togekiss|239/373","|-status|p1a: Togekiss|par","|move|p1a: Togekiss|Nasty Plot|p1a: Togekiss","|-boost|p1a: Togekiss|spa|2","|","|-heal|p1a: Togekiss|262/373 par|[from] item: Leftovers","|turn|7","|","|switch|p2a: Condom|Eelektross, F|311/311","|move|p1a: Togekiss|Baton Pass|p1a: Togekiss","|","|switch|p1a: Gardevoir|Gardevoir, F|277/277","|-ability|p1a: Gardevoir|Levitate|[from] ability: Trace|[of] p2a: Condom","|","|turn|8","|","|move|p1a: Gardevoir|Psyshock|p2a: Condom","|-crit|p2a: Condom","|-damage|p2a: Condom|0 fnt","|faint|p2a: Condom","|","|","|switch|p2a: Magnezone|Magnezone|300/300","|turn|9","|","|switch|p1a: Klefki|Klefki, M|83/318","|move|p2a: Magnezone|Protect|p2a: Magnezone","|-fail|p2a: Magnezone","|","|turn|10","|","|switch|p2a: Rotom-Wash|Rotom-Wash|241/241","|move|p1a: Klefki|Reflect|p1a: Klefki","|-sidestart|p1: Crystal glaceon13|Reflect","|","|-sideend|p1: Crystal glaceon13|move: Light Screen","|turn|11","|","|move|p1a: Klefki|Light Screen|p1a: Klefki","|-sidestart|p1: Crystal glaceon13|move: Light Screen","|move|p2a: Rotom-Wash|Trick|p1a: Klefki","|-activate|p2a: Rotom-Wash|move: Trick|[of] p1a: Klefki","|-item|p1a: Klefki|Choice Scarf|[from] move: Trick","|-item|p2a: Rotom-Wash|Light Clay|[from] move: Trick","|","|turn|12","|","|switch|p1a: Togekiss|Togekiss, F|262/373 par","|move|p2a: Rotom-Wash|Will-O-Wisp|p1a: Togekiss","|-fail|p1a: Togekiss","|","|-heal|p1a: Togekiss|285/373 par|[from] item: Leftovers","|turn|13","|","|move|p2a: Rotom-Wash|Volt Switch|p1a: Togekiss","|-supereffective|p1a: Togekiss","|-damage|p1a: Togekiss|218/373 par","|","|switch|p2a: Raikou|Raikou|321/321","|-ability|p2a: Raikou|Pressure","|move|p1a: Togekiss|Nasty Plot|p1a: Togekiss","|-boost|p1a: Togekiss|spa|2","|","|-heal|p1a: Togekiss|241/373 par|[from] item: Leftovers","|turn|14","|","|move|p2a: Raikou|Substitute|p2a: Raikou","|-start|p2a: Raikou|Substitute","|-damage|p2a: Raikou|241/321","|cant|p1a: Togekiss|par","|","|-heal|p2a: Raikou|261/321|[from] item: Leftovers","|-heal|p1a: Togekiss|264/373 par|[from] item: Leftovers","|turn|15","|","|move|p2a: Raikou|Calm Mind|p2a: Raikou","|-boost|p2a: Raikou|spa|1","|-boost|p2a: Raikou|spd|1","|move|p1a: Togekiss|Baton Pass|p1a: Togekiss","|","|switch|p1a: Gardevoir|Gardevoir, F|277/277","|-ability|p1a: Gardevoir|Pressure|[from] ability: Trace|[of] p2a: Raikou","|-ability|p1a: Gardevoir|Pressure","|","|-heal|p2a: Raikou|281/321|[from] item: Leftovers","|turn|16","|","|move|p1a: Gardevoir|Psyshock|p2a: Raikou","|-end|p2a: Raikou|Substitute","|move|p2a: Raikou|Calm Mind|p2a: Raikou","|-boost|p2a: Raikou|spa|1","|-boost|p2a: Raikou|spd|1","|","|-heal|p2a: Raikou|301/321|[from] item: Leftovers","|turn|17","|","|switch|p2a: Magnezone|Magnezone|300/300","|move|p1a: Gardevoir|Psyshock|p2a: Magnezone","|-resisted|p2a: Magnezone","|-damage|p2a: Magnezone|192/300","|","|-heal|p2a: Magnezone|210/300|[from] item: Leftovers","|-sideend|p1: Crystal glaceon13|Reflect","|turn|18","|","|move|p2a: Magnezone|Protect|p2a: Magnezone","|-singleturn|p2a: Magnezone|Protect","|move|p1a: Gardevoir|Psyshock|p2a: Magnezone","|-activate|p2a: Magnezone|Protect","|","|-heal|p2a: Magnezone|228/300|[from] item: Leftovers","|-sideend|p1: Crystal glaceon13|move: Light Screen","|turn|19","|","|move|p1a: Gardevoir|Psyshock|p2a: Magnezone","|-resisted|p2a: Magnezone","|-damage|p2a: Magnezone|117/300","|move|p2a: Magnezone|Flash Cannon|p1a: Gardevoir","|-supereffective|p1a: Gardevoir","|-damage|p1a: Gardevoir|5/277","|","|-heal|p2a: Magnezone|135/300|[from] item: Leftovers","|turn|20","|","|move|p2a: Magnezone|Protect|p2a: Magnezone","|-singleturn|p2a: Magnezone|Protect","|move|p1a: Gardevoir|Psyshock|p2a: Magnezone","|-activate|p2a: Magnezone|Protect","|","|-heal|p2a: Magnezone|153/300|[from] item: Leftovers","|turn|21","|","|move|p1a: Gardevoir|Psyshock|p2a: Magnezone","|-resisted|p2a: Magnezone","|-damage|p2a: Magnezone|48/300","|move|p2a: Magnezone|Thunderbolt|p1a: Gardevoir","|-damage|p1a: Gardevoir|0 fnt","|faint|p1a: Gardevoir","|","|-heal|p2a: Magnezone|66/300|[from] item: Leftovers","|","|switch|p1a: Diancie|Diancie-Mega|241/241","|turn|22","|","|move|p2a: Magnezone|Protect|p2a: Magnezone","|-singleturn|p2a: Magnezone|Protect","|move|p1a: Diancie|Earth Power|p2a: Magnezone","|-activate|p2a: Magnezone|Protect","|","|-heal|p2a: Magnezone|84/300|[from] item: Leftovers","|turn|23","|","|move|p1a: Diancie|Earth Power|p2a: Magnezone","|-supereffective|p2a: Magnezone","|-damage|p2a: Magnezone|0 fnt","|faint|p2a: Magnezone","|","|","|switch|p2a: Rotom-Wash|Rotom-Wash|241/241","|turn|24","|","|switch|p1a: Azumarill|Azumarill, M|403/403","|move|p2a: Rotom-Wash|Hydro Pump|p1a: Azumarill","|-resisted|p1a: Azumarill","|-damage|p1a: Azumarill|331/403","|","|turn|25","|","|switch|p1a: Diancie|Diancie-Mega|241/241","|move|p2a: Rotom-Wash|Volt Switch|p1a: Diancie","|-damage|p1a: Diancie|126/241","|","|switch|p2a: Zapdos|Zapdos|322/322","|-ability|p2a: Zapdos|Pressure","|","|turn|26","|","|move|p1a: Diancie|Diamond Storm|p2a: Zapdos","|-supereffective|p2a: Zapdos","|-damage|p2a: Zapdos|40/322","|-boost|p1a: Diancie|def|1","|move|p2a: Zapdos|Discharge|p1a: Diancie","|-damage|p1a: Diancie|2/241","|","|-heal|p2a: Zapdos|60/322|[from] item: Leftovers","|turn|27","|","|move|p1a: Diancie|Moonblast|p2a: Zapdos","|-damage|p2a: Zapdos|0 fnt","|faint|p2a: Zapdos","|","|","|switch|p2a: Raikou|Raikou|301/321","|-ability|p2a: Raikou|Pressure","|turn|28","|","|move|p2a: Raikou|Thunderbolt|p1a: Diancie","|-damage|p1a: Diancie|0 fnt","|faint|p1a: Diancie","|","|-heal|p2a: Raikou|321/321|[from] item: Leftovers","|","|switch|p1a: Klefki|Klefki, M|83/318","|turn|29","|","|move|p1a: Klefki|Light Screen|p1a: Klefki","|-sidestart|p1: Crystal glaceon13|move: Light Screen","|move|p2a: Raikou|Substitute|p2a: Raikou","|-start|p2a: Raikou|Substitute","|-damage|p2a: Raikou|241/321","|","|-heal|p2a: Raikou|261/321|[from] item: Leftovers","|turn|30","|","|switch|p1a: Granbull|Granbull, M|368/368","|-ability|p1a: Granbull|Intimidate","|-activate|p2a: Raikou|Substitute|ability: Intimidate|[of] p1a: Granbull","|move|p2a: Raikou|Calm Mind|p2a: Raikou","|-boost|p2a: Raikou|spa|1","|-boost|p2a: Raikou|spd|1","|","|-heal|p2a: Raikou|281/321|[from] item: Leftovers","|turn|31","|","|move|p2a: Raikou|Calm Mind|p2a: Raikou","|-boost|p2a: Raikou|spa|1","|-boost|p2a: Raikou|spd|1","|move|p1a: Granbull|Earthquake|p2a: Raikou","|-supereffective|p2a: Raikou","|-end|p2a: Raikou|Substitute","|","|-heal|p2a: Raikou|301/321|[from] item: Leftovers","|turn|32","|","|move|p2a: Raikou|Substitute|p2a: Raikou","|-start|p2a: Raikou|Substitute","|-damage|p2a: Raikou|221/321","|move|p1a: Granbull|Earthquake|p2a: Raikou","|-supereffective|p2a: Raikou","|-end|p2a: Raikou|Substitute","|","|-heal|p2a: Raikou|241/321|[from] item: Leftovers","|turn|33","|","|move|p2a: Raikou|Substitute|p2a: Raikou","|-start|p2a: Raikou|Substitute","|-damage|p2a: Raikou|161/321","|move|p1a: Granbull|Earthquake|p2a: Raikou","|-supereffective|p2a: Raikou","|-end|p2a: Raikou|Substitute","|","|-heal|p2a: Raikou|181/321|[from] item: Leftovers","|-sideend|p1: Crystal glaceon13|move: Light Screen","|turn|34","|","|switch|p1a: Togekiss|Togekiss, F|264/373 par","|move|p2a: Raikou|Thunderbolt|p1a: Togekiss","|-supereffective|p1a: Togekiss","|-damage|p1a: Togekiss|0 fnt","|faint|p1a: Togekiss","|","|-heal|p2a: Raikou|201/321|[from] item: Leftovers","|","|switch|p1a: Azumarill|Azumarill, M|331/403","|turn|35","|","|move|p1a: Azumarill|Aqua Jet|p2a: Raikou","|-damage|p2a: Raikou|83/321","|move|p2a: Raikou|Thunderbolt|p1a: Azumarill","|-supereffective|p1a: Azumarill","|-damage|p1a: Azumarill|0 fnt","|faint|p1a: Azumarill","|","|-heal|p2a: Raikou|103/321|[from] item: Leftovers","|","|switch|p1a: Klefki|Klefki, M|83/318","|turn|36","|","|move|p1a: Klefki|Light Screen|p1a: Klefki","|-sidestart|p1: Crystal glaceon13|move: Light Screen","|move|p2a: Raikou|Substitute|p2a: Raikou","|-start|p2a: Raikou|Substitute","|-damage|p2a: Raikou|23/321","|","|-heal|p2a: Raikou|43/321|[from] item: Leftovers","|turn|37","|","|switch|p1a: Granbull|Granbull, M|368/368","|-ability|p1a: Granbull|Intimidate","|-activate|p2a: Raikou|Substitute|ability: Intimidate|[of] p1a: Granbull","|move|p2a: Raikou|Calm Mind|p2a: Raikou","|-boost|p2a: Raikou|spa|1","|-boost|p2a: Raikou|spd|1","|","|-heal|p2a: Raikou|63/321|[from] item: Leftovers","|turn|38","|","|move|p2a: Raikou|Calm Mind|p2a: Raikou","|-boost|p2a: Raikou|spa|1","|-boost|p2a: Raikou|spd|1","|move|p1a: Granbull|Earthquake|p2a: Raikou","|-supereffective|p2a: Raikou","|-end|p2a: Raikou|Substitute","|","|-heal|p2a: Raikou|83/321|[from] item: Leftovers","|turn|39","|","|move|p2a: Raikou|Thunderbolt|p1a: Granbull","|-damage|p1a: Granbull|56/368","|move|p1a: Granbull|Earthquake|p2a: Raikou","|-supereffective|p2a: Raikou","|-damage|p2a: Raikou|0 fnt","|faint|p2a: Raikou","|","|-heal|p1a: Granbull|79/368|[from] item: Leftovers","|","|switch|p2a: Rotom-Wash|Rotom-Wash|241/241","|turn|40","|","|move|p2a: Rotom-Wash|Volt Switch|p1a: Granbull","|-damage|p1a: Granbull|0 fnt","|faint|p1a: Granbull","|","|switch|p2a: Ampharos|Ampharos, F|321/321","|","|-sideend|p1: Crystal glaceon13|move: Light Screen","|","|win|Twizz"],"p1rating":{"entryid":"5815193","serverid":"eos","formatid":"monotype","userid":"crystalglaceon13","username":"Crystal glaceon13","w":"32","l":17,"t":"0","gxe":60.1,"r":"1619.9542173197","rd":"58.338440032355","sigma":"0","rptime":"1438851600","rpr":1578.31709191,"rprd":55.385998106947,"rpsigma":"0","acre":1186.2689475988,"lacre":1186.2689475988,"oldacre":"1218.2116298103"},"p2rating":{"entryid":"6985408","serverid":"eos","formatid":"monotype","userid":"twizz","username":"Twizz","w":21,"l":"30","t":"0","gxe":41.7,"r":"1400.4981148932","rd":"53.302059810028","sigma":"0","rptime":"1438851600","rpr":1436.6683504621,"rprd":51.144559593879,"rpsigma":"0","acre":1151.0670561721,"lacre":1151.0670561721,"oldacre":"1119.1243739606"},"endType":"forfeit"}