{"seed":[28133,23740,26080,54203],"turns":25,"p1":"Carnie Marx","p2":"Soul Marston","p1team":[{"name":"Murkrow","species":"Murkrow","item":"eviolite","ability":"Prankster","moves":["roost","thunderwave","featherdance","darkpulse"],"nature":"Calm","evs":{"hp":248,"atk":0,"def":0,"spa":8,"spd":252,"spe":0},"ivs":{"hp":31,"atk":31,"def":31,"spa":31,"spd":31,"spe":31}},{"name":"Absol","species":"Absol","item":"scopelens","ability":"Super Luck","moves":["nightslash","shadowclaw","thunderwave","suckerpunch"],"nature":"Jolly","evs":{"hp":0,"atk":252,"def":0,"spa":0,"spd":4,"spe":252},"ivs":{"hp":31,"atk":31,"def":31,"spa":31,"spd":31,"spe":31}},{"name":"Mandibuzz","species":"Mandibuzz","item":"rockyhelmet","ability":"Overcoat","moves":["foulplay","roost","toxic","bravebird"],"nature":"Impish","evs":{"hp":248,"atk":8,"def":252,"spa":0,"spd":0,"spe":0},"ivs":{"hp":31,"atk":31,"def":31,"spa":31,"spd":31,"spe":31}},{"name":"Malamar","species":"Malamar","item":"muscleband","ability":"Contrary","moves":["nightslash","psychocut","superpower","foulplay"],"nature":"Adamant","evs":{"hp":248,"atk":252,"def":0,"spa":0,"spd":8,"spe":0},"ivs":{"hp":31,"atk":31,"def":31,"spa":31,"spd":31,"spe":31}},{"name":"Hydreigon","species":"Hydreigon","item":"choicespecs","ability":"Levitate","moves":["darkpulse","dragonpulse","earthpower","flamethrower"],"nature":"Timid","evs":{"hp":0,"atk":0,"def":0,"spa":252,"spd":4,"spe":252},"ivs":{"hp":31,"atk":31,"def":31,"spa":31,"spd":31,"spe":31}},{"name":"Sharpedo","species":"Sharpedo","item":"focussash","ability":"Speed Boost","moves":["destinybond","crunch","earthquake","waterfall"],"nature":"Adamant","evs":{"hp":0,"atk":252,"def":0,"spa":0,"spd":4,"spe":252},"ivs":{"hp":31,"atk":31,"def":31,"spa":31,"spd":31,"spe":31}}],"p2team":[{"name":"Terrakion","species":"Terrakion","item":"focussash","ability":"Justified","moves":["earthquake","closecombat","ironhead","rockslide"],"nature":"Jolly","evs":{"hp":0,"atk":252,"def":0,"spa":0,"spd":4,"spe":252},"ivs":{"hp":31,"atk":31,"def":31,"spa":31,"spd":31,"spe":31}},{"name":"Rhyperior","species":"Rhyperior","item":"assaultvest","ability":"Solid Rock","moves":["earthquake","megahorn","icefang","rockwrecker"],"nature":"Adamant","evs":{"hp":248,"atk":252,"def":0,"spa":0,"spd":8,"spe":0},"ivs":{"hp":31,"atk":31,"def":31,"spa":31,"spd":31,"spe":31}},{"name":"Crustle","species":"Crustle","item":"airballoon","ability":"Sturdy","moves":["shellsmash","rockblast","xscissor","earthquake"],"nature":"Adamant","evs":{"hp":0,"atk":252,"def":0,"spa":0,"spd":4,"spe":252},"ivs":{"hp":31,"atk":31,"def":31,"spa":31,"spd":31,"spe":31}},{"name":"Aerodactyl","species":"Aerodactyl","item":"expertbelt","ability":"Rock Head","moves":["earthquake","thunderfang","firefang","rockslide"],"nature":"Jolly","evs":{"hp":0,"atk":252,"def":0,"spa":0,"spd":4,"spe":252},"ivs":{"hp":31,"atk":31,"def":31,"spa":31,"spd":31,"spe":31}},{"name":"Cradily","species":"Cradily","item":"airballoon","ability":"Suction Cups","moves":["toxic","ancientpower","stealthrock","energyball"],"nature":"Modest","evs":{"hp":248,"atk":0,"def":0,"spa":252,"spd":8,"spe":0},"ivs":{"hp":31,"atk":31,"def":31,"spa":31,"spd":31,"spe":31}},{"name":"Aggron","species":"Aggron","item":"aggronite","ability":"Sturdy","moves":["earthquake","facade","heavyslam","poweruppunch"],"nature":"","evs":{"hp":0,"atk":0,"def":0,"spa":0,"spd":0,"spe":0},"ivs":{"hp":31,"atk":31,"def":31,"spa":31,"spd":31,"spe":31}}],"log":["|player|p1|Carnie Marx|238","|player|p2|Soul Marston|238","|gametype|singles","|gen|6","|tier|Monotype","|rated","|rule|Baton Pass Clause: Limit one Baton Passer, can't pass Spe and other stats simultaneously","|rule|Swagger Clause: Swagger is banned","|rule|Same Type Clause: Pokémon in a team must share a type","|clearpoke","|poke|p1|Murkrow, M","|poke|p1|Absol, F","|poke|p1|Mandibuzz, F","|poke|p1|Malamar, F","|poke|p1|Hydreigon, M","|poke|p1|Sharpedo, F","|poke|p2|Terrakion","|poke|p2|Rhyperior, M","|poke|p2|Crustle, F","|poke|p2|Aerodactyl, M","|poke|p2|Cradily, F","|poke|p2|Aggron, M","|rule|Sleep Clause Mod: Limit one foe put to sleep","|rule|Species Clause: Limit one of each Pokémon","|rule|OHKO Clause: OHKO moves are banned","|rule|Moody Clause: Moody is banned","|rule|Evasion Moves Clause: Evasion moves are banned","|rule|Endless Battle Clause: Forcing endless battles is banned","|rule|HP Percentage Mod: HP is shown in percentages","|teampreview","|","|start","|switch|p1a: Hydreigon|Hydreigon, M|325/325","|switch|p2a: Crustle|Crustle, F|281/281","|-item|p2a: Crustle|Air Balloon","|turn|1","|","|move|p1a: Hydreigon|Flamethrower|p2a: Crustle","|-damage|p2a: Crustle|71/281","|-enditem|p2a: Crustle|Air Balloon","|move|p2a: Crustle|Shell Smash|p2a: Crustle","|-unboost|p2a: Crustle|def|1","|-unboost|p2a: Crustle|spd|1","|-boost|p2a: Crustle|atk|2","|-boost|p2a: Crustle|spa|2","|-boost|p2a: Crustle|spe|2","|","|turn|2","|","|switch|p1a: Mandibuzz|Mandibuzz, F|423/423","|move|p2a: Crustle|X-Scissor|p1a: Mandibuzz","|-damage|p1a: Mandibuzz|251/423","|-damage|p2a: Crustle|25/281|[from] item: Rocky Helmet|[of] p1a: Mandibuzz","|","|turn|3","|","|move|p2a: Crustle|Rock Blast|p1a: Mandibuzz","|-supereffective|p1a: Mandibuzz","|-damage|p1a: Mandibuzz|141/423","|-supereffective|p1a: Mandibuzz","|-damage|p1a: Mandibuzz|33/423","|-hitcount|p1a: Mandibuzz|2","|move|p1a: Mandibuzz|Foul Play|p2a: Crustle","|-damage|p2a: Crustle|0 fnt","|faint|p2a: Crustle","|","|","|switch|p2a: Aggron|Aggron, M|281/281","|turn|4","|","|detailschange|p2a: Aggron|Aggron-Mega, M","|-mega|p2a: Aggron|Aggron|Aggronite","|move|p1a: Mandibuzz|Foul Play|p2a: Aggron","|-damage|p2a: Aggron|208/281","|move|p2a: Aggron|Power-Up Punch|p1a: Mandibuzz","|-damage|p1a: Mandibuzz|4/423","|-damage|p2a: Aggron|162/281|[from] item: Rocky Helmet|[of] p1a: Mandibuzz","|-boost|p2a: Aggron|atk|1","|","|turn|5","|","|move|p1a: Mandibuzz|Foul Play|p2a: Aggron","|-crit|p2a: Aggron","|-damage|p2a: Aggron|2/281","|move|p2a: Aggron|Heavy Slam|p1a: Mandibuzz","|-damage|p1a: Mandibuzz|0 fnt","|-damage|p2a: Aggron|0 fnt|[from] item: Rocky Helmet|[of] p1a: Mandibuzz","|faint|p2a: Aggron","|faint|p1a: Mandibuzz","|","|","|switch|p1a: Sharpedo|Sharpedo, F|281/281","|switch|p2a: Rhyperior|Rhyperior, M|433/433","|turn|6","|","|switch|p2a: Cradily|Cradily, F|375/375","|-item|p2a: Cradily|Air Balloon","|move|p1a: Sharpedo|Waterfall|p2a: Cradily","|-damage|p2a: Cradily|222/375","|-enditem|p2a: Cradily|Air Balloon","|","|-boost|p1a: Sharpedo|spe|1|[from] ability: Speed Boost","|turn|7","|","|move|p1a: Sharpedo|Waterfall|p2a: Cradily","|-damage|p2a: Cradily|62/375","|move|p2a: Cradily|Energy Ball|p1a: Sharpedo","|-supereffective|p1a: Sharpedo","|-enditem|p1a: Sharpedo|Focus Sash","|-damage|p1a: Sharpedo|1/281","|-unboost|p1a: Sharpedo|spd|1","|","|-boost|p1a: Sharpedo|spe|1|[from] ability: Speed Boost","|turn|8","|","|move|p1a: Sharpedo|Waterfall|p2a: Cradily","|-damage|p2a: Cradily|0 fnt","|faint|p2a: Cradily","|","|-boost|p1a: Sharpedo|spe|1|[from] ability: Speed Boost","|","|switch|p2a: Aerodactyl|Aerodactyl, M|301/301","|turn|9","|","|move|p1a: Sharpedo|Destiny Bond|p1a: Sharpedo","|-singlemove|p1a: Sharpedo|Destiny Bond","|move|p2a: Aerodactyl|Rock Slide|p1a: Sharpedo","|-damage|p1a: Sharpedo|0 fnt","|faint|p1a: Sharpedo","|-activate|p1a: Sharpedo|Destiny Bond","|faint|p2a: Aerodactyl","|","|","|switch|p1a: Malamar|Malamar, F|375/375","|switch|p2a: Rhyperior|Rhyperior, M|433/433","|turn|10","|","|move|p1a: Malamar|Superpower|p2a: Rhyperior","|-supereffective|p2a: Rhyperior","|-damage|p2a: Rhyperior|271/433","|-boost|p1a: Malamar|atk|1","|-boost|p1a: Malamar|def|1","|move|p2a: Rhyperior|Megahorn|p1a: Malamar","|-supereffective|p1a: Malamar","|-damage|p1a: Malamar|0 fnt","|faint|p1a: Malamar","|","|","|switch|p1a: Hydreigon|Hydreigon, M|325/325","|turn|11","|","|move|p1a: Hydreigon|Earth Power|p2a: Rhyperior","|-supereffective|p2a: Rhyperior","|-damage|p2a: Rhyperior|27/433","|move|p2a: Rhyperior|Megahorn|p1a: Hydreigon","|-supereffective|p1a: Hydreigon","|-damage|p1a: Hydreigon|0 fnt","|faint|p1a: Hydreigon","|","|","|switch|p1a: Absol|Absol, F|271/271","|turn|12","|","|move|p1a: Absol|Sucker Punch|p2a: Rhyperior","|-damage|p2a: Rhyperior|0 fnt","|faint|p2a: Rhyperior","|","|","|switch|p2a: Terrakion|Terrakion|323/323","|turn|13","|","|move|p2a: Terrakion|Close Combat|p1a: Absol","|-supereffective|p1a: Absol","|-damage|p1a: Absol|0 fnt","|-unboost|p2a: Terrakion|def|1","|-unboost|p2a: Terrakion|spd|1","|faint|p1a: Absol","|","|","|switch|p1a: Murkrow|Murkrow, M|323/323","|turn|14","|","|move|p1a: Murkrow|Thunder Wave|p2a: Terrakion","|-status|p2a: Terrakion|par","|cant|p2a: Terrakion|par","|","|turn|15","|","|move|p1a: Murkrow|Feather Dance|p2a: Terrakion","|-unboost|p2a: Terrakion|atk|2","|move|p2a: Terrakion|Rock Slide|p1a: Murkrow","|-supereffective|p1a: Murkrow","|-damage|p1a: Murkrow|143/323","|","|turn|16","|","|move|p1a: Murkrow|Roost|p1a: Murkrow","|-heal|p1a: Murkrow|305/323","|move|p2a: Terrakion|Rock Slide|p1a: Murkrow","|-damage|p1a: Murkrow|221/323","|","|turn|17","|","|move|p1a: Murkrow|Feather Dance|p2a: Terrakion","|-unboost|p2a: Terrakion|atk|2","|move|p2a: Terrakion|Close Combat|p1a: Murkrow","|-damage|p1a: Murkrow|130/323","|-unboost|p2a: Terrakion|def|1","|-unboost|p2a: Terrakion|spd|1","|","|turn|18","|","|move|p1a: Murkrow|Roost|p1a: Murkrow","|-heal|p1a: Murkrow|292/323","|cant|p2a: Terrakion|par","|","|turn|19","|","|move|p1a: Murkrow|Feather Dance|p2a: Terrakion","|-unboost|p2a: Terrakion|atk|2","|move|p2a: Terrakion|Close Combat|p1a: Murkrow","|-damage|p1a: Murkrow|216/323","|-unboost|p2a: Terrakion|def|1","|-unboost|p2a: Terrakion|spd|1","|","|turn|20","|","|move|p1a: Murkrow|Roost|p1a: Murkrow","|-heal|p1a: Murkrow|323/323","|move|p2a: Terrakion|Rock Slide|p1a: Murkrow","|-damage|p1a: Murkrow|280/323","|","|turn|21","|","|move|p1a: Murkrow|Dark Pulse|p2a: Terrakion","|-resisted|p2a: Terrakion","|-damage|p2a: Terrakion|211/323 par","|-boost|p2a: Terrakion|atk|1|[from] ability: Justified","|move|p2a: Terrakion|Close Combat|p1a: Murkrow","|-damage|p1a: Murkrow|204/323","|-unboost|p2a: Terrakion|def|1","|-unboost|p2a: Terrakion|spd|1","|","|turn|22","|","|move|p1a: Murkrow|Roost|p1a: Murkrow","|-heal|p1a: Murkrow|323/323","|move|p2a: Terrakion|Close Combat|p1a: Murkrow","|-supereffective|p1a: Murkrow","|-damage|p1a: Murkrow|155/323","|-unboost|p2a: Terrakion|def|1","|-unboost|p2a: Terrakion|spd|1","|","|turn|23","|","|move|p1a: Murkrow|Feather Dance|p2a: Terrakion","|-unboost|p2a: Terrakion|atk|2","|move|p2a: Terrakion|Close Combat|p1a: Murkrow","|-damage|p1a: Murkrow|88/323","|-unboost|p2a: Terrakion|def|1","|-unboost|p2a: Terrakion|spd|1","|","|turn|24","|","|move|p1a: Murkrow|Roost|p1a: Murkrow","|-heal|p1a: Murkrow|250/323","|cant|p2a: Terrakion|par","|","|turn|25","|","|win|Carnie Marx"],"p1rating":{"entryid":"5821777","serverid":"eos","formatid":"monotype","userid":"carniemarx","username":"Carnie Marx","w":66,"l":"84","t":"0","gxe":44,"r":"1458.0050394558","rd":"35.139305409844","sigma":"0","rptime":"1438851600","rpr":1454.1234408631,"rprd":34.6956362045,"rpsigma":"0","acre":1060.0471846914,"lacre":1060.0471846914,"oldacre":"1020.7797451434"},"p2rating":{"entryid":"7211551","serverid":"eos","formatid":"monotype","userid":"soulmarston","username":"Soul Marston","w":"2","l":9,"t":"0","gxe":30.1,"r":"1349.1067992662","rd":"94.311988653727","sigma":"0","rptime":"1438851600","rpr":1336.8509933928,"rprd":85.998750186508,"rpsigma":"0","acre":1025.7151123759,"lacre":1025.7151123759,"oldacre":"1043.2720043457"},"endType":"forfeit"}