{"seed":[53534,42195,13121,41110],"turns":21,"p1":"Emg_DemZii","p2":"Dark Tyke","p1team":[{"name":"Zoroark","species":"Zoroark","item":"choicescarf","ability":"Illusion","moves":["nightdaze","trick","flamethrower","focusblast"],"nature":"Timid","evs":{"hp":0,"atk":0,"def":0,"spa":252,"spd":4,"spe":252},"ivs":{"hp":31,"atk":31,"def":31,"spa":31,"spd":31,"spe":31}},{"name":"Sableye","species":"Sableye","item":"sablenite","ability":"Prankster","moves":["willowisp","taunt","nightshade","recover"],"nature":"Calm","evs":{"hp":252,"atk":0,"def":120,"spa":0,"spd":136,"spe":0},"ivs":{"hp":31,"atk":31,"def":31,"spa":31,"spd":31,"spe":31}},{"name":"Mandibuzz","species":"Mandibuzz","item":"leftovers","ability":"Big Pecks","moves":["toxic","roost","knockoff","irondefense"],"nature":"Sassy","evs":{"hp":252,"atk":48,"def":36,"spa":0,"spd":172,"spe":0},"ivs":{"hp":31,"atk":31,"def":31,"spa":31,"spd":31,"spe":31}},{"name":"Houndoom","species":"Houndoom","item":"lifeorb","ability":"Flash Fire","moves":["nastyplot","fireblast","darkpulse","hiddenpowergrass"],"nature":"Timid","evs":{"hp":4,"atk":0,"def":0,"spa":252,"spd":0,"spe":252},"ivs":{"hp":31,"atk":30,"def":31,"spa":30,"spd":31,"spe":31}},{"name":"Cacturne","species":"Cacturne","item":"lifeorb","ability":"Water Absorb","moves":["swordsdance","suckerpunch","seedbomb","drainpunch"],"nature":"Adamant","evs":{"hp":248,"atk":252,"def":0,"spa":0,"spd":8,"spe":0},"ivs":{"hp":31,"atk":31,"def":31,"spa":31,"spd":31,"spe":31}},{"name":"Krookodile","species":"Krookodile","item":"choicescarf","ability":"Moxie","moves":["stoneedge","crunch","irontail","stealthrock"],"nature":"Jolly","evs":{"hp":0,"atk":252,"def":0,"spa":0,"spd":4,"spe":252},"ivs":{"hp":31,"atk":31,"def":31,"spa":31,"spd":31,"spe":31}}],"p2team":[{"name":"Sableye","species":"Sableye","item":"sablenite","ability":"Prankster","moves":["calmmind","recover","willowisp","snarl"],"nature":"Bold","evs":{"hp":252,"atk":0,"def":196,"spa":0,"spd":60,"spe":0},"ivs":{"hp":31,"atk":31,"def":31,"spa":31,"spd":31,"spe":31}},{"name":"Tyranitar","species":"Tyranitar","item":"leftovers","ability":"Sand Stream","moves":["stoneedge","fireblast","thunderwave","stealthrock"],"nature":"Brave","evs":{"hp":252,"atk":56,"def":0,"spa":0,"spd":200,"spe":0},"ivs":{"hp":31,"atk":31,"def":31,"spa":31,"spd":31,"spe":31}},{"name":"Hoopa-Unbound","species":"Hoopa-Unbound","item":"assaultvest","ability":"Magician","moves":["hyperspacefury","firepunch","gunkshot","drainpunch"],"nature":"Careful","evs":{"hp":76,"atk":180,"def":0,"spa":0,"spd":252,"spe":0},"ivs":{"hp":31,"atk":31,"def":31,"spa":31,"spd":31,"spe":31}},{"name":"Weavile","species":"Weavile","item":"focussash","ability":"Pressure","moves":["swordsdance","iciclecrash","knockoff","iceshard"],"nature":"Jolly","evs":{"hp":0,"atk":252,"def":0,"spa":0,"spd":4,"spe":252},"ivs":{"hp":31,"atk":31,"def":31,"spa":31,"spd":31,"spe":31}},{"name":"Honchkrow","species":"Honchkrow","item":"choicescarf","ability":"Moxie","moves":["superpower","steelwing","nightslash","bravebird"],"nature":"Jolly","evs":{"hp":4,"atk":252,"def":0,"spa":0,"spd":0,"spe":252},"ivs":{"hp":31,"atk":31,"def":31,"spa":31,"spd":31,"spe":31}},{"name":"Bisharp","species":"Bisharp","item":"focussash","ability":"Defiant","moves":["swordsdance","knockoff","ironhead","suckerpunch"],"nature":"Adamant","evs":{"hp":0,"atk":252,"def":0,"spa":0,"spd":4,"spe":252},"ivs":{"hp":31,"atk":31,"def":31,"spa":31,"spd":31,"spe":31}}],"log":["|player|p1|Emg_DemZii|274","|player|p2|Dark Tyke|164","|gametype|singles","|gen|6","|tier|Monotype","|rated","|rule|Baton Pass Clause: Limit one Baton Passer, can't pass Spe and other stats simultaneously","|rule|Swagger Clause: Swagger is banned","|rule|Same Type Clause: Pokémon in a team must share a type","|clearpoke","|poke|p1|Zoroark, F","|poke|p1|Sableye, F","|poke|p1|Mandibuzz, F","|poke|p1|Houndoom, F","|poke|p1|Cacturne, F","|poke|p1|Krookodile, F","|poke|p2|Sableye, M","|poke|p2|Tyranitar, F","|poke|p2|Hoopa-Unbound","|poke|p2|Weavile, M","|poke|p2|Honchkrow, M","|poke|p2|Bisharp, F","|rule|Sleep Clause Mod: Limit one foe put to sleep","|rule|Species Clause: Limit one of each Pokémon","|rule|OHKO Clause: OHKO moves are banned","|rule|Moody Clause: Moody is banned","|rule|Evasion Moves Clause: Evasion moves are banned","|rule|Endless Battle Clause: Forcing endless battles is banned","|rule|HP Percentage Mod: HP is shown in percentages","|teampreview","|","|start","|switch|p1a: Cacturne|Cacturne, F|261/261","|switch|p2a: Weavile|Weavile, M|281/281","|-ability|p2a: Weavile|Pressure","|turn|1","|","|move|p1a: Cacturne|Trick|p2a: Weavile","|-activate|p1a: Cacturne|move: Trick|[of] p2a: Weavile","|-item|p2a: Weavile|Choice Scarf|[from] move: Trick","|-item|p1a: Cacturne|Focus Sash|[from] move: Trick","|move|p2a: Weavile|Swords Dance|p2a: Weavile","|-boost|p2a: Weavile|atk|2","|","|turn|2","|","|switch|p2a: Honchkrow|Honchkrow, M|342/342","|move|p1a: Cacturne|Focus Blast|p2a: Honchkrow|[miss]","|-miss|p1a: Cacturne|p2a: Honchkrow","|","|turn|3","|","|move|p2a: Honchkrow|Brave Bird|p1a: Cacturne","|-crit|p1a: Cacturne","|-enditem|p1a: Cacturne|Focus Sash","|replace|p1a: Zoroark|Zoroark, F|261/261","|-damage|p1a: Zoroark|1/261","|-damage|p2a: Honchkrow|256/342|[from] recoil|[of] p1a: Zoroark","|move|p1a: Zoroark|Trick|p2a: Honchkrow","|-activate|p1a: Zoroark|move: Trick|[of] p2a: Honchkrow","|-item|p1a: Zoroark|Choice Scarf|[from] move: Trick","|","|turn|4","|","|move|p1a: Zoroark|Focus Blast|p2a: Honchkrow","|-damage|p2a: Honchkrow|23/342","|move|p2a: Honchkrow|Brave Bird|p1a: Zoroark","|-damage|p1a: Zoroark|0 fnt","|-damage|p2a: Honchkrow|22/342|[from] recoil|[of] p1a: Zoroark","|faint|p1a: Zoroark","|-boost|p2a: Honchkrow|atk|1|[from] ability: Moxie","|","|","|switch|p1a: Cacturne|Cacturne, F|343/343","|turn|5","|","|move|p1a: Cacturne|Sucker Punch|p2a: Honchkrow","|-resisted|p2a: Honchkrow","|-damage|p2a: Honchkrow|0 fnt","|-damage|p1a: Cacturne|309/343|[from] item: Life Orb","|faint|p2a: Honchkrow","|","|","|switch|p2a: Weavile|Weavile, M|281/281","|-ability|p2a: Weavile|Pressure","|turn|6","|","|switch|p1a: Sableye|Sableye, F|304/304","|move|p2a: Weavile|Icicle Crash|p1a: Sableye","|-damage|p1a: Sableye|154/304","|","|turn|7","|","|switch|p2a: Bisharp|Bisharp, F|271/271","|detailschange|p1a: Sableye|Sableye-Mega, F","|-mega|p1a: Sableye|Sableye|Sablenite","|move|p1a: Sableye|Will-O-Wisp|p2a: Bisharp","|-status|p2a: Bisharp|brn","|","|-damage|p2a: Bisharp|238/271 brn|[from] brn","|turn|8","|","|move|p2a: Bisharp|Swords Dance|p2a: Bisharp","|-boost|p2a: Bisharp|atk|2","|move|p1a: Sableye|Recover|p1a: Sableye","|-heal|p1a: Sableye|304/304","|","|-damage|p2a: Bisharp|205/271 brn|[from] brn","|turn|9","|","|move|p2a: Bisharp|Swords Dance|p2a: Bisharp","|-boost|p2a: Bisharp|atk|2","|move|p1a: Sableye|Taunt|p2a: Bisharp","|-start|p2a: Bisharp|move: Taunt","|","|-damage|p2a: Bisharp|172/271 brn|[from] brn","|turn|10","|","|move|p2a: Bisharp|Iron Head|p1a: Sableye","|-damage|p1a: Sableye|124/304","|cant|p1a: Sableye|flinch","|","|-damage|p2a: Bisharp|139/271 brn|[from] brn","|turn|11","|","|move|p2a: Bisharp|Iron Head|p1a: Sableye","|-damage|p1a: Sableye|0 fnt","|faint|p1a: Sableye","|","|-damage|p2a: Bisharp|106/271 brn|[from] brn","|","|switch|p1a: Krookodile|Krookodile, F|331/331","|turn|12","|","|move|p2a: Bisharp|Sucker Punch|p1a: Krookodile","|-resisted|p1a: Krookodile","|-damage|p1a: Krookodile|203/331","|move|p1a: Krookodile|Iron Tail|p2a: Bisharp","|-resisted|p2a: Bisharp","|-damage|p2a: Bisharp|55/271 brn","|-unboost|p2a: Bisharp|def|1","|-boost|p2a: Bisharp|atk|2|[from] ability: Defiant","|","|-damage|p2a: Bisharp|22/271 brn|[from] brn","|-end|p2a: Bisharp|move: Taunt","|turn|13","|","|move|p2a: Bisharp|Sucker Punch|p1a: Krookodile","|-resisted|p1a: Krookodile","|-damage|p1a: Krookodile|32/331","|move|p1a: Krookodile|Iron Tail|p2a: Bisharp","|-resisted|p2a: Bisharp","|-damage|p2a: Bisharp|0 fnt","|faint|p2a: Bisharp","|-boost|p1a: Krookodile|atk|1|[from] ability: Moxie","|","|","|switch|p2a: Weavile|Weavile, M|281/281","|-ability|p2a: Weavile|Pressure","|turn|14","|","|move|p2a: Weavile|Ice Shard|p1a: Krookodile","|-supereffective|p1a: Krookodile","|-damage|p1a: Krookodile|0 fnt","|faint|p1a: Krookodile","|","|","|switch|p1a: Houndoom|Houndoom, F|292/292","|turn|15","|","|switch|p2a: Hoopa-Unbound|Hoopa-Unbound|320/320","|move|p1a: Houndoom|Nasty Plot|p1a: Houndoom","|-boost|p1a: Houndoom|spa|2","|","|turn|16","|","|move|p1a: Houndoom|Fire Blast|p2a: Hoopa-Unbound","|-damage|p2a: Hoopa-Unbound|147/320","|-damage|p1a: Houndoom|263/292|[from] item: Life Orb","|move|p2a: Hoopa-Unbound|Drain Punch|p1a: Houndoom","|-supereffective|p1a: Houndoom","|-damage|p1a: Houndoom|0 fnt","|-heal|p2a: Hoopa-Unbound|279/320|[from] drain|[of] p1a: Houndoom","|faint|p1a: Houndoom","|","|","|switch|p1a: Mandibuzz|Mandibuzz, F|424/424","|turn|17","|","|switch|p2a: Tyranitar|Tyranitar, F|404/404","|-weather|Sandstorm","|move|p1a: Mandibuzz|Toxic|p2a: Tyranitar","|-status|p2a: Tyranitar|tox","|","|-weather|Sandstorm|[upkeep]","|-damage|p1a: Mandibuzz|398/424|[from] sandstorm","|-heal|p1a: Mandibuzz|424/424|[from] item: Leftovers","|-damage|p2a: Tyranitar|379/404 tox|[from] psn","|turn|18","|","|move|p1a: Mandibuzz|Iron Defense|p1a: Mandibuzz","|-boost|p1a: Mandibuzz|def|2","|move|p2a: Tyranitar|Thunder Wave|p1a: Mandibuzz","|-status|p1a: Mandibuzz|par","|","|-weather|Sandstorm|[upkeep]","|-damage|p1a: Mandibuzz|398/424 par|[from] sandstorm","|-heal|p2a: Tyranitar|404/404 tox|[from] item: Leftovers","|-heal|p1a: Mandibuzz|424/424 par|[from] item: Leftovers","|-damage|p2a: Tyranitar|354/404 tox|[from] psn","|turn|19","|","|switch|p2a: Sableye|Sableye, M|304/304","|cant|p1a: Mandibuzz|par","|","|-weather|Sandstorm|[upkeep]","|-damage|p2a: Sableye|285/304|[from] sandstorm","|-damage|p1a: Mandibuzz|398/424 par|[from] sandstorm","|-heal|p1a: Mandibuzz|424/424 par|[from] item: Leftovers","|turn|20","|","|detailschange|p2a: Sableye|Sableye-Mega, M","|-mega|p2a: Sableye|Sableye|Sablenite","|move|p2a: Sableye|Calm Mind|p2a: Sableye","|-boost|p2a: Sableye|spa|1","|-boost|p2a: Sableye|spd|1","|move|p1a: Mandibuzz|Iron Defense|p1a: Mandibuzz","|-boost|p1a: Mandibuzz|def|2","|","|-weather|Sandstorm|[upkeep]","|-damage|p2a: Sableye|266/304|[from] sandstorm","|-damage|p1a: Mandibuzz|398/424 par|[from] sandstorm","|-heal|p1a: Mandibuzz|424/424 par|[from] item: Leftovers","|turn|21","|","|win|Dark Tyke"],"p1rating":{"entryid":"7361210","serverid":"eos","formatid":"monotype","userid":"emgdemzii","username":"Emg_DemZii","w":"4","l":10,"t":"0","gxe":33.9,"r":"1379.3216176223","rd":"84.866967984658","sigma":"0","rptime":"1438851600","rpr":1370.8166981365,"rprd":78.96545923163,"rpsigma":"0","acre":1023.0417762717,"lacre":1023.0417762717,"oldacre":"1038.1786964107"},"p2rating":{"entryid":"7438704","serverid":"eos","formatid":"monotype","userid":"darktyke","username":"Dark Tyke","w":2,"l":"0","t":"0","gxe":57.6,"r":"1500","rd":"130","sigma":"0","rptime":"1438851600","rpr":1560.6993964301,"rprd":116.04771185755,"rpsigma":"0","acre":1082.3218529223,"lacre":1082.3218529223,"oldacre":"1051.2165006022"},"endType":"forfeit"}