{"seed":[44043,15876,52092,36678],"turns":30,"p1":"InfernalxCrown","p2":"Jake1079","p1team":[{"name":"Aegislash","species":"Aegislash","item":"weaknesspolicy","ability":"Stance Change","moves":["shadowball","shadowsneak","kingsshield","sacredsword"],"nature":"Brave","evs":{"hp":252,"atk":76,"def":0,"spa":176,"spd":4,"spe":0},"ivs":{"hp":31,"atk":31,"def":31,"spa":31,"spd":31,"spe":0},"shiny":true},{"name":"Sableye","species":"Sableye","item":"leftovers","ability":"Prankster","moves":["willowisp","recover","taunt","knockoff"],"nature":"Careful","evs":{"hp":252,"atk":0,"def":84,"spa":0,"spd":168,"spe":4},"ivs":{"hp":31,"atk":0,"def":31,"spa":31,"spd":31,"spe":31}},{"name":"Golurk","species":"Golurk","item":"focussash","ability":"No Guard","moves":["stealthrock","curse","dynamicpunch","stoneedge"],"nature":"Adamant","evs":{"hp":4,"atk":252,"def":0,"spa":0,"spd":0,"spe":252},"shiny":true,"ivs":{"hp":31,"atk":31,"def":31,"spa":31,"spd":31,"spe":31}},{"name":"Jellicent","species":"Jellicent","item":"leftovers","ability":"Cursed Body","moves":["acidarmor","toxic","recover","scald"],"nature":"Calm","evs":{"hp":252,"atk":0,"def":4,"spa":0,"spd":252,"spe":0},"gender":"M","ivs":{"hp":31,"atk":0,"def":31,"spa":31,"spd":31,"spe":31}},{"name":"Chandelure","species":"Chandelure","item":"choicescarf","ability":"Infiltrator","moves":["flamethrower","shadowball","energyball","trick"],"nature":"Timid","evs":{"hp":0,"atk":0,"def":4,"spa":252,"spd":0,"spe":252},"ivs":{"hp":31,"atk":0,"def":31,"spa":31,"spd":31,"spe":31},"shiny":true},{"name":"Gengar","species":"Gengar","item":"choicespecs","ability":"Levitate","moves":["dazzlinggleam","shadowball","thunderbolt","sludgewave"],"nature":"Timid","evs":{"hp":4,"atk":0,"def":0,"spa":252,"spd":0,"spe":252},"ivs":{"hp":31,"atk":0,"def":31,"spa":31,"spd":31,"spe":31}}],"p2team":[{"name":"Seismitoad","species":"Seismitoad","item":"assaultvest","ability":"Water Absorb","moves":["drainpunch","earthquake","icepunch","knockoff"],"nature":"Adamant","evs":{"hp":248,"atk":252,"def":0,"spa":0,"spd":8,"spe":0},"ivs":{"hp":31,"atk":31,"def":31,"spa":31,"spd":31,"spe":31}},{"name":"Rhyperior","species":"Rhyperior","item":"expertbelt","ability":"Solid Rock","moves":["earthquake","stoneedge","avalanche","stealthrock"],"nature":"Brave","evs":{"hp":248,"atk":252,"def":0,"spa":0,"spd":8,"spe":0},"ivs":{"hp":31,"atk":31,"def":31,"spa":31,"spd":31,"spe":31}},{"name":"Mamoswine","species":"Mamoswine","item":"lifeorb","ability":"Thick Fat","moves":["iciclecrash","iceshard","earthquake","superpower"],"nature":"Adamant","evs":{"hp":4,"atk":252,"def":0,"spa":0,"spd":0,"spe":252},"ivs":{"hp":31,"atk":31,"def":31,"spa":31,"spd":31,"spe":31}},{"name":"Nidoking","species":"Nidoking","item":"choicescarf","ability":"Sheer Force","moves":["icebeam","flamethrower","sludgewave","earthpower"],"nature":"Timid","evs":{"hp":0,"atk":0,"def":0,"spa":252,"spd":4,"spe":252},"ivs":{"hp":31,"atk":31,"def":31,"spa":31,"spd":31,"spe":31}},{"name":"Hippowdon","species":"Hippowdon","item":"rockyhelmet","ability":"Sand Stream","moves":["slackoff","earthquake","toxic","stockpile"],"nature":"Impish","evs":{"hp":248,"atk":8,"def":252,"spa":0,"spd":0,"spe":0},"ivs":{"hp":31,"atk":31,"def":31,"spa":31,"spd":31,"spe":31}},{"name":"Landorus-Therian","species":"Landorus-Therian","item":"choicescarf","ability":"Intimidate","moves":["uturn","earthquake","stoneedge","knockoff"],"nature":"Jolly","evs":{"hp":0,"atk":252,"def":0,"spa":0,"spd":4,"spe":252},"ivs":{"hp":31,"atk":31,"def":31,"spa":31,"spd":31,"spe":31}}],"log":["|player|p1|InfernalxCrown|infernalxcrown.png","|player|p2|Jake1079|150","|gametype|singles","|gen|6","|tier|Monotype","|rated","|rule|Baton Pass Clause: Limit one Baton Passer, can't pass Spe and other stats simultaneously","|rule|Swagger Clause: Swagger is banned","|rule|Same Type Clause: Pokémon in a team must share a type","|clearpoke","|poke|p1|Aegislash, F, shiny","|poke|p1|Sableye, F","|poke|p1|Golurk, shiny","|poke|p1|Jellicent, M","|poke|p1|Chandelure, M, shiny","|poke|p1|Gengar, F","|poke|p2|Seismitoad, M","|poke|p2|Rhyperior, F","|poke|p2|Mamoswine, F","|poke|p2|Nidoking, M","|poke|p2|Hippowdon, F","|poke|p2|Landorus-Therian, M","|rule|Sleep Clause Mod: Limit one foe put to sleep","|rule|Species Clause: Limit one of each Pokémon","|rule|OHKO Clause: OHKO moves are banned","|rule|Moody Clause: Moody is banned","|rule|Evasion Moves Clause: Evasion moves are banned","|rule|Endless Battle Clause: Forcing endless battles is banned","|rule|HP Percentage Mod: HP is shown in percentages","|teampreview","|","|start","|switch|p1a: Sableye|Sableye, F|304/304","|switch|p2a: Landorus-Therian|Landorus-Therian, M|319/319","|-ability|p2a: Landorus-Therian|Intimidate","|-unboost|p1a: Sableye|atk|1","|turn|1","|","|switch|p2a: Nidoking|Nidoking, M|303/303","|move|p1a: Sableye|Will-O-Wisp|p2a: Nidoking","|-status|p2a: Nidoking|brn","|","|-damage|p2a: Nidoking|266/303 brn|[from] brn","|turn|2","|","|switch|p1a: Jellicent|Jellicent, M|404/404","|move|p2a: Nidoking|Sludge Wave|p1a: Jellicent","|-resisted|p1a: Jellicent","|-damage|p1a: Jellicent|349/404","|-start|p2a: Nidoking|Disable|Sludge Wave","|","|-heal|p1a: Jellicent|374/404|[from] item: Leftovers","|-damage|p2a: Nidoking|229/303 brn|[from] brn","|turn|3","|","|switch|p2a: Landorus-Therian|Landorus-Therian, M|319/319","|-ability|p2a: Landorus-Therian|Intimidate","|-unboost|p1a: Jellicent|atk|1","|switch|p1a: Sableye|Sableye, F|304/304","|","|turn|4","|","|switch|p2a: Nidoking|Nidoking, M|229/303 brn","|move|p1a: Sableye|Knock Off|p2a: Nidoking","|-damage|p2a: Nidoking|132/303 brn","|-enditem|p2a: Nidoking|Choice Scarf|[from] move: Knock Off|[of] p1a: Sableye","|","|-damage|p2a: Nidoking|95/303 brn|[from] brn","|turn|5","|","|switch|p1a: Aegislash|Aegislash, F, shiny|324/324","|move|p2a: Nidoking|Earth Power|p1a: Aegislash","|-supereffective|p1a: Aegislash","|-damage|p1a: Aegislash|96/324","|-enditem|p1a: Aegislash|Weakness Policy","|-boost|p1a: Aegislash|atk|2|[from] item: Weakness Policy","|-boost|p1a: Aegislash|spa|2|[from] item: Weakness Policy","|","|-damage|p2a: Nidoking|58/303 brn|[from] brn","|turn|6","|","|-formechange|p1a: Aegislash|Aegislash-Blade","|move|p1a: Aegislash|Shadow Sneak|p2a: Nidoking","|-damage|p2a: Nidoking|0 fnt","|faint|p2a: Nidoking","|","|","|switch|p2a: Landorus-Therian|Landorus-Therian, M|319/319","|-ability|p2a: Landorus-Therian|Intimidate","|-unboost|p1a: Aegislash|atk|1","|turn|7","|","|-formechange|p1a: Aegislash|Aegislash","|move|p1a: Aegislash|King's Shield|p1a: Aegislash","|-singleturn|p1a: Aegislash|Protect","|move|p2a: Landorus-Therian|Earthquake|p1a: Aegislash","|-activate|p1a: Aegislash|Protect","|","|turn|8","|","|move|p2a: Landorus-Therian|Earthquake|p1a: Aegislash","|-supereffective|p1a: Aegislash","|-damage|p1a: Aegislash|0 fnt","|faint|p1a: Aegislash","|","|","|switch|p1a: Sableye|Sableye, F|304/304","|turn|9","|","|switch|p2a: Hippowdon|Hippowdon, F|419/419","|-weather|Sandstorm","|move|p1a: Sableye|Will-O-Wisp|p2a: Hippowdon","|-status|p2a: Hippowdon|brn","|","|-weather|Sandstorm|[upkeep]","|-damage|p1a: Sableye|285/304|[from] sandstorm","|-heal|p1a: Sableye|304/304|[from] item: Leftovers","|-damage|p2a: Hippowdon|367/419 brn|[from] brn","|turn|10","|","|move|p1a: Sableye|Taunt|p2a: Hippowdon","|-start|p2a: Hippowdon|move: Taunt","|cant|p2a: Hippowdon|move: Taunt|Toxic","|","|-weather|Sandstorm|[upkeep]","|-damage|p1a: Sableye|285/304|[from] sandstorm","|-heal|p1a: Sableye|304/304|[from] item: Leftovers","|-damage|p2a: Hippowdon|315/419 brn|[from] brn","|turn|11","|","|move|p1a: Sableye|Knock Off|p2a: Hippowdon","|-damage|p2a: Hippowdon|269/419 brn","|-damage|p1a: Sableye|254/304|[from] item: Rocky Helmet|[of] p2a: Hippowdon","|-enditem|p2a: Hippowdon|Rocky Helmet|[from] move: Knock Off|[of] p1a: Sableye","|move|p2a: Hippowdon|Earthquake|p1a: Sableye","|-damage|p1a: Sableye|182/304","|","|-weather|Sandstorm|[upkeep]","|-damage|p1a: Sableye|163/304|[from] sandstorm","|-heal|p1a: Sableye|182/304|[from] item: Leftovers","|-damage|p2a: Hippowdon|217/419 brn|[from] brn","|turn|12","|","|move|p1a: Sableye|Knock Off|p2a: Hippowdon","|-damage|p2a: Hippowdon|183/419 brn","|move|p2a: Hippowdon|Earthquake|p1a: Sableye","|-damage|p1a: Sableye|107/304","|","|-weather|Sandstorm|[upkeep]","|-damage|p1a: Sableye|88/304|[from] sandstorm","|-heal|p1a: Sableye|107/304|[from] item: Leftovers","|-damage|p2a: Hippowdon|131/419 brn|[from] brn","|-end|p2a: Hippowdon|move: Taunt","|turn|13","|","|move|p1a: Sableye|Taunt|p2a: Hippowdon","|-start|p2a: Hippowdon|move: Taunt","|cant|p2a: Hippowdon|move: Taunt|Slack Off","|","|-weather|none","|-heal|p1a: Sableye|126/304|[from] item: Leftovers","|-damage|p2a: Hippowdon|79/419 brn|[from] brn","|turn|14","|","|move|p1a: Sableye|Recover|p1a: Sableye","|-heal|p1a: Sableye|278/304","|move|p2a: Hippowdon|Earthquake|p1a: Sableye","|-damage|p1a: Sableye|199/304","|","|-heal|p1a: Sableye|218/304|[from] item: Leftovers","|-damage|p2a: Hippowdon|27/419 brn|[from] brn","|turn|15","|","|move|p1a: Sableye|Knock Off|p2a: Hippowdon","|-damage|p2a: Hippowdon|0 fnt","|faint|p2a: Hippowdon","|","|-heal|p1a: Sableye|237/304|[from] item: Leftovers","|","|switch|p2a: Rhyperior|Rhyperior, F|433/433","|turn|16","|","|move|p1a: Sableye|Will-O-Wisp|p2a: Rhyperior","|-status|p2a: Rhyperior|brn","|move|p2a: Rhyperior|Stealth Rock|p1a: Sableye","|-sidestart|p1: InfernalxCrown|move: Stealth Rock","|","|-heal|p1a: Sableye|256/304|[from] item: Leftovers","|-damage|p2a: Rhyperior|379/433 brn|[from] brn","|turn|17","|","|move|p1a: Sableye|Knock Off|p2a: Rhyperior","|-damage|p2a: Rhyperior|319/433 brn","|-enditem|p2a: Rhyperior|Expert Belt|[from] move: Knock Off|[of] p1a: Sableye","|move|p2a: Rhyperior|Earthquake|p1a: Sableye","|-damage|p1a: Sableye|129/304","|","|-heal|p1a: Sableye|148/304|[from] item: Leftovers","|-damage|p2a: Rhyperior|265/433 brn|[from] brn","|turn|18","|","|move|p1a: Sableye|Recover|p1a: Sableye","|-heal|p1a: Sableye|300/304","|move|p2a: Rhyperior|Earthquake|p1a: Sableye","|-damage|p1a: Sableye|192/304","|","|-heal|p1a: Sableye|211/304|[from] item: Leftovers","|-damage|p2a: Rhyperior|211/433 brn|[from] brn","|turn|19","|","|move|p1a: Sableye|Taunt|p2a: Rhyperior","|-start|p2a: Rhyperior|move: Taunt","|move|p2a: Rhyperior|Earthquake|p1a: Sableye","|-damage|p1a: Sableye|101/304","|","|-heal|p1a: Sableye|120/304|[from] item: Leftovers","|-damage|p2a: Rhyperior|157/433 brn|[from] brn","|turn|20","|","|move|p1a: Sableye|Recover|p1a: Sableye","|-heal|p1a: Sableye|272/304","|move|p2a: Rhyperior|Earthquake|p1a: Sableye","|-damage|p1a: Sableye|153/304","|","|-heal|p1a: Sableye|172/304|[from] item: Leftovers","|-damage|p2a: Rhyperior|103/433 brn|[from] brn","|turn|21","|","|move|p1a: Sableye|Recover|p1a: Sableye","|-heal|p1a: Sableye|304/304","|move|p2a: Rhyperior|Earthquake|p1a: Sableye","|-damage|p1a: Sableye|178/304","|","|-heal|p1a: Sableye|197/304|[from] item: Leftovers","|-damage|p2a: Rhyperior|49/433 brn|[from] brn","|-end|p2a: Rhyperior|move: Taunt","|turn|22","|","|move|p1a: Sableye|Recover|p1a: Sableye","|-heal|p1a: Sableye|304/304","|move|p2a: Rhyperior|Earthquake|p1a: Sableye","|-damage|p1a: Sableye|194/304","|","|-heal|p1a: Sableye|213/304|[from] item: Leftovers","|-damage|p2a: Rhyperior|0 fnt|[from] brn","|faint|p2a: Rhyperior","|","|switch|p2a: Landorus-Therian|Landorus-Therian, M|319/319","|-ability|p2a: Landorus-Therian|Intimidate","|-unboost|p1a: Sableye|atk|1","|turn|23","|","|move|p1a: Sableye|Will-O-Wisp|p2a: Landorus-Therian|[miss]","|-miss|p1a: Sableye|p2a: Landorus-Therian","|move|p2a: Landorus-Therian|Knock Off|p1a: Sableye","|-damage|p1a: Sableye|71/304","|-enditem|p1a: Sableye|Leftovers|[from] move: Knock Off|[of] p2a: Landorus-Therian","|","|turn|24","|","|move|p1a: Sableye|Recover|p1a: Sableye","|-heal|p1a: Sableye|223/304","|move|p2a: Landorus-Therian|Knock Off|p1a: Sableye","|-damage|p1a: Sableye|124/304","|","|turn|25","|","|switch|p2a: Mamoswine|Mamoswine, F|362/362","|move|p1a: Sableye|Recover|p1a: Sableye","|-heal|p1a: Sableye|276/304","|","|turn|26","|","|move|p1a: Sableye|Will-O-Wisp|p2a: Mamoswine","|-status|p2a: Mamoswine|brn","|move|p2a: Mamoswine|Earthquake|p1a: Sableye","|-damage|p1a: Sableye|136/304","|-damage|p2a: Mamoswine|326/362 brn|[from] item: Life Orb","|","|-damage|p2a: Mamoswine|281/362 brn|[from] brn","|turn|27","|","|move|p1a: Sableye|Recover|p1a: Sableye","|-heal|p1a: Sableye|288/304","|move|p2a: Mamoswine|Earthquake|p1a: Sableye","|-damage|p1a: Sableye|144/304","|-damage|p2a: Mamoswine|245/362 brn|[from] item: Life Orb","|","|-damage|p2a: Mamoswine|200/362 brn|[from] brn","|turn|28","|","|move|p1a: Sableye|Recover|p1a: Sableye","|-heal|p1a: Sableye|296/304","|move|p2a: Mamoswine|Earthquake|p1a: Sableye","|-damage|p1a: Sableye|141/304","|-damage|p2a: Mamoswine|164/362 brn|[from] item: Life Orb","|","|-damage|p2a: Mamoswine|119/362 brn|[from] brn","|turn|29","|","|move|p1a: Sableye|Recover|p1a: Sableye","|-heal|p1a: Sableye|293/304","|move|p2a: Mamoswine|Earthquake|p1a: Sableye","|-damage|p1a: Sableye|141/304","|-damage|p2a: Mamoswine|83/362 brn|[from] item: Life Orb","|","|-damage|p2a: Mamoswine|38/362 brn|[from] brn","|turn|30","|","|win|InfernalxCrown"],"p1rating":{"entryid":"5724468","serverid":"eos","formatid":"monotype","userid":"infernalxcrown","username":"InfernalxCrown","w":80,"l":"74","t":"0","gxe":53.8,"r":"1524.4634753878","rd":"38.071213008058","sigma":"0","rptime":"1438851600","rpr":1528.509783326,"rprd":37.874609478976,"rpsigma":"0","acre":1144.4750117167,"lacre":1144.4750117167,"oldacre":"1124.7469786992"},"p2rating":{"entryid":"7429437","serverid":"eos","formatid":"monotype","userid":"jake1079","username":"Jake1079","w":"2","l":3,"t":"0","gxe":46.8,"r":"1543.5648934858","rd":"122.25708225132","sigma":"0","rptime":"1438851600","rpr":1475.0871670437,"rprd":101.65460377755,"rpsigma":"0","acre":1036.5114995674,"lacre":1036.5114995674,"oldacre":"1050.3642367244"},"endType":"forfeit"}