{"seed":[569,60324,50626,65077],"turns":25,"p1":"E4 IceHawk†","p2":"IV Jacobot","p1team":[{"name":"^_^","species":"froslass","item":"focussash","ability":"Cursed Body","moves":["thunderwave","hiddenpowerfire","confuseray","hex"],"nature":"Timid","evs":{"hp":252,"atk":0,"def":0,"spa":4,"spd":0,"spe":252},"ivs":{"hp":31,"atk":30,"def":31,"spa":30,"spd":31,"spe":30}},{"name":"Weavile","species":"Weavile","item":"lifeorb","ability":"Pressure","moves":["knockoff","iciclecrash","iceshard","aerialace"],"nature":"Adamant","evs":{"hp":0,"atk":252,"def":0,"spa":0,"spd":4,"spe":252},"ivs":{"hp":31,"atk":31,"def":31,"spa":31,"spd":31,"spe":31}},{"name":"Kyurem-Black","species":"Kyurem-Black","item":"choicescarf","ability":"Teravolt","moves":["outrage","fusionbolt","icebeam","ironhead"],"nature":"Naive","evs":{"hp":0,"atk":252,"def":0,"spa":4,"spd":0,"spe":252},"ivs":{"hp":31,"atk":31,"def":31,"spa":31,"spd":31,"spe":31}},{"name":"Abomasnow","species":"Abomasnow","item":"abomasite","ability":"Soundproof","moves":["blizzard","gigadrain","earthquake","iceshard"],"nature":"Mild","evs":{"hp":248,"atk":8,"def":0,"spa":252,"spd":0,"spe":0},"ivs":{"hp":31,"atk":31,"def":31,"spa":31,"spd":31,"spe":31}},{"name":"Mamoswine","species":"Mamoswine","item":"lifeorb","ability":"Thick Fat","moves":["earthquake","iciclespear","iceshard","superpower"],"nature":"Jolly","evs":{"hp":0,"atk":252,"def":0,"spa":0,"spd":4,"spe":252},"ivs":{"hp":31,"atk":31,"def":31,"spa":31,"spd":31,"spe":31}},{"name":"Avalugg","species":"Avalugg","item":"rockyhelmet","ability":"Sturdy","moves":["avalanche","rapidspin","roar","recover"],"nature":"Relaxed","evs":{"hp":248,"atk":8,"def":252,"spa":0,"spd":0,"spe":0},"ivs":{"hp":31,"atk":31,"def":31,"spa":31,"spd":31,"spe":0}}],"p2team":[{"name":"Big Bad Bug","species":"pinsir","item":"pinsirite","ability":"Moxie","moves":["return","quickattack","swordsdance","closecombat"],"nature":"Jolly","evs":{"hp":0,"atk":252,"def":4,"spa":0,"spd":0,"spe":252},"gender":"M","shiny":true,"ivs":{"hp":31,"atk":31,"def":31,"spa":31,"spd":31,"spe":31}},{"name":"Hell in a Shell","species":"shuckle","item":"leftovers","ability":"Sturdy","moves":["stealthrock","toxic","gyroball","stickyweb"],"nature":"Sassy","evs":{"hp":0,"atk":4,"def":252,"spa":0,"spd":252,"spe":0},"gender":"M","ivs":{"hp":31,"atk":31,"def":31,"spa":31,"spd":31,"spe":0},"shiny":true,"happiness":0},{"name":"Mr Clamps","species":"scizor","item":"focussash","ability":"Technician","moves":["swordsdance","bulletpunch","pursuit","aerialace"],"nature":"Adamant","evs":{"hp":248,"atk":252,"def":0,"spa":0,"spd":8,"spe":0},"gender":"M","ivs":{"hp":31,"atk":31,"def":31,"spa":31,"spd":31,"spe":31}},{"name":"Flying High","species":"yanmega","item":"focussash","ability":"Speed Boost","moves":["bugbuzz","ancientpower","airslash","gigadrain"],"nature":"Modest","evs":{"hp":0,"atk":0,"def":0,"spa":252,"spd":4,"spe":252},"gender":"M","shiny":true,"ivs":{"hp":31,"atk":31,"def":31,"spa":31,"spd":31,"spe":31}},{"name":"Spiderman","species":"galvantula","item":"focussash","ability":"Compound Eyes","moves":["bugbuzz","stickyweb","thunder","energyball"],"nature":"Timid","evs":{"hp":0,"atk":0,"def":0,"spa":252,"spd":4,"spe":252},"gender":"M","shiny":true,"ivs":{"hp":31,"atk":31,"def":31,"spa":31,"spd":31,"spe":31}},{"name":"Feel The Burn","species":"volcarona","item":"focussash","ability":"Flame Body","moves":["bugbuzz","fierydance","quiverdance","psychic"],"nature":"Modest","evs":{"hp":0,"atk":0,"def":0,"spa":252,"spd":4,"spe":252},"gender":"M","shiny":true,"ivs":{"hp":31,"atk":31,"def":31,"spa":31,"spd":31,"spe":31}}],"log":["|player|p1|E4 IceHawk†|80","|player|p2|IV Jacobot|269","|gametype|singles","|gen|6","|tier|Monotype","|rated","|rule|Baton Pass Clause: Limit one Baton Passer, can't pass Spe and other stats simultaneously","|rule|Swagger Clause: Swagger is banned","|rule|Same Type Clause: Pokémon in a team must share a type","|clearpoke","|poke|p1|Froslass, F","|poke|p1|Weavile, M","|poke|p1|Kyurem-Black","|poke|p1|Abomasnow, F","|poke|p1|Mamoswine, F","|poke|p1|Avalugg, F","|poke|p2|Pinsir, M, shiny","|poke|p2|Shuckle, M, shiny","|poke|p2|Scizor, M","|poke|p2|Yanmega, M, shiny","|poke|p2|Galvantula, M, shiny","|poke|p2|Volcarona, M, shiny","|rule|Sleep Clause Mod: Limit one foe put to sleep","|rule|Species Clause: Limit one of each Pokémon","|rule|OHKO Clause: OHKO moves are banned","|rule|Moody Clause: Moody is banned","|rule|Evasion Moves Clause: Evasion moves are banned","|rule|Endless Battle Clause: Forcing endless battles is banned","|rule|HP Percentage Mod: HP is shown in percentages","|teampreview","|","|start","|switch|p1a: ^_^|Froslass, F|344/344","|switch|p2a: Hell in a Shell|Shuckle, M, shiny|181/181","|turn|1","|","|move|p1a: ^_^|Confuse Ray|p2a: Hell in a Shell","|-start|p2a: Hell in a Shell|confusion","|-activate|p2a: Hell in a Shell|confusion","|move|p2a: Hell in a Shell|Stealth Rock|p1a: ^_^","|-sidestart|p1: E4 IceHawk†|move: Stealth Rock","|","|turn|2","|","|move|p1a: ^_^|Thunder Wave|p2a: Hell in a Shell","|-status|p2a: Hell in a Shell|par","|-activate|p2a: Hell in a Shell|confusion","|-damage|p2a: Hell in a Shell|177/181 par|[from] confusion","|","|-heal|p2a: Hell in a Shell|181/181 par|[from] item: Leftovers","|turn|3","|","|move|p1a: ^_^|Hidden Power|p2a: Hell in a Shell","|-damage|p2a: Hell in a Shell|166/181 par","|-activate|p2a: Hell in a Shell|confusion","|-damage|p2a: Hell in a Shell|162/181 par|[from] confusion","|","|-heal|p2a: Hell in a Shell|173/181 par|[from] item: Leftovers","|turn|4","|","|move|p1a: ^_^|Hex|p2a: Hell in a Shell","|-damage|p2a: Hell in a Shell|127/181 par","|-end|p2a: Hell in a Shell|confusion","|cant|p2a: Hell in a Shell|par","|","|-heal|p2a: Hell in a Shell|138/181 par|[from] item: Leftovers","|turn|5","|","|move|p1a: ^_^|Confuse Ray|p2a: Hell in a Shell","|-start|p2a: Hell in a Shell|confusion","|-activate|p2a: Hell in a Shell|confusion","|-damage|p2a: Hell in a Shell|134/181 par|[from] confusion","|","|-heal|p2a: Hell in a Shell|145/181 par|[from] item: Leftovers","|turn|6","|","|move|p1a: ^_^|Hex|p2a: Hell in a Shell","|-damage|p2a: Hell in a Shell|94/181 par","|-end|p2a: Hell in a Shell|confusion","|cant|p2a: Hell in a Shell|par","|","|-heal|p2a: Hell in a Shell|105/181 par|[from] item: Leftovers","|turn|7","|","|move|p1a: ^_^|Confuse Ray|p2a: Hell in a Shell","|-start|p2a: Hell in a Shell|confusion","|-activate|p2a: Hell in a Shell|confusion","|-damage|p2a: Hell in a Shell|101/181 par|[from] confusion","|","|-heal|p2a: Hell in a Shell|112/181 par|[from] item: Leftovers","|turn|8","|","|move|p1a: ^_^|Hex|p2a: Hell in a Shell","|-damage|p2a: Hell in a Shell|63/181 par","|-activate|p2a: Hell in a Shell|confusion","|-damage|p2a: Hell in a Shell|59/181 par|[from] confusion","|","|-heal|p2a: Hell in a Shell|70/181 par|[from] item: Leftovers","|turn|9","|","|move|p1a: ^_^|Hex|p2a: Hell in a Shell","|-damage|p2a: Hell in a Shell|19/181 par","|-end|p2a: Hell in a Shell|confusion","|cant|p2a: Hell in a Shell|par","|","|-heal|p2a: Hell in a Shell|30/181 par|[from] item: Leftovers","|turn|10","|","|move|p1a: ^_^|Hex|p2a: Hell in a Shell","|-damage|p2a: Hell in a Shell|0 fnt","|faint|p2a: Hell in a Shell","|","|","|switch|p2a: Mr Clamps|Scizor, M|343/343","|turn|11","|","|move|p2a: Mr Clamps|Bullet Punch|p1a: ^_^","|-crit|p1a: ^_^","|-supereffective|p1a: ^_^","|-enditem|p1a: ^_^|Focus Sash","|-damage|p1a: ^_^|1/344","|move|p1a: ^_^|Confuse Ray|p2a: Mr Clamps","|-start|p2a: Mr Clamps|confusion","|","|turn|12","|","|-activate|p2a: Mr Clamps|confusion","|move|p2a: Mr Clamps|Bullet Punch|p1a: ^_^","|-supereffective|p1a: ^_^","|-damage|p1a: ^_^|0 fnt","|faint|p1a: ^_^","|","|","|switch|p1a: Avalugg|Avalugg, F|393/393","|-damage|p1a: Avalugg|295/393|[from] Stealth Rock","|turn|13","|","|switch|p2a: Feel The Burn|Volcarona, M, shiny|311/311","|move|p1a: Avalugg|Rapid Spin|p2a: Feel The Burn","|-damage|p2a: Feel The Burn|285/311","|-sideend|p1: E4 IceHawk†|Stealth Rock|[from] move: Rapid Spin|[of] p1a: Avalugg","|","|turn|14","|","|switch|p1a: Mamoswine|Mamoswine, F|361/361","|move|p2a: Feel The Burn|Quiver Dance|p2a: Feel The Burn","|-boost|p2a: Feel The Burn|spa|1","|-boost|p2a: Feel The Burn|spd|1","|-boost|p2a: Feel The Burn|spe|1","|","|turn|15","|","|move|p2a: Feel The Burn|Fiery Dance|p1a: Mamoswine","|-supereffective|p1a: Mamoswine","|-damage|p1a: Mamoswine|1/361","|move|p1a: Mamoswine|Earthquake|p2a: Feel The Burn","|-damage|p2a: Feel The Burn|0 fnt","|-damage|p1a: Mamoswine|0 fnt|[from] item: Life Orb","|faint|p2a: Feel The Burn","|faint|p1a: Mamoswine","|","|","|switch|p2a: Spiderman|Galvantula, M, shiny|281/281","|switch|p1a: Abomasnow|Abomasnow, F|383/383","|turn|16","|","|detailschange|p1a: Abomasnow|Abomasnow-Mega, F","|-mega|p1a: Abomasnow|Abomasnow|Abomasite","|-weather|Hail","|move|p2a: Spiderman|Bug Buzz|p1a: Abomasnow","|-supereffective|p1a: Abomasnow","|-damage|p1a: Abomasnow|131/383","|move|p1a: Abomasnow|Blizzard|p2a: Spiderman","|-enditem|p2a: Spiderman|Focus Sash","|-damage|p2a: Spiderman|1/281","|","|-weather|Hail|[upkeep]","|-damage|p2a: Spiderman|0 fnt|[from] hail","|faint|p2a: Spiderman","|","|switch|p2a: Flying High|Yanmega, M, shiny|313/313","|turn|17","|","|switch|p1a: Kyurem-Black|Kyurem-Black|391/391","|-ability|p1a: Kyurem-Black|Teravolt","|move|p2a: Flying High|Bug Buzz|p1a: Kyurem-Black","|-damage|p1a: Kyurem-Black|199/391","|","|-weather|Hail|[upkeep]","|-damage|p2a: Flying High|294/313|[from] hail","|-boost|p2a: Flying High|spe|1|[from] ability: Speed Boost","|turn|18","|","|move|p1a: Kyurem-Black|Ice Beam|p2a: Flying High","|-supereffective|p2a: Flying High","|-damage|p2a: Flying High|0 fnt","|faint|p2a: Flying High","|","|-weather|Hail|[upkeep]","|","|switch|p2a: Big Bad Bug|Pinsir, M, shiny|271/271","|turn|19","|","|detailschange|p2a: Big Bad Bug|Pinsir-Mega, M, shiny","|-mega|p2a: Big Bad Bug|Pinsir|Pinsirite","|move|p1a: Kyurem-Black|Ice Beam|p2a: Big Bad Bug","|-supereffective|p2a: Big Bad Bug","|-damage|p2a: Big Bad Bug|0 fnt","|faint|p2a: Big Bad Bug","|","|-weather|Hail|[upkeep]","|","|switch|p2a: Mr Clamps|Scizor, M|343/343","|turn|20","|","|switch|p1a: Avalugg|Avalugg, F|295/393","|move|p2a: Mr Clamps|Swords Dance|p2a: Mr Clamps","|-boost|p2a: Mr Clamps|atk|2","|","|-weather|none","|turn|21","|","|move|p2a: Mr Clamps|Swords Dance|p2a: Mr Clamps","|-boost|p2a: Mr Clamps|atk|2","|move|p1a: Avalugg|Roar|p2a: Mr Clamps","|-fail|p2a: Mr Clamps","|","|turn|22","|","|move|p2a: Mr Clamps|Bullet Punch|p1a: Avalugg","|-supereffective|p1a: Avalugg","|-damage|p1a: Avalugg|0 fnt","|-damage|p2a: Mr Clamps|286/343|[from] item: Rocky Helmet|[of] p1a: Avalugg","|faint|p1a: Avalugg","|","|","|switch|p1a: Abomasnow|Abomasnow-Mega, F|131/383","|-weather|Hail","|turn|23","|","|move|p2a: Mr Clamps|Bullet Punch|p1a: Abomasnow","|-supereffective|p1a: Abomasnow","|-damage|p1a: Abomasnow|0 fnt","|faint|p1a: Abomasnow","|","|-weather|Hail|[upkeep]","|-damage|p2a: Mr Clamps|265/343|[from] hail","|","|switch|p1a: Weavile|Weavile, M|281/281","|-ability|p1a: Weavile|Pressure","|turn|24","|","|move|p2a: Mr Clamps|Bullet Punch|p1a: Weavile","|-supereffective|p1a: Weavile","|-damage|p1a: Weavile|0 fnt","|faint|p1a: Weavile","|","|-weather|Hail|[upkeep]","|-damage|p2a: Mr Clamps|244/343|[from] hail","|","|switch|p1a: Kyurem-Black|Kyurem-Black|199/391","|-ability|p1a: Kyurem-Black|Teravolt","|turn|25","|","|move|p2a: Mr Clamps|Bullet Punch|p1a: Kyurem-Black","|-supereffective|p1a: Kyurem-Black","|-damage|p1a: Kyurem-Black|0 fnt","|faint|p1a: Kyurem-Black","|","|win|IV Jacobot"],"p1rating":{"entryid":"7403154","serverid":"eos","formatid":"monotype","userid":"e4icehawk","username":"E4 IceHawk†","w":"3","l":5,"t":"0","gxe":44.2,"r":"1439.9294742743","rd":"106.19293799709","sigma":"0","rptime":"1438851600","rpr":1454.7135306387,"rprd":91.881190612747,"rpsigma":"0","acre":1068.3302750154,"lacre":1068.3302750154,"oldacre":"1087.6204373205"},"p2rating":{"entryid":"7400607","serverid":"eos","formatid":"monotype","userid":"ivjacobot","username":"IV Jacobot","w":15,"l":"10","t":"0","gxe":56.3,"r":"1538.0120938458","rd":"67.849779349705","sigma":"0","rptime":"1438851600","rpr":1548.724619306,"rprd":64.653085658998,"rpsigma":"0","acre":1166.8436028183,"lacre":1166.8436028183,"oldacre":"1146.00565222"},"endType":"normal"}