{"seed":[9601,12447,36788,27842],"turns":18,"p1":"Knight Miku","p2":"IV-Wiley","p1team":[{"name":"Ampharos","species":"Ampharos","item":"ampharosite","ability":"Static","moves":["toxic","healbell","powergem","dragonpulse"],"nature":"Calm","evs":{"hp":248,"atk":0,"def":0,"spa":8,"spd":252,"spe":0},"gender":"M","shiny":true,"ivs":{"hp":31,"atk":31,"def":31,"spa":31,"spd":31,"spe":31}},{"name":"Rotom-Wash","species":"Rotom-Wash","item":"leftovers","ability":"Levitate","moves":["willowisp","voltswitch","hydropump","painsplit"],"nature":"Bold","evs":{"hp":252,"atk":0,"def":252,"spa":4,"spd":0,"spe":0},"ivs":{"hp":31,"atk":31,"def":31,"spa":31,"spd":31,"spe":31}},{"name":"Raikou","species":"Raikou","item":"choicespecs","ability":"Pressure","moves":["hiddenpowerice","extrasensory","thunderbolt","shadowball"],"nature":"Timid","evs":{"hp":0,"atk":0,"def":0,"spa":252,"spd":4,"spe":252},"ivs":{"hp":31,"atk":30,"def":30,"spa":31,"spd":31,"spe":31},"shiny":true},{"name":"Thundurus","species":"Thundurus","item":"lifeorb","ability":"Prankster","moves":["thunderwave","uturn","grassknot","taunt"],"nature":"Hasty","evs":{"hp":0,"atk":20,"def":0,"spa":252,"spd":4,"spe":232},"ivs":{"hp":31,"atk":31,"def":31,"spa":31,"spd":31,"spe":31}},{"name":"Electivire","species":"Electivire","item":"choicescarf","ability":"Vital Spirit","moves":["voltswitch","earthquake","icepunch","rockslide"],"nature":"Naive","evs":{"hp":0,"atk":252,"def":0,"spa":4,"spd":0,"spe":252},"ivs":{"hp":31,"atk":31,"def":31,"spa":31,"spd":31,"spe":31}},{"name":"Zapdos","species":"Zapdos","item":"leftovers","ability":"Pressure","moves":["heatwave","roost","defog","discharge"],"nature":"Calm","evs":{"hp":252,"atk":0,"def":0,"spa":4,"spd":252,"spe":0},"ivs":{"hp":31,"atk":31,"def":31,"spa":31,"spd":31,"spe":31}}],"p2team":[{"name":"Crawdaunt","species":"Crawdaunt","item":"focussash","ability":"Adaptability","moves":["aquajet","swordsdance","crabhammer","knockoff"],"nature":"Jolly","evs":{"hp":0,"atk":252,"def":0,"spa":0,"spd":4,"spe":252},"ivs":{"hp":31,"atk":31,"def":31,"spa":31,"spd":31,"spe":31}},{"name":"Kingdra","species":"Kingdra","item":"scopelens","ability":"Swift Swim","moves":["focusenergy","dragonpulse","surf","hiddenpowerfire"],"nature":"Timid","evs":{"hp":0,"atk":0,"def":0,"spa":252,"spd":4,"spe":252},"ivs":{"hp":31,"atk":30,"def":31,"spa":30,"spd":31,"spe":30}},{"name":"Politoed","species":"Politoed","item":"leftovers","ability":"Drizzle","moves":["raindance","scald","icebeam","haze"],"nature":"Modest","evs":{"hp":252,"atk":0,"def":0,"spa":252,"spd":4,"spe":0},"ivs":{"hp":31,"atk":31,"def":31,"spa":31,"spd":31,"spe":31}},{"name":"Swampert","species":"Swampert","item":"swampertite","ability":"Damp","moves":["waterfall","earthquake","icepunch","raindance"],"nature":"Adamant","evs":{"hp":248,"atk":252,"def":0,"spa":0,"spd":8,"spe":0},"ivs":{"hp":31,"atk":31,"def":31,"spa":31,"spd":31,"spe":31}},{"name":"Azumarill","species":"Azumarill","item":"sitrusberry","ability":"Thick Fat","moves":["aquajet","bellydrum","brickbreak","playrough"],"nature":"Adamant","evs":{"hp":252,"atk":252,"def":0,"spa":0,"spd":4,"spe":0},"ivs":{"hp":31,"atk":31,"def":31,"spa":31,"spd":31,"spe":31}},{"name":"Keldeo","species":"Keldeo","item":"choicescarf","ability":"Justified","moves":["scald","icywind","secretsword","hiddenpowerfire"],"nature":"Timid","evs":{"hp":0,"atk":0,"def":0,"spa":252,"spd":4,"spe":252},"ivs":{"hp":31,"atk":30,"def":31,"spa":30,"spd":31,"spe":30}}],"log":["|player|p1|Knight Miku|23","|player|p2|IV-Wiley|264","|gametype|singles","|gen|6","|tier|Monotype","|rated","|rule|Baton Pass Clause: Limit one Baton Passer, can't pass Spe and other stats simultaneously","|rule|Swagger Clause: Swagger is banned","|rule|Same Type Clause: Pokémon in a team must share a type","|clearpoke","|poke|p1|Ampharos, M, shiny","|poke|p1|Rotom-Wash","|poke|p1|Raikou, shiny","|poke|p1|Thundurus, M","|poke|p1|Electivire, M","|poke|p1|Zapdos","|poke|p2|Crawdaunt, M","|poke|p2|Kingdra, M","|poke|p2|Politoed, F","|poke|p2|Swampert, F","|poke|p2|Azumarill, M","|poke|p2|Keldeo","|rule|Sleep Clause Mod: Limit one foe put to sleep","|rule|Species Clause: Limit one of each Pokémon","|rule|OHKO Clause: OHKO moves are banned","|rule|Moody Clause: Moody is banned","|rule|Evasion Moves Clause: Evasion moves are banned","|rule|Endless Battle Clause: Forcing endless battles is banned","|rule|HP Percentage Mod: HP is shown in percentages","|teampreview","|","|start","|switch|p1a: Thundurus|Thundurus, M|299/299","|switch|p2a: Politoed|Politoed, F|384/384","|-weather|RainDance","|turn|1","|","|move|p1a: Thundurus|Grass Knot|p2a: Politoed","|-supereffective|p2a: Politoed","|-damage|p2a: Politoed|199/384","|-damage|p1a: Thundurus|270/299|[from] item: Life Orb","|move|p2a: Politoed|Ice Beam|p1a: Thundurus","|-supereffective|p1a: Thundurus","|-damage|p1a: Thundurus|62/299","|","|-weather|RainDance|[upkeep]","|-heal|p2a: Politoed|223/384|[from] item: Leftovers","|turn|2","|","|switch|p1a: Rotom-Wash|Rotom-Wash|304/304","|move|p2a: Politoed|Ice Beam|p1a: Rotom-Wash","|-resisted|p1a: Rotom-Wash","|-damage|p1a: Rotom-Wash|262/304","|","|-weather|RainDance|[upkeep]","|-heal|p1a: Rotom-Wash|281/304|[from] item: Leftovers","|-heal|p2a: Politoed|247/384|[from] item: Leftovers","|turn|3","|","|switch|p2a: Swampert|Swampert, F|403/403","|move|p1a: Rotom-Wash|Will-O-Wisp|p2a: Swampert","|-status|p2a: Swampert|brn","|","|-weather|RainDance|[upkeep]","|-heal|p1a: Rotom-Wash|300/304|[from] item: Leftovers","|-damage|p2a: Swampert|353/403 brn|[from] brn","|turn|4","|","|detailschange|p2a: Swampert|Swampert-Mega, F","|-mega|p2a: Swampert|Swampert|Swampertite","|move|p1a: Rotom-Wash|Hydro Pump|p2a: Swampert","|-damage|p2a: Swampert|179/403 brn","|move|p2a: Swampert|Ice Punch|p1a: Rotom-Wash","|-resisted|p1a: Rotom-Wash","|-damage|p1a: Rotom-Wash|282/304","|","|-weather|RainDance|[upkeep]","|-heal|p1a: Rotom-Wash|301/304|[from] item: Leftovers","|-damage|p2a: Swampert|129/403 brn|[from] brn","|turn|5","|","|move|p2a: Swampert|Waterfall|p1a: Rotom-Wash","|-resisted|p1a: Rotom-Wash","|-damage|p1a: Rotom-Wash|255/304","|move|p1a: Rotom-Wash|Hydro Pump|p2a: Swampert","|-damage|p2a: Swampert|0 fnt","|faint|p2a: Swampert","|","|-weather|none","|-heal|p1a: Rotom-Wash|274/304|[from] item: Leftovers","|","|switch|p2a: Kingdra|Kingdra, M|291/291","|turn|6","|","|move|p2a: Kingdra|Focus Energy|p2a: Kingdra","|-start|p2a: Kingdra|move: Focus Energy","|move|p1a: Rotom-Wash|Will-O-Wisp|p2a: Kingdra|[miss]","|-miss|p1a: Rotom-Wash|p2a: Kingdra","|","|-heal|p1a: Rotom-Wash|293/304|[from] item: Leftovers","|turn|7","|","|move|p2a: Kingdra|Dragon Pulse|p1a: Rotom-Wash","|-crit|p1a: Rotom-Wash","|-damage|p1a: Rotom-Wash|104/304","|move|p1a: Rotom-Wash|Volt Switch|p2a: Kingdra","|-damage|p2a: Kingdra|207/291","|","|switch|p1a: Ampharos|Ampharos, M, shiny|383/383","|","|turn|8","|","|move|p2a: Kingdra|Dragon Pulse|p1a: Ampharos","|-crit|p1a: Ampharos","|-damage|p1a: Ampharos|239/383","|move|p1a: Ampharos|Dragon Pulse|p2a: Kingdra","|-supereffective|p2a: Kingdra","|-damage|p2a: Kingdra|51/291","|","|turn|9","|","|move|p2a: Kingdra|Surf|p1a: Ampharos","|-crit|p1a: Ampharos","|-damage|p1a: Ampharos|91/383","|move|p1a: Ampharos|Power Gem|p2a: Kingdra","|-crit|p2a: Kingdra","|-damage|p2a: Kingdra|0 fnt","|faint|p2a: Kingdra","|","|","|switch|p2a: Keldeo|Keldeo|323/323","|turn|10","|","|detailschange|p1a: Ampharos|Ampharos-Mega, M, shiny","|-mega|p1a: Ampharos|Ampharos|Ampharosite","|-ability|p1a: Ampharos|Mold Breaker","|move|p2a: Keldeo|Secret Sword|p1a: Ampharos","|-damage|p1a: Ampharos|0 fnt","|faint|p1a: Ampharos","|","|","|switch|p1a: Zapdos|Zapdos|384/384","|-ability|p1a: Zapdos|Pressure","|turn|11","|","|move|p2a: Keldeo|Secret Sword|p1a: Zapdos","|-resisted|p1a: Zapdos","|-damage|p1a: Zapdos|304/384","|move|p1a: Zapdos|Discharge|p2a: Keldeo","|-crit|p2a: Keldeo","|-supereffective|p2a: Keldeo","|-damage|p2a: Keldeo|0 fnt","|faint|p2a: Keldeo","|","|-heal|p1a: Zapdos|328/384|[from] item: Leftovers","|","|switch|p2a: Crawdaunt|Crawdaunt, M|267/267","|turn|12","|","|move|p1a: Zapdos|Discharge|p2a: Crawdaunt","|-supereffective|p2a: Crawdaunt","|-enditem|p2a: Crawdaunt|Focus Sash","|-damage|p2a: Crawdaunt|1/267","|move|p2a: Crawdaunt|Swords Dance|p2a: Crawdaunt","|-boost|p2a: Crawdaunt|atk|2","|","|-heal|p1a: Zapdos|352/384|[from] item: Leftovers","|turn|13","|","|move|p2a: Crawdaunt|Aqua Jet|p1a: Zapdos","|-damage|p1a: Zapdos|152/384","|move|p1a: Zapdos|Discharge|p2a: Crawdaunt","|-supereffective|p2a: Crawdaunt","|-damage|p2a: Crawdaunt|0 fnt","|faint|p2a: Crawdaunt","|","|-heal|p1a: Zapdos|176/384|[from] item: Leftovers","|","|switch|p2a: Azumarill|Azumarill, M|404/404","|turn|14","|","|move|p1a: Zapdos|Roost|p1a: Zapdos","|-heal|p1a: Zapdos|368/384","|move|p2a: Azumarill|Play Rough|p1a: Zapdos","|-damage|p1a: Zapdos|265/384","|","|-heal|p1a: Zapdos|289/384|[from] item: Leftovers","|turn|15","|","|move|p1a: Zapdos|Discharge|p2a: Azumarill","|-supereffective|p2a: Azumarill","|-damage|p2a: Azumarill|132/404","|-enditem|p2a: Azumarill|Sitrus Berry|[eat]","|-heal|p2a: Azumarill|233/404|[from] item: Sitrus Berry","|move|p2a: Azumarill|Belly Drum|p2a: Azumarill","|-damage|p2a: Azumarill|31/404","|-setboost|p2a: Azumarill|atk|6|[from] move: Belly Drum","|","|-heal|p1a: Zapdos|313/384|[from] item: Leftovers","|turn|16","|","|move|p2a: Azumarill|Aqua Jet|p1a: Zapdos","|-damage|p1a: Zapdos|117/384","|move|p1a: Zapdos|Discharge|p2a: Azumarill","|-supereffective|p2a: Azumarill","|-damage|p2a: Azumarill|0 fnt","|faint|p2a: Azumarill","|","|-heal|p1a: Zapdos|141/384|[from] item: Leftovers","|","|switch|p2a: Politoed|Politoed, F|247/384","|-weather|RainDance","|turn|17","|","|move|p1a: Zapdos|Discharge|p2a: Politoed","|-supereffective|p2a: Politoed","|-damage|p2a: Politoed|11/384","|move|p2a: Politoed|Ice Beam|p1a: Zapdos","|-supereffective|p1a: Zapdos","|-damage|p1a: Zapdos|5/384","|","|-weather|RainDance|[upkeep]","|-heal|p1a: Zapdos|29/384|[from] item: Leftovers","|-heal|p2a: Politoed|35/384|[from] item: Leftovers","|turn|18","|","|move|p1a: Zapdos|Discharge|p2a: Politoed","|-supereffective|p2a: Politoed","|-damage|p2a: Politoed|0 fnt","|faint|p2a: Politoed","|","|win|Knight Miku"],"p1rating":{"entryid":"7210042","serverid":"eos","formatid":"monotype","userid":"knightmiku","username":"Knight♕Miku","w":11,"l":"5","t":"0","gxe":60.3,"r":"1568.1662215144","rd":"78.391988186295","sigma":"0","rptime":"1438851600","rpr":1580.1876586211,"rprd":76.693985313252,"rpsigma":"0","acre":1191.2309108354,"lacre":1191.2309108354,"oldacre":"1167.5010599748"},"p2rating":{"entryid":"7406762","serverid":"eos","formatid":"monotype","userid":"ivwiley","username":"IV Wiley","w":"12","l":12,"t":"0","gxe":50.6,"r":"1468.9838527697","rd":"72.883258448308","sigma":"0","rptime":"1438851600","rpr":1504.6973812331,"rprd":65.642992686814,"rpsigma":"0","acre":1126.1041972696,"lacre":1126.1041972696,"oldacre":"1149.8340481302"},"endType":"normal"}