{"seed":[28566,4957,16474,23936],"turns":23,"p1":"Guard Wanderer","p2":"Sovereign♕Cactus","p1team":[{"name":"Weezing","species":"Weezing","item":"sitrusberry","ability":"Levitate","moves":["toxicspikes","willowisp","memento","thief"],"nature":"Careful","evs":{"hp":248,"atk":8,"def":0,"spa":0,"spd":252,"spe":0},"ivs":{"hp":31,"atk":31,"def":31,"spa":31,"spd":31,"spe":31}},{"name":"Tentacruel","species":"Tentacruel","item":"assaultvest","ability":"Liquid Ooze","moves":["scald","acidspray","gigadrain","hex"],"nature":"Timid","evs":{"hp":0,"atk":0,"def":4,"spa":252,"spd":0,"spe":252},"ivs":{"hp":31,"atk":31,"def":31,"spa":31,"spd":31,"spe":31}},{"name":"Skuntank","species":"Skuntank","item":"","ability":"Stench","moves":["snatch","thief","suckerpunch","poisonjab"],"nature":"Adamant","evs":{"hp":248,"atk":252,"def":0,"spa":0,"spd":8,"spe":0},"ivs":{"hp":31,"atk":31,"def":31,"spa":31,"spd":31,"spe":31}},{"name":"Crobat","species":"Crobat","item":"whiteherb","ability":"Infiltrator","moves":["curse","acrobatics","roost","hypnosis"],"nature":"Jolly","evs":{"hp":248,"atk":8,"def":0,"spa":0,"spd":0,"spe":252},"ivs":{"hp":31,"atk":31,"def":31,"spa":31,"spd":31,"spe":31}},{"name":"Gengar","species":"Gengar","item":"choicescarf","ability":"Levitate","moves":["trick","destinybond","venoshock","hex"],"nature":"Timid","evs":{"hp":0,"atk":0,"def":0,"spa":252,"spd":4,"spe":252},"ivs":{"hp":31,"atk":31,"def":31,"spa":31,"spd":31,"spe":31}},{"name":"Amoonguss","species":"Amoonguss","item":"blacksludge","ability":"Regenerator","moves":["spore","gigadrain","gastroacid","stunspore"],"nature":"Calm","evs":{"hp":248,"atk":0,"def":0,"spa":8,"spd":252,"spe":0},"shiny":true,"ivs":{"hp":31,"atk":31,"def":31,"spa":31,"spd":31,"spe":31}}],"p2team":[{"name":"Azumarill","species":"Azumarill","item":"choiceband","ability":"Sap Sipper","moves":["aquajet","waterfall","knockoff","playrough"],"nature":"Adamant","evs":{"hp":248,"atk":252,"def":0,"spa":0,"spd":8,"spe":0},"ivs":{"hp":31,"atk":31,"def":31,"spa":31,"spd":31,"spe":31}},{"name":"Quagsire","species":"Quagsire","item":"leftovers","ability":"Unaware","moves":["earthquake","scald","recover","haze"],"nature":"Impish","evs":{"hp":252,"atk":4,"def":252,"spa":0,"spd":0,"spe":0},"ivs":{"hp":31,"atk":31,"def":31,"spa":31,"spd":31,"spe":31}},{"name":"Lanturn","species":"Lanturn","item":"leftovers","ability":"Volt Absorb","moves":["scald","healbell","toxic","voltswitch"],"nature":"Bold","evs":{"hp":252,"atk":0,"def":252,"spa":4,"spd":0,"spe":0},"ivs":{"hp":31,"atk":31,"def":31,"spa":31,"spd":31,"spe":31}},{"name":"Slowbro","species":"Slowbro","item":"leftovers","ability":"Regenerator","moves":["slackoff","thunderwave","scald","fireblast"],"nature":"Bold","evs":{"hp":252,"atk":0,"def":252,"spa":4,"spd":0,"spe":0},"ivs":{"hp":31,"atk":31,"def":31,"spa":31,"spd":31,"spe":31}},{"name":"Empoleon","species":"Empoleon","item":"leftovers","ability":"Torrent","moves":["defog","stealthrock","scald","flashcannon"],"nature":"Modest","evs":{"hp":252,"atk":0,"def":0,"spa":252,"spd":4,"spe":0},"ivs":{"hp":31,"atk":31,"def":31,"spa":31,"spd":31,"spe":31}},{"name":"Gyarados","species":"Gyarados","item":"gyaradosite","ability":"Intimidate","moves":["dragondance","substitute","icefang","crunch"],"nature":"Adamant","evs":{"hp":0,"atk":252,"def":0,"spa":0,"spd":4,"spe":252},"ivs":{"hp":31,"atk":31,"def":31,"spa":31,"spd":31,"spe":31}}],"log":["|player|p1|Guard Wanderer|235","|player|p2|Sovereign♕Cactus|251","|gametype|singles","|gen|6","|tier|Monotype","|rated","|rule|Baton Pass Clause: Limit one Baton Passer, can't pass Spe and other stats simultaneously","|rule|Swagger Clause: Swagger is banned","|rule|Same Type Clause: Pokémon in a team must share a type","|clearpoke","|poke|p1|Weezing, F","|poke|p1|Tentacruel, M","|poke|p1|Skuntank, M","|poke|p1|Crobat, F","|poke|p1|Gengar, F","|poke|p1|Amoonguss, M, shiny","|poke|p2|Azumarill, F","|poke|p2|Quagsire, M","|poke|p2|Lanturn, M","|poke|p2|Slowbro, F","|poke|p2|Empoleon, M","|poke|p2|Gyarados, F","|rule|Sleep Clause Mod: Limit one foe put to sleep","|rule|Species Clause: Limit one of each Pokémon","|rule|OHKO Clause: OHKO moves are banned","|rule|Moody Clause: Moody is banned","|rule|Evasion Moves Clause: Evasion moves are banned","|rule|Endless Battle Clause: Forcing endless battles is banned","|rule|HP Percentage Mod: HP is shown in percentages","|teampreview","|","|start","|switch|p1a: Weezing|Weezing, F|333/333","|switch|p2a: Quagsire|Quagsire, M|394/394","|turn|1","|","|move|p1a: Weezing|Will-O-Wisp|p2a: Quagsire","|-status|p2a: Quagsire|brn","|move|p2a: Quagsire|Scald|p1a: Weezing","|-damage|p1a: Weezing|281/333","|","|-damage|p2a: Quagsire|345/394 brn|[from] brn","|turn|2","|","|switch|p2a: Empoleon|Empoleon, M|372/372","|move|p1a: Weezing|Toxic Spikes|p2a: Empoleon","|-sidestart|p2: Sovereign♕Cactus|move: Toxic Spikes","|","|turn|3","|","|move|p1a: Weezing|Will-O-Wisp|p2a: Empoleon","|-status|p2a: Empoleon|brn","|move|p2a: Empoleon|Scald|p1a: Weezing","|-damage|p1a: Weezing|143/333","|-enditem|p1a: Weezing|Sitrus Berry|[eat]","|-heal|p1a: Weezing|226/333|[from] item: Sitrus Berry","|","|-damage|p2a: Empoleon|326/372 brn|[from] brn","|turn|4","|","|move|p1a: Weezing|Toxic Spikes|p2a: Empoleon","|-sidestart|p2: Sovereign♕Cactus|move: Toxic Spikes","|move|p2a: Empoleon|Scald|p1a: Weezing","|-damage|p1a: Weezing|96/333","|","|-heal|p2a: Empoleon|349/372 brn|[from] item: Leftovers","|-damage|p2a: Empoleon|303/372 brn|[from] brn","|turn|5","|","|switch|p1a: Tentacruel|Tentacruel, M|301/301","|move|p2a: Empoleon|Scald|p1a: Tentacruel","|-resisted|p1a: Tentacruel","|-damage|p1a: Tentacruel|259/301","|","|-heal|p2a: Empoleon|326/372 brn|[from] item: Leftovers","|-damage|p2a: Empoleon|280/372 brn|[from] brn","|turn|6","|","|switch|p2a: Quagsire|Quagsire, M|345/394 brn","|move|p1a: Tentacruel|Hex|p2a: Quagsire","|-damage|p2a: Quagsire|196/394 brn","|","|-heal|p2a: Quagsire|220/394 brn|[from] item: Leftovers","|-damage|p2a: Quagsire|171/394 brn|[from] brn","|turn|7","|","|move|p1a: Tentacruel|Giga Drain|p2a: Quagsire","|-supereffective|p2a: Quagsire","|-damage|p2a: Quagsire|0 fnt","|-heal|p1a: Tentacruel|301/301|[from] drain|[of] p2a: Quagsire","|faint|p2a: Quagsire","|","|","|switch|p2a: Lanturn|Lanturn, M|454/454","|-status|p2a: Lanturn|tox","|turn|8","|","|move|p1a: Tentacruel|Acid Spray|p2a: Lanturn","|-crit|p2a: Lanturn","|-damage|p2a: Lanturn|358/454 tox","|-unboost|p2a: Lanturn|spd|2","|move|p2a: Lanturn|Volt Switch|p1a: Tentacruel","|-crit|p1a: Tentacruel","|-supereffective|p1a: Tentacruel","|-damage|p1a: Tentacruel|191/301","|","|switch|p2a: Gyarados|Gyarados, F|331/331","|-ability|p2a: Gyarados|Intimidate","|-unboost|p1a: Tentacruel|atk|1","|","|turn|9","|","|detailschange|p2a: Gyarados|Gyarados-Mega, F","|-mega|p2a: Gyarados|Gyarados|Gyaradosite","|-ability|p2a: Gyarados|Mold Breaker","|move|p1a: Tentacruel|Acid Spray|p2a: Gyarados","|-damage|p2a: Gyarados|288/331","|-unboost|p2a: Gyarados|spd|2","|move|p2a: Gyarados|Substitute|p2a: Gyarados","|-start|p2a: Gyarados|Substitute","|-damage|p2a: Gyarados|206/331","|","|turn|10","|","|move|p1a: Tentacruel|Giga Drain|p2a: Gyarados","|-supereffective|p2a: Gyarados","|-end|p2a: Gyarados|Substitute","|-heal|p1a: Tentacruel|232/301|[from] drain|[of] p2a: Gyarados","|move|p2a: Gyarados|Dragon Dance|p2a: Gyarados","|-boost|p2a: Gyarados|atk|1","|-boost|p2a: Gyarados|spe|1","|","|turn|11","|","|move|p2a: Gyarados|Crunch|p1a: Tentacruel","|-damage|p1a: Tentacruel|0 fnt","|faint|p1a: Tentacruel","|","|","|switch|p1a: Crobat|Crobat, F|373/373","|turn|12","|","|move|p1a: Crobat|Hypnosis|p2a: Gyarados","|-status|p2a: Gyarados|slp","|cant|p2a: Gyarados|slp","|","|turn|13","|","|move|p1a: Crobat|Curse|p1a: Crobat","|-unboost|p1a: Crobat|spe|1","|-boost|p1a: Crobat|atk|1","|-boost|p1a: Crobat|def|1","|-enditem|p1a: Crobat|White Herb","|-restoreboost|p1a: Crobat|[silent]","|cant|p2a: Gyarados|slp","|","|turn|14","|","|move|p1a: Crobat|Acrobatics|p2a: Gyarados","|-damage|p2a: Gyarados|29/331 slp","|cant|p2a: Gyarados|slp","|","|turn|15","|","|move|p1a: Crobat|Acrobatics|p2a: Gyarados","|-damage|p2a: Gyarados|0 fnt","|faint|p2a: Gyarados","|","|","|switch|p2a: Empoleon|Empoleon, M|280/372 brn","|turn|16","|","|move|p1a: Crobat|Acrobatics|p2a: Empoleon","|-resisted|p2a: Empoleon","|-damage|p2a: Empoleon|186/372 brn","|move|p2a: Empoleon|Scald|p1a: Crobat","|-damage|p1a: Crobat|193/373","|","|-heal|p2a: Empoleon|209/372 brn|[from] item: Leftovers","|-damage|p2a: Empoleon|163/372 brn|[from] brn","|turn|17","|","|move|p1a: Crobat|Acrobatics|p2a: Empoleon","|-resisted|p2a: Empoleon","|-damage|p2a: Empoleon|60/372 brn","|move|p2a: Empoleon|Scald|p1a: Crobat","|-damage|p1a: Crobat|0 fnt","|faint|p1a: Crobat","|","|-heal|p2a: Empoleon|83/372 brn|[from] item: Leftovers","|-damage|p2a: Empoleon|37/372 brn|[from] brn","|","|switch|p1a: Skuntank|Skuntank, M|409/409","|turn|18","|","|move|p1a: Skuntank|Thief|p2a: Empoleon","|-damage|p2a: Empoleon|0 fnt","|-item|p1a: Skuntank|Leftovers|[from] move: Thief|[of] p2a: Empoleon","|faint|p2a: Empoleon","|","|","|switch|p2a: Azumarill|Azumarill, F|403/403","|-status|p2a: Azumarill|tox","|turn|19","|","|move|p1a: Skuntank|Poison Jab|p2a: Azumarill","|-supereffective|p2a: Azumarill","|-damage|p2a: Azumarill|125/403 tox","|move|p2a: Azumarill|Waterfall|p1a: Skuntank","|-damage|p1a: Skuntank|237/409","|","|-heal|p1a: Skuntank|262/409|[from] item: Leftovers","|-damage|p2a: Azumarill|100/403 tox|[from] psn","|turn|20","|","|move|p1a: Skuntank|Sucker Punch|p2a: Azumarill","|-resisted|p2a: Azumarill","|-damage|p2a: Azumarill|25/403 tox","|move|p2a: Azumarill|Waterfall|p1a: Skuntank","|-damage|p1a: Skuntank|94/409","|","|-heal|p1a: Skuntank|119/409|[from] item: Leftovers","|-damage|p2a: Azumarill|0 fnt|[from] psn","|faint|p2a: Azumarill","|","|switch|p2a: Lanturn|Lanturn, M|358/454 tox","|turn|21","|","|move|p1a: Skuntank|Poison Jab|p2a: Lanturn","|-damage|p2a: Lanturn|241/454 tox","|move|p2a: Lanturn|Scald|p1a: Skuntank","|-crit|p1a: Skuntank","|-damage|p1a: Skuntank|0 fnt","|faint|p1a: Skuntank","|","|-heal|p2a: Lanturn|269/454 tox|[from] item: Leftovers","|-damage|p2a: Lanturn|241/454 tox|[from] psn","|","|switch|p1a: Gengar|Gengar, F|261/261","|turn|22","|","|move|p1a: Gengar|Hex|p2a: Lanturn","|-damage|p2a: Lanturn|0 fnt","|faint|p2a: Lanturn","|","|","|switch|p2a: Slowbro|Slowbro, F|394/394","|-status|p2a: Slowbro|tox","|turn|23","|","|move|p1a: Gengar|Hex|p2a: Slowbro","|-supereffective|p2a: Slowbro","|-damage|p2a: Slowbro|0 fnt","|faint|p2a: Slowbro","|","|win|Guard Wanderer"],"p1rating":{"entryid":"6731189","serverid":"eos","formatid":"monotype","userid":"guardwanderer","username":"Guard Wanderer","w":93,"l":"121","t":"0","gxe":42.6,"r":"1422.2201748306","rd":"28.556455732561","sigma":"0","rptime":"1438851600","rpr":1443.4304486255,"rprd":27.727805028153,"rpsigma":"0","acre":1270.73247528,"lacre":1270.73247528,"oldacre":"1257.7902430426"},"p2rating":{"entryid":"6867552","serverid":"eos","formatid":"monotype","userid":"sovereigncactus","username":"Sovereign♕Cactus","w":"97","l":117,"t":"0","gxe":45,"r":"1471.7151973843","rd":"26.087880144434","sigma":"0","rptime":"1438851600","rpr":1462.4373048176,"rprd":25.058601332937,"rpsigma":"0","acre":1064.0380407162,"lacre":1064.0380407162,"oldacre":"1075.0422163618"},"endType":"normal"}