{"seed":[31779,51831,55987,47942],"turns":25,"p1":"Adviser♕Boo","p2":"Knight♕Zygarde","p1team":[{"name":"Magnemite","species":"Magnemite","item":"berryjuice","ability":"Sturdy","moves":["toxic","recycle","protect","doubleedge"],"nature":"Impish","evs":{"hp":248,"atk":8,"def":252,"spa":0,"spd":0,"spe":0},"level":1,"ivs":{"hp":31,"atk":31,"def":31,"spa":31,"spd":31,"spe":31}},{"name":"Dedenne","species":"Dedenne","item":"sitrusberry","ability":"Cheek Pouch","moves":["substitute","recycle","toxic","superfang"],"nature":"","evs":{"hp":0,"atk":0,"def":0,"spa":0,"spd":0,"spe":0},"ivs":{"hp":31,"atk":31,"def":31,"spa":31,"spd":31,"spe":31}},{"name":"Magnezone","species":"Magnezone","item":"choicescarf","ability":"Sturdy","moves":["thunderbolt","voltswitch","hiddenpowerice","flashcannon"],"nature":"Timid","evs":{"hp":0,"atk":0,"def":0,"spa":252,"spd":4,"spe":252},"ivs":{"hp":31,"atk":30,"def":30,"spa":31,"spd":31,"spe":31}},{"name":"Pachirisu","species":"Pachirisu","item":"leftovers","ability":"Volt Absorb","moves":["nuzzle","lightscreen","toxic","superfang"],"nature":"Careful","evs":{"hp":248,"atk":8,"def":0,"spa":0,"spd":252,"spe":0},"ivs":{"hp":31,"atk":31,"def":31,"spa":31,"spd":31,"spe":31}},{"name":"Zapdos","species":"Zapdos","item":"leftovers","ability":"Pressure","moves":["roost","toxic","heatwave","defog"],"nature":"Timid","evs":{"hp":252,"atk":0,"def":8,"spa":0,"spd":0,"spe":248},"ivs":{"hp":31,"atk":31,"def":31,"spa":31,"spd":31,"spe":31}},{"name":"Minun","species":"Minun","item":"focussash","ability":"Volt Absorb","moves":["nuzzle","toxic","protect","switcheroo"],"nature":"Jolly","evs":{"hp":248,"atk":8,"def":0,"spa":0,"spd":0,"spe":252},"ivs":{"hp":31,"atk":31,"def":31,"spa":31,"spd":31,"spe":31}}],"p2team":[{"name":"Zygarde","species":"Zygarde","item":"lifeorb","ability":"Aura Break","moves":["dragondance","stoneedge","outrage","earthquake"],"nature":"Adamant","evs":{"hp":4,"atk":252,"def":0,"spa":0,"spd":0,"spe":252},"ivs":{"hp":31,"atk":31,"def":31,"spa":31,"spd":31,"spe":31}},{"name":"Garchomp","species":"Garchomp","item":"choicescarf","ability":"Rough Skin","moves":["dragonclaw","earthquake","ironhead","brickbreak"],"nature":"Jolly","evs":{"hp":4,"atk":252,"def":0,"spa":0,"spd":0,"spe":252},"ivs":{"hp":31,"atk":31,"def":31,"spa":31,"spd":31,"spe":31}},{"name":"Gliscor","species":"Gliscor","item":"toxicorb","ability":"Poison Heal","moves":["fling","roost","acrobatics","protect"],"nature":"Adamant","evs":{"hp":184,"atk":252,"def":0,"spa":0,"spd":0,"spe":72},"ivs":{"hp":31,"atk":31,"def":31,"spa":31,"spd":31,"spe":31}},{"name":"Hippowdon","species":"Hippowdon","item":"leftovers","ability":"Sand Stream","moves":["earthquake","stealthrock","toxic","slackoff"],"nature":"Impish","evs":{"hp":252,"atk":4,"def":252,"spa":0,"spd":0,"spe":0},"ivs":{"hp":31,"atk":31,"def":31,"spa":31,"spd":31,"spe":31}},{"name":"Excadrill","species":"Excadrill","item":"choicescarf","ability":"Mold Breaker","moves":["earthquake","ironhead","rockslide","xscissor"],"nature":"Jolly","evs":{"hp":0,"atk":252,"def":0,"spa":0,"spd":4,"spe":252},"ivs":{"hp":31,"atk":31,"def":31,"spa":31,"spd":31,"spe":31}},{"name":"Swampert","species":"Swampert","item":"swampertite","ability":"Torrent","moves":["earthquake","waterfall","raindance","outrage"],"nature":"Adamant","evs":{"hp":248,"atk":252,"def":0,"spa":0,"spd":8,"spe":0},"ivs":{"hp":31,"atk":31,"def":31,"spa":31,"spd":31,"spe":31}}],"log":["|player|p1|Adviser♕Boo|adviserboo.gif","|player|p2|Knight♕Zygarde|knightzygarde.png","|gametype|singles","|gen|6","|tier|Monotype","|rated","|rule|Baton Pass Clause: Limit one Baton Passer, can't pass Spe and other stats simultaneously","|rule|Swagger Clause: Swagger is banned","|rule|Same Type Clause: Pokémon in a team must share a type","|clearpoke","|poke|p1|Magnemite, L1","|poke|p1|Dedenne, F","|poke|p1|Magnezone","|poke|p1|Pachirisu, M","|poke|p1|Zapdos","|poke|p1|Minun, M","|poke|p2|Zygarde","|poke|p2|Garchomp, M","|poke|p2|Gliscor, M","|poke|p2|Hippowdon, M","|poke|p2|Excadrill, M","|poke|p2|Swampert, M","|rule|Sleep Clause Mod: Limit one foe put to sleep","|rule|Species Clause: Limit one of each Pokémon","|rule|OHKO Clause: OHKO moves are banned","|rule|Moody Clause: Moody is banned","|rule|Evasion Moves Clause: Evasion moves are banned","|rule|Endless Battle Clause: Forcing endless battles is banned","|rule|HP Percentage Mod: HP is shown in percentages","|teampreview","|","|start","|switch|p1a: Minun|Minun, M|323/323","|switch|p2a: Gliscor|Gliscor, M|337/337","|turn|1","|","|move|p2a: Gliscor|Protect|p2a: Gliscor","|-singleturn|p2a: Gliscor|Protect","|move|p1a: Minun|Switcheroo|p2a: Gliscor","|-activate|p2a: Gliscor|Protect","|","|-status|p2a: Gliscor|tox|[from] item: Toxic Orb","|turn|2","|","|switch|p1a: Magnezone|Magnezone|281/281","|move|p2a: Gliscor|Fling|p1a: Magnezone","|-enditem|p2a: Gliscor|Toxic Orb|[from] move: Fling","|-damage|p1a: Magnezone|250/281","|","|turn|3","|","|switch|p2a: Zygarde|Zygarde|358/358","|-ability|p2a: Zygarde|Aura Break","|move|p1a: Magnezone|Hidden Power|p2a: Zygarde","|-supereffective|p2a: Zygarde","|-damage|p2a: Zygarde|62/358","|","|turn|4","|","|switch|p2a: Excadrill|Excadrill, M|361/361","|-ability|p2a: Excadrill|Mold Breaker","|move|p1a: Magnezone|Hidden Power|p2a: Excadrill","|-damage|p2a: Excadrill|264/361","|","|turn|5","|","|switch|p1a: Zapdos|Zapdos|384/384","|-ability|p1a: Zapdos|Pressure","|move|p2a: Excadrill|Earthquake|p1a: Zapdos","|-immune|p1a: Zapdos|[msg]","|","|turn|6","|","|switch|p2a: Swampert|Swampert, M|403/403","|move|p1a: Zapdos|Heat Wave|p2a: Swampert","|-resisted|p2a: Swampert","|-damage|p2a: Swampert|355/403","|","|turn|7","|","|switch|p1a: Minun|Minun, M|323/323","|detailschange|p2a: Swampert|Swampert-Mega, M","|-mega|p2a: Swampert|Swampert|Swampertite","|move|p2a: Swampert|Rain Dance|p2a: Swampert","|-weather|RainDance","|","|-weather|RainDance|[upkeep]","|turn|8","|","|move|p2a: Swampert|Earthquake|p1a: Minun","|-supereffective|p1a: Minun","|-enditem|p1a: Minun|Focus Sash","|-damage|p1a: Minun|1/323","|move|p1a: Minun|Toxic|p2a: Swampert|[miss]","|-miss|p1a: Minun|p2a: Swampert","|","|-weather|RainDance|[upkeep]","|turn|9","|","|move|p2a: Swampert|Waterfall|p1a: Minun","|-damage|p1a: Minun|0 fnt","|faint|p1a: Minun","|","|-weather|RainDance|[upkeep]","|","|switch|p1a: Magnemite|Magnemite, L1|12/12","|turn|10","|","|switch|p2a: Hippowdon|Hippowdon, M|420/420","|-weather|Sandstorm","|move|p1a: Magnemite|Toxic|p2a: Hippowdon","|-status|p2a: Hippowdon|tox","|","|-weather|Sandstorm|[upkeep]","|-damage|p2a: Hippowdon|394/420 tox|[from] psn","|turn|11","|","|move|p1a: Magnemite|Protect|p1a: Magnemite","|-singleturn|p1a: Magnemite|Protect","|move|p2a: Hippowdon|Stealth Rock|p1a: Magnemite","|-sidestart|p1: Adviser♕Boo|move: Stealth Rock","|","|-weather|Sandstorm|[upkeep]","|-heal|p2a: Hippowdon|420/420 tox|[from] item: Leftovers","|-damage|p2a: Hippowdon|368/420 tox|[from] psn","|turn|12","|","|switch|p2a: Gliscor|Gliscor, M|337/337 tox","|move|p1a: Magnemite|Protect|p1a: Magnemite","|-fail|p1a: Magnemite","|","|-weather|Sandstorm|[upkeep]","|turn|13","|","|switch|p1a: Zapdos|Zapdos|384/384","|-damage|p1a: Zapdos|288/384|[from] Stealth Rock","|-ability|p1a: Zapdos|Pressure","|move|p2a: Gliscor|Acrobatics|p1a: Zapdos","|-resisted|p1a: Zapdos","|-damage|p1a: Zapdos|183/384","|","|-weather|Sandstorm|[upkeep]","|-damage|p1a: Zapdos|159/384|[from] sandstorm","|-heal|p1a: Zapdos|183/384|[from] item: Leftovers","|turn|14","|","|switch|p2a: Swampert|Swampert-Mega, M|355/403","|move|p1a: Zapdos|Defog|p2a: Swampert","|-unboost|p2a: Swampert|evasion|1","|-sideend|p1: Adviser♕Boo|Stealth Rock|[from] move: Defog|[of] p1a: Zapdos","|","|-weather|none","|-heal|p1a: Zapdos|207/384|[from] item: Leftovers","|turn|15","|","|move|p1a: Zapdos|Toxic|p2a: Swampert","|-status|p2a: Swampert|tox","|move|p2a: Swampert|Waterfall|p1a: Zapdos","|-damage|p1a: Zapdos|6/384","|","|-heal|p1a: Zapdos|30/384|[from] item: Leftovers","|-damage|p2a: Swampert|330/403 tox|[from] psn","|turn|16","|","|move|p1a: Zapdos|Roost|p1a: Zapdos","|-heal|p1a: Zapdos|222/384","|move|p2a: Swampert|Waterfall|p1a: Zapdos","|-damage|p1a: Zapdos|20/384","|","|-heal|p1a: Zapdos|44/384|[from] item: Leftovers","|-damage|p2a: Swampert|280/403 tox|[from] psn","|turn|17","|","|move|p1a: Zapdos|Roost|p1a: Zapdos","|-heal|p1a: Zapdos|236/384","|move|p2a: Swampert|Earthquake|p1a: Zapdos","|-supereffective|p1a: Zapdos","|-damage|p1a: Zapdos|0 fnt","|faint|p1a: Zapdos","|","|-damage|p2a: Swampert|205/403 tox|[from] psn","|","|switch|p1a: Pachirisu|Pachirisu, M|323/323","|turn|18","|","|move|p1a: Pachirisu|Super Fang|p2a: Swampert","|-damage|p2a: Swampert|103/403 tox","|move|p2a: Swampert|Earthquake|p1a: Pachirisu","|-supereffective|p1a: Pachirisu","|-damage|p1a: Pachirisu|0 fnt","|faint|p1a: Pachirisu","|","|-damage|p2a: Swampert|3/403 tox|[from] psn","|","|switch|p1a: Magnemite|Magnemite, L1|12/12","|turn|19","|","|move|p1a: Magnemite|Protect|p1a: Magnemite","|-singleturn|p1a: Magnemite|Protect","|move|p2a: Swampert|Earthquake|p1a: Magnemite","|-activate|p1a: Magnemite|Protect","|","|-damage|p2a: Swampert|0 fnt|[from] psn","|faint|p2a: Swampert","|","|switch|p2a: Hippowdon|Hippowdon, M|368/420 tox","|-weather|Sandstorm","|turn|20","|","|move|p2a: Hippowdon|Stealth Rock|p1a: Magnemite","|-sidestart|p1: Adviser♕Boo|move: Stealth Rock","|move|p1a: Magnemite|Recycle|p1a: Magnemite","|-fail|p1a: Magnemite","|","|-weather|Sandstorm|[upkeep]","|-heal|p2a: Hippowdon|394/420 tox|[from] item: Leftovers","|-damage|p2a: Hippowdon|368/420 tox|[from] psn","|turn|21","|","|switch|p2a: Gliscor|Gliscor, M|337/337 tox","|switch|p1a: Magnezone|Magnezone|250/281","|-damage|p1a: Magnezone|233/281|[from] Stealth Rock","|","|-weather|Sandstorm|[upkeep]","|turn|22","|","|switch|p2a: Hippowdon|Hippowdon, M|368/420 tox","|move|p1a: Magnezone|Hidden Power|p2a: Hippowdon","|-crit|p2a: Hippowdon","|-supereffective|p2a: Hippowdon","|-damage|p2a: Hippowdon|108/420 tox","|","|-weather|Sandstorm|[upkeep]","|-heal|p2a: Hippowdon|134/420 tox|[from] item: Leftovers","|-damage|p2a: Hippowdon|108/420 tox|[from] psn","|turn|23","|","|move|p1a: Magnezone|Hidden Power|p2a: Hippowdon","|-supereffective|p2a: Hippowdon","|-damage|p2a: Hippowdon|0 fnt","|faint|p2a: Hippowdon","|","|-weather|Sandstorm|[upkeep]","|","|switch|p2a: Garchomp|Garchomp, M|358/358","|turn|24","|","|move|p2a: Garchomp|Earthquake|p1a: Magnezone","|-supereffective|p1a: Magnezone","|-damage|p1a: Magnezone|0 fnt","|faint|p1a: Magnezone","|","|-weather|none","|","|switch|p1a: Dedenne|Dedenne, F|275/275","|-damage|p1a: Dedenne|241/275|[from] Stealth Rock","|turn|25","|","|move|p2a: Garchomp|Earthquake|p1a: Dedenne","|-supereffective|p1a: Dedenne","|-damage|p1a: Dedenne|0 fnt","|faint|p1a: Dedenne","|","|","|win|Knight♕Zygarde"],"p1rating":{"entryid":"7083956","serverid":"eos","formatid":"monotype","userid":"adviserboo","username":"Adviser♕Boo","w":"80","l":54,"t":"0","gxe":59.1,"r":"1575.2766033242","rd":"33.257186270563","sigma":"0","rptime":"1438851600","rpr":1569.5069032609,"rprd":32.970629464336,"rpsigma":"0","acre":1084.6623560229,"lacre":1084.6623560229,"oldacre":"1105.6654062047"},"p2rating":{"entryid":"7130918","serverid":"eos","formatid":"monotype","userid":"knightzygarde","username":"Knight♕Zygarde","w":43,"l":"27","t":"0","gxe":63.5,"r":"1595.9038086269","rd":"43.983637182748","sigma":"0","rptime":"1438851600","rpr":1605.279542849,"rprd":43.31795064619,"rpsigma":"0","acre":1182.6964351704,"lacre":1182.6964351704,"oldacre":"1161.6933849886"},"endType":"forfeit"}