{"seed":[29849,40998,22760,13455],"turns":21,"p1":"MASTA_X용의☆사용자","p2":"IV Tyrant","p1team":[{"name":"キュレム","species":"kyurem","item":"choicescarf","ability":"Pressure","moves":["icebeam","flashcannon","dracometeor","earthpower"],"nature":"Modest","evs":{"hp":0,"atk":0,"def":4,"spa":252,"spd":0,"spe":252},"ivs":{"hp":31,"atk":31,"def":31,"spa":31,"spd":31,"spe":31}},{"name":"サザンドラ","species":"hydreigon","item":"lifeorb","ability":"Levitate","moves":["dracometeor","darkpulse","flamethrower","flashcannon"],"nature":"Timid","evs":{"hp":4,"atk":0,"def":0,"spa":252,"spd":0,"spe":252},"ivs":{"hp":31,"atk":31,"def":31,"spa":31,"spd":31,"spe":31}},{"name":"ガブリアス","species":"garchomp","item":"garchompite","ability":"Rough Skin","moves":["fireblast","earthquake","dracometeor","outrage"],"nature":"Naive","evs":{"hp":0,"atk":4,"def":0,"spa":252,"spd":0,"spe":252},"ivs":{"hp":31,"atk":31,"def":31,"spa":31,"spd":31,"spe":31}},{"name":"ボーマンダ","species":"salamence","item":"choicescarf","ability":"Moxie","moves":["outrage","aerialace","steelwing","earthquake"],"nature":"Jolly","evs":{"hp":0,"atk":252,"def":4,"spa":0,"spd":0,"spe":252},"ivs":{"hp":31,"atk":31,"def":31,"spa":31,"spd":31,"spe":31}},{"name":"ガチゴラス","species":"tyrantrum","item":"focussash","ability":"Rock Head","moves":["stealthrock","headsmash","earthquake","dragontail"],"nature":"Adamant","evs":{"hp":0,"atk":252,"def":0,"spa":0,"spd":4,"spe":252},"ivs":{"hp":31,"atk":31,"def":31,"spa":31,"spd":31,"spe":31}},{"name":"カイリュー","species":"dragonite","item":"weaknesspolicy","ability":"Multiscale","moves":["dragondance","extremespeed","earthquake","dragonclaw"],"nature":"Adamant","evs":{"hp":4,"atk":252,"def":0,"spa":0,"spd":0,"spe":252},"ivs":{"hp":31,"atk":31,"def":31,"spa":31,"spd":31,"spe":31}}],"p2team":[{"name":"FEAR","species":"sableye","item":"sablenite","ability":"Prankster","moves":["calmmind","recover","willowisp","snarl"],"nature":"Bold","evs":{"hp":252,"atk":0,"def":196,"spa":0,"spd":60,"spe":0},"ivs":{"hp":31,"atk":31,"def":31,"spa":31,"spd":31,"spe":31}},{"name":"TyranitarTube","species":"tyranitar","item":"chopleberry","ability":"Sand Stream","moves":["stoneedge","fireblast","stealthrock","thunderwave"],"nature":"Brave","evs":{"hp":252,"atk":56,"def":0,"spa":0,"spd":200,"spe":0},"ivs":{"hp":31,"atk":31,"def":31,"spa":31,"spd":31,"spe":31}},{"name":"LMFAO","species":"hoopaunbound","item":"choicescarf","ability":"Magician","moves":["hyperspacefury","hyperspacehole","gunkshot","energyball"],"nature":"Hasty","evs":{"hp":0,"atk":180,"def":0,"spa":76,"spd":0,"spe":252},"ivs":{"hp":31,"atk":31,"def":31,"spa":31,"spd":31,"spe":31}},{"name":"Jagger","species":"crawdaunt","item":"lifeorb","ability":"Adaptability","moves":["knockoff","aquajet","swordsdance","crabhammer"],"nature":"Adamant","evs":{"hp":0,"atk":252,"def":0,"spa":0,"spd":4,"spe":252},"ivs":{"hp":31,"atk":31,"def":31,"spa":31,"spd":31,"spe":31}},{"name":"Mandi","species":"mandibuzz","item":"rockyhelmet","ability":"Overcoat","moves":["bravebird","foulplay","roost","defog"],"nature":"Impish","evs":{"hp":248,"atk":8,"def":252,"spa":0,"spd":0,"spe":0},"ivs":{"hp":31,"atk":31,"def":31,"spa":31,"spd":31,"spe":31}},{"name":"Bladedge","species":"bisharp","item":"lifeorb","ability":"Defiant","moves":["swordsdance","knockoff","ironhead","suckerpunch"],"nature":"Adamant","evs":{"hp":0,"atk":252,"def":0,"spa":0,"spd":4,"spe":252},"ivs":{"hp":31,"atk":31,"def":31,"spa":31,"spd":31,"spe":31}}],"log":["|player|p1|MASTA_X용의☆사용자|alliancewutang.png","|player|p2|IV Tyrant|238","|gametype|singles","|gen|6","|tier|Monotype","|rated","|rule|Baton Pass Clause: Limit one Baton Passer, can't pass Spe and other stats simultaneously","|rule|Swagger Clause: Swagger is banned","|rule|Same Type Clause: Pokémon in a team must share a type","|clearpoke","|poke|p1|Kyurem","|poke|p1|Hydreigon, F","|poke|p1|Garchomp, M","|poke|p1|Salamence, M","|poke|p1|Tyrantrum, M","|poke|p1|Dragonite, M","|poke|p2|Sableye, F","|poke|p2|Tyranitar, M","|poke|p2|Hoopa-Unbound","|poke|p2|Crawdaunt, F","|poke|p2|Mandibuzz, F","|poke|p2|Bisharp, M","|rule|Sleep Clause Mod: Limit one foe put to sleep","|rule|Species Clause: Limit one of each Pokémon","|rule|OHKO Clause: OHKO moves are banned","|rule|Moody Clause: Moody is banned","|rule|Evasion Moves Clause: Evasion moves are banned","|rule|Endless Battle Clause: Forcing endless battles is banned","|rule|HP Percentage Mod: HP is shown in percentages","|teampreview","|","|start","|switch|p1a: ガチゴラス|Tyrantrum, M|305/305","|switch|p2a: FEAR|Sableye, F|304/304","|turn|1","|","|switch|p1a: サザンドラ|Hydreigon, F|326/326","|move|p2a: FEAR|Will-O-Wisp|p1a: サザンドラ|[miss]","|-miss|p2a: FEAR|p1a: サザンドラ","|","|turn|2","|","|move|p2a: FEAR|Calm Mind|p2a: FEAR","|-boost|p2a: FEAR|spa|1","|-boost|p2a: FEAR|spd|1","|move|p1a: サザンドラ|Draco Meteor|p2a: FEAR|[miss]","|-miss|p1a: サザンドラ|p2a: FEAR","|","|turn|3","|","|move|p2a: FEAR|Calm Mind|p2a: FEAR","|-boost|p2a: FEAR|spa|1","|-boost|p2a: FEAR|spd|1","|move|p1a: サザンドラ|Dark Pulse|p2a: FEAR","|-damage|p2a: FEAR|191/304","|-damage|p1a: サザンドラ|294/326|[from] item: Life Orb","|","|turn|4","|","|move|p2a: FEAR|Calm Mind|p2a: FEAR","|-boost|p2a: FEAR|spa|1","|-boost|p2a: FEAR|spd|1","|move|p1a: サザンドラ|Dark Pulse|p2a: FEAR","|-damage|p2a: FEAR|92/304","|-damage|p1a: サザンドラ|262/326|[from] item: Life Orb","|","|turn|5","|","|move|p2a: FEAR|Recover|p2a: FEAR","|-heal|p2a: FEAR|244/304","|move|p1a: サザンドラ|Draco Meteor|p2a: FEAR|[miss]","|-miss|p1a: サザンドラ|p2a: FEAR","|","|turn|6","|","|switch|p1a: ガチゴラス|Tyrantrum, M|305/305","|move|p2a: FEAR|Calm Mind|p2a: FEAR","|-boost|p2a: FEAR|spa|1","|-boost|p2a: FEAR|spd|1","|","|turn|7","|","|move|p2a: FEAR|Will-O-Wisp|p1a: ガチゴラス","|-status|p1a: ガチゴラス|brn","|move|p1a: ガチゴラス|Dragon Tail|p2a: FEAR","|-damage|p2a: FEAR|188/304","|drag|p2a: Mandi|Mandibuzz, F|423/423","|","|-damage|p1a: ガチゴラス|267/305 brn|[from] brn","|turn|8","|","|move|p1a: ガチゴラス|Head Smash|p2a: Mandi","|-supereffective|p2a: Mandi","|-damage|p2a: Mandi|216/423","|-damage|p1a: ガチゴラス|217/305 brn|[from] item: Rocky Helmet|[of] p2a: Mandi","|move|p2a: Mandi|Defog|p1a: ガチゴラス","|-unboost|p1a: ガチゴラス|evasion|1","|","|-damage|p1a: ガチゴラス|179/305 brn|[from] brn","|turn|9","|","|switch|p2a: TyranitarTube|Tyranitar, M|404/404","|-weather|Sandstorm","|move|p1a: ガチゴラス|Head Smash|p2a: TyranitarTube","|-damage|p2a: TyranitarTube|269/404","|","|-weather|Sandstorm|[upkeep]","|-damage|p1a: ガチゴラス|141/305 brn|[from] brn","|turn|10","|","|move|p1a: ガチゴラス|Stealth Rock|p2a: TyranitarTube","|-sidestart|p2: IV Tyrant|move: Stealth Rock","|move|p2a: TyranitarTube|Stealth Rock|p1a: ガチゴラス","|-sidestart|p1: MASTA_X용의☆사용자|move: Stealth Rock","|","|-weather|Sandstorm|[upkeep]","|-damage|p1a: ガチゴラス|103/305 brn|[from] brn","|turn|11","|","|switch|p2a: Bladedge|Bisharp, M|271/271","|-damage|p2a: Bladedge|255/271|[from] Stealth Rock","|move|p1a: ガチゴラス|Earthquake|p2a: Bladedge","|-supereffective|p2a: Bladedge","|-damage|p2a: Bladedge|135/271","|","|-weather|Sandstorm|[upkeep]","|-damage|p1a: ガチゴラス|65/305 brn|[from] brn","|turn|12","|","|move|p2a: Bladedge|Sucker Punch|p1a: ガチゴラス","|-crit|p1a: ガチゴラス","|-damage|p1a: ガチゴラス|0 fnt","|-damage|p2a: Bladedge|108/271|[from] item: Life Orb","|faint|p1a: ガチゴラス","|","|-weather|Sandstorm|[upkeep]","|","|switch|p1a: サザンドラ|Hydreigon, F|262/326","|-damage|p1a: サザンドラ|222/326|[from] Stealth Rock","|turn|13","|","|move|p2a: Bladedge|Sucker Punch|p1a: サザンドラ","|-resisted|p1a: サザンドラ","|-damage|p1a: サザンドラ|118/326","|-damage|p2a: Bladedge|81/271|[from] item: Life Orb","|move|p1a: サザンドラ|Flamethrower|p2a: Bladedge","|-supereffective|p2a: Bladedge","|-damage|p2a: Bladedge|0 fnt","|-damage|p1a: サザンドラ|86/326|[from] item: Life Orb","|faint|p2a: Bladedge","|","|-weather|none","|","|switch|p2a: Mandi|Mandibuzz, F|216/423","|-damage|p2a: Mandi|111/423|[from] Stealth Rock","|turn|14","|","|move|p1a: サザンドラ|Flamethrower|p2a: Mandi","|-damage|p2a: Mandi|0 fnt","|-damage|p1a: サザンドラ|54/326|[from] item: Life Orb","|faint|p2a: Mandi","|","|","|switch|p2a: TyranitarTube|Tyranitar, M|269/404","|-damage|p2a: TyranitarTube|219/404|[from] Stealth Rock","|-weather|Sandstorm","|turn|15","|","|move|p1a: サザンドラ|Flash Cannon|p2a: TyranitarTube","|-supereffective|p2a: TyranitarTube","|-damage|p2a: TyranitarTube|79/404","|-damage|p1a: サザンドラ|22/326|[from] item: Life Orb","|move|p2a: TyranitarTube|Stone Edge|p1a: サザンドラ","|-damage|p1a: サザンドラ|0 fnt","|faint|p1a: サザンドラ","|","|-weather|Sandstorm|[upkeep]","|","|switch|p1a: カイリュー|Dragonite, M|324/324","|-damage|p1a: カイリュー|243/324|[from] Stealth Rock","|turn|16","|","|move|p1a: カイリュー|Earthquake|p2a: TyranitarTube","|-crit|p2a: TyranitarTube","|-supereffective|p2a: TyranitarTube","|-damage|p2a: TyranitarTube|0 fnt","|faint|p2a: TyranitarTube","|","|-weather|Sandstorm|[upkeep]","|-damage|p1a: カイリュー|223/324|[from] sandstorm","|","|switch|p2a: FEAR|Sableye, F|188/304","|-damage|p2a: FEAR|150/304|[from] Stealth Rock","|turn|17","|","|switch|p1a: キュレム|Kyurem|391/391","|-damage|p1a: キュレム|294/391|[from] Stealth Rock","|-ability|p1a: キュレム|Pressure","|move|p2a: FEAR|Will-O-Wisp|p1a: キュレム","|-status|p1a: キュレム|brn","|","|-weather|Sandstorm|[upkeep]","|-damage|p1a: キュレム|270/391 brn|[from] sandstorm","|-damage|p2a: FEAR|131/304|[from] sandstorm","|-damage|p1a: キュレム|222/391 brn|[from] brn","|turn|18","|","|move|p2a: FEAR|Calm Mind|p2a: FEAR","|-boost|p2a: FEAR|spa|1","|-boost|p2a: FEAR|spd|1","|move|p1a: キュレム|Ice Beam|p2a: FEAR","|-damage|p2a: FEAR|0 fnt","|faint|p2a: FEAR","|","|-weather|Sandstorm|[upkeep]","|-damage|p1a: キュレム|198/391 brn|[from] sandstorm","|-damage|p1a: キュレム|150/391 brn|[from] brn","|","|switch|p2a: Jagger|Crawdaunt, F|267/267","|-damage|p2a: Jagger|234/267|[from] Stealth Rock","|turn|19","|","|move|p1a: キュレム|Ice Beam|p2a: Jagger","|-resisted|p2a: Jagger","|-damage|p2a: Jagger|85/267","|move|p2a: Jagger|Knock Off|p1a: キュレム","|-damage|p1a: キュレム|0 fnt","|-enditem|p1a: キュレム|Choice Scarf|[from] move: Knock Off|[of] p2a: Jagger","|-damage|p2a: Jagger|59/267|[from] item: Life Orb","|faint|p1a: キュレム","|","|-weather|none","|","|switch|p1a: ボーマンダ|Salamence, M|331/331","|-damage|p1a: ボーマンダ|249/331|[from] Stealth Rock","|turn|20","|","|move|p1a: ボーマンダ|Outrage|p2a: Jagger","|-damage|p2a: Jagger|0 fnt","|faint|p2a: Jagger","|-boost|p1a: ボーマンダ|atk|1|[from] ability: Moxie","|","|","|switch|p2a: LMFAO|Hoopa-Unbound|301/301","|-damage|p2a: LMFAO|264/301|[from] Stealth Rock","|turn|21","|","|move|p1a: ボーマンダ|Outrage|p2a: LMFAO|[from]lockedmove","|-damage|p2a: LMFAO|0 fnt","|-start|p1a: ボーマンダ|confusion|[fatigue]","|faint|p2a: LMFAO","|-boost|p1a: ボーマンダ|atk|1|[from] ability: Moxie","|","|win|MASTA_X용의☆사용자"],"p1rating":{"entryid":"7303561","serverid":"eos","formatid":"monotype","userid":"mastax","username":"MASTAX☆용의 사용자","w":42,"l":"13","t":"0","gxe":73.5,"r":"1704.3158945696","rd":"59.492840111287","sigma":"0","rptime":"1438765200","rpr":1694.1960048714,"rprd":50.213514416819,"rpsigma":"0","acre":1315.11102742,"lacre":1315.11102742,"oldacre":"1302.0702043297"},"p2rating":{"entryid":"7423115","serverid":"eos","formatid":"monotype","userid":"ivtyrant","username":"IV Tyrant","w":"5","l":2,"t":"0","gxe":60.3,"r":"1500","rd":"130","sigma":"0","rptime":"1438765200","rpr":1581.2831250359,"rprd":96.256516007837,"rpsigma":"0","acre":1159.6085253685,"lacre":1159.6085253685,"oldacre":"1175.9095542313"},"endType":"normal"}