{"seed":[21095,52927,26200,26877],"turns":28,"p1":"Sovereign♕Cactus","p2":"Chief Sokka","p1team":[{"name":"Rotom-Wash","species":"Rotom-Wash","item":"leftovers","ability":"Levitate","moves":["hydropump","voltswitch","willowisp","shadowball"],"nature":"Calm","evs":{"hp":252,"atk":0,"def":0,"spa":4,"spd":252,"spe":0},"ivs":{"hp":31,"atk":31,"def":31,"spa":31,"spd":31,"spe":31}},{"name":"Butters","species":"azumarill","item":"choiceband","ability":"Sap Sipper","moves":["aquajet","icepunch","knockoff","playrough"],"nature":"Adamant","evs":{"hp":248,"atk":252,"def":0,"spa":0,"spd":8,"spe":0},"gender":"M","shiny":true,"ivs":{"hp":31,"atk":31,"def":31,"spa":31,"spd":31,"spe":31}},{"name":"Nemo","species":"lanturn","item":"leftovers","ability":"Volt Absorb","moves":["toxic","healbell","voltswitch","scald"],"nature":"Modest","evs":{"hp":108,"atk":0,"def":0,"spa":148,"spd":252,"spe":0},"shiny":true,"ivs":{"hp":31,"atk":31,"def":31,"spa":31,"spd":31,"spe":31}},{"name":"TheHellThisThing?","species":"manaphy","item":"salacberry","ability":"Hydration","moves":["tailglow","icebeam","rest","surf"],"nature":"Modest","evs":{"hp":248,"atk":0,"def":0,"spa":252,"spd":8,"spe":0},"shiny":true,"ivs":{"hp":31,"atk":31,"def":31,"spa":31,"spd":31,"spe":31}},{"name":"Cotton The D-bag","species":"politoed","item":"ejectbutton","ability":"Drizzle","moves":["perishsong","toxic","scald","protect"],"nature":"Bold","evs":{"hp":248,"atk":0,"def":252,"spa":0,"spd":8,"spe":0},"gender":"F","shiny":true,"ivs":{"hp":31,"atk":31,"def":31,"spa":31,"spd":31,"spe":31}},{"name":"Churro","species":"ludicolo","item":"lifeorb","ability":"Swift Swim","moves":["energyball","icebeam","focusblast","surf"],"nature":"Modest","evs":{"hp":0,"atk":0,"def":0,"spa":252,"spd":4,"spe":252},"shiny":true,"ivs":{"hp":31,"atk":31,"def":31,"spa":31,"spd":31,"spe":31}}],"p2team":[{"name":"Bulky","species":"chansey","item":"eviolite","ability":"Natural Cure","moves":["thunderwave","seismictoss","softboiled","aromatherapy"],"nature":"Bold","evs":{"hp":248,"atk":0,"def":252,"spa":0,"spd":8,"spe":0},"ivs":{"hp":31,"atk":31,"def":31,"spa":31,"spd":31,"spe":31}},{"name":"Ducky","species":"porygon2","item":"eviolite","ability":"Download","moves":["thunderwave","triattack","recover","icebeam"],"nature":"Bold","evs":{"hp":248,"atk":0,"def":252,"spa":8,"spd":0,"spe":0},"ivs":{"hp":31,"atk":31,"def":31,"spa":31,"spd":31,"spe":31}},{"name":"Pitchy","species":"meloetta","item":"assaultvest","ability":"Serene Grace","moves":["chargebeam","psyshock","hypervoice","shadowball"],"nature":"Modest","evs":{"hp":248,"atk":0,"def":0,"spa":252,"spd":8,"spe":0},"ivs":{"hp":31,"atk":31,"def":31,"spa":31,"spd":31,"spe":31}},{"name":"Milky","species":"miltank","item":"rockyhelmet","ability":"Scrappy","moves":["milkdrink","bodyslam","curse","earthquake"],"nature":"Adamant","evs":{"hp":248,"atk":252,"def":0,"spa":0,"spd":8,"spe":0},"ivs":{"hp":31,"atk":31,"def":31,"spa":31,"spd":31,"spe":31}},{"name":"Birdy","species":"pidgeot","item":"pidgeotite","ability":"Big Pecks","moves":["hurricane","workup","heatwave","roost"],"nature":"Timid","evs":{"hp":0,"atk":0,"def":0,"spa":252,"spd":4,"spe":252},"ivs":{"hp":31,"atk":31,"def":31,"spa":31,"spd":31,"spe":31}},{"name":"Blubber","species":"snorlax","item":"leftovers","ability":"Thick Fat","moves":["rest","curse","return","sleeptalk"],"nature":"Careful","evs":{"hp":252,"atk":4,"def":0,"spa":0,"spd":252,"spe":0},"ivs":{"hp":31,"atk":31,"def":31,"spa":31,"spd":31,"spe":31}}],"log":["|player|p1|Sovereign♕Cactus|251","|player|p2|Chief Sokka|chiefsokka.gif","|gametype|singles","|gen|6","|tier|Monotype","|rated","|rule|Baton Pass Clause: Limit one Baton Passer, can't pass Spe and other stats simultaneously","|rule|Swagger Clause: Swagger is banned","|rule|Same Type Clause: Pokémon in a team must share a type","|clearpoke","|poke|p1|Rotom-Wash","|poke|p1|Azumarill, M, shiny","|poke|p1|Lanturn, M, shiny","|poke|p1|Manaphy, shiny","|poke|p1|Politoed, F, shiny","|poke|p1|Ludicolo, M, shiny","|poke|p2|Chansey, F","|poke|p2|Porygon2","|poke|p2|Meloetta","|poke|p2|Miltank, F","|poke|p2|Pidgeot, F","|poke|p2|Snorlax, F","|rule|Sleep Clause Mod: Limit one foe put to sleep","|rule|Species Clause: Limit one of each Pokémon","|rule|OHKO Clause: OHKO moves are banned","|rule|Moody Clause: Moody is banned","|rule|Evasion Moves Clause: Evasion moves are banned","|rule|Endless Battle Clause: Forcing endless battles is banned","|rule|HP Percentage Mod: HP is shown in percentages","|teampreview","|","|start","|switch|p1a: Rotom-Wash|Rotom-Wash|304/304","|switch|p2a: Pitchy|Meloetta|403/403","|turn|1","|","|move|p2a: Pitchy|Charge Beam|p1a: Rotom-Wash","|-damage|p1a: Rotom-Wash|259/304","|-boost|p2a: Pitchy|spa|1","|move|p1a: Rotom-Wash|Will-O-Wisp|p2a: Pitchy","|-status|p2a: Pitchy|brn","|","|-heal|p1a: Rotom-Wash|278/304|[from] item: Leftovers","|-damage|p2a: Pitchy|353/403 brn|[from] brn","|turn|2","|","|switch|p1a: Nemo|Lanturn, M, shiny|418/418","|move|p2a: Pitchy|Hyper Voice|p1a: Nemo","|-damage|p1a: Nemo|174/418","|","|-heal|p1a: Nemo|200/418|[from] item: Leftovers","|-damage|p2a: Pitchy|303/403 brn|[from] brn","|turn|3","|","|switch|p1a: Cotton The D-bag|Politoed, F, shiny|383/383","|-weather|RainDance","|move|p2a: Pitchy|Hyper Voice|p1a: Cotton The D-bag","|-damage|p1a: Cotton The D-bag|112/383","|-enditem|p1a: Cotton The D-bag|Eject Button","|","|switch|p1a: Churro|Ludicolo, M, shiny|301/301","|","|-weather|RainDance|[upkeep]","|-damage|p2a: Pitchy|253/403 brn|[from] brn","|turn|4","|","|switch|p2a: Bulky|Chansey, F|703/703","|move|p1a: Churro|Surf|p2a: Bulky","|-damage|p2a: Bulky|542/703","|-damage|p1a: Churro|271/301|[from] item: Life Orb","|","|-weather|RainDance|[upkeep]","|turn|5","|","|switch|p1a: TheHellThisThing?|Manaphy, shiny|403/403","|move|p2a: Bulky|Thunder Wave|p1a: TheHellThisThing?","|-status|p1a: TheHellThisThing?|par","|","|-weather|RainDance|[upkeep]","|-curestatus|p1a: TheHellThisThing?|par","|turn|6","|","|move|p1a: TheHellThisThing?|Tail Glow|p1a: TheHellThisThing?","|-boost|p1a: TheHellThisThing?|spa|3","|move|p2a: Bulky|Seismic Toss|p1a: TheHellThisThing?","|-damage|p1a: TheHellThisThing?|303/403","|","|-weather|RainDance|[upkeep]","|turn|7","|","|switch|p2a: Pitchy|Meloetta|253/403 brn","|move|p1a: TheHellThisThing?|Tail Glow|p1a: TheHellThisThing?","|-boost|p1a: TheHellThisThing?|spa|3","|","|-weather|none","|-damage|p2a: Pitchy|203/403 brn|[from] brn","|turn|8","|","|move|p1a: TheHellThisThing?|Surf|p2a: Pitchy","|-damage|p2a: Pitchy|0 fnt","|faint|p2a: Pitchy","|","|","|switch|p2a: Bulky|Chansey, F|542/703","|turn|9","|","|move|p1a: TheHellThisThing?|Surf|p2a: Bulky","|-crit|p2a: Bulky","|-damage|p2a: Bulky|7/703","|move|p2a: Bulky|Seismic Toss|p1a: TheHellThisThing?","|-damage|p1a: TheHellThisThing?|203/403","|","|turn|10","|","|move|p1a: TheHellThisThing?|Surf|p2a: Bulky","|-damage|p2a: Bulky|0 fnt","|faint|p2a: Bulky","|","|","|switch|p2a: Birdy|Pidgeot, F|307/307","|turn|11","|","|detailschange|p2a: Birdy|Pidgeot-Mega, F","|-mega|p2a: Birdy|Pidgeot|Pidgeotite","|move|p2a: Birdy|Hurricane|p1a: TheHellThisThing?","|-damage|p1a: TheHellThisThing?|0 fnt","|faint|p1a: TheHellThisThing?","|","|","|switch|p1a: Cotton The D-bag|Politoed, F, shiny|112/383","|-weather|RainDance","|turn|12","|","|switch|p1a: Nemo|Lanturn, M, shiny|200/418","|move|p2a: Birdy|Hurricane|p1a: Nemo","|-resisted|p1a: Nemo","|-damage|p1a: Nemo|108/418","|","|-weather|RainDance|[upkeep]","|-heal|p1a: Nemo|134/418|[from] item: Leftovers","|turn|13","|","|switch|p2a: Blubber|Snorlax, F|524/524","|move|p1a: Nemo|Volt Switch|p2a: Blubber","|-damage|p2a: Blubber|467/524","|","|switch|p1a: Butters|Azumarill, M, shiny|403/403","|","|-weather|RainDance|[upkeep]","|-heal|p2a: Blubber|499/524|[from] item: Leftovers","|turn|14","|","|switch|p2a: Milky|Miltank, F|393/393","|move|p1a: Butters|Knock Off|p2a: Milky","|-damage|p2a: Milky|283/393","|-damage|p1a: Butters|336/403|[from] item: Rocky Helmet|[of] p2a: Milky","|-enditem|p2a: Milky|Rocky Helmet|[from] move: Knock Off|[of] p1a: Butters","|","|-weather|RainDance|[upkeep]","|turn|15","|","|switch|p1a: Rotom-Wash|Rotom-Wash|278/304","|move|p2a: Milky|Curse|p2a: Milky","|-unboost|p2a: Milky|spe|1","|-boost|p2a: Milky|atk|1","|-boost|p2a: Milky|def|1","|","|-weather|RainDance|[upkeep]","|-heal|p1a: Rotom-Wash|297/304|[from] item: Leftovers","|turn|16","|","|move|p1a: Rotom-Wash|Will-O-Wisp|p2a: Milky","|-status|p2a: Milky|brn","|move|p2a: Milky|Body Slam|p1a: Rotom-Wash","|-damage|p1a: Rotom-Wash|219/304","|","|-weather|none","|-heal|p1a: Rotom-Wash|238/304|[from] item: Leftovers","|-damage|p2a: Milky|234/393 brn|[from] brn","|turn|17","|","|move|p1a: Rotom-Wash|Volt Switch|p2a: Milky","|-damage|p2a: Milky|125/393 brn","|","|switch|p1a: Butters|Azumarill, M, shiny|336/403","|move|p2a: Milky|Body Slam|p1a: Butters","|-damage|p1a: Butters|225/403","|","|-damage|p2a: Milky|76/393 brn|[from] brn","|turn|18","|","|move|p2a: Milky|Body Slam|p1a: Butters","|-damage|p1a: Butters|111/403","|move|p1a: Butters|Play Rough|p2a: Milky|[miss]","|-miss|p1a: Butters|p2a: Milky","|","|-damage|p2a: Milky|27/393 brn|[from] brn","|turn|19","|","|switch|p1a: Rotom-Wash|Rotom-Wash|238/304","|move|p2a: Milky|Body Slam|p1a: Rotom-Wash","|-damage|p1a: Rotom-Wash|153/304","|","|-heal|p1a: Rotom-Wash|172/304|[from] item: Leftovers","|-damage|p2a: Milky|0 fnt|[from] brn","|faint|p2a: Milky","|","|switch|p2a: Blubber|Snorlax, F|499/524","|turn|20","|","|move|p1a: Rotom-Wash|Will-O-Wisp|p2a: Blubber|[miss]","|-miss|p1a: Rotom-Wash|p2a: Blubber","|move|p2a: Blubber|Curse|p2a: Blubber","|-unboost|p2a: Blubber|spe|1","|-boost|p2a: Blubber|atk|1","|-boost|p2a: Blubber|def|1","|","|-heal|p1a: Rotom-Wash|191/304|[from] item: Leftovers","|-heal|p2a: Blubber|524/524|[from] item: Leftovers","|turn|21","|","|move|p1a: Rotom-Wash|Volt Switch|p2a: Blubber","|-damage|p2a: Blubber|461/524","|","|switch|p1a: Cotton The D-bag|Politoed, F, shiny|112/383","|-weather|RainDance","|move|p2a: Blubber|Curse|p2a: Blubber","|-unboost|p2a: Blubber|spe|1","|-boost|p2a: Blubber|atk|1","|-boost|p2a: Blubber|def|1","|","|-weather|RainDance|[upkeep]","|-heal|p2a: Blubber|493/524|[from] item: Leftovers","|turn|22","|","|move|p1a: Cotton The D-bag|Toxic|p2a: Blubber","|-status|p2a: Blubber|tox","|move|p2a: Blubber|Return|p1a: Cotton The D-bag","|-damage|p1a: Cotton The D-bag|0 fnt","|faint|p1a: Cotton The D-bag","|","|-weather|RainDance|[upkeep]","|-heal|p2a: Blubber|524/524 tox|[from] item: Leftovers","|-damage|p2a: Blubber|492/524 tox|[from] psn","|","|switch|p1a: Butters|Azumarill, M, shiny|111/403","|turn|23","|","|move|p1a: Butters|Knock Off|p2a: Blubber","|-damage|p2a: Blubber|412/524 tox","|-enditem|p2a: Blubber|Leftovers|[from] move: Knock Off|[of] p1a: Butters","|move|p2a: Blubber|Return|p1a: Butters","|-crit|p1a: Butters","|-damage|p1a: Butters|0 fnt","|faint|p1a: Butters","|","|-weather|RainDance|[upkeep]","|-damage|p2a: Blubber|348/524 tox|[from] psn","|","|switch|p1a: Churro|Ludicolo, M, shiny|271/301","|turn|24","|","|move|p1a: Churro|Surf|p2a: Blubber","|-damage|p2a: Blubber|157/524 tox","|-damage|p1a: Churro|241/301|[from] item: Life Orb","|move|p2a: Blubber|Rest|p2a: Blubber","|-status|p2a: Blubber|slp","|-heal|p2a: Blubber|524/524 slp|[silent]","|-status|p2a: Blubber|slp|[from] move: Rest","|","|-weather|RainDance|[upkeep]","|turn|25","|","|move|p1a: Churro|Focus Blast|p2a: Blubber","|-supereffective|p2a: Blubber","|-damage|p2a: Blubber|311/524 slp","|-damage|p1a: Churro|211/301|[from] item: Life Orb","|cant|p2a: Blubber|slp","|move|p2a: Blubber|Sleep Talk|p2a: Blubber","|move|p2a: Blubber|Curse|p2a: Blubber|[from]Sleep Talk","|-unboost|p2a: Blubber|spe|1","|-boost|p2a: Blubber|atk|1","|-boost|p2a: Blubber|def|1","|","|-weather|none","|turn|26","|","|move|p1a: Churro|Surf|p2a: Blubber","|-damage|p2a: Blubber|193/524 slp","|-damage|p1a: Churro|181/301|[from] item: Life Orb","|cant|p2a: Blubber|slp","|move|p2a: Blubber|Sleep Talk|p2a: Blubber","|move|p2a: Blubber|Return|p1a: Churro|[from]Sleep Talk","|-damage|p1a: Churro|0 fnt","|faint|p1a: Churro","|","|","|switch|p1a: Rotom-Wash|Rotom-Wash|191/304","|turn|27","|","|move|p1a: Rotom-Wash|Hydro Pump|p2a: Blubber","|-damage|p2a: Blubber|108/524 slp","|-curestatus|p2a: Blubber|slp","|move|p2a: Blubber|Rest|p2a: Blubber","|-status|p2a: Blubber|slp","|-heal|p2a: Blubber|524/524 slp|[silent]","|-status|p2a: Blubber|slp|[from] move: Rest","|","|-heal|p1a: Rotom-Wash|210/304|[from] item: Leftovers","|turn|28","|","|win|Chief Sokka"],"p1rating":{"entryid":"6867552","serverid":"eos","formatid":"monotype","userid":"sovereigncactus","username":"Sovereign♕Cactus","w":"94","l":110,"t":"0","gxe":45.8,"r":"1471.7151973843","rd":"26.087880144434","sigma":"0","rptime":"1438851600","rpr":1468.6257418322,"rprd":25.646667153202,"rpsigma":"0","acre":1073.9614921338,"lacre":1073.9614921338,"oldacre":"1096.3879256735"},"p2rating":{"entryid":"7438657","serverid":"eos","formatid":"monotype","userid":"chiefsokka","username":"Chief Sokka","w":5,"l":"1","t":"0","gxe":64.4,"r":"1500","rd":"130","sigma":"0","rptime":"1438851600","rpr":1616.2834511976,"rprd":97.646334707061,"rpsigma":"0","acre":1148.2394935436,"lacre":1148.2394935436,"oldacre":"1125.3162574075"},"endType":"forfeit"}