{"seed":[61549,23091,38236,13570],"turns":34,"p1":"Chief Sokka","p2":"Sovereign♕Dooms","p1team":[{"name":"Bulky","species":"chansey","item":"eviolite","ability":"Natural Cure","moves":["thunderwave","seismictoss","softboiled","aromatherapy"],"nature":"Bold","evs":{"hp":248,"atk":0,"def":252,"spa":0,"spd":8,"spe":0},"ivs":{"hp":31,"atk":31,"def":31,"spa":31,"spd":31,"spe":31}},{"name":"Ducky","species":"porygon2","item":"eviolite","ability":"Download","moves":["thunderwave","triattack","recover","icebeam"],"nature":"Bold","evs":{"hp":248,"atk":0,"def":252,"spa":8,"spd":0,"spe":0},"ivs":{"hp":31,"atk":31,"def":31,"spa":31,"spd":31,"spe":31}},{"name":"Pitchy","species":"meloetta","item":"assaultvest","ability":"Serene Grace","moves":["chargebeam","psyshock","hypervoice","shadowball"],"nature":"Modest","evs":{"hp":248,"atk":0,"def":0,"spa":252,"spd":8,"spe":0},"ivs":{"hp":31,"atk":31,"def":31,"spa":31,"spd":31,"spe":31}},{"name":"Milky","species":"miltank","item":"rockyhelmet","ability":"Scrappy","moves":["milkdrink","bodyslam","curse","earthquake"],"nature":"Adamant","evs":{"hp":248,"atk":252,"def":0,"spa":0,"spd":8,"spe":0},"ivs":{"hp":31,"atk":31,"def":31,"spa":31,"spd":31,"spe":31}},{"name":"Birdy","species":"pidgeot","item":"pidgeotite","ability":"Big Pecks","moves":["hurricane","workup","heatwave","roost"],"nature":"Timid","evs":{"hp":0,"atk":0,"def":0,"spa":252,"spd":4,"spe":252},"ivs":{"hp":31,"atk":31,"def":31,"spa":31,"spd":31,"spe":31}},{"name":"Blubber","species":"snorlax","item":"leftovers","ability":"Thick Fat","moves":["rest","curse","return","sleeptalk"],"nature":"Careful","evs":{"hp":252,"atk":4,"def":0,"spa":0,"spd":252,"spe":0},"ivs":{"hp":31,"atk":31,"def":31,"spa":31,"spd":31,"spe":31}}],"p2team":[{"name":"Aboma","species":"abomasnow","item":"abomasite","ability":"Snow Warning","moves":["iceshard","swordsdance","earthquake","rockslide"],"nature":"Adamant","evs":{"hp":56,"atk":252,"def":96,"spa":0,"spd":104,"spe":0},"gender":"M","ivs":{"hp":31,"atk":31,"def":31,"spa":31,"spd":31,"spe":31}},{"name":"Black","species":"kyuremblack","item":"choicescarf","ability":"Teravolt","moves":["fusionbolt","rockslide","outrage","ironhead"],"nature":"Adamant","evs":{"hp":4,"atk":252,"def":0,"spa":0,"spd":0,"spe":252},"ivs":{"hp":31,"atk":31,"def":31,"spa":31,"spd":31,"spe":31}},{"name":"Weave","species":"weavile","item":"lifeorb","ability":"Pickpocket","moves":["iciclecrash","iceshard","fakeout","lowkick"],"nature":"Jolly","evs":{"hp":0,"atk":252,"def":4,"spa":0,"spd":0,"spe":252},"gender":"M","ivs":{"hp":31,"atk":31,"def":31,"spa":31,"spd":31,"spe":31}},{"name":"Cloys","species":"cloyster","item":"focussash","ability":"Skill Link","moves":["shellsmash","iciclespear","rockblast","razorshell"],"nature":"Jolly","evs":{"hp":236,"atk":20,"def":0,"spa":0,"spd":0,"spe":252},"gender":"M","ivs":{"hp":31,"atk":31,"def":31,"spa":31,"spd":31,"spe":31}},{"name":"Fross","species":"froslass","item":"focussash","ability":"Snow Cloak","moves":["destinybond","icebeam","psychic","thunderwave"],"nature":"Timid","evs":{"hp":4,"atk":0,"def":0,"spa":252,"spd":0,"spe":252},"ivs":{"hp":31,"atk":31,"def":31,"spa":31,"spd":31,"spe":31}},{"name":"Aurorus","species":"Aurorus","item":"leftovers","ability":"Refrigerate","moves":["ancientpower","calmmind","earthpower","rest"],"nature":"Bold","evs":{"hp":172,"atk":0,"def":252,"spa":84,"spd":0,"spe":0},"gender":"M","ivs":{"hp":31,"atk":31,"def":31,"spa":31,"spd":31,"spe":31}}],"log":["|player|p1|Chief Sokka|chiefsokka.gif","|player|p2|Sovereign♕Dooms|20","|gametype|singles","|gen|6","|tier|Monotype","|rated","|rule|Baton Pass Clause: Limit one Baton Passer, can't pass Spe and other stats simultaneously","|rule|Swagger Clause: Swagger is banned","|rule|Same Type Clause: Pokémon in a team must share a type","|clearpoke","|poke|p1|Chansey, F","|poke|p1|Porygon2","|poke|p1|Meloetta","|poke|p1|Miltank, F","|poke|p1|Pidgeot, F","|poke|p1|Snorlax, M","|poke|p2|Abomasnow, M","|poke|p2|Kyurem-Black","|poke|p2|Weavile, M","|poke|p2|Cloyster, M","|poke|p2|Froslass, F","|poke|p2|Aurorus, M","|rule|Sleep Clause Mod: Limit one foe put to sleep","|rule|Species Clause: Limit one of each Pokémon","|rule|OHKO Clause: OHKO moves are banned","|rule|Moody Clause: Moody is banned","|rule|Evasion Moves Clause: Evasion moves are banned","|rule|Endless Battle Clause: Forcing endless battles is banned","|rule|HP Percentage Mod: HP is shown in percentages","|teampreview","|","|start","|switch|p1a: Milky|Miltank, F|393/393","|switch|p2a: Cloys|Cloyster, M|300/300","|turn|1","|","|move|p2a: Cloys|Shell Smash|p2a: Cloys","|-unboost|p2a: Cloys|def|1","|-unboost|p2a: Cloys|spd|1","|-boost|p2a: Cloys|atk|2","|-boost|p2a: Cloys|spa|2","|-boost|p2a: Cloys|spe|2","|move|p1a: Milky|Body Slam|p2a: Cloys","|-damage|p2a: Cloys|201/300","|","|turn|2","|","|move|p2a: Cloys|Icicle Spear|p1a: Milky","|-damage|p1a: Milky|339/393","|-damage|p1a: Milky|282/393","|-damage|p1a: Milky|227/393","|-damage|p1a: Milky|167/393","|-damage|p1a: Milky|115/393","|-hitcount|p1a: Milky|5","|move|p1a: Milky|Body Slam|p2a: Cloys","|-damage|p2a: Cloys|99/300","|","|turn|3","|","|move|p2a: Cloys|Icicle Spear|p1a: Milky","|-damage|p1a: Milky|63/393","|-damage|p1a: Milky|11/393","|-damage|p1a: Milky|0 fnt","|-hitcount|p1a: Milky|3","|faint|p1a: Milky","|","|","|switch|p1a: Ducky|Porygon2|373/373","|-boost|p1a: Ducky|spa|1|[from] ability: Download","|turn|4","|","|move|p2a: Cloys|Rock Blast|p1a: Ducky","|-damage|p1a: Ducky|351/373","|-damage|p1a: Ducky|330/373","|-damage|p1a: Ducky|308/373","|-damage|p1a: Ducky|289/373","|-damage|p1a: Ducky|269/373","|-hitcount|p1a: Ducky|5","|move|p1a: Ducky|Tri Attack|p2a: Cloys","|-damage|p2a: Cloys|0 fnt","|faint|p2a: Cloys","|","|","|switch|p2a: Aurorus|Aurorus, M|430/430","|turn|5","|","|move|p1a: Ducky|Thunder Wave|p2a: Aurorus","|-status|p2a: Aurorus|par","|cant|p2a: Aurorus|par","|","|turn|6","|","|switch|p1a: Pitchy|Meloetta|403/403","|move|p2a: Aurorus|Calm Mind|p2a: Aurorus","|-boost|p2a: Aurorus|spa|1","|-boost|p2a: Aurorus|spd|1","|","|turn|7","|","|move|p1a: Pitchy|Charge Beam|p2a: Aurorus","|-damage|p2a: Aurorus|379/430 par","|-boost|p1a: Pitchy|spa|1","|move|p2a: Aurorus|Calm Mind|p2a: Aurorus","|-boost|p2a: Aurorus|spa|1","|-boost|p2a: Aurorus|spd|1","|","|-heal|p2a: Aurorus|405/430 par|[from] item: Leftovers","|turn|8","|","|move|p1a: Pitchy|Psyshock|p2a: Aurorus","|-damage|p2a: Aurorus|207/430 par","|cant|p2a: Aurorus|par","|","|-heal|p2a: Aurorus|233/430 par|[from] item: Leftovers","|turn|9","|","|move|p1a: Pitchy|Psyshock|p2a: Aurorus","|-damage|p2a: Aurorus|22/430 par","|move|p2a: Aurorus|Earth Power|p1a: Pitchy","|-damage|p1a: Pitchy|321/403","|","|-heal|p2a: Aurorus|48/430 par|[from] item: Leftovers","|turn|10","|","|move|p1a: Pitchy|Psyshock|p2a: Aurorus","|-damage|p2a: Aurorus|0 fnt","|faint|p2a: Aurorus","|","|","|switch|p2a: Black|Kyurem-Black|392/392","|-ability|p2a: Black|Teravolt","|turn|11","|","|move|p2a: Black|Outrage|p1a: Pitchy","|-damage|p1a: Pitchy|0 fnt","|faint|p1a: Pitchy","|","|","|switch|p1a: Ducky|Porygon2|269/373","|-boost|p1a: Ducky|spa|1|[from] ability: Download","|turn|12","|","|move|p2a: Black|Outrage|p1a: Ducky|[from]lockedmove","|-damage|p1a: Ducky|130/373","|move|p1a: Ducky|Thunder Wave|p2a: Black","|-status|p2a: Black|par","|","|turn|13","|","|move|p1a: Ducky|Recover|p1a: Ducky","|-heal|p1a: Ducky|317/373","|move|p2a: Black|Outrage|p1a: Ducky|[from]lockedmove","|-damage|p1a: Ducky|161/373","|-start|p2a: Black|confusion|[fatigue]","|","|turn|14","|","|switch|p2a: Fross|Froslass, F|282/282","|move|p1a: Ducky|Recover|p1a: Ducky","|-heal|p1a: Ducky|348/373","|","|turn|15","|","|move|p2a: Fross|Thunder Wave|p1a: Ducky","|-status|p1a: Ducky|par","|cant|p1a: Ducky|par","|","|turn|16","|","|move|p2a: Fross|Psychic|p1a: Ducky","|-damage|p1a: Ducky|289/373 par","|move|p1a: Ducky|Thunder Wave|p2a: Fross","|-status|p2a: Fross|par","|","|turn|17","|","|cant|p2a: Fross|par","|move|p1a: Ducky|Ice Beam|p2a: Fross","|-resisted|p2a: Fross","|-damage|p2a: Fross|203/282 par","|","|turn|18","|","|switch|p1a: Bulky|Chansey, F|703/703","|move|p2a: Fross|Destiny Bond|p2a: Fross","|-singlemove|p2a: Fross|Destiny Bond","|","|turn|19","|","|move|p1a: Bulky|Aromatherapy|p1a: Bulky","|-cureteam|p1a: Bulky|[from] move: Aromatherapy","|move|p2a: Fross|Thunder Wave|p1a: Bulky","|-status|p1a: Bulky|par","|","|turn|20","|","|switch|p1a: Birdy|Pidgeot, F|307/307","|move|p2a: Fross|Psychic|p1a: Birdy","|-damage|p1a: Birdy|209/307","|","|turn|21","|","|detailschange|p1a: Birdy|Pidgeot-Mega, F","|-mega|p1a: Birdy|Pidgeot|Pidgeotite","|move|p1a: Birdy|Heat Wave|p2a: Fross","|-supereffective|p2a: Fross","|-damage|p2a: Fross|0 fnt","|faint|p2a: Fross","|","|","|switch|p2a: Black|Kyurem-Black|392/392 par","|-ability|p2a: Black|Teravolt","|turn|22","|","|move|p1a: Birdy|Hurricane|p2a: Black","|-damage|p2a: Black|169/392 par","|move|p2a: Black|Outrage|p1a: Birdy","|-damage|p1a: Birdy|0 fnt","|faint|p1a: Birdy","|","|","|switch|p1a: Blubber|Snorlax, M|524/524","|turn|23","|","|move|p2a: Black|Outrage|p1a: Blubber|[from]lockedmove","|-damage|p1a: Blubber|83/524","|move|p1a: Blubber|Curse|p1a: Blubber","|-unboost|p1a: Blubber|spe|1","|-boost|p1a: Blubber|atk|1","|-boost|p1a: Blubber|def|1","|","|-heal|p1a: Blubber|115/524|[from] item: Leftovers","|turn|24","|","|move|p2a: Black|Outrage|p1a: Blubber|[from]lockedmove","|-damage|p1a: Blubber|0 fnt","|-start|p2a: Black|confusion|[fatigue]","|faint|p1a: Blubber","|","|","|switch|p1a: Ducky|Porygon2|289/373","|-boost|p1a: Ducky|spa|1|[from] ability: Download","|turn|25","|","|switch|p2a: Aboma|Abomasnow, M|335/335","|-weather|Hail","|move|p1a: Ducky|Tri Attack|p2a: Aboma","|-damage|p2a: Aboma|190/335","|-status|p2a: Aboma|brn","|","|-weather|Hail|[upkeep]","|-damage|p1a: Ducky|266/373|[from] hail","|-damage|p2a: Aboma|149/335 brn|[from] brn","|turn|26","|","|detailschange|p2a: Aboma|Abomasnow-Mega, M","|-mega|p2a: Aboma|Abomasnow|Abomasite","|move|p1a: Ducky|Tri Attack|p2a: Aboma","|-damage|p2a: Aboma|11/335 brn","|move|p2a: Aboma|Earthquake|p1a: Ducky","|-damage|p1a: Ducky|229/373","|","|-weather|Hail|[upkeep]","|-damage|p1a: Ducky|206/373|[from] hail","|-damage|p2a: Aboma|0 fnt|[from] brn","|faint|p2a: Aboma","|","|switch|p2a: Weave|Weavile, M|281/281","|turn|27","|","|move|p2a: Weave|Fake Out|p1a: Ducky","|-damage|p1a: Ducky|174/373","|-damage|p2a: Weave|253/281|[from] item: Life Orb","|cant|p1a: Ducky|flinch","|","|-weather|Hail|[upkeep]","|-damage|p1a: Ducky|151/373|[from] hail","|turn|28","|","|move|p2a: Weave|Low Kick|p1a: Ducky","|-supereffective|p1a: Ducky","|-damage|p1a: Ducky|60/373","|-damage|p2a: Weave|225/281|[from] item: Life Orb","|move|p1a: Ducky|Thunder Wave|p2a: Weave","|-status|p2a: Weave|par","|","|-weather|Hail|[upkeep]","|-damage|p1a: Ducky|37/373|[from] hail","|turn|29","|","|cant|p2a: Weave|par","|move|p1a: Ducky|Recover|p1a: Ducky","|-heal|p1a: Ducky|224/373","|","|-weather|none","|turn|30","|","|move|p1a: Ducky|Recover|p1a: Ducky","|-heal|p1a: Ducky|373/373","|move|p2a: Weave|Low Kick|p1a: Ducky","|-supereffective|p1a: Ducky","|-damage|p1a: Ducky|285/373","|-damage|p2a: Weave|197/281 par|[from] item: Life Orb","|","|turn|31","|","|move|p1a: Ducky|Tri Attack|p2a: Weave","|-damage|p2a: Weave|35/281 par","|move|p2a: Weave|Icicle Crash|p1a: Ducky","|-damage|p1a: Ducky|191/373","|-damage|p2a: Weave|7/281 par|[from] item: Life Orb","|","|turn|32","|","|move|p2a: Weave|Ice Shard|p1a: Ducky","|-damage|p1a: Ducky|140/373","|-damage|p2a: Weave|0 fnt|[from] item: Life Orb","|faint|p2a: Weave","|move|p1a: Ducky|Recover|p1a: Ducky","|-heal|p1a: Ducky|327/373","|","|","|switch|p2a: Black|Kyurem-Black|169/392 par","|-ability|p2a: Black|Teravolt","|turn|33","|","|move|p1a: Ducky|Tri Attack|p2a: Black","|-damage|p2a: Black|6/392 par","|cant|p2a: Black|par","|","|turn|34","|","|win|Sovereign♕Dooms"],"p1rating":{"entryid":"7438657","serverid":"eos","formatid":"monotype","userid":"chiefsokka","username":"Chief Sokka","w":"4","l":1,"t":"0","gxe":62.3,"r":"1500","rd":"130","sigma":"0","rptime":"1438851600","rpr":1598.8519279874,"rprd":101.68936224965,"rpsigma":"0","acre":1125.3162574075,"lacre":1125.3162574075,"oldacre":"1156.1953619429"},"p2rating":{"entryid":"7390241","serverid":"eos","formatid":"monotype","userid":"sovereigndooms","username":"Sovereign♕Dooms","w":17,"l":"15","t":"0","gxe":54.1,"r":"1569.8599400771","rd":"67.460583971814","sigma":"0","rptime":"1438851600","rpr":1531.5838590424,"rprd":59.245497778616,"rpsigma":"0","acre":1108.8267485191,"lacre":1108.8267485191,"oldacre":"1072.9327737261"},"endType":"forfeit"}