{"seed":[62262,26349,65181,8495],"turns":31,"p1":"Guard Wanderer","p2":"MASTA_X용의☆사용자","p1team":[{"name":"Weezing","species":"Weezing","item":"sitrusberry","ability":"Levitate","moves":["toxicspikes","willowisp","memento","thief"],"nature":"Careful","evs":{"hp":248,"atk":8,"def":0,"spa":0,"spd":252,"spe":0},"ivs":{"hp":31,"atk":31,"def":31,"spa":31,"spd":31,"spe":31}},{"name":"Tentacruel","species":"Tentacruel","item":"assaultvest","ability":"Liquid Ooze","moves":["scald","acidspray","gigadrain","hex"],"nature":"Timid","evs":{"hp":0,"atk":0,"def":4,"spa":252,"spd":0,"spe":252},"ivs":{"hp":31,"atk":31,"def":31,"spa":31,"spd":31,"spe":31}},{"name":"Skuntank","species":"Skuntank","item":"","ability":"Stench","moves":["snatch","thief","suckerpunch","poisonjab"],"nature":"Adamant","evs":{"hp":248,"atk":252,"def":0,"spa":0,"spd":8,"spe":0},"ivs":{"hp":31,"atk":31,"def":31,"spa":31,"spd":31,"spe":31}},{"name":"Crobat","species":"Crobat","item":"whiteherb","ability":"Infiltrator","moves":["curse","acrobatics","roost","hypnosis"],"nature":"Jolly","evs":{"hp":248,"atk":8,"def":0,"spa":0,"spd":0,"spe":252},"ivs":{"hp":31,"atk":31,"def":31,"spa":31,"spd":31,"spe":31}},{"name":"Gengar","species":"Gengar","item":"choicescarf","ability":"Levitate","moves":["trick","destinybond","venoshock","hex"],"nature":"Timid","evs":{"hp":0,"atk":0,"def":0,"spa":252,"spd":4,"spe":252},"ivs":{"hp":31,"atk":31,"def":31,"spa":31,"spd":31,"spe":31}},{"name":"Amoonguss","species":"Amoonguss","item":"blacksludge","ability":"Regenerator","moves":["spore","gigadrain","gastroacid","stunspore"],"nature":"Calm","evs":{"hp":248,"atk":0,"def":0,"spa":8,"spd":252,"spe":0},"shiny":true,"ivs":{"hp":31,"atk":31,"def":31,"spa":31,"spd":31,"spe":31}}],"p2team":[{"name":"キュレム","species":"kyurem","item":"choicescarf","ability":"Pressure","moves":["icebeam","flashcannon","dracometeor","earthpower"],"nature":"Modest","evs":{"hp":0,"atk":0,"def":4,"spa":252,"spd":0,"spe":252},"ivs":{"hp":31,"atk":31,"def":31,"spa":31,"spd":31,"spe":31}},{"name":"サザンドラ","species":"hydreigon","item":"lifeorb","ability":"Levitate","moves":["dracometeor","darkpulse","flamethrower","flashcannon"],"nature":"Timid","evs":{"hp":4,"atk":0,"def":0,"spa":252,"spd":0,"spe":252},"ivs":{"hp":31,"atk":31,"def":31,"spa":31,"spd":31,"spe":31}},{"name":"ガブリアス","species":"garchomp","item":"garchompite","ability":"Rough Skin","moves":["fireblast","earthquake","dracometeor","outrage"],"nature":"Naive","evs":{"hp":0,"atk":4,"def":0,"spa":252,"spd":0,"spe":252},"ivs":{"hp":31,"atk":31,"def":31,"spa":31,"spd":31,"spe":31}},{"name":"ボーマンダ","species":"salamence","item":"choicescarf","ability":"Moxie","moves":["outrage","aerialace","steelwing","earthquake"],"nature":"Jolly","evs":{"hp":0,"atk":252,"def":4,"spa":0,"spd":0,"spe":252},"ivs":{"hp":31,"atk":31,"def":31,"spa":31,"spd":31,"spe":31}},{"name":"ガチゴラス","species":"tyrantrum","item":"focussash","ability":"Rock Head","moves":["stealthrock","headsmash","earthquake","dragontail"],"nature":"Adamant","evs":{"hp":0,"atk":252,"def":0,"spa":0,"spd":4,"spe":252},"ivs":{"hp":31,"atk":31,"def":31,"spa":31,"spd":31,"spe":31}},{"name":"カイリュー","species":"dragonite","item":"weaknesspolicy","ability":"Multiscale","moves":["dragondance","extremespeed","earthquake","dragonclaw"],"nature":"Adamant","evs":{"hp":4,"atk":252,"def":0,"spa":0,"spd":0,"spe":252},"ivs":{"hp":31,"atk":31,"def":31,"spa":31,"spd":31,"spe":31}}],"log":["|player|p1|Guard Wanderer|235","|player|p2|MASTA_X용의☆사용자|alliancewutang.png","|gametype|singles","|gen|6","|tier|Monotype","|rated","|rule|Baton Pass Clause: Limit one Baton Passer, can't pass Spe and other stats simultaneously","|rule|Swagger Clause: Swagger is banned","|rule|Same Type Clause: Pokémon in a team must share a type","|clearpoke","|poke|p1|Weezing, F","|poke|p1|Tentacruel, F","|poke|p1|Skuntank, M","|poke|p1|Crobat, F","|poke|p1|Gengar, F","|poke|p1|Amoonguss, F, shiny","|poke|p2|Kyurem","|poke|p2|Hydreigon, F","|poke|p2|Garchomp, M","|poke|p2|Salamence, M","|poke|p2|Tyrantrum, M","|poke|p2|Dragonite, M","|rule|Sleep Clause Mod: Limit one foe put to sleep","|rule|Species Clause: Limit one of each Pokémon","|rule|OHKO Clause: OHKO moves are banned","|rule|Moody Clause: Moody is banned","|rule|Evasion Moves Clause: Evasion moves are banned","|rule|Endless Battle Clause: Forcing endless battles is banned","|rule|HP Percentage Mod: HP is shown in percentages","|teampreview","|","|start","|switch|p1a: Weezing|Weezing, F|333/333","|switch|p2a: サザンドラ|Hydreigon, F|326/326","|turn|1","|","|move|p2a: サザンドラ|Dark Pulse|p1a: Weezing","|-crit|p1a: Weezing","|-damage|p1a: Weezing|102/333","|-damage|p2a: サザンドラ|294/326|[from] item: Life Orb","|-enditem|p1a: Weezing|Sitrus Berry|[eat]","|-heal|p1a: Weezing|185/333|[from] item: Sitrus Berry","|move|p1a: Weezing|Thief|p2a: サザンドラ","|-resisted|p2a: サザンドラ","|-damage|p2a: サザンドラ|270/326","|-item|p1a: Weezing|Life Orb|[from] move: Thief|[of] p2a: サザンドラ","|-damage|p1a: Weezing|152/333|[from] item: Life Orb","|","|turn|2","|","|move|p2a: サザンドラ|Draco Meteor|p1a: Weezing","|-damage|p1a: Weezing|0 fnt","|-unboost|p2a: サザンドラ|spa|2","|faint|p1a: Weezing","|","|","|switch|p1a: Tentacruel|Tentacruel, F|301/301","|turn|3","|","|switch|p2a: ガチゴラス|Tyrantrum, M|305/305","|move|p1a: Tentacruel|Acid Spray|p2a: ガチゴラス","|-crit|p2a: ガチゴラス","|-resisted|p2a: ガチゴラス","|-damage|p2a: ガチゴラス|242/305","|-unboost|p2a: ガチゴラス|spd|2","|","|turn|4","|","|move|p1a: Tentacruel|Scald|p2a: ガチゴラス","|-damage|p2a: ガチゴラス|0 fnt","|faint|p2a: ガチゴラス","|","|","|switch|p2a: ガブリアス|Garchomp, M|357/357","|turn|5","|","|switch|p1a: Crobat|Crobat, F|373/373","|move|p2a: ガブリアス|Earthquake|p1a: Crobat","|-immune|p1a: Crobat|[msg]","|","|turn|6","|","|switch|p2a: キュレム|Kyurem|391/391","|-ability|p2a: キュレム|Pressure","|move|p1a: Crobat|Hypnosis|p2a: キュレム","|-status|p2a: キュレム|slp","|","|turn|7","|","|cant|p2a: キュレム|slp","|move|p1a: Crobat|Curse|p1a: Crobat","|-unboost|p1a: Crobat|spe|1","|-boost|p1a: Crobat|atk|1","|-boost|p1a: Crobat|def|1","|-enditem|p1a: Crobat|White Herb","|-restoreboost|p1a: Crobat|[silent]","|","|turn|8","|","|cant|p2a: キュレム|slp","|move|p1a: Crobat|Acrobatics|p2a: キュレム","|-damage|p2a: キュレム|202/391 slp","|","|turn|9","|","|cant|p2a: キュレム|slp","|move|p1a: Crobat|Acrobatics|p2a: キュレム","|-damage|p2a: キュレム|6/391 slp","|","|turn|10","|","|switch|p1a: Tentacruel|Tentacruel, F|301/301","|-curestatus|p2a: キュレム|slp","|move|p2a: キュレム|Ice Beam|p1a: Tentacruel","|-resisted|p1a: Tentacruel","|-damage|p1a: Tentacruel|248/301","|-status|p1a: Tentacruel|frz","|","|turn|11","|","|move|p2a: キュレム|Ice Beam|p1a: Tentacruel","|-crit|p1a: Tentacruel","|-resisted|p1a: Tentacruel","|-damage|p1a: Tentacruel|173/301 frz","|-curestatus|p1a: Tentacruel|frz|[from] move: Scald","|move|p1a: Tentacruel|Scald|p2a: キュレム","|-resisted|p2a: キュレム","|-damage|p2a: キュレム|0 fnt","|faint|p2a: キュレム","|","|","|switch|p2a: ボーマンダ|Salamence, M|331/331","|turn|12","|","|move|p2a: ボーマンダ|Outrage|p1a: Tentacruel","|-damage|p1a: Tentacruel|0 fnt","|faint|p1a: Tentacruel","|-boost|p2a: ボーマンダ|atk|1|[from] ability: Moxie","|","|","|switch|p1a: Gengar|Gengar, F|261/261","|turn|13","|","|move|p1a: Gengar|Destiny Bond|p1a: Gengar","|-singlemove|p1a: Gengar|Destiny Bond","|move|p2a: ボーマンダ|Outrage|p1a: Gengar|[from]lockedmove","|-damage|p1a: Gengar|0 fnt","|-start|p2a: ボーマンダ|confusion|[fatigue]","|faint|p1a: Gengar","|-activate|p1a: Gengar|Destiny Bond","|faint|p2a: ボーマンダ","|","|","|switch|p1a: Crobat|Crobat, F|373/373","|switch|p2a: サザンドラ|Hydreigon, F|270/326","|turn|14","|","|move|p1a: Crobat|Hypnosis|p2a: サザンドラ","|-status|p2a: サザンドラ|slp","|cant|p2a: サザンドラ|slp","|","|turn|15","|","|move|p1a: Crobat|Acrobatics|p2a: サザンドラ","|-damage|p2a: サザンドラ|140/326 slp","|cant|p2a: サザンドラ|slp","|","|turn|16","|","|move|p1a: Crobat|Acrobatics|p2a: サザンドラ","|-damage|p2a: サザンドラ|5/326 slp","|-curestatus|p2a: サザンドラ|slp","|move|p2a: サザンドラ|Draco Meteor|p1a: Crobat","|-damage|p1a: Crobat|88/373","|-unboost|p2a: サザンドラ|spa|2","|","|turn|17","|","|move|p1a: Crobat|Roost|p1a: Crobat","|-heal|p1a: Crobat|275/373","|move|p2a: サザンドラ|Draco Meteor|p1a: Crobat","|-damage|p1a: Crobat|148/373","|-unboost|p2a: サザンドラ|spa|2","|","|turn|18","|","|switch|p2a: カイリュー|Dragonite, M|324/324","|move|p1a: Crobat|Roost|p1a: Crobat","|-heal|p1a: Crobat|335/373","|","|turn|19","|","|move|p1a: Crobat|Hypnosis|p2a: カイリュー","|-status|p2a: カイリュー|slp","|cant|p2a: カイリュー|slp","|","|turn|20","|","|move|p1a: Crobat|Acrobatics|p2a: カイリュー","|-damage|p2a: カイリュー|259/324 slp","|cant|p2a: カイリュー|slp","|","|turn|21","|","|move|p1a: Crobat|Curse|p1a: Crobat","|-unboost|p1a: Crobat|spe|1","|-boost|p1a: Crobat|atk|1","|-boost|p1a: Crobat|def|1","|cant|p2a: カイリュー|slp","|","|turn|22","|","|move|p1a: Crobat|Acrobatics|p2a: カイリュー","|-damage|p2a: カイリュー|67/324 slp","|-curestatus|p2a: カイリュー|slp","|move|p2a: カイリュー|Dragon Dance|p2a: カイリュー","|-boost|p2a: カイリュー|atk|1","|-boost|p2a: カイリュー|spe|1","|","|turn|23","|","|move|p2a: カイリュー|Extreme Speed|p1a: Crobat","|-damage|p1a: Crobat|195/373","|move|p1a: Crobat|Acrobatics|p2a: カイリュー","|-damage|p2a: カイリュー|0 fnt","|faint|p2a: カイリュー","|","|","|switch|p2a: ガブリアス|Garchomp, M|357/357","|turn|24","|","|detailschange|p2a: ガブリアス|Garchomp-Mega, M","|-mega|p2a: ガブリアス|Garchomp|Garchompite","|move|p2a: ガブリアス|Draco Meteor|p1a: Crobat","|-damage|p1a: Crobat|0 fnt","|-unboost|p2a: ガブリアス|spa|2","|faint|p1a: Crobat","|","|","|switch|p1a: Amoonguss|Amoonguss, F, shiny|431/431","|turn|25","|","|switch|p2a: サザンドラ|Hydreigon, F|5/326","|move|p1a: Amoonguss|Spore|p2a: サザンドラ","|-status|p2a: サザンドラ|slp","|","|turn|26","|","|switch|p2a: ガブリアス|Garchomp-Mega, M|357/357","|move|p1a: Amoonguss|Giga Drain|p2a: ガブリアス","|-damage|p2a: ガブリアス|261/357","|","|turn|27","|","|move|p2a: ガブリアス|Fire Blast|p1a: Amoonguss","|-supereffective|p1a: Amoonguss","|-damage|p1a: Amoonguss|225/431","|move|p1a: Amoonguss|Stun Spore|p2a: ガブリアス","|-status|p2a: ガブリアス|par","|","|-heal|p1a: Amoonguss|251/431|[from] item: Black Sludge","|turn|28","|","|move|p1a: Amoonguss|Giga Drain|p2a: ガブリアス","|-damage|p2a: ガブリアス|173/357 par","|-heal|p1a: Amoonguss|295/431|[from] drain|[of] p2a: ガブリアス","|move|p2a: ガブリアス|Earthquake|p1a: Amoonguss","|-damage|p1a: Amoonguss|66/431","|","|-heal|p1a: Amoonguss|92/431|[from] item: Black Sludge","|turn|29","|","|move|p1a: Amoonguss|Giga Drain|p2a: ガブリアス","|-damage|p2a: ガブリアス|74/357 par","|-heal|p1a: Amoonguss|142/431|[from] drain|[of] p2a: ガブリアス","|move|p2a: ガブリアス|Earthquake|p1a: Amoonguss","|-damage|p1a: Amoonguss|0 fnt","|faint|p1a: Amoonguss","|","|","|switch|p1a: Skuntank|Skuntank, M|409/409","|turn|30","|","|move|p1a: Skuntank|Sucker Punch|p2a: ガブリアス","|-damage|p2a: ガブリアス|0 fnt","|faint|p2a: ガブリアス","|","|","|switch|p2a: サザンドラ|Hydreigon, F|5/326 slp","|turn|31","|","|win|Guard Wanderer"],"p1rating":{"entryid":"6731189","serverid":"eos","formatid":"monotype","userid":"guardwanderer","username":"Guard Wanderer","w":81,"l":"117","t":"0","gxe":39.6,"r":"1416.6716065611","rd":"31.012894024758","sigma":"0","rptime":"1438765200","rpr":1420.2617193229,"rprd":29.083837387764,"rpsigma":"0","acre":1134.49716087,"lacre":1134.49716087,"oldacre":"1094.0415902596"},"p2rating":{"entryid":"7303561","serverid":"eos","formatid":"monotype","userid":"mastax","username":"MASTAX☆용의 사용자","w":"42","l":14,"t":"0","gxe":72.3,"r":"1704.3158945696","rd":"59.492840111287","sigma":"0","rptime":"1438765200","rpr":1682.3290716219,"rprd":49.934655694587,"rpsigma":"0","acre":1283.8636779986,"lacre":1283.8636779986,"oldacre":"1315.11102742"},"endType":"forfeit"}