{"seed":[38052,63939,57684,62071],"turns":22,"p1":"IV-Wiley","p2":"KGBeast","p1team":[{"name":"Crawdaunt","species":"Crawdaunt","item":"focussash","ability":"Adaptability","moves":["aquajet","swordsdance","crabhammer","knockoff"],"nature":"Jolly","evs":{"hp":0,"atk":252,"def":0,"spa":0,"spd":4,"spe":252},"ivs":{"hp":31,"atk":31,"def":31,"spa":31,"spd":31,"spe":31}},{"name":"Kingdra","species":"Kingdra","item":"scopelens","ability":"Swift Swim","moves":["focusenergy","dragonpulse","surf","flashcannon"],"nature":"Timid","evs":{"hp":0,"atk":0,"def":0,"spa":252,"spd":4,"spe":252},"ivs":{"hp":31,"atk":30,"def":31,"spa":30,"spd":31,"spe":30}},{"name":"Politoed","species":"Politoed","item":"leftovers","ability":"Drizzle","moves":["raindance","scald","icebeam","haze"],"nature":"Modest","evs":{"hp":252,"atk":0,"def":0,"spa":252,"spd":4,"spe":0},"ivs":{"hp":31,"atk":31,"def":31,"spa":31,"spd":31,"spe":31}},{"name":"Swampert","species":"Swampert","item":"swampertite","ability":"Damp","moves":["waterfall","earthquake","icepunch","raindance"],"nature":"Adamant","evs":{"hp":248,"atk":252,"def":0,"spa":0,"spd":8,"spe":0},"ivs":{"hp":31,"atk":31,"def":31,"spa":31,"spd":31,"spe":31}},{"name":"Azumarill","species":"Azumarill","item":"sitrusberry","ability":"Thick Fat","moves":["aquajet","bellydrum","brickbreak","playrough"],"nature":"Adamant","evs":{"hp":252,"atk":252,"def":0,"spa":0,"spd":4,"spe":0},"ivs":{"hp":31,"atk":31,"def":31,"spa":31,"spd":31,"spe":31}},{"name":"Keldeo","species":"Keldeo","item":"choicescarf","ability":"Justified","moves":["scald","icywind","secretsword","hiddenpowerfire"],"nature":"Timid","evs":{"hp":0,"atk":0,"def":0,"spa":252,"spd":4,"spe":252},"ivs":{"hp":31,"atk":30,"def":31,"spa":30,"spd":31,"spe":30}}],"p2team":[{"name":"Hippowdon","species":"Hippowdon","item":"rockyhelmet","ability":"Sand Stream","moves":["stealthrock","earthquake","whirlwind","slackoff"],"nature":"Impish","evs":{"hp":248,"atk":8,"def":252,"spa":0,"spd":0,"spe":0},"ivs":{"hp":31,"atk":31,"def":31,"spa":31,"spd":31,"spe":31}},{"name":"Landorus","species":"Landorus","item":"lifeorb","ability":"Sheer Force","moves":["earthpower","sludgewave","substitute","gravity"],"nature":"Modest","evs":{"hp":0,"atk":0,"def":4,"spa":252,"spd":0,"spe":252},"ivs":{"hp":31,"atk":0,"def":31,"spa":31,"spd":31,"spe":31}},{"name":"Mamoswine","species":"Mamoswine","item":"lifeorb","ability":"Thick Fat","moves":["iceshard","iciclespear","knockoff","superpower"],"nature":"Adamant","evs":{"hp":0,"atk":252,"def":4,"spa":0,"spd":0,"spe":252},"ivs":{"hp":31,"atk":31,"def":31,"spa":31,"spd":31,"spe":31}},{"name":"Garchomp","species":"Garchomp","item":"garchompite","ability":"Rough Skin","moves":["swordsdance","earthquake","fireblast","stoneedge"],"nature":"Jolly","evs":{"hp":0,"atk":252,"def":4,"spa":0,"spd":0,"spe":252},"ivs":{"hp":31,"atk":31,"def":31,"spa":31,"spd":31,"spe":31}},{"name":"Excadrill","species":"Excadrill","item":"choiceband","ability":"Sand Rush","moves":["ironhead","earthquake","rockslide","rapidspin"],"nature":"Adamant","evs":{"hp":0,"atk":252,"def":0,"spa":0,"spd":4,"spe":252},"ivs":{"hp":31,"atk":31,"def":31,"spa":31,"spd":31,"spe":31}},{"name":"Gastrodon","species":"Gastrodon","item":"leftovers","ability":"Storm Drain","moves":["scald","earthquake","toxic","recover"],"nature":"Sassy","evs":{"hp":248,"atk":8,"def":0,"spa":0,"spd":252,"spe":0},"ivs":{"hp":31,"atk":31,"def":31,"spa":31,"spd":31,"spe":31}}],"log":["|player|p1|IV-Wiley|264","|player|p2|KGBeast|kgbeast.png","|gametype|singles","|gen|6","|tier|Monotype","|rated","|rule|Baton Pass Clause: Limit one Baton Passer, can't pass Spe and other stats simultaneously","|rule|Swagger Clause: Swagger is banned","|rule|Same Type Clause: Pokémon in a team must share a type","|clearpoke","|poke|p1|Crawdaunt, M","|poke|p1|Kingdra, F","|poke|p1|Politoed, M","|poke|p1|Swampert, F","|poke|p1|Azumarill, M","|poke|p1|Keldeo","|poke|p2|Hippowdon, M","|poke|p2|Landorus, M","|poke|p2|Mamoswine, M","|poke|p2|Garchomp, F","|poke|p2|Excadrill, M","|poke|p2|Gastrodon, F","|rule|Sleep Clause Mod: Limit one foe put to sleep","|rule|Species Clause: Limit one of each Pokémon","|rule|OHKO Clause: OHKO moves are banned","|rule|Moody Clause: Moody is banned","|rule|Evasion Moves Clause: Evasion moves are banned","|rule|Endless Battle Clause: Forcing endless battles is banned","|rule|HP Percentage Mod: HP is shown in percentages","|teampreview","|","|start","|switch|p1a: Politoed|Politoed, M|384/384","|switch|p2a: Landorus|Landorus, M|319/319","|-weather|RainDance","|turn|1","|","|switch|p2a: Gastrodon|Gastrodon, F|425/425","|move|p1a: Politoed|Scald|p2a: Gastrodon","|-boost|p2a: Gastrodon|spa|1|[from] ability: Storm Drain","|","|-weather|RainDance|[upkeep]","|turn|2","|","|switch|p2a: Excadrill|Excadrill, M|361/361","|move|p1a: Politoed|Haze|p1a: Politoed","|-clearallboost","|","|-weather|RainDance|[upkeep]","|turn|3","|","|switch|p2a: Gastrodon|Gastrodon, F|425/425","|move|p1a: Politoed|Scald|p2a: Gastrodon","|-boost|p2a: Gastrodon|spa|1|[from] ability: Storm Drain","|","|-weather|RainDance|[upkeep]","|turn|4","|","|switch|p1a: Crawdaunt|Crawdaunt, M|267/267","|move|p2a: Gastrodon|Toxic|p1a: Crawdaunt","|-status|p1a: Crawdaunt|tox","|","|-weather|RainDance|[upkeep]","|-damage|p1a: Crawdaunt|251/267 tox|[from] psn","|turn|5","|","|switch|p2a: Mamoswine|Mamoswine, M|361/361","|move|p1a: Crawdaunt|Swords Dance|p1a: Crawdaunt","|-boost|p1a: Crawdaunt|atk|2","|","|-weather|none","|-damage|p1a: Crawdaunt|219/267 tox|[from] psn","|turn|6","|","|move|p1a: Crawdaunt|Aqua Jet|p2a: Mamoswine","|-supereffective|p2a: Mamoswine","|-damage|p2a: Mamoswine|0 fnt","|faint|p2a: Mamoswine","|","|-damage|p1a: Crawdaunt|171/267 tox|[from] psn","|","|switch|p2a: Garchomp|Garchomp, F|357/357","|turn|7","|","|detailschange|p2a: Garchomp|Garchomp-Mega, F","|-mega|p2a: Garchomp|Garchomp|Garchompite","|move|p1a: Crawdaunt|Aqua Jet|p2a: Garchomp","|-damage|p2a: Garchomp|197/357","|move|p2a: Garchomp|Earthquake|p1a: Crawdaunt","|-damage|p1a: Crawdaunt|0 fnt","|faint|p1a: Crawdaunt","|","|","|switch|p1a: Politoed|Politoed, M|384/384","|-weather|RainDance","|turn|8","|","|switch|p2a: Gastrodon|Gastrodon, F|425/425","|move|p1a: Politoed|Ice Beam|p2a: Gastrodon","|-damage|p2a: Gastrodon|348/425","|","|-weather|RainDance|[upkeep]","|-heal|p2a: Gastrodon|374/425|[from] item: Leftovers","|turn|9","|","|switch|p1a: Azumarill|Azumarill, M|404/404","|move|p2a: Gastrodon|Toxic|p1a: Azumarill","|-status|p1a: Azumarill|tox","|","|-weather|RainDance|[upkeep]","|-heal|p2a: Gastrodon|400/425|[from] item: Leftovers","|-damage|p1a: Azumarill|379/404 tox|[from] psn","|turn|10","|","|switch|p2a: Hippowdon|Hippowdon, M|419/419","|-weather|Sandstorm","|move|p1a: Azumarill|Belly Drum|p1a: Azumarill","|-damage|p1a: Azumarill|177/404 tox","|-setboost|p1a: Azumarill|atk|6|[from] move: Belly Drum","|-enditem|p1a: Azumarill|Sitrus Berry|[eat]","|-heal|p1a: Azumarill|278/404 tox|[from] item: Sitrus Berry","|","|-weather|Sandstorm|[upkeep]","|-damage|p1a: Azumarill|253/404 tox|[from] sandstorm","|-damage|p1a: Azumarill|203/404 tox|[from] psn","|turn|11","|","|switch|p2a: Gastrodon|Gastrodon, F|400/425","|move|p1a: Azumarill|Play Rough|p2a: Gastrodon","|-damage|p2a: Gastrodon|0 fnt","|faint|p2a: Gastrodon","|","|-weather|Sandstorm|[upkeep]","|-damage|p1a: Azumarill|178/404 tox|[from] sandstorm","|-damage|p1a: Azumarill|103/404 tox|[from] psn","|","|switch|p2a: Garchomp|Garchomp-Mega, F|197/357","|turn|12","|","|move|p2a: Garchomp|Earthquake|p1a: Azumarill","|-damage|p1a: Azumarill|0 fnt","|faint|p1a: Azumarill","|","|-weather|Sandstorm|[upkeep]","|","|switch|p1a: Politoed|Politoed, M|384/384","|-weather|RainDance","|turn|13","|","|move|p2a: Garchomp|Earthquake|p1a: Politoed","|-damage|p1a: Politoed|84/384","|move|p1a: Politoed|Ice Beam|p2a: Garchomp","|-supereffective|p2a: Garchomp","|-damage|p2a: Garchomp|0 fnt","|faint|p2a: Garchomp","|","|-weather|RainDance|[upkeep]","|-heal|p1a: Politoed|108/384|[from] item: Leftovers","|","|switch|p2a: Landorus|Landorus, M|319/319","|turn|14","|","|move|p2a: Landorus|Earth Power|p1a: Politoed","|-damage|p1a: Politoed|0 fnt","|faint|p1a: Politoed","|","|-weather|RainDance|[upkeep]","|","|switch|p1a: Kingdra|Kingdra, F|291/291","|turn|15","|","|switch|p2a: Hippowdon|Hippowdon, M|419/419","|-weather|Sandstorm","|move|p1a: Kingdra|Surf|p2a: Hippowdon","|-supereffective|p2a: Hippowdon","|-damage|p2a: Hippowdon|93/419","|","|-weather|Sandstorm|[upkeep]","|-damage|p1a: Kingdra|273/291|[from] sandstorm","|turn|16","|","|switch|p2a: Landorus|Landorus, M|319/319","|move|p1a: Kingdra|Surf|p2a: Landorus","|-supereffective|p2a: Landorus","|-damage|p2a: Landorus|17/319","|","|-weather|Sandstorm|[upkeep]","|-damage|p1a: Kingdra|255/291|[from] sandstorm","|turn|17","|","|move|p2a: Landorus|Earth Power|p1a: Kingdra","|-damage|p1a: Kingdra|0 fnt","|faint|p1a: Kingdra","|","|-weather|Sandstorm|[upkeep]","|","|switch|p1a: Keldeo|Keldeo|323/323","|turn|18","|","|move|p1a: Keldeo|Scald|p2a: Landorus","|-crit|p2a: Landorus","|-supereffective|p2a: Landorus","|-damage|p2a: Landorus|0 fnt","|faint|p2a: Landorus","|","|-weather|Sandstorm|[upkeep]","|-damage|p1a: Keldeo|303/323|[from] sandstorm","|","|switch|p2a: Excadrill|Excadrill, M|361/361","|turn|19","|","|move|p2a: Excadrill|Earthquake|p1a: Keldeo","|-damage|p1a: Keldeo|0 fnt","|faint|p1a: Keldeo","|","|-weather|none","|","|switch|p1a: Swampert|Swampert, F|403/403","|turn|20","|","|detailschange|p1a: Swampert|Swampert-Mega, F","|-mega|p1a: Swampert|Swampert|Swampertite","|move|p2a: Excadrill|Earthquake|p1a: Swampert","|-damage|p1a: Swampert|130/403","|move|p1a: Swampert|Rain Dance|p1a: Swampert","|-weather|RainDance","|","|-weather|RainDance|[upkeep]","|turn|21","|","|switch|p2a: Hippowdon|Hippowdon, M|93/419","|-weather|Sandstorm","|move|p1a: Swampert|Waterfall|p2a: Hippowdon","|-supereffective|p2a: Hippowdon","|-damage|p2a: Hippowdon|0 fnt","|-damage|p1a: Swampert|63/403|[from] item: Rocky Helmet|[of] p2a: Hippowdon","|faint|p2a: Hippowdon","|","|-weather|Sandstorm|[upkeep]","|","|switch|p2a: Excadrill|Excadrill, M|361/361","|turn|22","|","|move|p2a: Excadrill|Earthquake|p1a: Swampert","|-damage|p1a: Swampert|0 fnt","|faint|p1a: Swampert","|","|win|KGBeast"],"p1rating":{"entryid":"7406762","serverid":"eos","formatid":"monotype","userid":"ivwiley","username":"IV Wiley","w":"12","l":14,"t":"0","gxe":47.6,"r":"1468.9838527697","rd":"72.883258448308","sigma":"0","rptime":"1438851600","rpr":1481.4388577161,"rprd":63.716974329941,"rpsigma":"0","acre":1084.2284419432,"lacre":1084.2284419432,"oldacre":"1094.7112189588"},"p2rating":{"entryid":"6349485","serverid":"eos","formatid":"monotype","userid":"kgbeast","username":"KGBeast","w":58,"l":"27","t":"0","gxe":66.9,"r":"1619.1834863741","rd":"45.46532274501","sigma":"0","rptime":"1438851600","rpr":1632.9013480192,"rprd":42.256509295315,"rpsigma":"0","acre":1326.7775733147,"lacre":1326.7775733147,"oldacre":"1318.1165129925"},"endType":"normal"}