{"seed":[64191,15238,64944,72],"turns":32,"p1":"LTIL-Savage","p2":"Intern Twizz","p1team":[{"name":"BIRD JESUS","species":"pidgeot","item":"pidgeotite","ability":"Big Pecks","moves":["heatwave","hurricane","uturn","protect"],"nature":"Timid","evs":{"hp":0,"atk":0,"def":0,"spa":252,"spd":4,"spe":252},"gender":"M","shiny":true,"ivs":{"hp":31,"atk":31,"def":31,"spa":31,"spd":31,"spe":31}},{"name":"Gaea","species":"landorus","item":"lifeorb","ability":"Sheer Force","moves":["earthpower","stealthrock","psychic","rockpolish"],"nature":"Modest","evs":{"hp":0,"atk":0,"def":0,"spa":252,"spd":4,"spe":252},"shiny":true,"ivs":{"hp":31,"atk":31,"def":31,"spa":31,"spd":31,"spe":31}},{"name":"Sushi","species":"gyarados","item":"lifeorb","ability":"Moxie","moves":["dragondance","earthquake","dragontail","waterfall"],"nature":"Adamant","evs":{"hp":0,"atk":252,"def":0,"spa":0,"spd":4,"spe":252},"gender":"F","shiny":true,"ivs":{"hp":31,"atk":31,"def":31,"spa":31,"spd":31,"spe":31}},{"name":"Porunga","species":"dragonite","item":"weaknesspolicy","ability":"Multiscale","moves":["dragondance","dragonclaw","extremespeed","firepunch"],"nature":"Adamant","evs":{"hp":0,"atk":252,"def":0,"spa":0,"spd":4,"spe":252},"gender":"M","shiny":true,"ivs":{"hp":31,"atk":31,"def":31,"spa":31,"spd":31,"spe":31}},{"name":"Jupiter","species":"thundurus","item":"sitrusberry","ability":"Prankster","moves":["taunt","thunderwave","thunderbolt","hiddenpowerice"],"nature":"Timid","evs":{"hp":0,"atk":0,"def":0,"spa":252,"spd":4,"spe":252},"ivs":{"hp":31,"atk":30,"def":30,"spa":31,"spd":31,"spe":31},"shiny":true},{"name":"Raptor","species":"staraptor","item":"choicescarf","ability":"Reckless","moves":["bravebird","doubleedge","uturn","closecombat"],"nature":"Jolly","evs":{"hp":0,"atk":252,"def":0,"spa":0,"spd":4,"spe":252},"gender":"M","shiny":true,"ivs":{"hp":31,"atk":31,"def":31,"spa":31,"spd":31,"spe":31}}],"p2team":[{"name":"Magnezone","species":"Magnezone","item":"leftovers","ability":"Sturdy","moves":["flashcannon","thunderbolt","protect","hiddenpowerice"],"nature":"Modest","evs":{"hp":76,"atk":0,"def":180,"spa":252,"spd":0,"spe":0},"ivs":{"hp":31,"atk":30,"def":30,"spa":31,"spd":31,"spe":31}},{"name":"Zapdos","species":"Zapdos","item":"leftovers","ability":"Pressure","moves":["discharge","heatwave","toxic","roost"],"nature":"Bold","evs":{"hp":4,"atk":0,"def":252,"spa":0,"spd":252,"spe":0},"ivs":{"hp":31,"atk":31,"def":31,"spa":31,"spd":31,"spe":31}},{"name":"Ampharos","species":"Ampharos","item":"ampharosite","ability":"Static","moves":["cottonguard","rest","sleeptalk","dragonpulse"],"nature":"Bold","evs":{"hp":0,"atk":0,"def":252,"spa":136,"spd":120,"spe":0},"ivs":{"hp":31,"atk":31,"def":31,"spa":31,"spd":31,"spe":31}},{"name":"Raikou","species":"Raikou","item":"leftovers","ability":"Pressure","moves":["calmmind","substitute","thunderbolt","extrasensory"],"nature":"Timid","evs":{"hp":0,"atk":0,"def":0,"spa":252,"spd":4,"spe":252},"ivs":{"hp":31,"atk":31,"def":31,"spa":31,"spd":31,"spe":31}},{"name":"Rotom-Wash","species":"Rotom-Wash","item":"choicescarf","ability":"Levitate","moves":["voltswitch","hydropump","willowisp","trick"],"nature":"Timid","evs":{"hp":0,"atk":0,"def":0,"spa":252,"spd":4,"spe":252},"ivs":{"hp":31,"atk":31,"def":31,"spa":31,"spd":31,"spe":31}},{"name":"Condom","species":"eelektross","item":"assaultvest","ability":"Levitate","moves":["gigadrain","thunderbolt","drainpunch","knockoff"],"nature":"Quiet","evs":{"hp":3,"atk":136,"def":0,"spa":108,"spd":252,"spe":0},"ivs":{"hp":31,"atk":31,"def":31,"spa":31,"spd":31,"spe":31}}],"log":["|player|p1|LTIL-Savage|125","|player|p2|Intern Twizz|122","|gametype|singles","|gen|6","|tier|Monotype","|rated","|rule|Baton Pass Clause: Limit one Baton Passer, can't pass Spe and other stats simultaneously","|rule|Swagger Clause: Swagger is banned","|rule|Same Type Clause: Pokémon in a team must share a type","|clearpoke","|poke|p1|Pidgeot, M, shiny","|poke|p1|Landorus, M, shiny","|poke|p1|Gyarados, F, shiny","|poke|p1|Dragonite, M, shiny","|poke|p1|Thundurus, M, shiny","|poke|p1|Staraptor, M, shiny","|poke|p2|Magnezone","|poke|p2|Zapdos","|poke|p2|Ampharos, M","|poke|p2|Raikou","|poke|p2|Rotom-Wash","|poke|p2|Eelektross, M","|rule|Sleep Clause Mod: Limit one foe put to sleep","|rule|Species Clause: Limit one of each Pokémon","|rule|OHKO Clause: OHKO moves are banned","|rule|Moody Clause: Moody is banned","|rule|Evasion Moves Clause: Evasion moves are banned","|rule|Endless Battle Clause: Forcing endless battles is banned","|rule|HP Percentage Mod: HP is shown in percentages","|teampreview","|","|start","|switch|p1a: Gaea|Landorus, M, shiny|319/319","|switch|p2a: Rotom-Wash|Rotom-Wash|241/241","|turn|1","|","|move|p2a: Rotom-Wash|Hydro Pump|p1a: Gaea","|-supereffective|p1a: Gaea","|-damage|p1a: Gaea|0 fnt","|faint|p1a: Gaea","|","|","|switch|p1a: Raptor|Staraptor, M, shiny|311/311","|turn|2","|","|switch|p2a: Magnezone|Magnezone|300/300","|move|p1a: Raptor|Double-Edge|p2a: Magnezone","|-resisted|p2a: Magnezone","|-damage|p2a: Magnezone|204/300","|-damage|p1a: Raptor|279/311|[from] recoil|[of] p2a: Magnezone","|","|-heal|p2a: Magnezone|222/300|[from] item: Leftovers","|turn|3","|","|move|p2a: Magnezone|Protect|p2a: Magnezone","|-singleturn|p2a: Magnezone|Protect","|move|p1a: Raptor|Double-Edge|p2a: Magnezone","|-activate|p2a: Magnezone|Protect","|","|-heal|p2a: Magnezone|240/300|[from] item: Leftovers","|turn|4","|","|move|p1a: Raptor|Double-Edge|p2a: Magnezone","|-resisted|p2a: Magnezone","|-damage|p2a: Magnezone|145/300","|-damage|p1a: Raptor|248/311|[from] recoil|[of] p2a: Magnezone","|move|p2a: Magnezone|Thunderbolt|p1a: Raptor","|-supereffective|p1a: Raptor","|-damage|p1a: Raptor|0 fnt","|faint|p1a: Raptor","|","|-heal|p2a: Magnezone|163/300|[from] item: Leftovers","|","|switch|p1a: Sushi|Gyarados, F, shiny|331/331","|turn|5","|","|move|p2a: Magnezone|Protect|p2a: Magnezone","|-singleturn|p2a: Magnezone|Protect","|move|p1a: Sushi|Earthquake|p2a: Magnezone","|-activate|p2a: Magnezone|Protect","|","|-heal|p2a: Magnezone|181/300|[from] item: Leftovers","|turn|6","|","|switch|p2a: Rotom-Wash|Rotom-Wash|241/241","|move|p1a: Sushi|Earthquake|p2a: Rotom-Wash","|-immune|p2a: Rotom-Wash|[msg]","|","|turn|7","|","|move|p2a: Rotom-Wash|Volt Switch|p1a: Sushi","|-supereffective|p1a: Sushi","|-damage|p1a: Sushi|0 fnt","|faint|p1a: Sushi","|","|switch|p2a: Raikou|Raikou|321/321","|-ability|p2a: Raikou|Pressure","|","|","|switch|p1a: Porunga|Dragonite, M, shiny|323/323","|turn|8","|","|move|p2a: Raikou|Substitute|p2a: Raikou","|-start|p2a: Raikou|Substitute","|-damage|p2a: Raikou|241/321","|move|p1a: Porunga|Dragon Dance|p1a: Porunga","|-boost|p1a: Porunga|atk|1","|-boost|p1a: Porunga|spe|1","|","|-heal|p2a: Raikou|261/321|[from] item: Leftovers","|turn|9","|","|move|p1a: Porunga|Dragon Claw|p2a: Raikou","|-end|p2a: Raikou|Substitute","|move|p2a: Raikou|Thunderbolt|p1a: Porunga","|-damage|p1a: Porunga|254/323","|","|-heal|p2a: Raikou|281/321|[from] item: Leftovers","|turn|10","|","|move|p1a: Porunga|Dragon Claw|p2a: Raikou","|-damage|p2a: Raikou|0 fnt","|faint|p2a: Raikou","|","|","|switch|p2a: Magnezone|Magnezone|181/300","|turn|11","|","|move|p2a: Magnezone|Protect|p2a: Magnezone","|-singleturn|p2a: Magnezone|Protect","|move|p1a: Porunga|Fire Punch|p2a: Magnezone","|-activate|p2a: Magnezone|Protect","|","|-heal|p2a: Magnezone|199/300|[from] item: Leftovers","|turn|12","|","|move|p1a: Porunga|Fire Punch|p2a: Magnezone","|-supereffective|p2a: Magnezone","|-damage|p2a: Magnezone|0 fnt","|faint|p2a: Magnezone","|","|","|switch|p2a: Zapdos|Zapdos|322/322","|-ability|p2a: Zapdos|Pressure","|turn|13","|","|move|p1a: Porunga|Dragon Claw|p2a: Zapdos","|-damage|p2a: Zapdos|118/322","|move|p2a: Zapdos|Discharge|p1a: Porunga","|-damage|p1a: Porunga|145/323","|","|-heal|p2a: Zapdos|138/322|[from] item: Leftovers","|turn|14","|","|move|p1a: Porunga|Dragon Claw|p2a: Zapdos","|-damage|p2a: Zapdos|0 fnt","|faint|p2a: Zapdos","|","|","|switch|p2a: Rotom-Wash|Rotom-Wash|241/241","|turn|15","|","|move|p1a: Porunga|Extreme Speed|p2a: Rotom-Wash","|-damage|p2a: Rotom-Wash|82/241","|move|p2a: Rotom-Wash|Will-O-Wisp|p1a: Porunga","|-status|p1a: Porunga|brn","|","|-damage|p1a: Porunga|105/323 brn|[from] brn","|turn|16","|","|switch|p2a: Ampharos|Ampharos, M|321/321","|move|p1a: Porunga|Extreme Speed|p2a: Ampharos","|-damage|p2a: Ampharos|258/321","|","|-damage|p1a: Porunga|65/323 brn|[from] brn","|turn|17","|","|move|p1a: Porunga|Dragon Claw|p2a: Ampharos","|-damage|p2a: Ampharos|161/321","|move|p2a: Ampharos|Cotton Guard|p2a: Ampharos","|-boost|p2a: Ampharos|def|3","|","|-damage|p1a: Porunga|25/323 brn|[from] brn","|turn|18","|","|move|p1a: Porunga|Dragon Claw|p2a: Ampharos","|-damage|p2a: Ampharos|124/321","|move|p2a: Ampharos|Rest|p2a: Ampharos","|-status|p2a: Ampharos|slp","|-heal|p2a: Ampharos|321/321 slp|[silent]","|-status|p2a: Ampharos|slp|[from] move: Rest","|","|-damage|p1a: Porunga|0 fnt|[from] brn","|faint|p1a: Porunga","|","|switch|p1a: Jupiter|Thundurus, M, shiny|299/299","|turn|19","|","|detailschange|p2a: Ampharos|Ampharos-Mega, M","|-mega|p2a: Ampharos|Ampharos|Ampharosite","|-ability|p2a: Ampharos|Mold Breaker","|move|p1a: Jupiter|Taunt|p2a: Ampharos","|-start|p2a: Ampharos|move: Taunt","|cant|p2a: Ampharos|slp","|cant|p2a: Ampharos|move: Taunt|Sleep Talk","|","|turn|20","|","|move|p1a: Jupiter|Hidden Power|p2a: Ampharos","|-supereffective|p2a: Ampharos","|-damage|p2a: Ampharos|201/321 slp","|cant|p2a: Ampharos|slp","|","|turn|21","|","|switch|p2a: Rotom-Wash|Rotom-Wash|82/241","|move|p1a: Jupiter|Hidden Power|p2a: Rotom-Wash","|-crit|p2a: Rotom-Wash","|-resisted|p2a: Rotom-Wash","|-damage|p2a: Rotom-Wash|36/241","|","|turn|22","|","|move|p2a: Rotom-Wash|Trick|p1a: Jupiter","|-activate|p2a: Rotom-Wash|move: Trick|[of] p1a: Jupiter","|-item|p1a: Jupiter|Choice Scarf|[from] move: Trick","|-item|p2a: Rotom-Wash|Sitrus Berry|[from] move: Trick","|-enditem|p2a: Rotom-Wash|Sitrus Berry|[eat]","|-heal|p2a: Rotom-Wash|96/241|[from] item: Sitrus Berry","|move|p1a: Jupiter|Thunderbolt|p2a: Rotom-Wash","|-damage|p2a: Rotom-Wash|0 fnt","|faint|p2a: Rotom-Wash","|","|","|switch|p2a: Ampharos|Ampharos-Mega, M|201/321 slp","|-ability|p2a: Ampharos|Mold Breaker","|turn|23","|","|move|p1a: Jupiter|Thunderbolt|p2a: Ampharos","|-resisted|p2a: Ampharos","|-damage|p2a: Ampharos|167/321 slp","|-curestatus|p2a: Ampharos|slp","|move|p2a: Ampharos|Rest|p2a: Ampharos","|-status|p2a: Ampharos|slp","|-heal|p2a: Ampharos|321/321 slp|[silent]","|-status|p2a: Ampharos|slp|[from] move: Rest","|","|turn|24","|","|move|p1a: Jupiter|Thunderbolt|p2a: Ampharos","|-resisted|p2a: Ampharos","|-damage|p2a: Ampharos|291/321 slp","|cant|p2a: Ampharos|slp","|move|p2a: Ampharos|Sleep Talk|p2a: Ampharos","|move|p2a: Ampharos|Cotton Guard|p2a: Ampharos|[from]Sleep Talk","|-boost|p2a: Ampharos|def|3","|","|turn|25","|","|switch|p1a: BIRD JESUS|Pidgeot, M, shiny|307/307","|cant|p2a: Ampharos|slp","|move|p2a: Ampharos|Sleep Talk|p2a: Ampharos","|move|p2a: Ampharos|Cotton Guard|p2a: Ampharos|[from]Sleep Talk","|-boost|p2a: Ampharos|def|3","|","|turn|26","|","|detailschange|p1a: BIRD JESUS|Pidgeot-Mega, M, shiny","|-mega|p1a: BIRD JESUS|Pidgeot|Pidgeotite","|move|p1a: BIRD JESUS|Protect|p1a: BIRD JESUS","|-singleturn|p1a: BIRD JESUS|Protect","|-curestatus|p2a: Ampharos|slp","|move|p2a: Ampharos|Dragon Pulse|p1a: BIRD JESUS","|-activate|p1a: BIRD JESUS|Protect","|","|turn|27","|","|move|p1a: BIRD JESUS|Hurricane|p2a: Ampharos","|-crit|p2a: Ampharos","|-resisted|p2a: Ampharos","|-damage|p2a: Ampharos|162/321","|move|p2a: Ampharos|Dragon Pulse|p1a: BIRD JESUS","|-damage|p1a: BIRD JESUS|91/307","|","|turn|28","|","|move|p1a: BIRD JESUS|Protect|p1a: BIRD JESUS","|-singleturn|p1a: BIRD JESUS|Protect","|move|p2a: Ampharos|Dragon Pulse|p1a: BIRD JESUS","|-activate|p1a: BIRD JESUS|Protect","|","|turn|29","|","|move|p1a: BIRD JESUS|Hurricane|p2a: Ampharos","|-resisted|p2a: Ampharos","|-damage|p2a: Ampharos|80/321","|move|p2a: Ampharos|Dragon Pulse|p1a: BIRD JESUS","|-damage|p1a: BIRD JESUS|0 fnt","|faint|p1a: BIRD JESUS","|","|","|switch|p1a: Jupiter|Thundurus, M, shiny|299/299","|turn|30","|","|move|p1a: Jupiter|Hidden Power|p2a: Ampharos","|-supereffective|p2a: Ampharos","|-damage|p2a: Ampharos|0 fnt","|faint|p2a: Ampharos","|","|","|switch|p2a: Condom|Eelektross, M|311/311","|turn|31","|","|move|p1a: Jupiter|Hidden Power|p2a: Condom","|-damage|p2a: Condom|271/311","|move|p2a: Condom|Thunderbolt|p1a: Jupiter","|-damage|p1a: Jupiter|139/299","|","|turn|32","|","|move|p1a: Jupiter|Hidden Power|p2a: Condom","|-damage|p2a: Condom|226/311","|move|p2a: Condom|Thunderbolt|p1a: Jupiter","|-damage|p1a: Jupiter|0 fnt","|faint|p1a: Jupiter","|","|win|Intern Twizz"],"p1rating":{"entryid":"6746795","serverid":"eos","formatid":"monotype","userid":"ltilsavage","username":"LTIL-Savage","w":"15","l":25,"t":"0","gxe":38.7,"r":1419.8731288955,"rd":61.066867109704,"sigma":"0","rptime":1438851600,"rpr":1412.2278071595,"rprd":60.310639836719,"rpsigma":"0","acre":1045.4338543252,"lacre":1045.4338543252,"oldacre":"1070.0119488377"},"p2rating":{"entryid":"7448162","serverid":"eos","formatid":"monotype","userid":"interntwizz","username":"Intern Twizz","w":1,"l":"1","t":"0","gxe":50.5,"r":"1500","rd":"130","sigma":"0","rptime":"1438851600","rpr":1504.0267653925,"rprd":115.91946126483,"rpsigma":"0","acre":1047.9530650239,"lacre":1047.9530650239,"oldacre":"1000"},"endType":"normal"}