{"seed":[61757,36905,16844,43646],"turns":30,"p1":"Topaz~Pikel","p2":"Dusk Hoot","p1team":[{"name":"BR34ST L3GZ","species":"medicham","item":"medichamite","ability":"Pure Power","moves":["highjumpkick","zenheadbutt","icepunch","fakeout"],"nature":"Jolly","evs":{"hp":0,"atk":252,"def":0,"spa":0,"spd":4,"spe":252},"ivs":{"hp":31,"atk":31,"def":31,"spa":31,"spd":31,"spe":31}},{"name":"BarsForEons","species":"latios","item":"lifeorb","ability":"Levitate","moves":["defog","dracometeor","psyshock","hiddenpowerfire"],"nature":"Timid","evs":{"hp":0,"atk":0,"def":0,"spa":252,"spd":4,"spe":252},"ivs":{"hp":31,"atk":30,"def":31,"spa":30,"spd":31,"spe":30}},{"name":"Zarel","species":"meloetta","item":"choicespecs","ability":"Serene Grace","moves":["shadowball","thunderbolt","hypervoice","psychic"],"nature":"Timid","evs":{"hp":0,"atk":0,"def":4,"spa":252,"spd":0,"spe":252},"ivs":{"hp":31,"atk":31,"def":31,"spa":31,"spd":31,"spe":31}},{"name":"Wish Maker","species":"jirachi","item":"leftovers","ability":"Serene Grace","moves":["stealthrock","wish","thunderwave","ironhead"],"nature":"Careful","evs":{"hp":252,"atk":0,"def":4,"spa":0,"spd":252,"spe":0},"ivs":{"hp":31,"atk":31,"def":31,"spa":31,"spd":31,"spe":31}},{"name":"V1C70RY","species":"victini","item":"choicescarf","ability":"Victory Star","moves":["boltstrike","zenheadbutt","uturn","vcreate"],"nature":"Jolly","evs":{"hp":0,"atk":252,"def":0,"spa":0,"spd":4,"spe":252},"ivs":{"hp":31,"atk":31,"def":31,"spa":31,"spd":31,"spe":31}},{"name":"Internet Explorer","species":"slowbro","item":"rockyhelmet","ability":"Regenerator","moves":["scald","slackoff","thunderwave","fireblast"],"nature":"Bold","evs":{"hp":248,"atk":0,"def":252,"spa":8,"spd":0,"spe":0},"ivs":{"hp":31,"atk":31,"def":31,"spa":31,"spd":31,"spe":31}}],"p2team":[{"name":"Shuckle","species":"Shuckle","item":"leftovers","ability":"Sturdy","moves":["stickyweb","stealthrock","toxic","encore"],"nature":"Calm","evs":{"hp":252,"atk":0,"def":4,"spa":0,"spd":252,"spe":0},"ivs":{"hp":31,"atk":31,"def":31,"spa":31,"spd":31,"spe":31}},{"name":"Diancie","species":"Diancie","item":"diancite","ability":"Clear Body","moves":["moonblast","diamondstorm","earthpower","protect"],"nature":"Hasty","evs":{"hp":0,"atk":4,"def":0,"spa":252,"spd":0,"spe":252},"ivs":{"hp":31,"atk":31,"def":31,"spa":31,"spd":31,"spe":31}},{"name":"Golem","species":"Golem","item":"weaknesspolicy","ability":"Sturdy","moves":["rockblast","earthquake","suckerpunch","firepunch"],"nature":"Adamant","evs":{"hp":0,"atk":252,"def":0,"spa":0,"spd":4,"spe":252},"ivs":{"hp":31,"atk":31,"def":31,"spa":31,"spd":31,"spe":31}},{"name":"Archeops","species":"Archeops","item":"powerherb","ability":"Defeatist","moves":["acrobatics","skyattack","heatwave","uturn"],"nature":"Hasty","evs":{"hp":0,"atk":252,"def":0,"spa":4,"spd":0,"spe":252},"ivs":{"hp":31,"atk":31,"def":31,"spa":31,"spd":31,"spe":31}},{"name":"Aerodactyl","species":"Aerodactyl","item":"choiceband","ability":"Pressure","moves":["aerialace","stoneedge","earthquake","crunch"],"nature":"Jolly","evs":{"hp":0,"atk":252,"def":0,"spa":0,"spd":4,"spe":252},"ivs":{"hp":31,"atk":31,"def":31,"spa":31,"spd":31,"spe":31}},{"name":"Cradily","species":"Cradily","item":"leftovers","ability":"Storm Drain","moves":["gigadrain","stockpile","toxic","recover"],"nature":"Calm","evs":{"hp":252,"atk":0,"def":0,"spa":4,"spd":252,"spe":0},"ivs":{"hp":31,"atk":31,"def":31,"spa":31,"spd":31,"spe":31}}],"log":["|player|p1|Topaz~Pikel|164","|player|p2|Dusk Hoot|266","|gametype|singles","|gen|6","|tier|Monotype","|rated","|rule|Baton Pass Clause: Limit one Baton Passer, can't pass Spe and other stats simultaneously","|rule|Swagger Clause: Swagger is banned","|rule|Same Type Clause: Pokémon in a team must share a type","|clearpoke","|poke|p1|Medicham, F","|poke|p1|Latios, M","|poke|p1|Meloetta","|poke|p1|Jirachi","|poke|p1|Victini","|poke|p1|Slowbro, M","|poke|p2|Shuckle, M","|poke|p2|Diancie","|poke|p2|Golem, M","|poke|p2|Archeops, M","|poke|p2|Aerodactyl, F","|poke|p2|Cradily, F","|rule|Sleep Clause Mod: Limit one foe put to sleep","|rule|Species Clause: Limit one of each Pokémon","|rule|OHKO Clause: OHKO moves are banned","|rule|Moody Clause: Moody is banned","|rule|Evasion Moves Clause: Evasion moves are banned","|rule|Endless Battle Clause: Forcing endless battles is banned","|rule|HP Percentage Mod: HP is shown in percentages","|teampreview","|","|start","|switch|p1a: BR34ST L3GZ|Medicham, F|261/261","|switch|p2a: Aerodactyl|Aerodactyl, F|301/301","|-ability|p2a: Aerodactyl|Pressure","|turn|1","|","|detailschange|p1a: BR34ST L3GZ|Medicham-Mega, F","|-mega|p1a: BR34ST L3GZ|Medicham|Medichamite","|move|p1a: BR34ST L3GZ|Fake Out|p2a: Aerodactyl","|-resisted|p2a: Aerodactyl","|-damage|p2a: Aerodactyl|247/301","|cant|p2a: Aerodactyl|flinch","|","|turn|2","|","|switch|p1a: Internet Explorer|Slowbro, M|393/393","|move|p2a: Aerodactyl|Aerial Ace|p1a: Internet Explorer","|-damage|p1a: Internet Explorer|299/393","|-damage|p2a: Aerodactyl|197/301|[from] item: Rocky Helmet|[of] p1a: Internet Explorer","|","|turn|3","|","|switch|p2a: Shuckle|Shuckle, M|244/244","|switch|p1a: Wish Maker|Jirachi|404/404","|","|turn|4","|","|move|p1a: Wish Maker|Thunder Wave|p2a: Shuckle","|-status|p2a: Shuckle|par","|move|p2a: Shuckle|Sticky Web|p1a: Wish Maker","|-sidestart|p1: Topaz~Pikel|move: Sticky Web","|","|turn|5","|","|move|p1a: Wish Maker|Stealth Rock|p2a: Shuckle","|-sidestart|p2: Dusk Hoot|move: Stealth Rock","|move|p2a: Shuckle|Stealth Rock|p1a: Wish Maker","|-sidestart|p1: Topaz~Pikel|move: Stealth Rock","|","|turn|6","|","|move|p1a: Wish Maker|Iron Head|p2a: Shuckle","|-supereffective|p2a: Shuckle","|-damage|p2a: Shuckle|152/244 par","|move|p2a: Shuckle|Encore|p1a: Wish Maker","|-start|p1a: Wish Maker|Encore","|","|-heal|p2a: Shuckle|167/244 par|[from] item: Leftovers","|turn|7","|","|move|p1a: Wish Maker|Iron Head|p2a: Shuckle","|-supereffective|p2a: Shuckle","|-damage|p2a: Shuckle|71/244 par","|move|p2a: Shuckle|Toxic|p1a: Wish Maker","|-immune|p1a: Wish Maker|[msg]","|","|-heal|p2a: Shuckle|86/244 par|[from] item: Leftovers","|turn|8","|","|move|p1a: Wish Maker|Iron Head|p2a: Shuckle","|-supereffective|p2a: Shuckle","|-damage|p2a: Shuckle|2/244 par","|cant|p2a: Shuckle|flinch","|","|-heal|p2a: Shuckle|17/244 par|[from] item: Leftovers","|turn|9","|","|move|p1a: Wish Maker|Iron Head|p2a: Shuckle","|-supereffective|p2a: Shuckle","|-damage|p2a: Shuckle|0 fnt","|faint|p2a: Shuckle","|","|-end|p1a: Wish Maker|Encore","|","|switch|p2a: Golem|Golem, M|301/301","|-damage|p2a: Golem|283/301|[from] Stealth Rock","|turn|10","|","|switch|p1a: Internet Explorer|Slowbro, M|393/393","|-damage|p1a: Internet Explorer|344/393|[from] Stealth Rock","|-activate|p1a: Internet Explorer|move: Sticky Web","|-unboost|p1a: Internet Explorer|spe|1","|move|p2a: Golem|Earthquake|p1a: Internet Explorer","|-damage|p1a: Internet Explorer|229/393","|","|turn|11","|","|move|p2a: Golem|Earthquake|p1a: Internet Explorer","|-damage|p1a: Internet Explorer|114/393","|move|p1a: Internet Explorer|Slack Off|p1a: Internet Explorer","|-heal|p1a: Internet Explorer|311/393","|","|turn|12","|","|switch|p2a: Cradily|Cradily, F|376/376","|-damage|p2a: Cradily|329/376|[from] Stealth Rock","|move|p1a: Internet Explorer|Slack Off|p1a: Internet Explorer","|-heal|p1a: Internet Explorer|393/393","|","|-heal|p2a: Cradily|352/376|[from] item: Leftovers","|turn|13","|","|switch|p1a: Wish Maker|Jirachi|404/404","|-activate|p1a: Wish Maker|move: Sticky Web","|-unboost|p1a: Wish Maker|spe|1","|-damage|p1a: Wish Maker|379/404|[from] Stealth Rock","|move|p2a: Cradily|Giga Drain|p1a: Wish Maker","|-resisted|p1a: Wish Maker","|-damage|p1a: Wish Maker|351/404","|-heal|p2a: Cradily|366/376|[from] drain|[of] p1a: Wish Maker","|","|-heal|p1a: Wish Maker|376/404|[from] item: Leftovers","|-heal|p2a: Cradily|376/376|[from] item: Leftovers","|turn|14","|","|switch|p2a: Golem|Golem, M|283/301","|-damage|p2a: Golem|265/301|[from] Stealth Rock","|move|p1a: Wish Maker|Iron Head|p2a: Golem","|-supereffective|p2a: Golem","|-damage|p2a: Golem|121/301","|-enditem|p2a: Golem|Weakness Policy","|-boost|p2a: Golem|atk|2|[from] item: Weakness Policy","|-boost|p2a: Golem|spa|2|[from] item: Weakness Policy","|","|-heal|p1a: Wish Maker|401/404|[from] item: Leftovers","|turn|15","|","|move|p2a: Golem|Sucker Punch|p1a: Wish Maker","|-supereffective|p1a: Wish Maker","|-damage|p1a: Wish Maker|41/404","|move|p1a: Wish Maker|Iron Head|p2a: Golem","|-crit|p2a: Golem","|-supereffective|p2a: Golem","|-damage|p2a: Golem|0 fnt","|faint|p2a: Golem","|","|-heal|p1a: Wish Maker|66/404|[from] item: Leftovers","|","|switch|p2a: Aerodactyl|Aerodactyl, F|197/301","|-damage|p2a: Aerodactyl|122/301|[from] Stealth Rock","|-ability|p2a: Aerodactyl|Pressure","|turn|16","|","|switch|p1a: Internet Explorer|Slowbro, M|393/393","|-activate|p1a: Internet Explorer|move: Sticky Web","|-unboost|p1a: Internet Explorer|spe|1","|-damage|p1a: Internet Explorer|344/393|[from] Stealth Rock","|move|p2a: Aerodactyl|Crunch|p1a: Internet Explorer","|-supereffective|p1a: Internet Explorer","|-damage|p1a: Internet Explorer|178/393","|-damage|p2a: Aerodactyl|72/301|[from] item: Rocky Helmet|[of] p1a: Internet Explorer","|","|turn|17","|","|move|p2a: Aerodactyl|Crunch|p1a: Internet Explorer","|-supereffective|p1a: Internet Explorer","|-damage|p1a: Internet Explorer|4/393","|-damage|p2a: Aerodactyl|22/301|[from] item: Rocky Helmet|[of] p1a: Internet Explorer","|move|p1a: Internet Explorer|Slack Off|p1a: Internet Explorer","|-heal|p1a: Internet Explorer|201/393","|","|turn|18","|","|move|p2a: Aerodactyl|Crunch|p1a: Internet Explorer","|-supereffective|p1a: Internet Explorer","|-damage|p1a: Internet Explorer|39/393","|-damage|p2a: Aerodactyl|0 fnt|[from] item: Rocky Helmet|[of] p1a: Internet Explorer","|faint|p2a: Aerodactyl","|move|p1a: Internet Explorer|Slack Off|p1a: Internet Explorer","|-heal|p1a: Internet Explorer|236/393","|","|","|switch|p2a: Diancie|Diancie|241/241","|-damage|p2a: Diancie|211/241|[from] Stealth Rock","|turn|19","|","|detailschange|p2a: Diancie|Diancie-Mega","|-mega|p2a: Diancie|Diancie|Diancite","|move|p2a: Diancie|Moonblast|p1a: Internet Explorer","|-damage|p1a: Internet Explorer|0 fnt","|faint|p1a: Internet Explorer","|","|","|switch|p1a: Zarel|Meloetta|341/341","|-damage|p1a: Zarel|299/341|[from] Stealth Rock","|-activate|p1a: Zarel|move: Sticky Web","|-unboost|p1a: Zarel|spe|1","|turn|20","|","|move|p2a: Diancie|Diamond Storm|p1a: Zarel","|-damage|p1a: Zarel|64/341","|move|p1a: Zarel|Psychic|p2a: Diancie","|-damage|p2a: Diancie|9/241","|","|turn|21","|","|move|p2a: Diancie|Moonblast|p1a: Zarel","|-damage|p1a: Zarel|0 fnt","|faint|p1a: Zarel","|","|","|switch|p1a: BR34ST L3GZ|Medicham-Mega, F|261/261","|-damage|p1a: BR34ST L3GZ|245/261|[from] Stealth Rock","|-activate|p1a: BR34ST L3GZ|move: Sticky Web","|-unboost|p1a: BR34ST L3GZ|spe|1","|turn|22","|","|move|p1a: BR34ST L3GZ|Fake Out|p2a: Diancie","|-resisted|p2a: Diancie","|-damage|p2a: Diancie|0 fnt","|faint|p2a: Diancie","|","|","|switch|p2a: Archeops|Archeops, M|291/291","|-damage|p2a: Archeops|219/291|[from] Stealth Rock","|turn|23","|","|switch|p1a: Wish Maker|Jirachi|66/404","|-damage|p1a: Wish Maker|41/404|[from] Stealth Rock","|-activate|p1a: Wish Maker|move: Sticky Web","|-unboost|p1a: Wish Maker|spe|1","|move|p2a: Archeops|Sky Attack|p1a: Wish Maker|[still]","|-prepare|p2a: Archeops|Sky Attack|p1a: Wish Maker","|-enditem|p2a: Archeops|Power Herb","|-anim|p2a: Archeops|Sky Attack|p1a: Wish Maker","|-resisted|p1a: Wish Maker","|-damage|p1a: Wish Maker|0 fnt","|faint|p1a: Wish Maker","|","|","|switch|p1a: BarsForEons|Latios, M|301/301","|-damage|p1a: BarsForEons|264/301|[from] Stealth Rock","|turn|24","|","|move|p2a: Archeops|Acrobatics|p1a: BarsForEons","|-crit|p1a: BarsForEons","|-damage|p1a: BarsForEons|0 fnt","|faint|p1a: BarsForEons","|","|","|switch|p1a: V1C70RY|Victini|341/341","|-damage|p1a: V1C70RY|256/341|[from] Stealth Rock","|-activate|p1a: V1C70RY|move: Sticky Web","|-unboost|p1a: V1C70RY|spe|1","|turn|25","|","|move|p2a: Archeops|Acrobatics|p1a: V1C70RY","|-damage|p1a: V1C70RY|54/341","|move|p1a: V1C70RY|Bolt Strike|p2a: Archeops","|-supereffective|p2a: Archeops","|-damage|p2a: Archeops|0 fnt","|faint|p2a: Archeops","|","|","|switch|p2a: Cradily|Cradily, F|376/376","|-damage|p2a: Cradily|329/376|[from] Stealth Rock","|turn|26","|","|move|p1a: V1C70RY|Bolt Strike|p2a: Cradily","|-resisted|p2a: Cradily","|-damage|p2a: Cradily|259/376","|move|p2a: Cradily|Stockpile|p2a: Cradily","|-start|p2a: Cradily|stockpile1","|-boost|p2a: Cradily|def|1","|-boost|p2a: Cradily|spd|1","|","|-heal|p2a: Cradily|282/376|[from] item: Leftovers","|turn|27","|","|switch|p1a: BR34ST L3GZ|Medicham-Mega, F|245/261","|-activate|p1a: BR34ST L3GZ|move: Sticky Web","|-unboost|p1a: BR34ST L3GZ|spe|1","|-damage|p1a: BR34ST L3GZ|229/261|[from] Stealth Rock","|move|p2a: Cradily|Stockpile|p2a: Cradily","|-start|p2a: Cradily|stockpile2","|-boost|p2a: Cradily|def|1","|-boost|p2a: Cradily|spd|1","|","|-heal|p2a: Cradily|305/376|[from] item: Leftovers","|turn|28","|","|move|p1a: BR34ST L3GZ|Fake Out|p2a: Cradily","|-resisted|p2a: Cradily","|-damage|p2a: Cradily|285/376","|cant|p2a: Cradily|flinch","|","|-heal|p2a: Cradily|308/376|[from] item: Leftovers","|turn|29","|","|move|p1a: BR34ST L3GZ|High Jump Kick|p2a: Cradily|[miss]","|-miss|p1a: BR34ST L3GZ|p2a: Cradily","|-damage|p1a: BR34ST L3GZ|99/261|[from] highjumpkick","|move|p2a: Cradily|Giga Drain|p1a: BR34ST L3GZ","|-damage|p1a: BR34ST L3GZ|6/261","|-heal|p2a: Cradily|355/376|[from] drain|[of] p1a: BR34ST L3GZ","|","|-heal|p2a: Cradily|376/376|[from] item: Leftovers","|turn|30","|","|move|p1a: BR34ST L3GZ|High Jump Kick|p2a: Cradily","|-supereffective|p2a: Cradily","|-damage|p2a: Cradily|10/376","|move|p2a: Cradily|Giga Drain|p1a: BR34ST L3GZ","|-damage|p1a: BR34ST L3GZ|0 fnt","|-heal|p2a: Cradily|13/376|[from] drain|[of] p1a: BR34ST L3GZ","|faint|p1a: BR34ST L3GZ","|","|-heal|p2a: Cradily|36/376|[from] item: Leftovers","|","|switch|p1a: V1C70RY|Victini|54/341","|-activate|p1a: V1C70RY|move: Sticky Web","|-unboost|p1a: V1C70RY|spe|1","|-damage|p1a: V1C70RY|0 fnt|[from] Stealth Rock","|faint|p1a: V1C70RY","|","|win|Dusk Hoot"],"p1rating":{"entryid":"7419563","serverid":"eos","formatid":"monotype","userid":"topazpikel","username":"Topaz~Pikel","w":"13","l":3,"t":"0","gxe":70.6,"r":"1500","rd":"130","sigma":"0","rptime":"1438765200","rpr":1668.6928763659,"rprd":75.621277816465,"rpsigma":"0","acre":1234.0016248821,"lacre":1234.0016248821,"oldacre":"1265.5059327867"},"p2rating":{"entryid":"6278074","serverid":"eos","formatid":"monotype","userid":"duskhoot","username":"Dusk Hoot","w":38,"l":"26","t":"0","gxe":58,"r":"1554.6661899272","rd":"54.431275426109","sigma":"0","rptime":"1438765200","rpr":1561.2748663647,"rprd":53.88082819398,"rpsigma":"0","acre":1204.4904981263,"lacre":1204.4904981263,"oldacre":"1172.9861902217"},"endType":"normal"}