{"seed":[9907,36365,30903,42482],"turns":25,"p1":"alliance - ed wins","p2":"Knight♕Zygarde","p1team":[{"name":"Generic Fairy V2.1","species":"diancie","item":"leftovers","ability":"Clear Body","moves":["stealthrock","trickroom","diamondstorm","explosion"],"nature":"Brave","evs":{"hp":248,"atk":252,"def":8,"spa":0,"spd":0,"spe":0},"ivs":{"hp":31,"atk":31,"def":31,"spa":31,"spd":31,"spe":0}},{"name":"Anon Twink","species":"sylveon","item":"choicespecs","ability":"Pixilate","moves":["hypervoice","hiddenpowerfire","psyshock","shadowball"],"nature":"Quiet","evs":{"hp":248,"atk":0,"def":8,"spa":252,"spd":0,"spe":0},"gender":"M","ivs":{"hp":31,"atk":0,"def":31,"spa":30,"spd":31,"spe":0}},{"name":"Urine Trouble","species":"azumarill","item":"lifeorb","ability":"Huge Power","moves":["playrough","waterfall","superpower","aquajet"],"nature":"Brave","evs":{"hp":248,"atk":252,"def":0,"spa":0,"spd":8,"spe":0},"gender":"M","ivs":{"hp":31,"atk":31,"def":31,"spa":31,"spd":31,"spe":0},"shiny":true},{"name":"Gardevoir-Senpai","species":"gardevoir","item":"gardevoirite","ability":"Trace","moves":["hypervoice","focusblast","trickroom","healingwish"],"nature":"Quiet","evs":{"hp":248,"atk":0,"def":8,"spa":252,"spd":0,"spe":0},"gender":"M","ivs":{"hp":31,"atk":0,"def":31,"spa":31,"spd":31,"spe":0},"shiny":true},{"name":"Janitors Fren","species":"klefki","item":"lightclay","ability":"Prankster","moves":["reflect","lightscreen","foulplay","spikes"],"nature":"Bold","evs":{"hp":248,"atk":0,"def":252,"spa":0,"spd":8,"spe":0},"ivs":{"hp":31,"atk":0,"def":31,"spa":31,"spd":31,"spe":31}},{"name":"'Murica","species":"togekiss","item":"choicescarf","ability":"Serene Grace","moves":["airslash","fireblast","dazzlinggleam","trick"],"nature":"Timid","evs":{"hp":0,"atk":0,"def":0,"spa":252,"spd":4,"spe":252},"ivs":{"hp":31,"atk":0,"def":31,"spa":31,"spd":31,"spe":31}}],"p2team":[{"name":"Zygarde","species":"Zygarde","item":"lifeorb","ability":"Aura Break","moves":["dragondance","stoneedge","outrage","earthquake"],"nature":"Adamant","evs":{"hp":4,"atk":252,"def":0,"spa":0,"spd":0,"spe":252},"ivs":{"hp":31,"atk":31,"def":31,"spa":31,"spd":31,"spe":31}},{"name":"Garchomp","species":"Garchomp","item":"choicescarf","ability":"Rough Skin","moves":["dragonclaw","earthquake","ironhead","brickbreak"],"nature":"Jolly","evs":{"hp":4,"atk":252,"def":0,"spa":0,"spd":0,"spe":252},"ivs":{"hp":31,"atk":31,"def":31,"spa":31,"spd":31,"spe":31}},{"name":"Gliscor","species":"Gliscor","item":"toxicorb","ability":"Poison Heal","moves":["fling","roost","acrobatics","earthquake"],"nature":"Adamant","evs":{"hp":184,"atk":252,"def":0,"spa":0,"spd":0,"spe":72},"ivs":{"hp":31,"atk":31,"def":31,"spa":31,"spd":31,"spe":31}},{"name":"Hippowdon","species":"Hippowdon","item":"leftovers","ability":"Sand Stream","moves":["earthquake","stealthrock","toxic","slackoff"],"nature":"Impish","evs":{"hp":252,"atk":4,"def":252,"spa":0,"spd":0,"spe":0},"ivs":{"hp":31,"atk":31,"def":31,"spa":31,"spd":31,"spe":31}},{"name":"Excadrill","species":"Excadrill","item":"choicescarf","ability":"Mold Breaker","moves":["earthquake","ironhead","rockslide","xscissor"],"nature":"Jolly","evs":{"hp":0,"atk":252,"def":0,"spa":0,"spd":4,"spe":252},"ivs":{"hp":31,"atk":31,"def":31,"spa":31,"spd":31,"spe":31}},{"name":"Swampert","species":"Swampert","item":"swampertite","ability":"Torrent","moves":["earthquake","waterfall","raindance","outrage"],"nature":"Adamant","evs":{"hp":248,"atk":252,"def":0,"spa":0,"spd":8,"spe":0},"ivs":{"hp":31,"atk":31,"def":31,"spa":31,"spd":31,"spe":31}}],"log":["|player|p1|alliance - ed wins|102","|player|p2|Knight♕Zygarde|knightzygarde.png","|gametype|singles","|gen|6","|tier|Monotype","|rated","|rule|Baton Pass Clause: Limit one Baton Passer, can't pass Spe and other stats simultaneously","|rule|Swagger Clause: Swagger is banned","|rule|Same Type Clause: Pokémon in a team must share a type","|clearpoke","|poke|p1|Diancie","|poke|p1|Sylveon, M","|poke|p1|Azumarill, M, shiny","|poke|p1|Gardevoir, M, shiny","|poke|p1|Klefki, M","|poke|p1|Togekiss, M","|poke|p2|Zygarde","|poke|p2|Garchomp, M","|poke|p2|Gliscor, F","|poke|p2|Hippowdon, M","|poke|p2|Excadrill, F","|poke|p2|Swampert, M","|rule|Sleep Clause Mod: Limit one foe put to sleep","|rule|Species Clause: Limit one of each Pokémon","|rule|OHKO Clause: OHKO moves are banned","|rule|Moody Clause: Moody is banned","|rule|Evasion Moves Clause: Evasion moves are banned","|rule|Endless Battle Clause: Forcing endless battles is banned","|rule|HP Percentage Mod: HP is shown in percentages","|teampreview","|","|start","|switch|p1a: Anon Twink|Sylveon, M|393/393","|switch|p2a: Gliscor|Gliscor, F|337/337","|turn|1","|","|move|p2a: Gliscor|Earthquake|p1a: Anon Twink","|-damage|p1a: Anon Twink|189/393","|move|p1a: Anon Twink|Hyper Voice|p2a: Gliscor","|-damage|p2a: Gliscor|0 fnt","|faint|p2a: Gliscor","|","|","|switch|p2a: Excadrill|Excadrill, F|361/361","|-ability|p2a: Excadrill|Mold Breaker","|turn|2","|","|switch|p1a: Janitors Fren|Klefki, M|317/317","|move|p2a: Excadrill|Iron Head|p1a: Janitors Fren","|-damage|p1a: Janitors Fren|209/317","|","|turn|3","|","|switch|p2a: Swampert|Swampert, M|403/403","|switch|p1a: Urine Trouble|Azumarill, M, shiny|403/403","|","|turn|4","|","|switch|p1a: 'Murica|Togekiss, M|311/311","|detailschange|p2a: Swampert|Swampert-Mega, M","|-mega|p2a: Swampert|Swampert|Swampertite","|move|p2a: Swampert|Earthquake|p1a: 'Murica","|-immune|p1a: 'Murica|[msg]","|","|turn|5","|","|move|p1a: 'Murica|Air Slash|p2a: Swampert","|-damage|p2a: Swampert|286/403","|cant|p2a: Swampert|flinch","|","|turn|6","|","|switch|p2a: Excadrill|Excadrill, F|361/361","|-ability|p2a: Excadrill|Mold Breaker","|move|p1a: 'Murica|Air Slash|p2a: Excadrill","|-resisted|p2a: Excadrill","|-damage|p2a: Excadrill|271/361","|","|turn|7","|","|move|p2a: Excadrill|Iron Head|p1a: 'Murica","|-supereffective|p1a: 'Murica","|-damage|p1a: 'Murica|27/311","|move|p1a: 'Murica|Air Slash|p2a: Excadrill","|-crit|p2a: Excadrill","|-resisted|p2a: Excadrill","|-damage|p2a: Excadrill|140/361","|","|turn|8","|","|switch|p1a: Janitors Fren|Klefki, M|209/317","|move|p2a: Excadrill|Iron Head|p1a: Janitors Fren","|-damage|p1a: Janitors Fren|97/317","|","|turn|9","|","|move|p1a: Janitors Fren|Reflect|p1a: Janitors Fren","|-sidestart|p1: alliance - ed wins|Reflect","|move|p2a: Excadrill|Iron Head|p1a: Janitors Fren","|-damage|p1a: Janitors Fren|41/317","|","|turn|10","|","|switch|p1a: Urine Trouble|Azumarill, M, shiny|403/403","|move|p2a: Excadrill|Iron Head|p1a: Urine Trouble","|-damage|p1a: Urine Trouble|322/403","|","|turn|11","|","|switch|p2a: Swampert|Swampert-Mega, M|286/403","|move|p1a: Urine Trouble|Waterfall|p2a: Swampert","|-damage|p2a: Swampert|64/403","|-damage|p1a: Urine Trouble|282/403|[from] item: Life Orb","|","|turn|12","|","|move|p1a: Urine Trouble|Aqua Jet|p2a: Swampert","|-damage|p2a: Swampert|0 fnt","|-damage|p1a: Urine Trouble|242/403|[from] item: Life Orb","|faint|p2a: Swampert","|","|","|switch|p2a: Garchomp|Garchomp, M|358/358","|turn|13","|","|move|p2a: Garchomp|Brick Break|p1a: Urine Trouble","|-sideend|p1: alliance - ed wins|Reflect","|-resisted|p1a: Urine Trouble","|-damage|p1a: Urine Trouble|190/403","|move|p1a: Urine Trouble|Play Rough|p2a: Garchomp|[miss]","|-miss|p1a: Urine Trouble|p2a: Garchomp","|","|turn|14","|","|switch|p2a: Excadrill|Excadrill, F|140/361","|-ability|p2a: Excadrill|Mold Breaker","|switch|p1a: 'Murica|Togekiss, M|27/311","|","|turn|15","|","|move|p2a: Excadrill|Iron Head|p1a: 'Murica","|-supereffective|p1a: 'Murica","|-damage|p1a: 'Murica|0 fnt","|faint|p1a: 'Murica","|","|","|switch|p1a: Janitors Fren|Klefki, M|41/317","|turn|16","|","|move|p1a: Janitors Fren|Reflect|p1a: Janitors Fren","|-sidestart|p1: alliance - ed wins|Reflect","|move|p2a: Excadrill|Iron Head|p1a: Janitors Fren","|-damage|p1a: Janitors Fren|0 fnt","|faint|p1a: Janitors Fren","|","|","|switch|p1a: Gardevoir-Senpai|Gardevoir, M, shiny|339/339","|-ability|p1a: Gardevoir-Senpai|Mold Breaker|[from] ability: Trace|[of] p2a: Excadrill","|-ability|p1a: Gardevoir-Senpai|Mold Breaker","|turn|17","|","|move|p2a: Excadrill|Iron Head|p1a: Gardevoir-Senpai","|-crit|p1a: Gardevoir-Senpai","|-supereffective|p1a: Gardevoir-Senpai","|-damage|p1a: Gardevoir-Senpai|0 fnt","|faint|p1a: Gardevoir-Senpai","|","|","|switch|p1a: Urine Trouble|Azumarill, M, shiny|190/403","|turn|18","|","|switch|p2a: Hippowdon|Hippowdon, M|420/420","|-weather|Sandstorm","|move|p1a: Urine Trouble|Aqua Jet|p2a: Hippowdon","|-supereffective|p2a: Hippowdon","|-damage|p2a: Hippowdon|285/420","|-damage|p1a: Urine Trouble|150/403|[from] item: Life Orb","|","|-weather|Sandstorm|[upkeep]","|-damage|p1a: Urine Trouble|125/403|[from] sandstorm","|-heal|p2a: Hippowdon|311/420|[from] item: Leftovers","|turn|19","|","|move|p2a: Hippowdon|Stealth Rock|p1a: Urine Trouble","|-sidestart|p1: alliance - ed wins|move: Stealth Rock","|move|p1a: Urine Trouble|Waterfall|p2a: Hippowdon","|-supereffective|p2a: Hippowdon","|-damage|p2a: Hippowdon|30/420","|-damage|p1a: Urine Trouble|85/403|[from] item: Life Orb","|","|-weather|Sandstorm|[upkeep]","|-damage|p1a: Urine Trouble|60/403|[from] sandstorm","|-heal|p2a: Hippowdon|56/420|[from] item: Leftovers","|turn|20","|","|move|p1a: Urine Trouble|Aqua Jet|p2a: Hippowdon","|-supereffective|p2a: Hippowdon","|-damage|p2a: Hippowdon|0 fnt","|-damage|p1a: Urine Trouble|20/403|[from] item: Life Orb","|faint|p2a: Hippowdon","|","|-weather|Sandstorm|[upkeep]","|-damage|p1a: Urine Trouble|0 fnt|[from] sandstorm","|faint|p1a: Urine Trouble","|","|switch|p2a: Zygarde|Zygarde|358/358","|switch|p1a: Generic Fairy V2.1|Diancie|303/303","|-ability|p2a: Zygarde|Aura Break","|-damage|p1a: Generic Fairy V2.1|266/303|[from] Stealth Rock","|turn|21","|","|move|p2a: Zygarde|Dragon Dance|p2a: Zygarde","|-boost|p2a: Zygarde|atk|1","|-boost|p2a: Zygarde|spe|1","|move|p1a: Generic Fairy V2.1|Trick Room|p1a: Generic Fairy V2.1","|-fieldstart|move: Trick Room|[of] p1a: Generic Fairy V2.1","|","|-weather|Sandstorm|[upkeep]","|-heal|p1a: Generic Fairy V2.1|284/303|[from] item: Leftovers","|turn|22","|","|move|p1a: Generic Fairy V2.1|Explosion|p2a: Zygarde","|-damage|p2a: Zygarde|124/358","|faint|p1a: Generic Fairy V2.1","|move|p2a: Zygarde|Earthquake|p1: Generic Fairy V2.1|[notarget]","|-notarget","|","|-weather|none","|","|switch|p1a: Anon Twink|Sylveon, M|189/393","|-damage|p1a: Anon Twink|140/393|[from] Stealth Rock","|turn|23","|","|move|p1a: Anon Twink|Hyper Voice|p2a: Zygarde","|-supereffective|p2a: Zygarde","|-damage|p2a: Zygarde|0 fnt","|faint|p2a: Zygarde","|","|-sideend|p1: alliance - ed wins|Reflect","|","|switch|p2a: Garchomp|Garchomp, M|358/358","|turn|24","|","|move|p1a: Anon Twink|Hyper Voice|p2a: Garchomp","|-supereffective|p2a: Garchomp","|-damage|p2a: Garchomp|0 fnt","|faint|p2a: Garchomp","|","|","|switch|p2a: Excadrill|Excadrill, F|140/361","|-ability|p2a: Excadrill|Mold Breaker","|turn|25","|","|move|p1a: Anon Twink|Hyper Voice|p2a: Excadrill","|-resisted|p2a: Excadrill","|-damage|p2a: Excadrill|0 fnt","|faint|p2a: Excadrill","|","|win|alliance - ed wins"],"p1rating":{"entryid":7432721,"formatid":"monotype","userid":"allianceedwins","username":"alliance - ed wins","r":1500,"rd":130,"sigma":0,"rpr":1556.4228460733,"rprd":122.66992369231,"rpsigma":0,"rptime":1438765200,"w":1,"l":0,"t":0,"gxe":57,"acre":1058.733449845,"lacre":1058.733449845,"oldacre":1000},"p2rating":{"entryid":"7130918","serverid":"eos","formatid":"monotype","userid":"knightzygarde","username":"Knight♕Zygarde","w":"41","l":27,"t":"0","gxe":62.4,"r":"1615.5601682271","rd":"47.605644638437","sigma":"0","rptime":"1438765200","rpr":1595.9038086269,"rprd":43.983637182748,"rpsigma":"0","acre":1139.7669803332,"lacre":1139.7669803332,"oldacre":"1176.4753864863"},"endType":"normal"}