{"seed":[19419,39231,40709,52895],"turns":26,"p1":"Knight Miku","p2":"TheMajesticWurmple","p1team":[{"name":"Ampharos","species":"Ampharos","item":"ampharosite","ability":"Static","moves":["toxic","healbell","powergem","dragonpulse"],"nature":"Calm","evs":{"hp":248,"atk":0,"def":0,"spa":8,"spd":252,"spe":0},"gender":"M","shiny":true,"ivs":{"hp":31,"atk":31,"def":31,"spa":31,"spd":31,"spe":31}},{"name":"Rotom-Wash","species":"Rotom-Wash","item":"leftovers","ability":"Levitate","moves":["willowisp","voltswitch","hydropump","painsplit"],"nature":"Bold","evs":{"hp":252,"atk":0,"def":252,"spa":4,"spd":0,"spe":0},"ivs":{"hp":31,"atk":31,"def":31,"spa":31,"spd":31,"spe":31}},{"name":"Raikou","species":"Raikou","item":"choicespecs","ability":"Pressure","moves":["hiddenpowerice","extrasensory","thunderbolt","shadowball"],"nature":"Timid","evs":{"hp":0,"atk":0,"def":0,"spa":252,"spd":4,"spe":252},"ivs":{"hp":31,"atk":30,"def":30,"spa":31,"spd":31,"spe":31},"shiny":true},{"name":"Thundurus","species":"Thundurus","item":"lifeorb","ability":"Prankster","moves":["thunderwave","uturn","grassknot","taunt"],"nature":"Hasty","evs":{"hp":0,"atk":20,"def":0,"spa":252,"spd":4,"spe":232},"ivs":{"hp":31,"atk":31,"def":31,"spa":31,"spd":31,"spe":31}},{"name":"Electivire","species":"Electivire","item":"choicescarf","ability":"Vital Spirit","moves":["voltswitch","earthquake","icepunch","rockslide"],"nature":"Naive","evs":{"hp":0,"atk":252,"def":0,"spa":4,"spd":0,"spe":252},"ivs":{"hp":31,"atk":31,"def":31,"spa":31,"spd":31,"spe":31}},{"name":"Zapdos","species":"Zapdos","item":"leftovers","ability":"Pressure","moves":["heatwave","roost","defog","discharge"],"nature":"Calm","evs":{"hp":252,"atk":0,"def":0,"spa":4,"spd":252,"spe":0},"ivs":{"hp":31,"atk":31,"def":31,"spa":31,"spd":31,"spe":31}}],"p2team":[{"name":"Walrein","species":"Walrein","item":"leftovers","ability":"Thick Fat","moves":["sleeptalk","curse","waterfall","rest"],"nature":"Careful","evs":{"hp":252,"atk":4,"def":0,"spa":0,"spd":252,"spe":0},"ivs":{"hp":31,"atk":31,"def":31,"spa":31,"spd":31,"spe":31}},{"name":"Avalugg","species":"Avalugg","item":"leftovers","ability":"Sturdy","moves":["recover","avalanche","rapidspin","toxic"],"nature":"Impish","evs":{"hp":252,"atk":4,"def":252,"spa":0,"spd":0,"spe":0},"ivs":{"hp":31,"atk":31,"def":31,"spa":31,"spd":31,"spe":31}},{"name":"Cloyster","species":"Cloyster","item":"focussash","ability":"Overcoat","moves":["shellsmash","hydropump","icebeam","hiddenpowerfire"],"nature":"Modest","evs":{"hp":0,"atk":0,"def":0,"spa":252,"spd":4,"spe":252},"ivs":{"hp":31,"atk":30,"def":31,"spa":30,"spd":31,"spe":30}},{"name":"Mamoswine","species":"Mamoswine","item":"focussash","ability":"Thick Fat","moves":["iceshard","earthquake","stealthrock","iciclecrash"],"nature":"Adamant","evs":{"hp":248,"atk":252,"def":0,"spa":0,"spd":8,"spe":0},"ivs":{"hp":31,"atk":31,"def":31,"spa":31,"spd":31,"spe":31}},{"name":"Kyurem-Black","species":"Kyurem-Black","item":"choiceband","ability":"Teravolt","moves":["outrage","ironhead","zenheadbutt","fusionbolt"],"nature":"Adamant","evs":{"hp":248,"atk":252,"def":0,"spa":0,"spd":8,"spe":0},"ivs":{"hp":31,"atk":31,"def":31,"spa":31,"spd":31,"spe":31}},{"name":"Jynx","species":"Jynx","item":"choicescarf","ability":"Dry Skin","moves":["icebeam","psychic","energyball","focusblast"],"nature":"Timid","evs":{"hp":0,"atk":0,"def":0,"spa":252,"spd":4,"spe":252},"ivs":{"hp":31,"atk":31,"def":31,"spa":31,"spd":31,"spe":31}}],"log":["|player|p1|Knight Miku|23","|player|p2|TheMajesticWurmple|1","|gametype|singles","|gen|6","|tier|Monotype","|rated","|rule|Baton Pass Clause: Limit one Baton Passer, can't pass Spe and other stats simultaneously","|rule|Swagger Clause: Swagger is banned","|rule|Same Type Clause: Pokémon in a team must share a type","|clearpoke","|poke|p1|Ampharos, M, shiny","|poke|p1|Rotom-Wash","|poke|p1|Raikou, shiny","|poke|p1|Thundurus, M","|poke|p1|Electivire, F","|poke|p1|Zapdos","|poke|p2|Walrein, F","|poke|p2|Avalugg, M","|poke|p2|Cloyster, F","|poke|p2|Mamoswine, M","|poke|p2|Kyurem-Black","|poke|p2|Jynx, F","|rule|Sleep Clause Mod: Limit one foe put to sleep","|rule|Species Clause: Limit one of each Pokémon","|rule|OHKO Clause: OHKO moves are banned","|rule|Moody Clause: Moody is banned","|rule|Evasion Moves Clause: Evasion moves are banned","|rule|Endless Battle Clause: Forcing endless battles is banned","|rule|HP Percentage Mod: HP is shown in percentages","|teampreview","|","|start","|switch|p1a: Thundurus|Thundurus, M|299/299","|switch|p2a: Kyurem-Black|Kyurem-Black|453/453","|-ability|p2a: Kyurem-Black|Teravolt","|turn|1","|","|move|p1a: Thundurus|Thunder Wave|p2a: Kyurem-Black","|-status|p2a: Kyurem-Black|par","|move|p2a: Kyurem-Black|Outrage|p1a: Thundurus","|-damage|p1a: Thundurus|0 fnt","|faint|p1a: Thundurus","|","|","|switch|p1a: Ampharos|Ampharos, M, shiny|383/383","|turn|2","|","|move|p1a: Ampharos|Dragon Pulse|p2a: Kyurem-Black","|-supereffective|p2a: Kyurem-Black","|-damage|p2a: Kyurem-Black|285/453 par","|cant|p2a: Kyurem-Black|par","|","|turn|3","|","|switch|p2a: Walrein|Walrein, F|424/424","|move|p1a: Ampharos|Power Gem|p2a: Walrein","|-supereffective|p2a: Walrein","|-damage|p2a: Walrein|320/424","|","|-heal|p2a: Walrein|346/424|[from] item: Leftovers","|turn|4","|","|switch|p2a: Mamoswine|Mamoswine, M|423/423","|switch|p1a: Rotom-Wash|Rotom-Wash|304/304","|","|turn|5","|","|switch|p2a: Jynx|Jynx, F|271/271","|move|p1a: Rotom-Wash|Will-O-Wisp|p2a: Jynx","|-status|p2a: Jynx|brn","|","|-damage|p2a: Jynx|238/271 brn|[from] brn","|turn|6","|","|move|p2a: Jynx|Psychic|p1a: Rotom-Wash","|-damage|p1a: Rotom-Wash|174/304","|move|p1a: Rotom-Wash|Hydro Pump|p2a: Jynx","|-heal|p2a: Jynx|271/271 brn|[from] ability: Dry Skin|[of] p1a: Rotom-Wash","|","|-heal|p1a: Rotom-Wash|193/304|[from] item: Leftovers","|-damage|p2a: Jynx|238/271 brn|[from] brn","|turn|7","|","|switch|p1a: Zapdos|Zapdos|384/384","|-ability|p1a: Zapdos|Pressure","|move|p2a: Jynx|Psychic|p1a: Zapdos","|-damage|p1a: Zapdos|278/384","|","|-heal|p1a: Zapdos|302/384|[from] item: Leftovers","|-damage|p2a: Jynx|205/271 brn|[from] brn","|turn|8","|","|switch|p2a: Mamoswine|Mamoswine, M|423/423","|move|p1a: Zapdos|Heat Wave|p2a: Mamoswine","|-supereffective|p2a: Mamoswine","|-damage|p2a: Mamoswine|291/423","|","|-heal|p1a: Zapdos|326/384|[from] item: Leftovers","|turn|9","|","|switch|p1a: Rotom-Wash|Rotom-Wash|193/304","|move|p2a: Mamoswine|Stealth Rock|p1a: Rotom-Wash","|-sidestart|p1: Knight Miku|move: Stealth Rock","|","|-heal|p1a: Rotom-Wash|212/304|[from] item: Leftovers","|turn|10","|","|switch|p2a: Kyurem-Black|Kyurem-Black|285/453 par","|-ability|p2a: Kyurem-Black|Teravolt","|move|p1a: Rotom-Wash|Will-O-Wisp|p2a: Kyurem-Black","|-fail|p2a: Kyurem-Black","|","|-heal|p1a: Rotom-Wash|231/304|[from] item: Leftovers","|turn|11","|","|move|p1a: Rotom-Wash|Volt Switch|p2a: Kyurem-Black","|-resisted|p2a: Kyurem-Black","|-damage|p2a: Kyurem-Black|241/453 par","|","|switch|p1a: Ampharos|Ampharos, M, shiny|383/383","|-damage|p1a: Ampharos|336/383|[from] Stealth Rock","|move|p2a: Kyurem-Black|Outrage|p1a: Ampharos","|-damage|p1a: Ampharos|0 fnt","|faint|p1a: Ampharos","|","|","|switch|p1a: Electivire|Electivire, F|291/291","|-damage|p1a: Electivire|255/291|[from] Stealth Rock","|turn|12","|","|move|p1a: Electivire|Rock Slide|p2a: Kyurem-Black","|-supereffective|p2a: Kyurem-Black","|-damage|p2a: Kyurem-Black|77/453 par","|cant|p2a: Kyurem-Black|flinch","|","|-start|p2a: Kyurem-Black|confusion|[fatigue]","|turn|13","|","|switch|p2a: Avalugg|Avalugg, M|394/394","|move|p1a: Electivire|Rock Slide|p2a: Avalugg","|-supereffective|p2a: Avalugg","|-damage|p2a: Avalugg|318/394","|","|-heal|p2a: Avalugg|342/394|[from] item: Leftovers","|turn|14","|","|switch|p1a: Rotom-Wash|Rotom-Wash|231/304","|-damage|p1a: Rotom-Wash|193/304|[from] Stealth Rock","|move|p2a: Avalugg|Toxic|p1a: Rotom-Wash","|-status|p1a: Rotom-Wash|tox","|","|-heal|p1a: Rotom-Wash|212/304 tox|[from] item: Leftovers","|-heal|p2a: Avalugg|366/394|[from] item: Leftovers","|-damage|p1a: Rotom-Wash|193/304 tox|[from] psn","|turn|15","|","|switch|p2a: Mamoswine|Mamoswine, M|291/423","|move|p1a: Rotom-Wash|Pain Split|p2a: Mamoswine","|-sethp|p2a: Mamoswine|242/423|p1a: Rotom-Wash|242/304 tox|[from] move: Pain Split","|","|-heal|p1a: Rotom-Wash|261/304 tox|[from] item: Leftovers","|-damage|p1a: Rotom-Wash|223/304 tox|[from] psn","|turn|16","|","|switch|p2a: Jynx|Jynx, F|205/271 brn","|move|p1a: Rotom-Wash|Volt Switch|p2a: Jynx","|-damage|p2a: Jynx|114/271 brn","|","|switch|p1a: Raikou|Raikou, shiny|321/321","|-damage|p1a: Raikou|281/321|[from] Stealth Rock","|-ability|p1a: Raikou|Pressure","|","|-damage|p2a: Jynx|81/271 brn|[from] brn","|turn|17","|","|move|p2a: Jynx|Psychic|p1a: Raikou","|-damage|p1a: Raikou|131/321","|move|p1a: Raikou|Shadow Ball|p2a: Jynx","|-supereffective|p2a: Jynx","|-damage|p2a: Jynx|0 fnt","|faint|p2a: Jynx","|","|","|switch|p2a: Mamoswine|Mamoswine, M|242/423","|turn|18","|","|move|p1a: Raikou|Shadow Ball|p2a: Mamoswine","|-damage|p2a: Mamoswine|42/423","|-unboost|p2a: Mamoswine|spd|1","|move|p2a: Mamoswine|Icicle Crash|p1a: Raikou","|-damage|p1a: Raikou|0 fnt","|faint|p1a: Raikou","|","|","|switch|p1a: Electivire|Electivire, F|255/291","|-damage|p1a: Electivire|219/291|[from] Stealth Rock","|turn|19","|","|switch|p2a: Avalugg|Avalugg, M|366/394","|move|p1a: Electivire|Rock Slide|p2a: Avalugg","|-miss|p1a: Electivire|p2a: Avalugg","|","|-heal|p2a: Avalugg|390/394|[from] item: Leftovers","|turn|20","|","|switch|p1a: Zapdos|Zapdos|326/384","|-damage|p1a: Zapdos|230/384|[from] Stealth Rock","|-ability|p1a: Zapdos|Pressure","|move|p2a: Avalugg|Avalanche|p1a: Zapdos","|-supereffective|p1a: Zapdos","|-damage|p1a: Zapdos|48/384","|","|-heal|p1a: Zapdos|72/384|[from] item: Leftovers","|-heal|p2a: Avalugg|394/394|[from] item: Leftovers","|turn|21","|","|switch|p2a: Cloyster|Cloyster, F|241/241","|move|p1a: Zapdos|Roost|p1a: Zapdos","|-heal|p1a: Zapdos|264/384","|","|-heal|p1a: Zapdos|288/384|[from] item: Leftovers","|turn|22","|","|move|p2a: Cloyster|Shell Smash|p2a: Cloyster","|-unboost|p2a: Cloyster|def|1","|-unboost|p2a: Cloyster|spd|1","|-boost|p2a: Cloyster|atk|2","|-boost|p2a: Cloyster|spa|2","|-boost|p2a: Cloyster|spe|2","|move|p1a: Zapdos|Discharge|p2a: Cloyster","|-supereffective|p2a: Cloyster","|-enditem|p2a: Cloyster|Focus Sash","|-damage|p2a: Cloyster|1/241","|","|-heal|p1a: Zapdos|312/384|[from] item: Leftovers","|turn|23","|","|move|p2a: Cloyster|Ice Beam|p1a: Zapdos","|-supereffective|p1a: Zapdos","|-damage|p1a: Zapdos|0 fnt","|faint|p1a: Zapdos","|","|","|switch|p1a: Rotom-Wash|Rotom-Wash|223/304 tox","|-damage|p1a: Rotom-Wash|185/304 tox|[from] Stealth Rock","|turn|24","|","|move|p2a: Cloyster|Hydro Pump|p1a: Rotom-Wash|[miss]","|-miss|p2a: Cloyster|p1a: Rotom-Wash","|move|p1a: Rotom-Wash|Hydro Pump|p2a: Cloyster","|-resisted|p2a: Cloyster","|-damage|p2a: Cloyster|0 fnt","|faint|p2a: Cloyster","|","|-heal|p1a: Rotom-Wash|204/304 tox|[from] item: Leftovers","|-damage|p1a: Rotom-Wash|185/304 tox|[from] psn","|","|switch|p2a: Kyurem-Black|Kyurem-Black|77/453 par","|-ability|p2a: Kyurem-Black|Teravolt","|turn|25","|","|move|p1a: Rotom-Wash|Hydro Pump|p2a: Kyurem-Black","|-resisted|p2a: Kyurem-Black","|-damage|p2a: Kyurem-Black|1/453 par","|move|p2a: Kyurem-Black|Outrage|p1a: Rotom-Wash","|-damage|p1a: Rotom-Wash|0 fnt","|faint|p1a: Rotom-Wash","|","|","|switch|p1a: Electivire|Electivire, F|219/291","|-damage|p1a: Electivire|183/291|[from] Stealth Rock","|turn|26","|","|move|p1a: Electivire|Rock Slide|p2a: Kyurem-Black","|-miss|p1a: Electivire|p2a: Kyurem-Black","|move|p2a: Kyurem-Black|Outrage|p1a: Electivire|[from]lockedmove","|-damage|p1a: Electivire|0 fnt","|-start|p2a: Kyurem-Black|confusion|[fatigue]","|faint|p1a: Electivire","|","|win|TheMajesticWurmple"],"p1rating":{"entryid":"7210042","serverid":"eos","formatid":"monotype","userid":"knightmiku","username":"Knight♕Miku","w":"11","l":6,"t":"0","gxe":58,"r":"1568.1662215144","rd":"78.391988186295","sigma":"0","rptime":"1438851600","rpr":1562.2576466465,"rprd":75.122782382943,"rpsigma":"0","acre":1162.1530926172,"lacre":1162.1530926172,"oldacre":"1191.2309108354"},"p2rating":{"entryid":"7119116","serverid":"eos","formatid":"monotype","userid":"themajesticwurmple","username":"TheMajesticWurmple","w":5,"l":"1","t":"0","gxe":63.5,"r":"1515.5968624931","rd":"113.51145330243","sigma":"0","rptime":"1438851600","rpr":1608.3761576784,"rprd":99.785192579764,"rpsigma":"0","acre":1163.1267906254,"lacre":1163.1267906254,"oldacre":"1134.0489724072"},"endType":"normal"}