{"seed":[48209,62348,20621,58453],"turns":24,"p1":"Traine✘ Redbraze","p2":"Crystal Blade64","p1team":[{"name":"Celestia","species":"altaria","item":"altarianite","ability":"Natural Cure","moves":["return","earthquake","roost","dragondance"],"nature":"Adamant","evs":{"hp":0,"atk":252,"def":0,"spa":0,"spd":4,"spe":252},"shiny":true,"ivs":{"hp":31,"atk":31,"def":31,"spa":31,"spd":31,"spe":31}},{"name":"Dragonite","species":"Dragonite","item":"weaknesspolicy","ability":"Multiscale","moves":["dragonclaw","extremespeed","ironhead","dragondance"],"nature":"Jolly","evs":{"hp":0,"atk":252,"def":0,"spa":0,"spd":4,"spe":252},"ivs":{"hp":31,"atk":31,"def":31,"spa":31,"spd":31,"spe":31}},{"name":"Latias","species":"Latias","item":"leftovers","ability":"Levitate","moves":["psyshock","roost","thunderwave","defog"],"nature":"Timid","evs":{"hp":252,"atk":0,"def":0,"spa":0,"spd":4,"spe":252},"ivs":{"hp":31,"atk":31,"def":31,"spa":31,"spd":31,"spe":31}},{"name":"Tyrantrum","species":"Tyrantrum","item":"lifeorb","ability":"Rock Head","moves":["stealthrock","headsmash","dragontail","dragonclaw"],"nature":"Jolly","evs":{"hp":0,"atk":252,"def":0,"spa":0,"spd":4,"spe":252},"shiny":true,"ivs":{"hp":31,"atk":31,"def":31,"spa":31,"spd":31,"spe":31}},{"name":"Salamence","species":"Salamence","item":"choicespecs","ability":"Intimidate","moves":["dracometeor","fireblast","hydropump","hypervoice"],"nature":"Timid","evs":{"hp":0,"atk":0,"def":0,"spa":252,"spd":4,"spe":252},"ivs":{"hp":31,"atk":31,"def":31,"spa":31,"spd":31,"spe":31}},{"name":"Garchomp","species":"Garchomp","item":"rockyhelmet","ability":"Rough Skin","moves":["dragonclaw","earthquake","ironhead","swordsdance"],"nature":"Jolly","evs":{"hp":0,"atk":252,"def":0,"spa":0,"spd":4,"spe":252},"shiny":true,"ivs":{"hp":31,"atk":31,"def":31,"spa":31,"spd":31,"spe":31}}],"p2team":[{"name":"Not DEG","species":"gengar","item":"lifeorb","ability":"Levitate","moves":["dazzlinggleam","shadowball","sludgewave","destinybond"],"nature":"Timid","evs":{"hp":4,"atk":0,"def":0,"spa":252,"spd":0,"spe":252},"ivs":{"hp":31,"atk":31,"def":31,"spa":31,"spd":31,"spe":31}},{"name":"I'm On Fire","species":"chandelure","item":"choicescarf","ability":"Infiltrator","moves":["energyball","fireblast","shadowball","trick"],"nature":"Modest","evs":{"hp":4,"atk":0,"def":0,"spa":252,"spd":0,"spe":252},"ivs":{"hp":31,"atk":31,"def":31,"spa":31,"spd":31,"spe":31}},{"name":"Teh Pharaoh","species":"cofagrigus","item":"leftovers","ability":"Mummy","moves":["rest","sleeptalk","shadowball","calmmind"],"nature":"Modest","evs":{"hp":252,"atk":0,"def":0,"spa":252,"spd":4,"spe":0},"ivs":{"hp":31,"atk":31,"def":31,"spa":31,"spd":31,"spe":0}},{"name":"Tree-t me nicely","species":"trevenant","item":"sitrusberry","ability":"Harvest","moves":["leechseed","willowisp","substitute","protect"],"nature":"Calm","evs":{"hp":252,"atk":0,"def":4,"spa":0,"spd":252,"spe":0},"ivs":{"hp":31,"atk":31,"def":31,"spa":31,"spd":31,"spe":31}},{"name":"Hack n' Slash","species":"aegislash","item":"weaknesspolicy","ability":"Stance Change","moves":["shadowsneak","ironhead","kingsshield","swordsdance"],"nature":"Adamant","evs":{"hp":248,"atk":252,"def":0,"spa":0,"spd":8,"spe":0},"ivs":{"hp":31,"atk":31,"def":30,"spa":30,"spd":30,"spe":30}},{"name":"GemsGemsGemso3o","species":"sableye","item":"sablenite","ability":"Prankster","moves":["willowisp","recover","calmmind","darkpulse"],"nature":"Calm","evs":{"hp":248,"atk":0,"def":0,"spa":8,"spd":252,"spe":0},"ivs":{"hp":31,"atk":31,"def":31,"spa":31,"spd":31,"spe":31}}],"log":["|player|p1|Traine✘ Redbraze|96","|player|p2|Crystal Blade64|165","|gametype|singles","|gen|6","|tier|Monotype","|rated","|rule|Baton Pass Clause: Limit one Baton Passer, can't pass Spe and other stats simultaneously","|rule|Swagger Clause: Swagger is banned","|rule|Same Type Clause: Pokémon in a team must share a type","|clearpoke","|poke|p1|Altaria, M, shiny","|poke|p1|Dragonite, F","|poke|p1|Latias, F","|poke|p1|Tyrantrum, M, shiny","|poke|p1|Salamence, F","|poke|p1|Garchomp, F, shiny","|poke|p2|Gengar, F","|poke|p2|Chandelure, M","|poke|p2|Cofagrigus, M","|poke|p2|Trevenant, F","|poke|p2|Aegislash, M","|poke|p2|Sableye, M","|rule|Sleep Clause Mod: Limit one foe put to sleep","|rule|Species Clause: Limit one of each Pokémon","|rule|OHKO Clause: OHKO moves are banned","|rule|Moody Clause: Moody is banned","|rule|Evasion Moves Clause: Evasion moves are banned","|rule|Endless Battle Clause: Forcing endless battles is banned","|rule|HP Percentage Mod: HP is shown in percentages","|teampreview","|","|start","|switch|p1a: Tyrantrum|Tyrantrum, M, shiny|305/305","|switch|p2a: Hack n' Slash|Aegislash, M|323/323","|turn|1","|","|move|p1a: Tyrantrum|Stealth Rock|p2a: Hack n' Slash","|-sidestart|p2: Crystal Blade64|move: Stealth Rock","|-formechange|p2a: Hack n' Slash|Aegislash-Blade","|move|p2a: Hack n' Slash|Iron Head|p1a: Tyrantrum","|-supereffective|p1a: Tyrantrum","|-damage|p1a: Tyrantrum|0 fnt","|faint|p1a: Tyrantrum","|","|","|switch|p1a: Garchomp|Garchomp, F, shiny|357/357","|turn|2","|","|-formechange|p2a: Hack n' Slash|Aegislash","|move|p2a: Hack n' Slash|King's Shield|p2a: Hack n' Slash","|-singleturn|p2a: Hack n' Slash|Protect","|move|p1a: Garchomp|Swords Dance|p1a: Garchomp","|-boost|p1a: Garchomp|atk|2","|","|turn|3","|","|move|p1a: Garchomp|Earthquake|p2a: Hack n' Slash","|-supereffective|p2a: Hack n' Slash","|-damage|p2a: Hack n' Slash|0 fnt","|faint|p2a: Hack n' Slash","|","|","|switch|p2a: Not DEG|Gengar, F|262/262","|-damage|p2a: Not DEG|230/262|[from] Stealth Rock","|turn|4","|","|move|p2a: Not DEG|Dazzling Gleam|p1a: Garchomp","|-supereffective|p1a: Garchomp","|-damage|p1a: Garchomp|66/357","|-damage|p2a: Not DEG|204/262|[from] item: Life Orb","|move|p1a: Garchomp|Dragon Claw|p2a: Not DEG","|-damage|p2a: Not DEG|0 fnt","|faint|p2a: Not DEG","|","|","|switch|p2a: I'm On Fire|Chandelure, M|262/262","|-damage|p2a: I'm On Fire|197/262|[from] Stealth Rock","|turn|5","|","|move|p2a: I'm On Fire|Shadow Ball|p1a: Garchomp","|-damage|p1a: Garchomp|0 fnt","|faint|p1a: Garchomp","|","|","|switch|p1a: Celestia|Altaria, M, shiny|291/291","|turn|6","|","|switch|p2a: Teh Pharaoh|Cofagrigus, M|320/320","|-damage|p2a: Teh Pharaoh|280/320|[from] Stealth Rock","|detailschange|p1a: Celestia|Altaria-Mega, M, shiny","|-mega|p1a: Celestia|Altaria|Altarianite","|move|p1a: Celestia|Earthquake|p2a: Teh Pharaoh","|-damage|p2a: Teh Pharaoh|195/320","|","|-heal|p2a: Teh Pharaoh|215/320|[from] item: Leftovers","|turn|7","|","|switch|p1a: Salamence|Salamence, F|331/331","|-ability|p1a: Salamence|Intimidate","|-unboost|p2a: Teh Pharaoh|atk|1","|move|p2a: Teh Pharaoh|Shadow Ball|p1a: Salamence","|-damage|p1a: Salamence|177/331","|","|-heal|p2a: Teh Pharaoh|235/320|[from] item: Leftovers","|turn|8","|","|move|p1a: Salamence|Draco Meteor|p2a: Teh Pharaoh","|-damage|p2a: Teh Pharaoh|0 fnt","|-unboost|p1a: Salamence|spa|2","|faint|p2a: Teh Pharaoh","|","|","|switch|p2a: I'm On Fire|Chandelure, M|197/262","|-damage|p2a: I'm On Fire|132/262|[from] Stealth Rock","|turn|9","|","|move|p2a: I'm On Fire|Shadow Ball|p1a: Salamence","|-damage|p1a: Salamence|0 fnt","|faint|p1a: Salamence","|","|","|switch|p1a: Celestia|Altaria-Mega, M, shiny|291/291","|turn|10","|","|move|p2a: I'm On Fire|Shadow Ball|p1a: Celestia","|-damage|p1a: Celestia|114/291","|-unboost|p1a: Celestia|spd|1","|move|p1a: Celestia|Earthquake|p2a: I'm On Fire","|-supereffective|p2a: I'm On Fire","|-damage|p2a: I'm On Fire|0 fnt","|faint|p2a: I'm On Fire","|","|","|switch|p2a: GemsGemsGemso3o|Sableye, M|303/303","|-damage|p2a: GemsGemsGemso3o|266/303|[from] Stealth Rock","|turn|11","|","|detailschange|p2a: GemsGemsGemso3o|Sableye-Mega, M","|-mega|p2a: GemsGemsGemso3o|Sableye|Sablenite","|move|p2a: GemsGemsGemso3o|Will-O-Wisp|p1a: Celestia","|-status|p1a: Celestia|brn","|move|p1a: Celestia|Return|p2a: GemsGemsGemso3o","|-supereffective|p2a: GemsGemsGemso3o","|-damage|p2a: GemsGemsGemso3o|79/303","|","|-damage|p1a: Celestia|78/291 brn|[from] brn","|turn|12","|","|move|p1a: Celestia|Return|p2a: GemsGemsGemso3o","|-supereffective|p2a: GemsGemsGemso3o","|-damage|p2a: GemsGemsGemso3o|0 fnt","|faint|p2a: GemsGemsGemso3o","|","|-damage|p1a: Celestia|42/291 brn|[from] brn","|","|switch|p2a: Tree-t me nicely|Trevenant, F|374/374","|-damage|p2a: Tree-t me nicely|328/374|[from] Stealth Rock","|turn|13","|","|move|p2a: Tree-t me nicely|Protect|p2a: Tree-t me nicely","|-singleturn|p2a: Tree-t me nicely|Protect","|move|p1a: Celestia|Return|p2a: Tree-t me nicely","|-activate|p2a: Tree-t me nicely|Protect","|","|-damage|p1a: Celestia|6/291 brn|[from] brn","|turn|14","|","|move|p2a: Tree-t me nicely|Protect|p2a: Tree-t me nicely","|-singleturn|p2a: Tree-t me nicely|Protect","|move|p1a: Celestia|Return|p2a: Tree-t me nicely","|-activate|p2a: Tree-t me nicely|Protect","|","|-damage|p1a: Celestia|0 fnt|[from] brn","|faint|p1a: Celestia","|","|switch|p1a: Latias|Latias, F|364/364","|turn|15","|","|move|p1a: Latias|Thunder Wave|p2a: Tree-t me nicely","|-status|p2a: Tree-t me nicely|par","|move|p2a: Tree-t me nicely|Leech Seed|p1a: Latias","|-start|p1a: Latias|move: Leech Seed","|","|-damage|p1a: Latias|319/364|[from] Leech Seed|[of] p2a: Tree-t me nicely","|-heal|p2a: Tree-t me nicely|373/374 par|[silent]","|turn|16","|","|move|p1a: Latias|Psyshock|p2a: Tree-t me nicely","|-damage|p2a: Tree-t me nicely|253/374 par","|move|p2a: Tree-t me nicely|Will-O-Wisp|p1a: Latias","|-status|p1a: Latias|brn","|","|-heal|p1a: Latias|341/364 brn|[from] item: Leftovers","|-damage|p1a: Latias|296/364 brn|[from] Leech Seed|[of] p2a: Tree-t me nicely","|-heal|p2a: Tree-t me nicely|298/374 par|[silent]","|-damage|p1a: Latias|251/364 brn|[from] brn","|turn|17","|","|switch|p1a: Dragonite|Dragonite, F|323/323","|move|p2a: Tree-t me nicely|Substitute|p2a: Tree-t me nicely","|-start|p2a: Tree-t me nicely|Substitute","|-damage|p2a: Tree-t me nicely|205/374 par","|","|turn|18","|","|move|p1a: Dragonite|Dragon Claw|p2a: Tree-t me nicely","|-end|p2a: Tree-t me nicely|Substitute","|move|p2a: Tree-t me nicely|Leech Seed|p1a: Dragonite|[miss]","|-miss|p2a: Tree-t me nicely|p1a: Dragonite","|","|turn|19","|","|move|p1a: Dragonite|Dragon Claw|p2a: Tree-t me nicely","|-damage|p2a: Tree-t me nicely|13/374 par","|-enditem|p2a: Tree-t me nicely|Sitrus Berry|[eat]","|-heal|p2a: Tree-t me nicely|106/374 par|[from] item: Sitrus Berry","|move|p2a: Tree-t me nicely|Leech Seed|p1a: Dragonite","|-start|p1a: Dragonite|move: Leech Seed","|","|-damage|p1a: Dragonite|283/323|[from] Leech Seed|[of] p2a: Tree-t me nicely","|-heal|p2a: Tree-t me nicely|146/374 par|[silent]","|turn|20","|","|move|p2a: Tree-t me nicely|Protect|p2a: Tree-t me nicely","|-singleturn|p2a: Tree-t me nicely|Protect","|move|p1a: Dragonite|Dragon Claw|p2a: Tree-t me nicely","|-activate|p2a: Tree-t me nicely|Protect","|","|-damage|p1a: Dragonite|243/323|[from] Leech Seed|[of] p2a: Tree-t me nicely","|-heal|p2a: Tree-t me nicely|186/374 par|[silent]","|-item|p2a: Tree-t me nicely|Sitrus Berry|[from] ability: Harvest","|-enditem|p2a: Tree-t me nicely|Sitrus Berry|[eat]","|-heal|p2a: Tree-t me nicely|279/374 par|[from] item: Sitrus Berry","|turn|21","|","|move|p1a: Dragonite|Dragon Claw|p2a: Tree-t me nicely","|-damage|p2a: Tree-t me nicely|111/374 par","|move|p2a: Tree-t me nicely|Will-O-Wisp|p1a: Dragonite|[miss]","|-miss|p2a: Tree-t me nicely|p1a: Dragonite","|","|-damage|p1a: Dragonite|203/323|[from] Leech Seed|[of] p2a: Tree-t me nicely","|-heal|p2a: Tree-t me nicely|151/374 par|[silent]","|-item|p2a: Tree-t me nicely|Sitrus Berry|[from] ability: Harvest","|-enditem|p2a: Tree-t me nicely|Sitrus Berry|[eat]","|-heal|p2a: Tree-t me nicely|244/374 par|[from] item: Sitrus Berry","|turn|22","|","|move|p2a: Tree-t me nicely|Protect|p2a: Tree-t me nicely","|-singleturn|p2a: Tree-t me nicely|Protect","|move|p1a: Dragonite|Dragon Dance|p1a: Dragonite","|-boost|p1a: Dragonite|atk|1","|-boost|p1a: Dragonite|spe|1","|","|-damage|p1a: Dragonite|163/323|[from] Leech Seed|[of] p2a: Tree-t me nicely","|-heal|p2a: Tree-t me nicely|284/374 par|[silent]","|turn|23","|","|move|p1a: Dragonite|Dragon Claw|p2a: Tree-t me nicely","|-damage|p2a: Tree-t me nicely|25/374 par","|move|p2a: Tree-t me nicely|Will-O-Wisp|p1a: Dragonite|[miss]","|-miss|p2a: Tree-t me nicely|p1a: Dragonite","|","|-damage|p1a: Dragonite|123/323|[from] Leech Seed|[of] p2a: Tree-t me nicely","|-heal|p2a: Tree-t me nicely|65/374 par|[silent]","|turn|24","|","|cant|p2a: Tree-t me nicely|par","|move|p1a: Dragonite|Dragon Claw|p2a: Tree-t me nicely","|-damage|p2a: Tree-t me nicely|0 fnt","|faint|p2a: Tree-t me nicely","|","|win|Traine✘ Redbraze"],"p1rating":{"entryid":"7247602","serverid":"eos","formatid":"monotype","userid":"traineredbraze","username":"Traine✘ Redbraze","w":22,"l":"21","t":"0","gxe":52,"r":"1508.3246720799","rd":"54.484918375542","sigma":"0","rptime":"1438851600","rpr":1515.4679426895,"rprd":52.790784359776,"rpsigma":"0","acre":1130.1760342154,"lacre":1130.1760342154,"oldacre":"1111.0368398912"},"p2rating":{"entryid":"6391332","serverid":"eos","formatid":"monotype","userid":"crystalblade64","username":"Crystal Blade64","w":"2","l":10,"t":"0","gxe":32.3,"r":1371.0846044638,"rd":93.253705854925,"sigma":"0","rptime":1438851600,"rpr":1356.4468348392,"rprd":90.56158038876,"rpsigma":"0","acre":1017.1673508631,"lacre":1017.1673508631,"oldacre":"1028.0433967073"},"endType":"normal"}