{"seed":[36493,15168,23295,17444],"turns":27,"p1":"Guard Wulf","p2":"tboltrider","p1team":[{"name":"Camerupt","species":"Camerupt","item":"cameruptite","ability":"Solid Rock","moves":["ancientpower","fireblast","earthpower","protect"],"nature":"Modest","evs":{"hp":248,"atk":0,"def":0,"spa":252,"spd":8,"spe":0},"ivs":{"hp":31,"atk":31,"def":31,"spa":31,"spd":31,"spe":31}},{"name":"Seismitoad","species":"Seismitoad","item":"leftovers","ability":"Water Absorb","moves":["scald","knockoff","icepunch","drainpunch"],"nature":"Sassy","evs":{"hp":232,"atk":16,"def":0,"spa":8,"spd":252,"spe":0},"ivs":{"hp":31,"atk":31,"def":31,"spa":31,"spd":31,"spe":31}},{"name":"Landorus","species":"Landorus","item":"lifeorb","ability":"Sheer Force","moves":["earthpower","grassknot","psychic","sludgewave"],"nature":"Timid","evs":{"hp":0,"atk":0,"def":0,"spa":252,"spd":4,"spe":252},"ivs":{"hp":31,"atk":31,"def":31,"spa":31,"spd":31,"spe":31}},{"name":"Mamoswine","species":"Mamoswine","item":"focussash","ability":"Thick Fat","moves":["stealthrock","endeavor","iciclecrash","iceshard"],"nature":"Impish","evs":{"hp":0,"atk":32,"def":252,"spa":0,"spd":0,"spe":224},"ivs":{"hp":31,"atk":31,"def":31,"spa":31,"spd":31,"spe":31}},{"name":"Garchomp","species":"Garchomp","item":"choicescarf","ability":"Rough Skin","moves":["outrage","fireblast","earthquake","stoneedge"],"nature":"Naive","evs":{"hp":0,"atk":252,"def":0,"spa":4,"spd":0,"spe":252},"ivs":{"hp":31,"atk":31,"def":31,"spa":31,"spd":31,"spe":31}},{"name":"Gliscor","species":"Gliscor","item":"toxicorb","ability":"Poison Heal","moves":["swordsdance","earthquake","facade","roost"],"nature":"Careful","evs":{"hp":248,"atk":12,"def":244,"spa":0,"spd":4,"spe":0},"ivs":{"hp":31,"atk":31,"def":31,"spa":31,"spd":31,"spe":31}}],"p2team":[{"name":"Altaria","species":"Altaria","item":"altarianite","ability":"Natural Cure","moves":["hypervoice","roost","flamethrower","healbell"],"nature":"","evs":{"hp":0,"atk":0,"def":104,"spa":252,"spd":0,"spe":152},"gender":"F","ivs":{"hp":31,"atk":31,"def":31,"spa":31,"spd":31,"spe":31}},{"name":"Landorus-Therian","species":"Landorus-Therian","item":"assaultvest","ability":"Intimidate","moves":["earthquake","knockoff","uturn","stoneedge"],"nature":"Jolly","evs":{"hp":0,"atk":56,"def":0,"spa":0,"spd":200,"spe":252},"ivs":{"hp":31,"atk":31,"def":31,"spa":31,"spd":31,"spe":31}},{"name":"Skarmory","species":"Skarmory","item":"rockyhelmet","ability":"Sturdy","moves":["roost","spikes","stealthrock","ironhead"],"nature":"Adamant","evs":{"hp":0,"atk":148,"def":0,"spa":0,"spd":160,"spe":200},"gender":"M","ivs":{"hp":31,"atk":31,"def":31,"spa":31,"spd":31,"spe":31}},{"name":"Charizard","species":"Charizard","item":"lifeorb","ability":"Blaze","moves":["flamethrower","roost","hiddenpowergrass","dragonpulse"],"nature":"Calm","evs":{"hp":0,"atk":0,"def":156,"spa":0,"spd":100,"spe":252},"gender":"M","ivs":{"hp":31,"atk":30,"def":31,"spa":30,"spd":31,"spe":31}},{"name":"Togekiss","species":"Togekiss","item":"leftovers","ability":"Serene Grace","moves":["healbell","airslash","softboiled","thunderwave"],"nature":"Modest","evs":{"hp":0,"atk":0,"def":148,"spa":108,"spd":0,"spe":252},"gender":"F","ivs":{"hp":31,"atk":31,"def":31,"spa":31,"spd":31,"spe":31}},{"name":"Mandibuzz","species":"Mandibuzz","item":"leftovers","ability":"Big Pecks","moves":["bravebird","defog","knockoff","taunt"],"nature":"Adamant","evs":{"hp":0,"atk":252,"def":0,"spa":0,"spd":108,"spe":148},"ivs":{"hp":31,"atk":31,"def":31,"spa":31,"spd":31,"spe":31}}],"log":["|player|p1|Guard Wulf|143","|player|p2|tboltrider|93","|gametype|singles","|gen|6","|tier|Monotype","|rated","|rule|Baton Pass Clause: Limit one Baton Passer, can't pass Spe and other stats simultaneously","|rule|Swagger Clause: Swagger is banned","|rule|Same Type Clause: Pokémon in a team must share a type","|clearpoke","|poke|p1|Camerupt, F","|poke|p1|Seismitoad, M","|poke|p1|Landorus, M","|poke|p1|Mamoswine, M","|poke|p1|Garchomp, M","|poke|p1|Gliscor, M","|poke|p2|Altaria, F","|poke|p2|Landorus-Therian, M","|poke|p2|Skarmory, M","|poke|p2|Charizard, M","|poke|p2|Togekiss, F","|poke|p2|Mandibuzz, F","|rule|Sleep Clause Mod: Limit one foe put to sleep","|rule|Species Clause: Limit one of each Pokémon","|rule|OHKO Clause: OHKO moves are banned","|rule|Moody Clause: Moody is banned","|rule|Evasion Moves Clause: Evasion moves are banned","|rule|Endless Battle Clause: Forcing endless battles is banned","|rule|HP Percentage Mod: HP is shown in percentages","|teampreview","|","|start","|switch|p1a: Camerupt|Camerupt, F|343/343","|switch|p2a: Togekiss|Togekiss, F|311/311","|turn|1","|","|detailschange|p1a: Camerupt|Camerupt-Mega, F","|-mega|p1a: Camerupt|Camerupt|Cameruptite","|move|p2a: Togekiss|Air Slash|p1a: Camerupt","|-damage|p1a: Camerupt|216/343","|cant|p1a: Camerupt|flinch","|","|turn|2","|","|move|p2a: Togekiss|Air Slash|p1a: Camerupt","|-damage|p1a: Camerupt|98/343","|cant|p1a: Camerupt|flinch","|","|turn|3","|","|move|p2a: Togekiss|Air Slash|p1a: Camerupt","|-damage|p1a: Camerupt|0 fnt","|faint|p1a: Camerupt","|","|","|switch|p1a: Mamoswine|Mamoswine, M|361/361","|turn|4","|","|switch|p2a: Skarmory|Skarmory, M|271/271","|move|p1a: Mamoswine|Stealth Rock|p2a: Skarmory","|-sidestart|p2: tboltrider|move: Stealth Rock","|","|turn|5","|","|switch|p1a: Seismitoad|Seismitoad, M|409/409","|move|p2a: Skarmory|Stealth Rock|p1a: Seismitoad","|-sidestart|p1: Guard Wulf|move: Stealth Rock","|","|turn|6","|","|move|p2a: Skarmory|Spikes|p1a: Seismitoad","|-sidestart|p1: Guard Wulf|Spikes","|move|p1a: Seismitoad|Knock Off|p2a: Skarmory","|-damage|p2a: Skarmory|214/271","|-damage|p1a: Seismitoad|341/409|[from] item: Rocky Helmet|[of] p2a: Skarmory","|-enditem|p2a: Skarmory|Rocky Helmet|[from] move: Knock Off|[of] p1a: Seismitoad","|","|-heal|p1a: Seismitoad|366/409|[from] item: Leftovers","|turn|7","|","|switch|p2a: Togekiss|Togekiss, F|311/311","|-damage|p2a: Togekiss|234/311|[from] Stealth Rock","|move|p1a: Seismitoad|Scald|p2a: Togekiss","|-damage|p2a: Togekiss|165/311","|","|-heal|p2a: Togekiss|184/311|[from] item: Leftovers","|-heal|p1a: Seismitoad|391/409|[from] item: Leftovers","|turn|8","|","|move|p2a: Togekiss|Air Slash|p1a: Seismitoad","|-damage|p1a: Seismitoad|276/409","|move|p1a: Seismitoad|Knock Off|p2a: Togekiss","|-resisted|p2a: Togekiss","|-damage|p2a: Togekiss|152/311","|-enditem|p2a: Togekiss|Leftovers|[from] move: Knock Off|[of] p1a: Seismitoad","|","|-heal|p1a: Seismitoad|301/409|[from] item: Leftovers","|turn|9","|","|move|p2a: Togekiss|Air Slash|p1a: Seismitoad","|-damage|p1a: Seismitoad|190/409","|cant|p1a: Seismitoad|flinch","|","|-heal|p1a: Seismitoad|215/409|[from] item: Leftovers","|turn|10","|","|move|p2a: Togekiss|Air Slash|p1a: Seismitoad","|-damage|p1a: Seismitoad|100/409","|cant|p1a: Seismitoad|flinch","|","|-heal|p1a: Seismitoad|125/409|[from] item: Leftovers","|turn|11","|","|move|p2a: Togekiss|Air Slash|p1a: Seismitoad","|-damage|p1a: Seismitoad|20/409","|cant|p1a: Seismitoad|flinch","|","|-heal|p1a: Seismitoad|45/409|[from] item: Leftovers","|turn|12","|","|move|p2a: Togekiss|Soft-Boiled|p2a: Togekiss","|-heal|p2a: Togekiss|308/311","|move|p1a: Seismitoad|Ice Punch|p2a: Togekiss","|-supereffective|p2a: Togekiss","|-damage|p2a: Togekiss|212/311","|","|-heal|p1a: Seismitoad|70/409|[from] item: Leftovers","|turn|13","|","|move|p2a: Togekiss|Air Slash|p1a: Seismitoad","|-damage|p1a: Seismitoad|0 fnt","|faint|p1a: Seismitoad","|","|","|switch|p1a: Gliscor|Gliscor, M|353/353","|-damage|p1a: Gliscor|309/353|[from] Stealth Rock","|turn|14","|","|move|p2a: Togekiss|Air Slash|p1a: Gliscor","|-damage|p1a: Gliscor|171/353","|move|p1a: Gliscor|Swords Dance|p1a: Gliscor","|-boost|p1a: Gliscor|atk|2","|","|-status|p1a: Gliscor|tox|[from] item: Toxic Orb","|turn|15","|","|move|p2a: Togekiss|Air Slash|p1a: Gliscor","|-damage|p1a: Gliscor|27/353 tox","|cant|p1a: Gliscor|flinch","|","|-heal|p1a: Gliscor|71/353 tox|[from] ability: Poison Heal","|turn|16","|","|move|p2a: Togekiss|Air Slash|p1a: Gliscor","|-damage|p1a: Gliscor|0 fnt","|faint|p1a: Gliscor","|","|","|switch|p1a: Mamoswine|Mamoswine, M|361/361","|-damage|p1a: Mamoswine|316/361|[from] Spikes","|-damage|p1a: Mamoswine|271/361|[from] Stealth Rock","|turn|17","|","|move|p2a: Togekiss|Air Slash|p1a: Mamoswine","|-damage|p1a: Mamoswine|76/361","|cant|p1a: Mamoswine|flinch","|","|turn|18","|","|move|p1a: Mamoswine|Ice Shard|p2a: Togekiss","|-supereffective|p2a: Togekiss","|-damage|p2a: Togekiss|104/311","|move|p2a: Togekiss|Air Slash|p1a: Mamoswine","|-damage|p1a: Mamoswine|0 fnt","|faint|p1a: Mamoswine","|","|","|switch|p1a: Garchomp|Garchomp, M|357/357","|-damage|p1a: Garchomp|313/357|[from] Spikes","|-damage|p1a: Garchomp|291/357|[from] Stealth Rock","|turn|19","|","|move|p1a: Garchomp|Stone Edge|p2a: Togekiss","|-crit|p2a: Togekiss","|-supereffective|p2a: Togekiss","|-damage|p2a: Togekiss|0 fnt","|faint|p2a: Togekiss","|","|","|switch|p2a: Mandibuzz|Mandibuzz, F|361/361","|-damage|p2a: Mandibuzz|271/361|[from] Stealth Rock","|turn|20","|","|move|p1a: Garchomp|Stone Edge|p2a: Mandibuzz|[miss]","|-miss|p1a: Garchomp|p2a: Mandibuzz","|move|p2a: Mandibuzz|Knock Off|p1a: Garchomp","|-damage|p1a: Garchomp|170/357","|-damage|p2a: Mandibuzz|226/361|[from] ability: Rough Skin|[of] p1a: Garchomp","|-enditem|p1a: Garchomp|Choice Scarf|[from] move: Knock Off|[of] p2a: Mandibuzz","|","|-heal|p2a: Mandibuzz|248/361|[from] item: Leftovers","|turn|21","|","|move|p1a: Garchomp|Stone Edge|p2a: Mandibuzz","|-supereffective|p2a: Mandibuzz","|-damage|p2a: Mandibuzz|30/361","|move|p2a: Mandibuzz|Brave Bird|p1a: Garchomp","|-damage|p1a: Garchomp|5/357","|-damage|p2a: Mandibuzz|0 fnt|[from] ability: Rough Skin|[of] p1a: Garchomp","|faint|p2a: Mandibuzz","|","|","|switch|p2a: Skarmory|Skarmory, M|214/271","|-damage|p2a: Skarmory|181/271|[from] Stealth Rock","|turn|22","|","|move|p1a: Garchomp|Fire Blast|p2a: Skarmory|[miss]","|-miss|p1a: Garchomp|p2a: Skarmory","|move|p2a: Skarmory|Iron Head|p1a: Garchomp","|-damage|p1a: Garchomp|0 fnt","|-damage|p2a: Skarmory|148/271|[from] ability: Rough Skin|[of] p1a: Garchomp","|faint|p1a: Garchomp","|","|","|switch|p1a: Landorus|Landorus, M|319/319","|-damage|p1a: Landorus|280/319|[from] Stealth Rock","|turn|23","|","|move|p1a: Landorus|Psychic|p2a: Skarmory","|-resisted|p2a: Skarmory","|-damage|p2a: Skarmory|54/271","|move|p2a: Skarmory|Roost|p2a: Skarmory","|-heal|p2a: Skarmory|190/271","|","|turn|24","|","|move|p1a: Landorus|Psychic|p2a: Skarmory","|-resisted|p2a: Skarmory","|-damage|p2a: Skarmory|103/271","|move|p2a: Skarmory|Iron Head|p1a: Landorus","|-damage|p1a: Landorus|165/319","|","|turn|25","|","|move|p1a: Landorus|Psychic|p2a: Skarmory","|-resisted|p2a: Skarmory","|-damage|p2a: Skarmory|11/271","|move|p2a: Skarmory|Iron Head|p1a: Landorus","|-crit|p1a: Landorus","|-damage|p1a: Landorus|9/319","|","|turn|26","|","|move|p1a: Landorus|Psychic|p2a: Skarmory","|-crit|p2a: Skarmory","|-resisted|p2a: Skarmory","|-damage|p2a: Skarmory|0 fnt","|faint|p2a: Skarmory","|","|","|switch|p2a: Landorus-Therian|Landorus-Therian, M|319/319","|-damage|p2a: Landorus-Therian|280/319|[from] Stealth Rock","|-ability|p2a: Landorus-Therian|Intimidate","|-unboost|p1a: Landorus|atk|1","|turn|27","|","|move|p1a: Landorus|Psychic|p2a: Landorus-Therian","|-damage|p2a: Landorus-Therian|181/319","|move|p2a: Landorus-Therian|Knock Off|p1a: Landorus","|-damage|p1a: Landorus|0 fnt","|-enditem|p1a: Landorus|Life Orb|[from] move: Knock Off|[of] p2a: Landorus-Therian","|faint|p1a: Landorus","|","|win|tboltrider"],"p1rating":{"entryid":"7326062","serverid":"eos","formatid":"monotype","userid":"guardwulf","username":"Guard Wulf","w":"30","l":15,"t":"0","gxe":62.5,"r":"1604.2036968447","rd":"52.235352186927","sigma":"0","rptime":"1438851600","rpr":1596.7931129312,"rprd":51.40817459389,"rpsigma":"0","acre":1205.5490724225,"lacre":1205.5490724225,"oldacre":"1235.1588108895"},"p2rating":{"entryid":"6783929","serverid":"eos","formatid":"monotype","userid":"tboltrider","username":"tboltrider","w":15,"l":"25","t":"0","gxe":40.8,"r":"1378.5778471541","rd":"65.360208887507","sigma":"0","rptime":"1438851600","rpr":1429.2331628194,"rprd":57.671183474602,"rpsigma":"0","acre":1199.9638392794,"lacre":1199.9638392794,"oldacre":"1170.3541008124"},"endType":"normal"}