{"seed":[37427,40211,61942,5121],"turns":22,"p1":"Sovereign♕Dooms","p2":"Silver - Enzo","p1team":[{"name":"Audi","species":"audino","item":"audinite","ability":"Healer","moves":["calmmind","rest","dazzlinggleam","sleeptalk"],"nature":"Bold","evs":{"hp":24,"atk":0,"def":248,"spa":148,"spd":88,"spe":0},"gender":"M","ivs":{"hp":31,"atk":31,"def":31,"spa":31,"spd":31,"spe":31}},{"name":"Cinc","species":"cinccino","item":"focussash","ability":"Skill Link","moves":["rockblast","bulletseed","uturn","thunderwave"],"nature":"Jolly","evs":{"hp":4,"atk":252,"def":0,"spa":0,"spd":0,"spe":252},"gender":"M","ivs":{"hp":31,"atk":31,"def":31,"spa":31,"spd":31,"spe":31}},{"name":"Digger","species":"diggersby","item":"lifeorb","ability":"Huge Power","moves":["earthquake","gunkshot","ironhead","superpower"],"nature":"Jolly","evs":{"hp":4,"atk":252,"def":0,"spa":0,"spd":0,"spe":252},"gender":"M","ivs":{"hp":31,"atk":31,"def":31,"spa":31,"spd":31,"spe":31}},{"name":"Smear","species":"smeargle","item":"focussash","ability":"Own Tempo","moves":["agility","batonpass","substitute","spore"],"nature":"Timid","evs":{"hp":252,"atk":0,"def":4,"spa":0,"spd":0,"spe":252},"gender":"M","ivs":{"hp":31,"atk":31,"def":31,"spa":31,"spd":31,"spe":31}},{"name":"Star","species":"staraptor","item":"leftovers","ability":"Reckless","moves":["bravebird","closecombat","roost","detect"],"nature":"Adamant","evs":{"hp":196,"atk":172,"def":140,"spa":0,"spd":0,"spe":0},"gender":"M","ivs":{"hp":31,"atk":31,"def":31,"spa":31,"spd":31,"spe":31}},{"name":"Pory","species":"porygon2","item":"leftovers","ability":"Analytic","moves":["discharge","psychic","triattack","recover"],"nature":"Bold","evs":{"hp":252,"atk":0,"def":228,"spa":0,"spd":4,"spe":0},"ivs":{"hp":31,"atk":31,"def":31,"spa":31,"spd":31,"spe":31}}],"p2team":[{"name":"Ninetales","species":"Ninetales","item":"heatrock","ability":"Drought","moves":["solarbeam","flamethrower","confuseray","willowisp"],"nature":"Calm","evs":{"hp":252,"atk":0,"def":4,"spa":0,"spd":252,"spe":0},"ivs":{"hp":31,"atk":31,"def":31,"spa":31,"spd":31,"spe":31}},{"name":"R-K-9","species":"arcanine","item":"focussash","ability":"Intimidate","moves":["flareblitz","outrage","wildcharge","extremespeed"],"nature":"Adamant","evs":{"hp":0,"atk":252,"def":0,"spa":0,"spd":4,"spe":252},"gender":"M","ivs":{"hp":31,"atk":31,"def":31,"spa":31,"spd":31,"spe":31}},{"name":"Grumpy Cat","species":"entei","item":"assaultvest","ability":"Pressure","moves":["sacredfire","extremespeed","stoneedge","ironhead"],"nature":"Adamant","evs":{"hp":6,"atk":252,"def":0,"spa":0,"spd":0,"spe":252},"shiny":true,"ivs":{"hp":31,"atk":31,"def":31,"spa":31,"spd":31,"spe":31}},{"name":"RKO","species":"victini","item":"whiteherb","ability":"Victory Star","moves":["vcreate","boltstrike","taunt","psychic"],"nature":"Jolly","evs":{"hp":0,"atk":252,"def":0,"spa":0,"spd":4,"spe":252},"ivs":{"hp":31,"atk":31,"def":31,"spa":31,"spd":31,"spe":31}},{"name":"Smaug","species":"charizard","item":"charizarditey","ability":"Blaze","moves":["rockslide","fireblast","dragonpulse","aircutter"],"nature":"Jolly","evs":{"hp":132,"atk":124,"def":0,"spa":0,"spd":0,"spe":252},"gender":"M","shiny":true,"ivs":{"hp":31,"atk":31,"def":31,"spa":31,"spd":31,"spe":31}},{"name":"Monkey Deez Nuts","species":"infernape","item":"focussash","ability":"Blaze","moves":["closecombat","hiddenpowerice","fireblast","earthquake"],"nature":"Jolly","evs":{"hp":0,"atk":252,"def":0,"spa":0,"spd":5,"spe":252},"gender":"M","ivs":{"hp":31,"atk":30,"def":30,"spa":31,"spd":31,"spe":31}}],"log":["|player|p1|Sovereign♕Dooms|20","|player|p2|Silver - Enzo|167","|gametype|singles","|gen|6","|tier|Monotype","|rated","|rule|Baton Pass Clause: Limit one Baton Passer, can't pass Spe and other stats simultaneously","|rule|Swagger Clause: Swagger is banned","|rule|Same Type Clause: Pokémon in a team must share a type","|clearpoke","|poke|p1|Audino, M","|poke|p1|Cinccino, M","|poke|p1|Diggersby, M","|poke|p1|Smeargle, M","|poke|p1|Staraptor, M","|poke|p1|Porygon2","|poke|p2|Ninetales, M","|poke|p2|Arcanine, M","|poke|p2|Entei, shiny","|poke|p2|Victini","|poke|p2|Charizard, M, shiny","|poke|p2|Infernape, M","|rule|Sleep Clause Mod: Limit one foe put to sleep","|rule|Species Clause: Limit one of each Pokémon","|rule|OHKO Clause: OHKO moves are banned","|rule|Moody Clause: Moody is banned","|rule|Evasion Moves Clause: Evasion moves are banned","|rule|Endless Battle Clause: Forcing endless battles is banned","|rule|HP Percentage Mod: HP is shown in percentages","|teampreview","|","|start","|switch|p1a: Smear|Smeargle, M|314/314","|switch|p2a: Smaug|Charizard, M, shiny|330/330","|turn|1","|","|detailschange|p2a: Smaug|Charizard-Mega-Y, M, shiny","|-mega|p2a: Smaug|Charizard|Charizardite Y","|-weather|SunnyDay","|move|p2a: Smaug|Fire Blast|p1a: Smear","|-enditem|p1a: Smear|Focus Sash","|-damage|p1a: Smear|1/314","|-status|p1a: Smear|brn","|move|p1a: Smear|Spore|p2a: Smaug","|-status|p2a: Smaug|slp","|","|-weather|SunnyDay|[upkeep]","|-damage|p1a: Smear|0 fnt|[from] brn","|faint|p1a: Smear","|","|switch|p1a: Cinc|Cinccino, M|292/292","|turn|2","|","|move|p1a: Cinc|Rock Blast|p2a: Smaug","|-supereffective|p2a: Smaug","|-damage|p2a: Smaug|202/330 slp","|-supereffective|p2a: Smaug","|-damage|p2a: Smaug|82/330 slp","|-supereffective|p2a: Smaug","|-damage|p2a: Smaug|0 fnt","|-hitcount|p2a: Smaug|3","|faint|p2a: Smaug","|","|-weather|SunnyDay|[upkeep]","|","|switch|p2a: Monkey Deez Nuts|Infernape, M|293/293","|turn|3","|","|switch|p1a: Star|Staraptor, M|360/360","|move|p2a: Monkey Deez Nuts|Close Combat|p1a: Star","|-damage|p1a: Star|147/360","|-unboost|p2a: Monkey Deez Nuts|def|1","|-unboost|p2a: Monkey Deez Nuts|spd|1","|","|-weather|SunnyDay|[upkeep]","|-heal|p1a: Star|169/360|[from] item: Leftovers","|turn|4","|","|move|p1a: Star|Detect|p1a: Star","|-singleturn|p1a: Star|Protect","|move|p2a: Monkey Deez Nuts|Fire Blast|p1a: Star","|-activate|p1a: Star|Protect","|","|-weather|SunnyDay|[upkeep]","|-heal|p1a: Star|191/360|[from] item: Leftovers","|turn|5","|","|move|p2a: Monkey Deez Nuts|Fire Blast|p1a: Star","|-damage|p1a: Star|0 fnt","|faint|p1a: Star","|","|-weather|none","|","|switch|p1a: Pory|Porygon2|374/374","|turn|6","|","|move|p2a: Monkey Deez Nuts|Close Combat|p1a: Pory","|-supereffective|p1a: Pory","|-damage|p1a: Pory|108/374","|-unboost|p2a: Monkey Deez Nuts|def|1","|-unboost|p2a: Monkey Deez Nuts|spd|1","|move|p1a: Pory|Psychic|p2a: Monkey Deez Nuts","|-supereffective|p2a: Monkey Deez Nuts","|-enditem|p2a: Monkey Deez Nuts|Focus Sash","|-damage|p2a: Monkey Deez Nuts|1/293","|","|-heal|p1a: Pory|131/374|[from] item: Leftovers","|turn|7","|","|move|p2a: Monkey Deez Nuts|Close Combat|p1a: Pory","|-supereffective|p1a: Pory","|-damage|p1a: Pory|0 fnt","|-unboost|p2a: Monkey Deez Nuts|def|1","|-unboost|p2a: Monkey Deez Nuts|spd|1","|faint|p1a: Pory","|","|","|switch|p1a: Cinc|Cinccino, M|292/292","|turn|8","|","|move|p1a: Cinc|Rock Blast|p2a: Monkey Deez Nuts","|-damage|p2a: Monkey Deez Nuts|0 fnt","|-hitcount|p2a: Monkey Deez Nuts|1","|faint|p2a: Monkey Deez Nuts","|","|","|switch|p2a: Ninetales|Ninetales, M|350/350","|-weather|SunnyDay","|turn|9","|","|move|p1a: Cinc|Rock Blast|p2a: Ninetales","|-crit|p2a: Ninetales","|-supereffective|p2a: Ninetales","|-damage|p2a: Ninetales|258/350","|-supereffective|p2a: Ninetales","|-damage|p2a: Ninetales|202/350","|-supereffective|p2a: Ninetales","|-damage|p2a: Ninetales|136/350","|-supereffective|p2a: Ninetales","|-damage|p2a: Ninetales|78/350","|-supereffective|p2a: Ninetales","|-damage|p2a: Ninetales|16/350","|-hitcount|p2a: Ninetales|5","|move|p2a: Ninetales|Confuse Ray|p1a: Cinc","|-start|p1a: Cinc|confusion","|","|-weather|SunnyDay|[upkeep]","|turn|10","|","|switch|p1a: Digger|Diggersby, M|312/312","|move|p2a: Ninetales|Will-O-Wisp|p1a: Digger","|-status|p1a: Digger|brn","|","|-weather|SunnyDay|[upkeep]","|-damage|p1a: Digger|273/312 brn|[from] brn","|turn|11","|","|move|p1a: Digger|Earthquake|p2a: Ninetales","|-supereffective|p2a: Ninetales","|-damage|p2a: Ninetales|0 fnt","|-damage|p1a: Digger|242/312 brn|[from] item: Life Orb","|faint|p2a: Ninetales","|","|-weather|SunnyDay|[upkeep]","|-damage|p1a: Digger|203/312 brn|[from] brn","|","|switch|p2a: R-K-9|Arcanine, M|321/321","|-ability|p2a: R-K-9|Intimidate","|-unboost|p1a: Digger|atk|1","|turn|12","|","|move|p2a: R-K-9|Flare Blitz|p1a: Digger","|-damage|p1a: Digger|0 fnt","|-damage|p2a: R-K-9|254/321|[from] recoil|[of] p1a: Digger","|faint|p1a: Digger","|","|-weather|SunnyDay|[upkeep]","|","|switch|p1a: Cinc|Cinccino, M|292/292","|turn|13","|","|move|p2a: R-K-9|Extreme Speed|p1a: Cinc","|-damage|p1a: Cinc|150/292","|move|p1a: Cinc|Rock Blast|p2a: R-K-9","|-supereffective|p2a: R-K-9","|-damage|p2a: R-K-9|190/321","|-supereffective|p2a: R-K-9","|-damage|p2a: R-K-9|128/321","|-supereffective|p2a: R-K-9","|-damage|p2a: R-K-9|70/321","|-supereffective|p2a: R-K-9","|-damage|p2a: R-K-9|14/321","|-supereffective|p2a: R-K-9","|-damage|p2a: R-K-9|0 fnt","|-hitcount|p2a: R-K-9|5","|faint|p2a: R-K-9","|","|-weather|SunnyDay|[upkeep]","|","|switch|p2a: Grumpy Cat|Entei, shiny|372/372","|-ability|p2a: Grumpy Cat|Pressure","|turn|14","|","|move|p2a: Grumpy Cat|Extreme Speed|p1a: Cinc","|-damage|p1a: Cinc|1/292","|move|p1a: Cinc|Rock Blast|p2a: Grumpy Cat","|-supereffective|p2a: Grumpy Cat","|-damage|p2a: Grumpy Cat|318/372","|-supereffective|p2a: Grumpy Cat","|-damage|p2a: Grumpy Cat|258/372","|-supereffective|p2a: Grumpy Cat","|-damage|p2a: Grumpy Cat|206/372","|-supereffective|p2a: Grumpy Cat","|-damage|p2a: Grumpy Cat|144/372","|-supereffective|p2a: Grumpy Cat","|-damage|p2a: Grumpy Cat|88/372","|-hitcount|p2a: Grumpy Cat|5","|","|-weather|SunnyDay|[upkeep]","|turn|15","|","|move|p2a: Grumpy Cat|Extreme Speed|p1a: Cinc","|-crit|p1a: Cinc","|-damage|p1a: Cinc|0 fnt","|faint|p1a: Cinc","|","|-weather|SunnyDay|[upkeep]","|","|switch|p1a: Audi|Audino, M|353/353","|turn|16","|","|move|p2a: Grumpy Cat|Sacred Fire|p1a: Audi|[miss]","|-miss|p2a: Grumpy Cat|p1a: Audi","|move|p1a: Audi|Calm Mind|p1a: Audi","|-boost|p1a: Audi|spa|1","|-boost|p1a: Audi|spd|1","|","|-weather|none","|turn|17","|","|move|p2a: Grumpy Cat|Sacred Fire|p1a: Audi","|-damage|p1a: Audi|221/353","|move|p1a: Audi|Dazzling Gleam|p2a: Grumpy Cat","|-resisted|p2a: Grumpy Cat","|-damage|p2a: Grumpy Cat|56/372","|","|turn|18","|","|move|p2a: Grumpy Cat|Sacred Fire|p1a: Audi|[miss]","|-miss|p2a: Grumpy Cat|p1a: Audi","|move|p1a: Audi|Calm Mind|p1a: Audi","|-boost|p1a: Audi|spa|1","|-boost|p1a: Audi|spd|1","|","|turn|19","|","|move|p2a: Grumpy Cat|Sacred Fire|p1a: Audi","|-damage|p1a: Audi|70/353","|-status|p1a: Audi|brn","|move|p1a: Audi|Rest|p1a: Audi","|-status|p1a: Audi|slp","|-heal|p1a: Audi|353/353 slp|[silent]","|-status|p1a: Audi|slp|[from] move: Rest","|","|turn|20","|","|move|p2a: Grumpy Cat|Sacred Fire|p1a: Audi","|-damage|p1a: Audi|205/353 slp","|cant|p1a: Audi|slp","|move|p1a: Audi|Sleep Talk|p1a: Audi","|move|p1a: Audi|Rest|p1a: Audi|[from]Sleep Talk","|-fail|p1a: Audi","|","|turn|21","|","|move|p2a: Grumpy Cat|Sacred Fire|p1a: Audi","|-damage|p1a: Audi|49/353 slp","|cant|p1a: Audi|slp","|move|p1a: Audi|Sleep Talk|p1a: Audi","|move|p1a: Audi|Calm Mind|p1a: Audi|[from]Sleep Talk","|-boost|p1a: Audi|spa|1","|-boost|p1a: Audi|spd|1","|","|turn|22","|","|move|p2a: Grumpy Cat|Sacred Fire|p1a: Audi","|-damage|p1a: Audi|0 fnt","|faint|p1a: Audi","|","|win|Silver - Enzo"],"p1rating":{"entryid":"7390241","serverid":"eos","formatid":"monotype","userid":"sovereigndooms","username":"Sovereign♕Dooms","w":"19","l":17,"t":"0","gxe":53,"r":"1569.8599400771","rd":"67.460583971814","sigma":"0","rptime":"1438851600","rpr":1523.0572658706,"rprd":56.627303850626,"rpsigma":"0","acre":1088.7833498,"lacre":1088.7833498,"oldacre":"1121.039898155"},"p2rating":{"entryid":"5850771","serverid":"eos","formatid":"monotype","userid":"silverenzo","username":"Silver - Enzo","w":15,"l":"32","t":"0","gxe":37,"r":"1377.1506558011","rd":70.993941289547,"sigma":"0","rptime":1438851600,"rpr":1397.7338500865,"rprd":69.94731671398,"rpsigma":"0","acre":1065.4880401256,"lacre":1065.4880401256,"oldacre":"1017.2079837093"},"endType":"normal"}