{"seed":[26434,35261,47207,38510],"turns":32,"p1":"JusAnAlt","p2":"TheMajesticWurmple","p1team":[{"name":"Politoed","species":"Politoed","item":"ejectbutton","ability":"Drizzle","moves":["surf","icebeam","perishsong","toxic"],"nature":"Calm","evs":{"hp":248,"atk":0,"def":0,"spa":8,"spd":252,"spe":0},"ivs":{"hp":31,"atk":0,"def":31,"spa":31,"spd":31,"spe":31}},{"name":"Ludicolo","species":"Ludicolo","item":"lifeorb","ability":"Swift Swim","moves":["icebeam","surf","gigadrain","raindance"],"nature":"Modest","evs":{"hp":0,"atk":0,"def":0,"spa":252,"spd":4,"spe":252},"ivs":{"hp":31,"atk":31,"def":31,"spa":31,"spd":31,"spe":31}},{"name":"Swampert","species":"Swampert","item":"swampertite","ability":"Torrent","moves":["icepunch","earthquake","waterfall","raindance"],"nature":"Adamant","evs":{"hp":0,"atk":252,"def":0,"spa":0,"spd":4,"spe":252},"ivs":{"hp":31,"atk":31,"def":31,"spa":31,"spd":31,"spe":31}},{"name":"Kingdra","species":"Kingdra","item":"choicespecs","ability":"Swift Swim","moves":["surf","dragonpulse","icebeam","flashcannon"],"nature":"Modest","evs":{"hp":0,"atk":0,"def":0,"spa":252,"spd":4,"spe":252},"ivs":{"hp":31,"atk":31,"def":31,"spa":31,"spd":31,"spe":31}},{"name":"Azumarill","species":"Azumarill","item":"choiceband","ability":"Sap Sipper","moves":["playrough","aquajet","knockoff","waterfall"],"nature":"Adamant","evs":{"hp":248,"atk":252,"def":0,"spa":0,"spd":8,"spe":0},"ivs":{"hp":31,"atk":31,"def":31,"spa":31,"spd":31,"spe":31}},{"name":"Tentacruel","species":"Tentacruel","item":"blacksludge","ability":"Clear Body","moves":["acidspray","scald","rapidspin","raindance"],"nature":"Bold","evs":{"hp":248,"atk":0,"def":252,"spa":8,"spd":0,"spe":0},"ivs":{"hp":31,"atk":0,"def":31,"spa":31,"spd":31,"spe":31}}],"p2team":[{"name":"Walrein","species":"Walrein","item":"leftovers","ability":"Thick Fat","moves":["sleeptalk","curse","waterfall","rest"],"nature":"Careful","evs":{"hp":252,"atk":4,"def":0,"spa":0,"spd":252,"spe":0},"ivs":{"hp":31,"atk":31,"def":31,"spa":31,"spd":31,"spe":31}},{"name":"Froslass","species":"Froslass","item":"choicespecs","ability":"Cursed Body","moves":["psychic","shadowball","icebeam","trick"],"nature":"Timid","evs":{"hp":0,"atk":0,"def":0,"spa":252,"spd":4,"spe":252},"ivs":{"hp":31,"atk":31,"def":31,"spa":31,"spd":31,"spe":31}},{"name":"Avalugg","species":"Avalugg","item":"leftovers","ability":"Sturdy","moves":["recover","avalanche","rapidspin","toxic"],"nature":"Impish","evs":{"hp":252,"atk":4,"def":252,"spa":0,"spd":0,"spe":0},"ivs":{"hp":31,"atk":31,"def":31,"spa":31,"spd":31,"spe":31}},{"name":"Cloyster","species":"Cloyster","item":"focussash","ability":"Overcoat","moves":["shellsmash","hydropump","icebeam","hiddenpowerfire"],"nature":"Modest","evs":{"hp":0,"atk":0,"def":0,"spa":252,"spd":4,"spe":252},"ivs":{"hp":31,"atk":30,"def":31,"spa":30,"spd":31,"spe":30}},{"name":"Mamoswine","species":"Mamoswine","item":"focussash","ability":"Thick Fat","moves":["iceshard","earthquake","stealthrock","iciclecrash"],"nature":"Adamant","evs":{"hp":248,"atk":252,"def":0,"spa":0,"spd":8,"spe":0},"ivs":{"hp":31,"atk":31,"def":31,"spa":31,"spd":31,"spe":31}},{"name":"Kyurem-Black","species":"Kyurem-Black","item":"choicescarf","ability":"Teravolt","moves":["outrage","ironhead","zenheadbutt","dracometeor"],"nature":"Naive","evs":{"hp":0,"atk":252,"def":0,"spa":4,"spd":0,"spe":252},"ivs":{"hp":31,"atk":31,"def":31,"spa":31,"spd":31,"spe":31}}],"log":["|player|p1|JusAnAlt|99","|player|p2|TheMajesticWurmple|1","|gametype|singles","|gen|6","|tier|Monotype","|rated","|rule|Baton Pass Clause: Limit one Baton Passer, can't pass Spe and other stats simultaneously","|rule|Swagger Clause: Swagger is banned","|rule|Same Type Clause: Pokémon in a team must share a type","|clearpoke","|poke|p1|Politoed, F","|poke|p1|Ludicolo, M","|poke|p1|Swampert, M","|poke|p1|Kingdra, M","|poke|p1|Azumarill, F","|poke|p1|Tentacruel, F","|poke|p2|Walrein, F","|poke|p2|Froslass, F","|poke|p2|Avalugg, M","|poke|p2|Cloyster, F","|poke|p2|Mamoswine, M","|poke|p2|Kyurem-Black","|rule|Sleep Clause Mod: Limit one foe put to sleep","|rule|Species Clause: Limit one of each Pokémon","|rule|OHKO Clause: OHKO moves are banned","|rule|Moody Clause: Moody is banned","|rule|Evasion Moves Clause: Evasion moves are banned","|rule|Endless Battle Clause: Forcing endless battles is banned","|rule|HP Percentage Mod: HP is shown in percentages","|teampreview","|","|start","|switch|p1a: Politoed|Politoed, F|383/383","|switch|p2a: Walrein|Walrein, F|424/424","|-weather|RainDance","|turn|1","|","|switch|p2a: Kyurem-Black|Kyurem-Black|391/391","|-ability|p2a: Kyurem-Black|Teravolt","|move|p1a: Politoed|Toxic|p2a: Kyurem-Black","|-status|p2a: Kyurem-Black|tox","|","|-weather|RainDance|[upkeep]","|-damage|p2a: Kyurem-Black|367/391 tox|[from] psn","|turn|2","|","|switch|p1a: Swampert|Swampert, M|341/341","|move|p2a: Kyurem-Black|Draco Meteor|p1a: Swampert","|-damage|p1a: Swampert|145/341","|-unboost|p2a: Kyurem-Black|spa|2","|","|-weather|RainDance|[upkeep]","|-damage|p2a: Kyurem-Black|319/391 tox|[from] psn","|turn|3","|","|switch|p2a: Avalugg|Avalugg, M|394/394","|detailschange|p1a: Swampert|Swampert-Mega, M","|-mega|p1a: Swampert|Swampert|Swampertite","|move|p1a: Swampert|Earthquake|p2a: Avalugg","|-damage|p2a: Avalugg|297/394","|","|-weather|RainDance|[upkeep]","|-heal|p2a: Avalugg|321/394|[from] item: Leftovers","|turn|4","|","|switch|p1a: Tentacruel|Tentacruel, F|363/363","|move|p2a: Avalugg|Toxic|p1a: Tentacruel|[miss]","|-miss|p2a: Avalugg|p1a: Tentacruel","|","|-weather|RainDance|[upkeep]","|-heal|p2a: Avalugg|345/394|[from] item: Leftovers","|turn|5","|","|switch|p2a: Walrein|Walrein, F|424/424","|move|p1a: Tentacruel|Scald|p2a: Walrein","|-resisted|p2a: Walrein","|-damage|p2a: Walrein|376/424","|","|-weather|none","|-heal|p2a: Walrein|402/424|[from] item: Leftovers","|turn|6","|","|switch|p1a: Politoed|Politoed, F|383/383","|-weather|RainDance","|switch|p2a: Mamoswine|Mamoswine, M|423/423","|","|-weather|RainDance|[upkeep]","|turn|7","|","|move|p2a: Mamoswine|Earthquake|p1a: Politoed","|-damage|p1a: Politoed|115/383","|-enditem|p1a: Politoed|Eject Button","|","|switch|p1a: Kingdra|Kingdra, M|291/291","|","|-weather|RainDance|[upkeep]","|turn|8","|","|move|p1a: Kingdra|Flash Cannon|p2a: Mamoswine","|-supereffective|p2a: Mamoswine","|-damage|p2a: Mamoswine|25/423","|move|p2a: Mamoswine|Earthquake|p1a: Kingdra","|-crit|p1a: Kingdra","|-damage|p1a: Kingdra|0 fnt","|faint|p1a: Kingdra","|","|-weather|RainDance|[upkeep]","|","|switch|p1a: Ludicolo|Ludicolo, M|301/301","|turn|9","|","|move|p1a: Ludicolo|Surf|p2a: Mamoswine","|-supereffective|p2a: Mamoswine","|-damage|p2a: Mamoswine|0 fnt","|-damage|p1a: Ludicolo|271/301|[from] item: Life Orb","|faint|p2a: Mamoswine","|","|-weather|RainDance|[upkeep]","|","|switch|p2a: Froslass|Froslass, F|281/281","|turn|10","|","|move|p1a: Ludicolo|Surf|p2a: Froslass","|-damage|p2a: Froslass|0 fnt","|-damage|p1a: Ludicolo|241/301|[from] item: Life Orb","|faint|p2a: Froslass","|","|-weather|none","|","|switch|p2a: Kyurem-Black|Kyurem-Black|319/391 tox","|-ability|p2a: Kyurem-Black|Teravolt","|turn|11","|","|switch|p1a: Azumarill|Azumarill, F|403/403","|move|p2a: Kyurem-Black|Outrage|p1a: Azumarill","|-immune|p1a: Azumarill|[msg]","|","|-damage|p2a: Kyurem-Black|295/391 tox|[from] psn","|turn|12","|","|switch|p2a: Avalugg|Avalugg, M|345/394","|move|p1a: Azumarill|Knock Off|p2a: Avalugg","|-damage|p2a: Avalugg|295/394","|-enditem|p2a: Avalugg|Leftovers|[from] move: Knock Off|[of] p1a: Azumarill","|","|turn|13","|","|switch|p1a: Politoed|Politoed, F|115/383","|-weather|RainDance","|move|p2a: Avalugg|Recover|p2a: Avalugg","|-heal|p2a: Avalugg|394/394","|","|-weather|RainDance|[upkeep]","|turn|14","|","|switch|p2a: Kyurem-Black|Kyurem-Black|295/391 tox","|-ability|p2a: Kyurem-Black|Teravolt","|move|p1a: Politoed|Surf|p2a: Kyurem-Black","|-resisted|p2a: Kyurem-Black","|-damage|p2a: Kyurem-Black|211/391 tox","|","|-weather|RainDance|[upkeep]","|-damage|p2a: Kyurem-Black|187/391 tox|[from] psn","|turn|15","|","|move|p2a: Kyurem-Black|Zen Headbutt|p1a: Politoed","|-damage|p1a: Politoed|0 fnt","|faint|p1a: Politoed","|","|-weather|RainDance|[upkeep]","|-damage|p2a: Kyurem-Black|139/391 tox|[from] psn","|","|switch|p1a: Ludicolo|Ludicolo, M|241/301","|turn|16","|","|move|p1a: Ludicolo|Ice Beam|p2a: Kyurem-Black","|-damage|p2a: Kyurem-Black|0 fnt","|-damage|p1a: Ludicolo|211/301|[from] item: Life Orb","|faint|p2a: Kyurem-Black","|","|-weather|RainDance|[upkeep]","|","|switch|p2a: Avalugg|Avalugg, M|394/394","|turn|17","|","|move|p1a: Ludicolo|Surf|p2a: Avalugg","|-ability|p2a: Avalugg|Sturdy","|-damage|p2a: Avalugg|1/394","|-damage|p1a: Ludicolo|181/301|[from] item: Life Orb","|move|p2a: Avalugg|Avalanche|p1a: Ludicolo","|-damage|p1a: Ludicolo|0 fnt","|faint|p1a: Ludicolo","|","|-weather|none","|","|switch|p1a: Tentacruel|Tentacruel, F|363/363","|turn|18","|","|move|p1a: Tentacruel|Acid Spray|p2a: Avalugg","|-damage|p2a: Avalugg|0 fnt","|faint|p2a: Avalugg","|","|","|switch|p2a: Walrein|Walrein, F|402/424","|turn|19","|","|switch|p1a: Azumarill|Azumarill, F|403/403","|move|p2a: Walrein|Curse|p2a: Walrein","|-unboost|p2a: Walrein|spe|1","|-boost|p2a: Walrein|atk|1","|-boost|p2a: Walrein|def|1","|","|-heal|p2a: Walrein|424/424|[from] item: Leftovers","|turn|20","|","|move|p1a: Azumarill|Knock Off|p2a: Walrein","|-damage|p2a: Walrein|352/424","|-enditem|p2a: Walrein|Leftovers|[from] move: Knock Off|[of] p1a: Azumarill","|move|p2a: Walrein|Curse|p2a: Walrein","|-unboost|p2a: Walrein|spe|1","|-boost|p2a: Walrein|atk|1","|-boost|p2a: Walrein|def|1","|","|turn|21","|","|switch|p1a: Tentacruel|Tentacruel, F|363/363","|move|p2a: Walrein|Curse|p2a: Walrein","|-unboost|p2a: Walrein|spe|1","|-boost|p2a: Walrein|atk|1","|-boost|p2a: Walrein|def|1","|","|turn|22","|","|move|p1a: Tentacruel|Acid Spray|p2a: Walrein","|-damage|p2a: Walrein|324/424","|-unboost|p2a: Walrein|spd|2","|move|p2a: Walrein|Curse|p2a: Walrein","|-unboost|p2a: Walrein|spe|1","|-boost|p2a: Walrein|atk|1","|-boost|p2a: Walrein|def|1","|","|turn|23","|","|move|p1a: Tentacruel|Scald|p2a: Walrein","|-resisted|p2a: Walrein","|-damage|p2a: Walrein|259/424","|move|p2a: Walrein|Waterfall|p1a: Tentacruel","|-resisted|p1a: Tentacruel","|-damage|p1a: Tentacruel|253/363","|","|-heal|p1a: Tentacruel|275/363|[from] item: Black Sludge","|turn|24","|","|move|p1a: Tentacruel|Scald|p2a: Walrein","|-resisted|p2a: Walrein","|-damage|p2a: Walrein|195/424","|move|p2a: Walrein|Rest|p2a: Walrein","|-status|p2a: Walrein|slp","|-heal|p2a: Walrein|424/424 slp|[silent]","|-status|p2a: Walrein|slp|[from] move: Rest","|","|-heal|p1a: Tentacruel|297/363|[from] item: Black Sludge","|turn|25","|","|move|p1a: Tentacruel|Acid Spray|p2a: Walrein","|-damage|p2a: Walrein|366/424 slp","|-unboost|p2a: Walrein|spd|2","|cant|p2a: Walrein|slp","|move|p2a: Walrein|Sleep Talk|p2a: Walrein","|move|p2a: Walrein|Waterfall|p1a: Tentacruel|[from]Sleep Talk","|-resisted|p1a: Tentacruel","|-damage|p1a: Tentacruel|189/363","|","|-heal|p1a: Tentacruel|211/363|[from] item: Black Sludge","|turn|26","|","|move|p1a: Tentacruel|Acid Spray|p2a: Walrein","|-damage|p2a: Walrein|267/424 slp","|-unboost|p2a: Walrein|spd|2","|cant|p2a: Walrein|slp","|move|p2a: Walrein|Sleep Talk|p2a: Walrein","|move|p2a: Walrein|Waterfall|p1a: Tentacruel|[from]Sleep Talk","|-resisted|p1a: Tentacruel","|-damage|p1a: Tentacruel|93/363","|","|-heal|p1a: Tentacruel|115/363|[from] item: Black Sludge","|turn|27","|","|move|p1a: Tentacruel|Scald|p2a: Walrein","|-resisted|p2a: Walrein","|-damage|p2a: Walrein|148/424 slp","|-curestatus|p2a: Walrein|slp","|move|p2a: Walrein|Waterfall|p1a: Tentacruel","|-resisted|p1a: Tentacruel","|-damage|p1a: Tentacruel|7/363","|","|-heal|p1a: Tentacruel|29/363|[from] item: Black Sludge","|turn|28","|","|move|p1a: Tentacruel|Scald|p2a: Walrein","|-resisted|p2a: Walrein","|-damage|p2a: Walrein|24/424","|-status|p2a: Walrein|brn","|move|p2a: Walrein|Rest|p2a: Walrein","|-status|p2a: Walrein|slp","|-heal|p2a: Walrein|424/424 slp|[silent]","|-status|p2a: Walrein|slp|[from] move: Rest","|","|-heal|p1a: Tentacruel|51/363|[from] item: Black Sludge","|turn|29","|","|move|p1a: Tentacruel|Scald|p2a: Walrein","|-resisted|p2a: Walrein","|-damage|p2a: Walrein|304/424 slp","|cant|p2a: Walrein|slp","|move|p2a: Walrein|Sleep Talk|p2a: Walrein","|move|p2a: Walrein|Waterfall|p1a: Tentacruel|[from]Sleep Talk","|-resisted|p1a: Tentacruel","|-damage|p1a: Tentacruel|0 fnt","|faint|p1a: Tentacruel","|","|","|switch|p1a: Azumarill|Azumarill, F|403/403","|turn|30","|","|move|p1a: Azumarill|Play Rough|p2a: Walrein","|-damage|p2a: Walrein|250/424 slp","|cant|p2a: Walrein|slp","|move|p2a: Walrein|Sleep Talk|p2a: Walrein","|move|p2a: Walrein|Waterfall|p1a: Azumarill|[from]Sleep Talk","|-resisted|p1a: Azumarill","|-damage|p1a: Azumarill|266/403","|","|turn|31","|","|move|p1a: Azumarill|Play Rough|p2a: Walrein","|-damage|p2a: Walrein|195/424 slp","|-curestatus|p2a: Walrein|slp","|move|p2a: Walrein|Waterfall|p1a: Azumarill","|-resisted|p1a: Azumarill","|-damage|p1a: Azumarill|113/403","|","|turn|32","|","|win|TheMajesticWurmple"],"p1rating":{"entryid":"6680044","serverid":"eos","formatid":"monotype","userid":"jusanalt","username":"JusAnAlt","w":"42","l":18,"t":"0","gxe":65.6,"r":"1617.7626828871","rd":"52.36928727867","sigma":"0","rptime":"1438851600","rpr":1622.5752051588,"rprd":50.54108750544,"rpsigma":"0","acre":1243.2015193821,"lacre":1243.2015193821,"oldacre":"1280.3464646751"},"p2rating":{"entryid":"7119116","serverid":"eos","formatid":"monotype","userid":"themajesticwurmple","username":"TheMajesticWurmple","w":4,"l":"1","t":"0","gxe":60.2,"r":"1515.5968624931","rd":"113.51145330243","sigma":"0","rptime":"1438851600","rpr":1581.52295122,"rprd":103.80938000233,"rpsigma":"0","acre":1134.0489724072,"lacre":1134.0489724072,"oldacre":"1096.0161471336"},"endType":"forfeit"}