{"seed":[44880,49335,63288,27123],"turns":20,"p1":"Guard Wanderer","p2":"Sapphire~Husky3310","p1team":[{"name":"Weezing","species":"Weezing","item":"sitrusberry","ability":"Levitate","moves":["toxicspikes","willowisp","memento","thief"],"nature":"Careful","evs":{"hp":248,"atk":8,"def":0,"spa":0,"spd":252,"spe":0},"ivs":{"hp":31,"atk":31,"def":31,"spa":31,"spd":31,"spe":31}},{"name":"Tentacruel","species":"Tentacruel","item":"assaultvest","ability":"Liquid Ooze","moves":["scald","acidspray","gigadrain","hex"],"nature":"Timid","evs":{"hp":0,"atk":0,"def":4,"spa":252,"spd":0,"spe":252},"ivs":{"hp":31,"atk":31,"def":31,"spa":31,"spd":31,"spe":31}},{"name":"Skuntank","species":"Skuntank","item":"","ability":"Stench","moves":["snatch","thief","suckerpunch","poisonjab"],"nature":"Adamant","evs":{"hp":248,"atk":252,"def":0,"spa":0,"spd":8,"spe":0},"ivs":{"hp":31,"atk":31,"def":31,"spa":31,"spd":31,"spe":31}},{"name":"Crobat","species":"Crobat","item":"whiteherb","ability":"Infiltrator","moves":["curse","acrobatics","roost","hypnosis"],"nature":"Jolly","evs":{"hp":248,"atk":8,"def":0,"spa":0,"spd":0,"spe":252},"ivs":{"hp":31,"atk":31,"def":31,"spa":31,"spd":31,"spe":31}},{"name":"Gengar","species":"Gengar","item":"choicescarf","ability":"Levitate","moves":["trick","destinybond","venoshock","hex"],"nature":"Timid","evs":{"hp":0,"atk":0,"def":0,"spa":252,"spd":4,"spe":252},"ivs":{"hp":31,"atk":31,"def":31,"spa":31,"spd":31,"spe":31}},{"name":"Amoonguss","species":"Amoonguss","item":"blacksludge","ability":"Regenerator","moves":["spore","gigadrain","gastroacid","stunspore"],"nature":"Calm","evs":{"hp":248,"atk":0,"def":0,"spa":8,"spd":252,"spe":0},"shiny":true,"ivs":{"hp":31,"atk":31,"def":31,"spa":31,"spd":31,"spe":31}}],"p2team":[{"name":"Meloetta","species":"Meloetta","item":"silkscarf","ability":"Serene Grace","moves":["relicsong","psybeam","drainpunch","shadowball"],"nature":"Mild","evs":{"hp":248,"atk":8,"def":0,"spa":252,"spd":0,"spe":0},"ivs":{"hp":31,"atk":31,"def":31,"spa":31,"spd":31,"spe":31}},{"name":"Jirachi","species":"Jirachi","item":"leftovers","ability":"Serene Grace","moves":["bodyslam","ironhead","zenheadbutt","waterpulse"],"nature":"Lonely","evs":{"hp":224,"atk":252,"def":0,"spa":0,"spd":0,"spe":32},"ivs":{"hp":31,"atk":31,"def":31,"spa":31,"spd":31,"spe":31}},{"name":"Medicham","species":"Medicham","item":"medichamite","ability":"Pure Power","moves":["fakeout","bulletpunch","poweruppunch","psychocut"],"nature":"Jolly","evs":{"hp":0,"atk":252,"def":0,"spa":0,"spd":4,"spe":252},"ivs":{"hp":31,"atk":31,"def":31,"spa":31,"spd":31,"spe":31}},{"name":"Mew","species":"Mew","item":"leftovers","ability":"Synchronize","moves":["willowisp","softboiled","psychic","metronome"],"nature":"Calm","evs":{"hp":252,"atk":0,"def":0,"spa":4,"spd":252,"spe":0},"ivs":{"hp":31,"atk":31,"def":31,"spa":31,"spd":31,"spe":31}},{"name":"Gothitelle","species":"Gothitelle","item":"choicescarf","ability":"Shadow Tag","moves":["trick","calmmind","rest","psychic"],"nature":"Serious","evs":{"hp":252,"atk":0,"def":0,"spa":252,"spd":4,"spe":0},"ivs":{"hp":31,"atk":31,"def":31,"spa":31,"spd":31,"spe":31}},{"name":"Victini","species":"Victini","item":"shedshell","ability":"Victory Star","moves":["vcreate","brickbreak","uturn","fusionbolt"],"nature":"","evs":{"hp":0,"atk":0,"def":0,"spa":0,"spd":0,"spe":0},"ivs":{"hp":31,"atk":31,"def":31,"spa":31,"spd":31,"spe":31}}],"log":["|player|p1|Guard Wanderer|235","|player|p2|Sapphire~Husky3310|290","|gametype|singles","|gen|6","|tier|Monotype","|rated","|rule|Baton Pass Clause: Limit one Baton Passer, can't pass Spe and other stats simultaneously","|rule|Swagger Clause: Swagger is banned","|rule|Same Type Clause: Pokémon in a team must share a type","|clearpoke","|poke|p1|Weezing, F","|poke|p1|Tentacruel, F","|poke|p1|Skuntank, F","|poke|p1|Crobat, F","|poke|p1|Gengar, F","|poke|p1|Amoonguss, F, shiny","|poke|p2|Meloetta","|poke|p2|Jirachi","|poke|p2|Medicham, M","|poke|p2|Mew","|poke|p2|Gothitelle, F","|poke|p2|Victini","|rule|Sleep Clause Mod: Limit one foe put to sleep","|rule|Species Clause: Limit one of each Pokémon","|rule|OHKO Clause: OHKO moves are banned","|rule|Moody Clause: Moody is banned","|rule|Evasion Moves Clause: Evasion moves are banned","|rule|Endless Battle Clause: Forcing endless battles is banned","|rule|HP Percentage Mod: HP is shown in percentages","|teampreview","|","|start","|switch|p1a: Weezing|Weezing, F|333/333","|switch|p2a: Jirachi|Jirachi|397/397","|turn|1","|","|move|p2a: Jirachi|Body Slam|p1a: Weezing","|-damage|p1a: Weezing|249/333","|move|p1a: Weezing|Will-O-Wisp|p2a: Jirachi","|-status|p2a: Jirachi|brn","|","|-damage|p2a: Jirachi|348/397 brn|[from] brn","|turn|2","|","|move|p2a: Jirachi|Body Slam|p1a: Weezing","|-damage|p1a: Weezing|209/333","|-status|p1a: Weezing|par","|cant|p1a: Weezing|par","|","|-heal|p2a: Jirachi|372/397 brn|[from] item: Leftovers","|-damage|p2a: Jirachi|323/397 brn|[from] brn","|turn|3","|","|move|p2a: Jirachi|Zen Headbutt|p1a: Weezing","|-crit|p1a: Weezing","|-supereffective|p1a: Weezing","|-damage|p1a: Weezing|52/333 par","|-enditem|p1a: Weezing|Sitrus Berry|[eat]","|-heal|p1a: Weezing|135/333 par|[from] item: Sitrus Berry","|move|p1a: Weezing|Toxic Spikes|p2a: Jirachi","|-sidestart|p2: Sapphire~Husky3310|move: Toxic Spikes","|","|-heal|p2a: Jirachi|347/397 brn|[from] item: Leftovers","|-damage|p2a: Jirachi|298/397 brn|[from] brn","|turn|4","|","|switch|p1a: Skuntank|Skuntank, F|409/409","|move|p2a: Jirachi|Zen Headbutt|p1a: Skuntank","|-immune|p1a: Skuntank|[msg]","|","|-heal|p2a: Jirachi|322/397 brn|[from] item: Leftovers","|-damage|p2a: Jirachi|273/397 brn|[from] brn","|turn|5","|","|move|p2a: Jirachi|Body Slam|p1a: Skuntank","|-damage|p1a: Skuntank|341/409","|-status|p1a: Skuntank|par","|move|p1a: Skuntank|Thief|p2a: Jirachi","|-crit|p2a: Jirachi","|-supereffective|p2a: Jirachi","|-damage|p2a: Jirachi|0 fnt","|-item|p1a: Skuntank|Leftovers|[from] move: Thief|[of] p2a: Jirachi","|faint|p2a: Jirachi","|","|-heal|p1a: Skuntank|366/409 par|[from] item: Leftovers","|","|switch|p2a: Meloetta|Meloetta|403/403","|-status|p2a: Meloetta|psn","|turn|6","|","|cant|p1a: Skuntank|par","|move|p2a: Meloetta|Relic Song|p1a: Skuntank","|-damage|p1a: Skuntank|102/409 par","|-formechange|p2a: Meloetta|Meloetta-Pirouette|[msg]","|","|-heal|p1a: Skuntank|127/409 par|[from] item: Leftovers","|-damage|p2a: Meloetta|353/403 psn|[from] psn","|turn|7","|","|switch|p1a: Weezing|Weezing, F|135/333 par","|move|p2a: Meloetta|Drain Punch|p1a: Weezing","|-resisted|p1a: Weezing","|-damage|p1a: Weezing|86/333 par","|-heal|p2a: Meloetta|378/403 psn|[from] drain|[of] p1a: Weezing","|","|-damage|p2a: Meloetta|328/403 psn|[from] psn","|turn|8","|","|move|p2a: Meloetta|Psybeam|p1a: Weezing","|-crit|p1a: Weezing","|-supereffective|p1a: Weezing","|-damage|p1a: Weezing|0 fnt","|faint|p1a: Weezing","|","|-damage|p2a: Meloetta|278/403 psn|[from] psn","|","|switch|p1a: Tentacruel|Tentacruel, F|301/301","|turn|9","|","|move|p1a: Tentacruel|Acid Spray|p2a: Meloetta","|-damage|p2a: Meloetta|215/403 psn","|-unboost|p2a: Meloetta|spd|2","|move|p2a: Meloetta|Relic Song|p1a: Tentacruel","|-damage|p1a: Tentacruel|235/301","|-formechange|p2a: Meloetta|Meloetta|[msg]","|","|-damage|p2a: Meloetta|165/403 psn|[from] psn","|turn|10","|","|move|p1a: Tentacruel|Scald|p2a: Meloetta","|-damage|p2a: Meloetta|12/403 psn","|move|p2a: Meloetta|Psybeam|p1a: Tentacruel","|-supereffective|p1a: Tentacruel","|-damage|p1a: Tentacruel|101/301","|-start|p1a: Tentacruel|confusion","|","|-damage|p2a: Meloetta|0 fnt|[from] psn","|faint|p2a: Meloetta","|","|switch|p2a: Gothitelle|Gothitelle, F|344/344","|-status|p2a: Gothitelle|psn","|turn|11","|","|-activate|p1a: Tentacruel|confusion","|move|p1a: Tentacruel|Hex|p2a: Gothitelle","|-supereffective|p2a: Gothitelle","|-damage|p2a: Gothitelle|120/344 psn","|move|p2a: Gothitelle|Trick|p1a: Tentacruel","|-activate|p2a: Gothitelle|move: Trick|[of] p1a: Tentacruel","|-item|p1a: Tentacruel|Choice Scarf|[from] move: Trick","|-item|p2a: Gothitelle|Assault Vest|[from] move: Trick","|","|-damage|p2a: Gothitelle|77/344 psn|[from] psn","|turn|12","|","|switch|p2a: Medicham|Medicham, M|261/261","|-status|p2a: Medicham|psn","|-activate|p1a: Tentacruel|confusion","|move|p1a: Tentacruel|Hex|p2a: Medicham","|-supereffective|p2a: Medicham","|-damage|p2a: Medicham|0 fnt","|faint|p2a: Medicham","|","|","|switch|p2a: Gothitelle|Gothitelle, F|77/344 psn","|turn|13","|","|-activate|p1a: Tentacruel|confusion","|move|p1a: Tentacruel|Hex|p2a: Gothitelle","|-supereffective|p2a: Gothitelle","|-damage|p2a: Gothitelle|0 fnt","|faint|p2a: Gothitelle","|","|","|switch|p2a: Mew|Mew|404/404","|-status|p2a: Mew|psn","|turn|14","|","|-end|p1a: Tentacruel|confusion","|move|p1a: Tentacruel|Hex|p2a: Mew","|-supereffective|p2a: Mew","|-damage|p2a: Mew|244/404 psn","|move|p2a: Mew|Psychic|p1a: Tentacruel","|-supereffective|p1a: Tentacruel","|-damage|p1a: Tentacruel|0 fnt","|faint|p1a: Tentacruel","|","|-heal|p2a: Mew|269/404 psn|[from] item: Leftovers","|-damage|p2a: Mew|219/404 psn|[from] psn","|","|switch|p1a: Skuntank|Skuntank, F|127/409 par","|turn|15","|","|move|p1a: Skuntank|Snatch|p1a: Skuntank","|-singleturn|p1a: Skuntank|Snatch","|move|p2a: Mew|Metronome|p2a: Mew","|move|p2a: Mew|Fire Fang|p1a: Skuntank|[from]Metronome","|-damage|p1a: Skuntank|61/409 par","|","|-heal|p2a: Mew|244/404 psn|[from] item: Leftovers","|-heal|p1a: Skuntank|86/409 par|[from] item: Leftovers","|-damage|p2a: Mew|194/404 psn|[from] psn","|turn|16","|","|move|p1a: Skuntank|Snatch|p1a: Skuntank","|-singleturn|p1a: Skuntank|Snatch","|move|p2a: Mew|Metronome|p2a: Mew","|move|p2a: Mew|Echoed Voice|p1a: Skuntank|[from]Metronome","|-damage|p1a: Skuntank|39/409 par","|","|-heal|p2a: Mew|219/404 psn|[from] item: Leftovers","|-heal|p1a: Skuntank|64/409 par|[from] item: Leftovers","|-damage|p2a: Mew|169/404 psn|[from] psn","|turn|17","|","|move|p1a: Skuntank|Sucker Punch|p2a: Mew","|-fail|p1a: Skuntank","|move|p2a: Mew|Metronome|p2a: Mew","|move|p2a: Mew|Triple Kick|p1a: Skuntank|[from]Metronome","|-damage|p1a: Skuntank|54/409 par","|-damage|p1a: Skuntank|34/409 par","|-damage|p1a: Skuntank|5/409 par","|-hitcount|p1a: Skuntank|3","|","|-heal|p2a: Mew|194/404 psn|[from] item: Leftovers","|-heal|p1a: Skuntank|30/409 par|[from] item: Leftovers","|-damage|p2a: Mew|144/404 psn|[from] psn","|turn|18","|","|move|p2a: Mew|Metronome|p2a: Mew","|move|p2a: Mew|Smog|p1a: Skuntank|[from]Metronome","|-resisted|p1a: Skuntank","|-damage|p1a: Skuntank|14/409 par","|move|p1a: Skuntank|Thief|p2a: Mew","|-supereffective|p2a: Mew","|-damage|p2a: Mew|0 fnt","|faint|p2a: Mew","|","|-heal|p1a: Skuntank|39/409 par|[from] item: Leftovers","|","|switch|p2a: Victini|Victini|341/341","|-status|p2a: Victini|psn","|turn|19","|","|move|p1a: Skuntank|Sucker Punch|p2a: Victini","|-supereffective|p2a: Victini","|-damage|p2a: Victini|89/341 psn","|move|p2a: Victini|U-turn|p1a: Skuntank","|-damage|p1a: Skuntank|0 fnt","|faint|p1a: Skuntank","|","|-damage|p2a: Victini|47/341 psn|[from] psn","|","|switch|p1a: Gengar|Gengar, F|261/261","|turn|20","|","|move|p1a: Gengar|Hex|p2a: Victini","|-supereffective|p2a: Victini","|-damage|p2a: Victini|0 fnt","|faint|p2a: Victini","|","|win|Guard Wanderer"],"p1rating":{"entryid":"6731189","serverid":"eos","formatid":"monotype","userid":"guardwanderer","username":"Guard Wanderer","w":82,"l":"118","t":"0","gxe":39.6,"r":"1416.6716065611","rd":"31.012894024758","sigma":"0","rptime":"1438765200","rpr":1420.3822706295,"rprd":28.89611282785,"rpsigma":"0","acre":1133.9191727726,"lacre":1133.9191727726,"oldacre":"1116.326804068"},"p2rating":{"entryid":"7167721","serverid":"eos","formatid":"monotype","userid":"sapphirehusky3310","username":"Sapphire~Husky3310","w":"4","l":15,"t":"0","gxe":29.1,"r":"1377.1399162991","rd":"79.927320683528","sigma":"0","rptime":"1438765200","rpr":1329.0625858987,"rprd":72.870407965236,"rpsigma":"0","acre":1002.0842670016,"lacre":1002.0842670016,"oldacre":"1010.1976157842"},"endType":"normal"}