{"seed":[48451,29702,54539,59012],"turns":25,"p1":"Alliance- WU용의TANG","p2":"Rain ☆ sidious","p1team":[{"name":"ラティオス","species":"latios","item":"choicescarf","ability":"Levitate","moves":["hiddenpowerfire","dragonpulse","psyshock","icebeam"],"nature":"Timid","evs":{"hp":0,"atk":0,"def":4,"spa":252,"spd":0,"spe":252},"ivs":{"hp":31,"atk":30,"def":31,"spa":30,"spd":31,"spe":30}},{"name":"キュレム","species":"kyuremblack","item":"lifeorb","ability":"Teravolt","moves":["icebeam","outrage","fusionbolt","ironhead"],"nature":"Naive","evs":{"hp":0,"atk":100,"def":0,"spa":180,"spd":0,"spe":228},"shiny":true,"ivs":{"hp":31,"atk":31,"def":31,"spa":31,"spd":31,"spe":31}},{"name":"ボーマンダ","species":"salamence","item":"choicescarf","ability":"Moxie","moves":["outrage","aerialace","steelwing","earthquake"],"nature":"Jolly","evs":{"hp":0,"atk":252,"def":4,"spa":0,"spd":0,"spe":252},"ivs":{"hp":31,"atk":31,"def":31,"spa":31,"spd":31,"spe":31}},{"name":"サザンドラ","species":"hydreigon","item":"lifeorb","ability":"Levitate","moves":["darkpulse","flamethrower","dracometeor","flashcannon"],"nature":"Timid","evs":{"hp":4,"atk":0,"def":0,"spa":252,"spd":0,"spe":252},"shiny":true,"ivs":{"hp":31,"atk":31,"def":31,"spa":31,"spd":31,"spe":31}},{"name":"ガブリアス","species":"garchomp","item":"rockyhelmet","ability":"Rough Skin","moves":["stealthrock","earthquake","dragontail","endure"],"nature":"Impish","evs":{"hp":252,"atk":0,"def":232,"spa":0,"spd":24,"spe":0},"ivs":{"hp":31,"atk":31,"def":31,"spa":31,"spd":31,"spe":31}},{"name":"ラティアス","species":"latias","item":"latiasite","ability":"Levitate","moves":["calmmind","recover","psyshock","dragonbreath"],"nature":"Bold","evs":{"hp":252,"atk":0,"def":224,"spa":0,"spd":0,"spe":32},"ivs":{"hp":31,"atk":0,"def":31,"spa":31,"spd":31,"spe":31}}],"p2team":[{"name":"Latios","species":"Latios","item":"latiosite","ability":"Levitate","moves":["dragonpulse","icebeam","roost","defog"],"nature":"Timid","evs":{"hp":0,"atk":0,"def":0,"spa":252,"spd":4,"spe":252},"shiny":true,"ivs":{"hp":31,"atk":31,"def":31,"spa":31,"spd":31,"spe":31}},{"name":"Cresselia","species":"Cresselia","item":"leftovers","ability":"Levitate","moves":["lunardance","thunderwave","psychic","magiccoat"],"nature":"Calm","evs":{"hp":132,"atk":0,"def":120,"spa":4,"spd":252,"spe":0},"shiny":true,"ivs":{"hp":31,"atk":31,"def":31,"spa":31,"spd":31,"spe":31}},{"name":"Victini","species":"Victini","item":"choiceband","ability":"Victory Star","moves":["flareblitz","boltstrike","uturn","facade"],"nature":"Jolly","evs":{"hp":0,"atk":252,"def":0,"spa":0,"spd":4,"spe":252},"ivs":{"hp":31,"atk":31,"def":31,"spa":31,"spd":31,"spe":31}},{"name":"Jynx","species":"Jynx","item":"choicescarf","ability":"Dry Skin","moves":["icebeam","shadowball","psychic","focusblast"],"nature":"Timid","evs":{"hp":0,"atk":0,"def":0,"spa":252,"spd":4,"spe":252},"shiny":true,"ivs":{"hp":31,"atk":31,"def":31,"spa":31,"spd":31,"spe":31}},{"name":"Starmie","species":"Starmie","item":"lifeorb","ability":"Analytic","moves":["rapidspin","psyshock","hydropump","icebeam"],"nature":"Timid","evs":{"hp":0,"atk":0,"def":0,"spa":252,"spd":4,"spe":252},"ivs":{"hp":31,"atk":31,"def":31,"spa":31,"spd":31,"spe":31}},{"name":"Medicham","species":"Medicham","item":"medichamite","ability":"Pure Power","moves":["fakeout","drainpunch","bulletpunch","icepunch"],"nature":"Adamant","evs":{"hp":0,"atk":252,"def":0,"spa":0,"spd":8,"spe":248},"ivs":{"hp":31,"atk":31,"def":31,"spa":31,"spd":31,"spe":31}}],"log":["|player|p1|Alliance- WU용의TANG|alliancewutang.png","|player|p2|Rain ☆ sidious|278","|gametype|singles","|gen|6","|tier|Monotype","|rated","|rule|Baton Pass Clause: Limit one Baton Passer, can't pass Spe and other stats simultaneously","|rule|Swagger Clause: Swagger is banned","|rule|Same Type Clause: Pokémon in a team must share a type","|clearpoke","|poke|p1|Latios, M","|poke|p1|Kyurem-Black, shiny","|poke|p1|Salamence, M","|poke|p1|Hydreigon, F, shiny","|poke|p1|Garchomp, F","|poke|p1|Latias, F","|poke|p2|Latios, M, shiny","|poke|p2|Cresselia, F, shiny","|poke|p2|Victini","|poke|p2|Jynx, F, shiny","|poke|p2|Starmie","|poke|p2|Medicham, M","|rule|Sleep Clause Mod: Limit one foe put to sleep","|rule|Species Clause: Limit one of each Pokémon","|rule|OHKO Clause: OHKO moves are banned","|rule|Moody Clause: Moody is banned","|rule|Evasion Moves Clause: Evasion moves are banned","|rule|Endless Battle Clause: Forcing endless battles is banned","|rule|HP Percentage Mod: HP is shown in percentages","|teampreview","|","|start","|switch|p1a: サザンドラ|Hydreigon, F, shiny|326/326","|switch|p2a: Medicham|Medicham, M|261/261","|turn|1","|","|switch|p1a: ガブリアス|Garchomp, F|420/420","|detailschange|p2a: Medicham|Medicham-Mega, M","|-mega|p2a: Medicham|Medicham|Medichamite","|move|p2a: Medicham|Fake Out|p1a: ガブリアス","|-crit|p1a: ガブリアス","|-damage|p1a: ガブリアス|327/420","|-damage|p2a: Medicham|229/261|[from] ability: Rough Skin|[of] p1a: ガブリアス","|-damage|p2a: Medicham|186/261|[from] item: Rocky Helmet|[of] p1a: ガブリアス","|","|turn|2","|","|move|p2a: Medicham|Ice Punch|p1a: ガブリアス","|-supereffective|p1a: ガブリアス","|-damage|p1a: ガブリアス|0 fnt","|-damage|p2a: Medicham|154/261|[from] ability: Rough Skin|[of] p1a: ガブリアス","|-damage|p2a: Medicham|111/261|[from] item: Rocky Helmet|[of] p1a: ガブリアス","|faint|p1a: ガブリアス","|","|","|switch|p1a: ボーマンダ|Salamence, M|331/331","|turn|3","|","|switch|p2a: Cresselia|Cresselia, F, shiny|414/414","|move|p1a: ボーマンダ|Aerial Ace|p2a: Cresselia","|-damage|p2a: Cresselia|323/414","|","|-heal|p2a: Cresselia|348/414|[from] item: Leftovers","|turn|4","|","|switch|p1a: サザンドラ|Hydreigon, F, shiny|326/326","|move|p2a: Cresselia|Thunder Wave|p1a: サザンドラ","|-status|p1a: サザンドラ|par","|","|-heal|p2a: Cresselia|373/414|[from] item: Leftovers","|turn|5","|","|move|p2a: Cresselia|Magic Coat|p2a: Cresselia","|-singleturn|p2a: Cresselia|move: Magic Coat","|move|p1a: サザンドラ|Dark Pulse|p2a: Cresselia","|-supereffective|p2a: Cresselia","|-damage|p2a: Cresselia|160/414","|-damage|p1a: サザンドラ|294/326 par|[from] item: Life Orb","|","|-heal|p2a: Cresselia|185/414|[from] item: Leftovers","|turn|6","|","|switch|p2a: Starmie|Starmie|261/261","|cant|p1a: サザンドラ|par","|","|turn|7","|","|move|p2a: Starmie|Ice Beam|p1a: サザンドラ","|-supereffective|p1a: サザンドラ","|-damage|p1a: サザンドラ|55/326 par","|-damage|p2a: Starmie|235/261|[from] item: Life Orb","|move|p1a: サザンドラ|Dark Pulse|p2a: Starmie","|-supereffective|p2a: Starmie","|-damage|p2a: Starmie|0 fnt","|-damage|p1a: サザンドラ|23/326 par|[from] item: Life Orb","|faint|p2a: Starmie","|","|","|switch|p2a: Medicham|Medicham-Mega, M|111/261","|turn|8","|","|move|p2a: Medicham|Drain Punch|p1a: サザンドラ","|-supereffective|p1a: サザンドラ","|-damage|p1a: サザンドラ|0 fnt","|-heal|p2a: Medicham|123/261|[from] drain|[of] p1a: サザンドラ","|faint|p1a: サザンドラ","|","|","|switch|p1a: ラティオス|Latios, M|301/301","|turn|9","|","|move|p1a: ラティオス|Dragon Pulse|p2a: Medicham","|-damage|p2a: Medicham|0 fnt","|faint|p2a: Medicham","|","|","|switch|p2a: Cresselia|Cresselia, F, shiny|185/414","|turn|10","|","|move|p1a: ラティオス|Dragon Pulse|p2a: Cresselia","|-damage|p2a: Cresselia|91/414","|move|p2a: Cresselia|Thunder Wave|p1a: ラティオス","|-status|p1a: ラティオス|par","|","|-heal|p2a: Cresselia|116/414|[from] item: Leftovers","|turn|11","|","|switch|p2a: Latios|Latios, M, shiny|301/301","|switch|p1a: ラティアス|Latias, F|364/364","|","|turn|12","|","|switch|p1a: ラティオス|Latios, M|301/301 par","|move|p2a: Latios|Ice Beam|p1a: ラティオス","|-supereffective|p1a: ラティオス","|-damage|p1a: ラティオス|115/301 par","|","|turn|13","|","|move|p2a: Latios|Ice Beam|p1a: ラティオス","|-supereffective|p1a: ラティオス","|-damage|p1a: ラティオス|0 fnt","|faint|p1a: ラティオス","|","|","|switch|p1a: キュレム|Kyurem-Black, shiny|391/391","|-ability|p1a: キュレム|Teravolt","|turn|14","|","|move|p2a: Latios|Ice Beam|p1a: キュレム","|-crit|p1a: キュレム","|-damage|p1a: キュレム|183/391","|move|p1a: キュレム|Outrage|p2a: Latios","|-supereffective|p2a: Latios","|-damage|p2a: Latios|0 fnt","|-damage|p1a: キュレム|144/391|[from] item: Life Orb","|faint|p2a: Latios","|","|","|switch|p2a: Victini|Victini|341/341","|turn|15","|","|move|p2a: Victini|Flare Blitz|p1a: キュレム","|-damage|p1a: キュレム|0 fnt","|-damage|p2a: Victini|293/341|[from] recoil|[of] p1a: キュレム","|faint|p1a: キュレム","|","|","|switch|p1a: ラティアス|Latias, F|364/364","|turn|16","|","|detailschange|p1a: ラティアス|Latias-Mega, F","|-mega|p1a: ラティアス|Latias|Latiasite","|move|p2a: Victini|Flare Blitz|p1a: ラティアス","|-resisted|p1a: ラティアス","|-damage|p1a: ラティアス|280/364","|-damage|p2a: Victini|265/341|[from] recoil|[of] p1a: ラティアス","|move|p1a: ラティアス|Calm Mind|p1a: ラティアス","|-boost|p1a: ラティアス|spa|1","|-boost|p1a: ラティアス|spd|1","|","|turn|17","|","|switch|p2a: Cresselia|Cresselia, F, shiny|116/414","|move|p1a: ラティアス|Calm Mind|p1a: ラティアス","|-boost|p1a: ラティアス|spa|1","|-boost|p1a: ラティアス|spd|1","|","|-heal|p2a: Cresselia|141/414|[from] item: Leftovers","|turn|18","|","|move|p1a: ラティアス|Dragon Breath|p2a: Cresselia","|-damage|p2a: Cresselia|27/414","|-status|p2a: Cresselia|par","|cant|p2a: Cresselia|par","|","|-heal|p2a: Cresselia|52/414 par|[from] item: Leftovers","|turn|19","|","|move|p1a: ラティアス|Dragon Breath|p2a: Cresselia","|-damage|p2a: Cresselia|0 fnt","|faint|p2a: Cresselia","|","|","|switch|p2a: Victini|Victini|265/341","|turn|20","|","|move|p2a: Victini|U-turn|p1a: ラティアス","|-supereffective|p1a: ラティアス","|-damage|p1a: ラティアス|150/364","|","|switch|p2a: Jynx|Jynx, F, shiny|271/271","|move|p1a: ラティアス|Recover|p1a: ラティアス","|-heal|p1a: ラティアス|332/364","|","|turn|21","|","|move|p2a: Jynx|Shadow Ball|p1a: ラティアス","|-supereffective|p1a: ラティアス","|-damage|p1a: ラティアス|272/364","|move|p1a: ラティアス|Dragon Breath|p2a: Jynx","|-damage|p2a: Jynx|87/271","|","|turn|22","|","|move|p2a: Jynx|Shadow Ball|p1a: ラティアス","|-supereffective|p1a: ラティアス","|-damage|p1a: ラティアス|210/364","|-unboost|p1a: ラティアス|spd|1","|move|p1a: ラティアス|Dragon Breath|p2a: Jynx","|-damage|p2a: Jynx|0 fnt","|faint|p2a: Jynx","|","|","|switch|p2a: Victini|Victini|265/341","|turn|23","|","|move|p2a: Victini|Flare Blitz|p1a: ラティアス","|-resisted|p1a: ラティアス","|-damage|p1a: ラティアス|126/364","|-damage|p2a: Victini|237/341|[from] recoil|[of] p1a: ラティアス","|move|p1a: ラティアス|Recover|p1a: ラティアス","|-heal|p1a: ラティアス|308/364","|","|turn|24","|","|move|p2a: Victini|Flare Blitz|p1a: ラティアス","|-resisted|p1a: ラティアス","|-damage|p1a: ラティアス|227/364","|-damage|p2a: Victini|210/341|[from] recoil|[of] p1a: ラティアス","|move|p1a: ラティアス|Dragon Breath|p2a: Victini","|-damage|p2a: Victini|17/341","|","|turn|25","|","|move|p2a: Victini|Flare Blitz|p1a: ラティアス","|-resisted|p1a: ラティアス","|-damage|p1a: ラティアス|147/364","|-damage|p2a: Victini|0 fnt|[from] recoil|[of] p1a: ラティアス","|faint|p2a: Victini","|","|win|Alliance- WU용의TANG"],"p1rating":{"entryid":"7022950","serverid":"eos","formatid":"monotype","userid":"alliancewutang","username":"Alliance - Wu Tang","w":33,"l":"13","t":"0","gxe":68.3,"r":"1618.5943161483","rd":"58.964557831182","sigma":"0","rptime":"1438851600","rpr":1645.9888894501,"rprd":52.884421368922,"rpsigma":"0","acre":1324.4790906458,"lacre":1324.4790906458,"oldacre":"1314.9872725159"},"p2rating":{"entryid":"6395890","serverid":"eos","formatid":"monotype","userid":"rainsidious","username":"Rain ☆ sidious","w":"48","l":63,"t":"0","gxe":44.6,"r":"1461.8527549341","rd":"41.523066057418","sigma":"0","rptime":"1438851600","rpr":1459.0385798525,"rprd":41.28826190493,"rpsigma":"0","acre":1100.2957324611,"lacre":1100.2957324611,"oldacre":"1112.1605051234"},"endType":"normal"}