{"seed":[40980,25085,30847,64625],"turns":39,"p1":"SWL HB","p2":"Crystal glaceon13","p1team":[{"name":"Aegislash","species":"Aegislash","item":"leftovers","ability":"Stance Change","moves":["shadowball","kingsshield","sacredsword","shadowsneak"],"nature":"Relaxed","evs":{"hp":248,"atk":8,"def":252,"spa":0,"spd":0,"spe":0},"ivs":{"hp":31,"atk":31,"def":31,"spa":31,"spd":31,"spe":31}},{"name":"Hoopa","species":"Hoopa","item":"lifeorb","ability":"Magician","moves":["nastyplot","substitute","hyperspacehole","focusblast"],"nature":"Calm","evs":{"hp":218,"atk":0,"def":0,"spa":252,"spd":38,"spe":0},"ivs":{"hp":31,"atk":31,"def":31,"spa":31,"spd":31,"spe":31}},{"name":"Gengar","species":"Gengar","item":"custapberry","ability":"Levitate","moves":["destinybond","shadowball","endure","sludgebomb"],"nature":"Timid","evs":{"hp":0,"atk":0,"def":0,"spa":252,"spd":4,"spe":252},"ivs":{"hp":31,"atk":31,"def":31,"spa":31,"spd":31,"spe":31}},{"name":"Chandelure","species":"Chandelure","item":"choicescarf","ability":"Flash Fire","moves":["energyball","fireblast","shadowball","hiddenpowerrock"],"nature":"Timid","evs":{"hp":0,"atk":0,"def":0,"spa":252,"spd":4,"spe":252},"ivs":{"hp":31,"atk":31,"def":30,"spa":31,"spd":30,"spe":30}},{"name":"Sableye","species":"Sableye","item":"sablenite","ability":"Prankster","moves":["knockoff","snatch","willowisp","recover"],"nature":"Careful","evs":{"hp":248,"atk":4,"def":112,"spa":0,"spd":144,"spe":0},"ivs":{"hp":31,"atk":31,"def":31,"spa":31,"spd":31,"spe":31}},{"name":"Jellicent","species":"Jellicent","item":"leftovers","ability":"Water Absorb","moves":["recover","scald","confuseray","willowisp"],"nature":"Bold","evs":{"hp":204,"atk":0,"def":216,"spa":0,"spd":88,"spe":0},"ivs":{"hp":31,"atk":31,"def":31,"spa":31,"spd":31,"spe":31}}],"p2team":[{"name":"Diancie","species":"Diancie","item":"diancite","ability":"Clear Body","moves":["earthpower","moonblast","diamondstorm","protect"],"nature":"Naive","evs":{"hp":0,"atk":4,"def":0,"spa":252,"spd":0,"spe":252},"ivs":{"hp":31,"atk":31,"def":31,"spa":31,"spd":31,"spe":31}},{"name":"Togekiss","species":"Togekiss","item":"leftovers","ability":"Serene Grace","moves":["nastyplot","batonpass","airslash","flamethrower"],"nature":"Calm","evs":{"hp":248,"atk":0,"def":0,"spa":0,"spd":240,"spe":20},"ivs":{"hp":31,"atk":31,"def":31,"spa":31,"spd":31,"spe":31}},{"name":"Klefki","species":"Klefki","item":"lightclay","ability":"Prankster","moves":["reflect","lightscreen","thunderwave","foulplay"],"nature":"Bold","evs":{"hp":252,"atk":0,"def":64,"spa":0,"spd":192,"spe":0},"ivs":{"hp":31,"atk":31,"def":31,"spa":31,"spd":31,"spe":31}},{"name":"Azumarill","species":"Azumarill","item":"assaultvest","ability":"Huge Power","moves":["playrough","aquajet","waterfall","poweruppunch"],"nature":"Adamant","evs":{"hp":248,"atk":252,"def":0,"spa":0,"spd":0,"spe":8},"gender":"M","ivs":{"hp":31,"atk":31,"def":31,"spa":31,"spd":31,"spe":31}},{"name":"Gardevoir","species":"Gardevoir","item":"choicescarf","ability":"Trace","moves":["thunderbolt","hiddenpowerfire","moonblast","psyshock"],"nature":"Timid","evs":{"hp":0,"atk":0,"def":4,"spa":252,"spd":0,"spe":252},"ivs":{"hp":31,"atk":30,"def":31,"spa":30,"spd":31,"spe":30}},{"name":"Granbull","species":"Granbull","item":"leftovers","ability":"Intimidate","moves":["earthquake","firepunch","bulkup","playrough"],"nature":"Adamant","evs":{"hp":188,"atk":200,"def":120,"spa":0,"spd":0,"spe":0},"ivs":{"hp":31,"atk":31,"def":31,"spa":31,"spd":31,"spe":31}}],"log":["|player|p1|SWL HB|swlhb.gif","|player|p2|Crystal glaceon13|32","|gametype|singles","|gen|6","|tier|Monotype","|rated","|rule|Baton Pass Clause: Limit one Baton Passer, can't pass Spe and other stats simultaneously","|rule|Swagger Clause: Swagger is banned","|rule|Same Type Clause: Pokémon in a team must share a type","|clearpoke","|poke|p1|Aegislash, M","|poke|p1|Hoopa","|poke|p1|Gengar, M","|poke|p1|Chandelure, M","|poke|p1|Sableye, M","|poke|p1|Jellicent, M","|poke|p2|Diancie","|poke|p2|Togekiss, F","|poke|p2|Klefki, F","|poke|p2|Azumarill, M","|poke|p2|Gardevoir, M","|poke|p2|Granbull, M","|rule|Sleep Clause Mod: Limit one foe put to sleep","|rule|Species Clause: Limit one of each Pokémon","|rule|OHKO Clause: OHKO moves are banned","|rule|Moody Clause: Moody is banned","|rule|Evasion Moves Clause: Evasion moves are banned","|rule|Endless Battle Clause: Forcing endless battles is banned","|rule|HP Percentage Mod: HP is shown in percentages","|teampreview","|","|start","|switch|p1a: Sableye|Sableye, M|303/303","|switch|p2a: Diancie|Diancie|241/241","|turn|1","|","|switch|p1a: Jellicent|Jellicent, M|392/392","|detailschange|p2a: Diancie|Diancie-Mega","|-mega|p2a: Diancie|Diancie|Diancite","|move|p2a: Diancie|Protect|p2a: Diancie","|-fail|p2a: Diancie","|","|turn|2","|","|switch|p2a: Klefki|Klefki, F|318/318","|move|p1a: Jellicent|Scald|p2a: Klefki","|-damage|p2a: Klefki|239/318","|-status|p2a: Klefki|brn","|","|-damage|p2a: Klefki|200/318 brn|[from] brn","|turn|3","|","|move|p2a: Klefki|Light Screen|p2a: Klefki","|-sidestart|p2: Crystal glaceon13|move: Light Screen","|move|p1a: Jellicent|Confuse Ray|p2a: Klefki","|-start|p2a: Klefki|confusion","|","|-damage|p2a: Klefki|161/318 brn|[from] brn","|turn|4","|","|switch|p1a: Sableye|Sableye, M|303/303","|-activate|p2a: Klefki|confusion","|move|p2a: Klefki|Reflect|p2a: Klefki","|-sidestart|p2: Crystal glaceon13|Reflect","|","|-damage|p2a: Klefki|122/318 brn|[from] brn","|turn|5","|","|switch|p2a: Diancie|Diancie-Mega|241/241","|detailschange|p1a: Sableye|Sableye-Mega, M","|-mega|p1a: Sableye|Sableye|Sablenite","|move|p1a: Sableye|Knock Off|p2a: Diancie","|-resisted|p2a: Diancie","|-damage|p2a: Diancie|226/241","|","|turn|6","|","|switch|p1a: Jellicent|Jellicent, M|392/392","|move|p2a: Diancie|Moonblast|p1a: Jellicent","|-damage|p1a: Jellicent|232/392","|-unboost|p1a: Jellicent|spa|1","|","|-heal|p1a: Jellicent|256/392|[from] item: Leftovers","|turn|7","|","|switch|p2a: Togekiss|Togekiss, F|373/373","|move|p1a: Jellicent|Scald|p2a: Togekiss","|-damage|p2a: Togekiss|354/373","|-status|p2a: Togekiss|brn","|","|-heal|p2a: Togekiss|373/373 brn|[from] item: Leftovers","|-heal|p1a: Jellicent|280/392|[from] item: Leftovers","|-damage|p2a: Togekiss|327/373 brn|[from] brn","|turn|8","|","|switch|p1a: Sableye|Sableye-Mega, M|303/303","|move|p2a: Togekiss|Nasty Plot|p2a: Togekiss","|-boost|p2a: Togekiss|spa|2","|","|-heal|p2a: Togekiss|350/373 brn|[from] item: Leftovers","|-damage|p2a: Togekiss|304/373 brn|[from] brn","|turn|9","|","|switch|p1a: Gengar|Gengar, M|261/261","|move|p2a: Togekiss|Baton Pass|p2a: Togekiss","|","|switch|p2a: Gardevoir|Gardevoir, M|277/277","|-ability|p2a: Gardevoir|Levitate|[from] ability: Trace|[of] p1a: Gengar","|","|turn|10","|","|move|p1a: Gengar|Endure|p1a: Gengar","|-singleturn|p1a: Gengar|move: Endure","|move|p2a: Gardevoir|Moonblast|p1a: Gengar","|-resisted|p1a: Gengar","|-damage|p1a: Gengar|46/261","|","|-sideend|p2: Crystal glaceon13|move: Light Screen","|turn|11","|-enditem|p1a: Gengar|Custap Berry|[eat]","|-activate|p1a: Gengar|Custap Berry","|","|move|p1a: Gengar|Destiny Bond|p1a: Gengar","|-singlemove|p1a: Gengar|Destiny Bond","|move|p2a: Gardevoir|Moonblast|p1a: Gengar","|-resisted|p1a: Gengar","|-damage|p1a: Gengar|0 fnt","|faint|p1a: Gengar","|-activate|p1a: Gengar|Destiny Bond","|faint|p2a: Gardevoir","|","|-sideend|p2: Crystal glaceon13|Reflect","|","|switch|p2a: Klefki|Klefki, F|122/318 brn","|switch|p1a: Hoopa|Hoopa|355/355","|turn|12","|","|move|p2a: Klefki|Light Screen|p2a: Klefki","|-sidestart|p2: Crystal glaceon13|move: Light Screen","|move|p1a: Hoopa|Substitute|p1a: Hoopa","|-start|p1a: Hoopa|Substitute","|-damage|p1a: Hoopa|267/355","|","|-damage|p2a: Klefki|83/318 brn|[from] brn","|turn|13","|","|move|p2a: Klefki|Reflect|p2a: Klefki","|-sidestart|p2: Crystal glaceon13|Reflect","|move|p1a: Hoopa|Nasty Plot|p1a: Hoopa","|-boost|p1a: Hoopa|spa|2","|","|-damage|p2a: Klefki|44/318 brn|[from] brn","|turn|14","|","|move|p2a: Klefki|Foul Play|p1a: Hoopa","|-supereffective|p1a: Hoopa","|-end|p1a: Hoopa|Substitute","|move|p1a: Hoopa|Nasty Plot|p1a: Hoopa","|-boost|p1a: Hoopa|spa|2","|","|-damage|p2a: Klefki|5/318 brn|[from] brn","|turn|15","|","|switch|p1a: Sableye|Sableye-Mega, M|303/303","|move|p2a: Klefki|Thunder Wave|p1a: Sableye","|move|p1a: Sableye|Thunder Wave|p2a: Klefki|[from]Magic Bounce","|-fail|p2a: Klefki","|","|-damage|p2a: Klefki|0 fnt|[from] brn","|faint|p2a: Klefki","|","|switch|p2a: Togekiss|Togekiss, F|304/373 brn","|turn|16","|","|move|p1a: Sableye|Snatch|p1a: Sableye","|-singleturn|p1a: Sableye|Snatch","|move|p2a: Togekiss|Nasty Plot|p2a: Togekiss","|-activate|p1a: Sableye|Snatch|[of] p2a: Togekiss","|move|p1a: Sableye|Nasty Plot|p1a: Sableye|[from]Snatch","|-boost|p1a: Sableye|spa|2","|","|-heal|p2a: Togekiss|327/373 brn|[from] item: Leftovers","|-damage|p2a: Togekiss|281/373 brn|[from] brn","|turn|17","|","|move|p2a: Togekiss|Nasty Plot|p2a: Togekiss","|-boost|p2a: Togekiss|spa|2","|move|p1a: Sableye|Knock Off|p2a: Togekiss","|-resisted|p2a: Togekiss","|-damage|p2a: Togekiss|257/373 brn","|-enditem|p2a: Togekiss|Leftovers|[from] move: Knock Off|[of] p1a: Sableye","|","|-damage|p2a: Togekiss|211/373 brn|[from] brn","|turn|18","|","|switch|p1a: Aegislash|Aegislash, M|323/323","|move|p2a: Togekiss|Baton Pass|p2a: Togekiss","|","|switch|p2a: Diancie|Diancie-Mega|226/241","|","|turn|19","|","|move|p1a: Aegislash|King's Shield|p1a: Aegislash","|-singleturn|p1a: Aegislash|Protect","|move|p2a: Diancie|Earth Power|p1a: Aegislash","|-activate|p1a: Aegislash|Protect","|","|-sideend|p2: Crystal glaceon13|move: Light Screen","|turn|20","|","|switch|p1a: Jellicent|Jellicent, M|280/392","|move|p2a: Diancie|Earth Power|p1a: Jellicent","|-damage|p1a: Jellicent|54/392","|","|-heal|p1a: Jellicent|78/392|[from] item: Leftovers","|-sideend|p2: Crystal glaceon13|Reflect","|turn|21","|","|move|p2a: Diancie|Moonblast|p1a: Jellicent","|-damage|p1a: Jellicent|0 fnt","|faint|p1a: Jellicent","|","|","|switch|p1a: Chandelure|Chandelure, M|261/261","|turn|22","|","|move|p2a: Diancie|Protect|p2a: Diancie","|-singleturn|p2a: Diancie|Protect","|move|p1a: Chandelure|Energy Ball|p2a: Diancie","|-activate|p2a: Diancie|Protect","|","|turn|23","|","|switch|p2a: Togekiss|Togekiss, F|211/373 brn","|move|p1a: Chandelure|Energy Ball|p2a: Togekiss","|-resisted|p2a: Togekiss","|-damage|p2a: Togekiss|176/373 brn","|","|-damage|p2a: Togekiss|130/373 brn|[from] brn","|turn|24","|","|switch|p1a: Sableye|Sableye-Mega, M|303/303","|move|p2a: Togekiss|Flamethrower|p1a: Sableye","|-damage|p1a: Sableye|241/303","|","|-damage|p2a: Togekiss|84/373 brn|[from] brn","|turn|25","|","|switch|p2a: Diancie|Diancie-Mega|226/241","|move|p1a: Sableye|Knock Off|p2a: Diancie","|-resisted|p2a: Diancie","|-damage|p2a: Diancie|195/241","|","|turn|26","|","|switch|p1a: Aegislash|Aegislash, M|323/323","|move|p2a: Diancie|Earth Power|p1a: Aegislash","|-supereffective|p1a: Aegislash","|-damage|p1a: Aegislash|155/323","|","|-heal|p1a: Aegislash|175/323|[from] item: Leftovers","|turn|27","|","|switch|p2a: Granbull|Granbull, M|368/368","|-ability|p2a: Granbull|Intimidate","|-unboost|p1a: Aegislash|atk|1","|move|p1a: Aegislash|King's Shield|p1a: Aegislash","|-fail|p1a: Aegislash","|","|-heal|p1a: Aegislash|195/323|[from] item: Leftovers","|turn|28","|","|switch|p1a: Sableye|Sableye-Mega, M|241/303","|move|p2a: Granbull|Earthquake|p1a: Sableye","|-damage|p1a: Sableye|159/303","|","|turn|29","|","|move|p2a: Granbull|Play Rough|p1a: Sableye","|-supereffective|p1a: Sableye","|-damage|p1a: Sableye|0 fnt","|faint|p1a: Sableye","|","|","|switch|p1a: Hoopa|Hoopa|267/355","|turn|30","|","|switch|p2a: Togekiss|Togekiss, F|84/373 brn","|move|p1a: Hoopa|Hyperspace Hole|p2a: Togekiss","|-damage|p2a: Togekiss|0 fnt","|-damage|p1a: Hoopa|232/355|[from] item: Life Orb","|faint|p2a: Togekiss","|","|","|switch|p2a: Diancie|Diancie-Mega|195/241","|turn|31","|","|move|p2a: Diancie|Diamond Storm|p1a: Hoopa","|-damage|p1a: Hoopa|0 fnt","|-boost|p2a: Diancie|def|1","|faint|p1a: Hoopa","|","|","|switch|p1a: Chandelure|Chandelure, M|261/261","|turn|32","|","|move|p2a: Diancie|Protect|p2a: Diancie","|-singleturn|p2a: Diancie|Protect","|move|p1a: Chandelure|Energy Ball|p2a: Diancie","|-activate|p2a: Diancie|Protect","|","|turn|33","|","|move|p1a: Chandelure|Energy Ball|p2a: Diancie","|-supereffective|p2a: Diancie","|-damage|p2a: Diancie|0 fnt","|faint|p2a: Diancie","|","|","|switch|p2a: Azumarill|Azumarill, M|403/403","|turn|34","|","|switch|p1a: Aegislash|Aegislash, M|195/323","|move|p2a: Azumarill|Aqua Jet|p1a: Aegislash","|-damage|p1a: Aegislash|146/323","|","|-heal|p1a: Aegislash|166/323|[from] item: Leftovers","|turn|35","|","|switch|p2a: Granbull|Granbull, M|368/368","|-ability|p2a: Granbull|Intimidate","|-unboost|p1a: Aegislash|atk|1","|-formechange|p1a: Aegislash|Aegislash-Blade","|move|p1a: Aegislash|Shadow Ball|p2a: Granbull","|-crit|p2a: Granbull","|-damage|p2a: Granbull|40/368","|","|-heal|p1a: Aegislash|186/323|[from] item: Leftovers","|-heal|p2a: Granbull|63/368|[from] item: Leftovers","|turn|36","|","|move|p1a: Aegislash|Shadow Sneak|p2a: Granbull","|-damage|p2a: Granbull|12/368","|move|p2a: Granbull|Earthquake|p1a: Aegislash","|-supereffective|p1a: Aegislash","|-damage|p1a: Aegislash|0 fnt","|faint|p1a: Aegislash","|","|-heal|p2a: Granbull|35/368|[from] item: Leftovers","|","|switch|p1a: Chandelure|Chandelure, M|261/261","|turn|37","|","|move|p1a: Chandelure|Energy Ball|p2a: Granbull","|-damage|p2a: Granbull|0 fnt","|faint|p2a: Granbull","|","|","|switch|p2a: Azumarill|Azumarill, M|403/403","|turn|38","|","|move|p2a: Azumarill|Aqua Jet|p1a: Chandelure","|-supereffective|p1a: Chandelure","|-damage|p1a: Chandelure|63/261","|move|p1a: Chandelure|Energy Ball|p2a: Azumarill","|-supereffective|p2a: Azumarill","|-damage|p2a: Azumarill|199/403","|","|turn|39","|","|move|p2a: Azumarill|Aqua Jet|p1a: Chandelure","|-supereffective|p1a: Chandelure","|-damage|p1a: Chandelure|0 fnt","|faint|p1a: Chandelure","|","|win|Crystal glaceon13"],"p1rating":{"entryid":"6872578","serverid":"eos","formatid":"monotype","userid":"swlhb","username":"SWL HB","w":"6","l":14,"t":"0","gxe":34.1,"r":"1403.4297217191","rd":"77.098562465863","sigma":"0","rptime":"1438851600","rpr":1373.745151605,"rprd":72.887603533274,"rpsigma":"0","acre":1032.2401904366,"lacre":1032.2401904366,"oldacre":"1037.7233665175"},"p2rating":{"entryid":"5815193","serverid":"eos","formatid":"monotype","userid":"crystalglaceon13","username":"Crystal glaceon13","w":32,"l":"13","t":"0","gxe":65.7,"r":"1619.9542173197","rd":"58.338440032355","sigma":"0","rptime":"1438851600","rpr":1624.2423706367,"rprd":57.797096820046,"rpsigma":"0","acre":1313.9894822472,"lacre":1313.9894822472,"oldacre":"1306.9860344868"},"endType":"normal"}