{"seed":[31309,49749,22350,60605],"turns":35,"p1":"Guard Wanderer","p2":"DJMadness","p1team":[{"name":"Weezing","species":"Weezing","item":"sitrusberry","ability":"Levitate","moves":["toxicspikes","willowisp","memento","thief"],"nature":"Careful","evs":{"hp":248,"atk":8,"def":0,"spa":0,"spd":252,"spe":0},"ivs":{"hp":31,"atk":31,"def":31,"spa":31,"spd":31,"spe":31}},{"name":"Tentacruel","species":"Tentacruel","item":"assaultvest","ability":"Liquid Ooze","moves":["scald","acidspray","gigadrain","hex"],"nature":"Timid","evs":{"hp":0,"atk":0,"def":4,"spa":252,"spd":0,"spe":252},"ivs":{"hp":31,"atk":31,"def":31,"spa":31,"spd":31,"spe":31}},{"name":"Skuntank","species":"Skuntank","item":"","ability":"Stench","moves":["snatch","thief","suckerpunch","poisonjab"],"nature":"Adamant","evs":{"hp":248,"atk":252,"def":0,"spa":0,"spd":8,"spe":0},"ivs":{"hp":31,"atk":31,"def":31,"spa":31,"spd":31,"spe":31}},{"name":"Crobat","species":"Crobat","item":"whiteherb","ability":"Infiltrator","moves":["curse","acrobatics","roost","hypnosis"],"nature":"Jolly","evs":{"hp":248,"atk":8,"def":0,"spa":0,"spd":0,"spe":252},"ivs":{"hp":31,"atk":31,"def":31,"spa":31,"spd":31,"spe":31}},{"name":"Gengar","species":"Gengar","item":"choicescarf","ability":"Levitate","moves":["trick","destinybond","venoshock","hex"],"nature":"Timid","evs":{"hp":0,"atk":0,"def":0,"spa":252,"spd":4,"spe":252},"ivs":{"hp":31,"atk":31,"def":31,"spa":31,"spd":31,"spe":31}},{"name":"Amoonguss","species":"Amoonguss","item":"blacksludge","ability":"Regenerator","moves":["spore","gigadrain","gastroacid","stunspore"],"nature":"Calm","evs":{"hp":248,"atk":0,"def":0,"spa":8,"spd":252,"spe":0},"shiny":true,"ivs":{"hp":31,"atk":31,"def":31,"spa":31,"spd":31,"spe":31}}],"p2team":[{"name":"Hercules","species":"heracross","item":"choicescarf","ability":"Guts","moves":["megahorn","closecombat","stoneedge","earthquake"],"nature":"Adamant","evs":{"hp":0,"atk":252,"def":0,"spa":0,"spd":4,"spe":252},"gender":"M","ivs":{"hp":31,"atk":31,"def":31,"spa":31,"spd":31,"spe":31}},{"name":"A Monster","species":"volcarona","item":"sitrusberry","ability":"Flame Body","moves":["bugbuzz","fierydance","quiverdance","gigadrain"],"nature":"Timid","evs":{"hp":252,"atk":0,"def":0,"spa":0,"spd":4,"spe":252},"gender":"F","shiny":true,"ivs":{"hp":31,"atk":31,"def":31,"spa":31,"spd":31,"spe":31}},{"name":"What Am I?","species":"armaldo","item":"leftovers","ability":"Battle Armor","moves":["stealthrock","rapidspin","toxic","rockslide"],"nature":"Impish","evs":{"hp":252,"atk":4,"def":252,"spa":0,"spd":0,"spe":0},"gender":"M","shiny":true,"ivs":{"hp":31,"atk":31,"def":31,"spa":31,"spd":31,"spe":31}},{"name":"The Ant Of Steel","species":"scizor","item":"lumberry","ability":"Technician","moves":["swordsdance","bulletpunch","aerialace","roost"],"nature":"Impish","evs":{"hp":252,"atk":0,"def":252,"spa":0,"spd":4,"spe":0},"gender":"M","shiny":true,"ivs":{"hp":31,"atk":31,"def":31,"spa":31,"spd":31,"spe":31}},{"name":"Dual Blade","species":"scyther","item":"eviolite","ability":"Technician","moves":["aerialace","swordsdance","roost","quickattack"],"nature":"Jolly","evs":{"hp":252,"atk":4,"def":0,"spa":0,"spd":0,"spe":252},"gender":"M","shiny":true,"ivs":{"hp":31,"atk":31,"def":31,"spa":31,"spd":31,"spe":31}},{"name":"Soo Kawaii :3","species":"vivillon","item":"focussash","ability":"Compound Eyes","moves":["hurricane","sleeppowder","hiddenpowerground","quiverdance"],"nature":"Timid","evs":{"hp":0,"atk":0,"def":0,"spa":252,"spd":0,"spe":252},"gender":"F","ivs":{"hp":31,"atk":31,"def":31,"spa":30,"spd":30,"spe":31},"shiny":true}],"log":["|player|p1|Guard Wanderer|235","|player|p2|DJMadness|92","|gametype|singles","|gen|6","|tier|Monotype","|rated","|rule|Baton Pass Clause: Limit one Baton Passer, can't pass Spe and other stats simultaneously","|rule|Swagger Clause: Swagger is banned","|rule|Same Type Clause: Pokémon in a team must share a type","|clearpoke","|poke|p1|Weezing, M","|poke|p1|Tentacruel, F","|poke|p1|Skuntank, F","|poke|p1|Crobat, M","|poke|p1|Gengar, M","|poke|p1|Amoonguss, F, shiny","|poke|p2|Heracross, M","|poke|p2|Volcarona, F, shiny","|poke|p2|Armaldo, M, shiny","|poke|p2|Scizor, M, shiny","|poke|p2|Scyther, M, shiny","|poke|p2|Vivillon, F, shiny","|rule|Sleep Clause Mod: Limit one foe put to sleep","|rule|Species Clause: Limit one of each Pokémon","|rule|OHKO Clause: OHKO moves are banned","|rule|Moody Clause: Moody is banned","|rule|Evasion Moves Clause: Evasion moves are banned","|rule|Endless Battle Clause: Forcing endless battles is banned","|rule|HP Percentage Mod: HP is shown in percentages","|teampreview","|","|start","|switch|p1a: Weezing|Weezing, M|333/333","|switch|p2a: What Am I?|Armaldo, M, shiny|354/354","|turn|1","|","|move|p1a: Weezing|Will-O-Wisp|p2a: What Am I?","|-status|p2a: What Am I?|brn","|move|p2a: What Am I?|Stealth Rock|p1a: Weezing","|-sidestart|p1: Guard Wanderer|move: Stealth Rock","|","|-damage|p2a: What Am I?|310/354 brn|[from] brn","|turn|2","|","|switch|p2a: A Monster|Volcarona, F, shiny|374/374","|move|p1a: Weezing|Toxic Spikes|p2a: A Monster","|-sidestart|p2: DJMadness|move: Toxic Spikes","|","|turn|3","|","|move|p2a: A Monster|Quiver Dance|p2a: A Monster","|-boost|p2a: A Monster|spa|1","|-boost|p2a: A Monster|spd|1","|-boost|p2a: A Monster|spe|1","|move|p1a: Weezing|Toxic Spikes|p2a: A Monster","|-sidestart|p2: DJMadness|move: Toxic Spikes","|","|turn|4","|","|switch|p1a: Tentacruel|Tentacruel, F|301/301","|-damage|p1a: Tentacruel|264/301|[from] Stealth Rock","|move|p2a: A Monster|Fiery Dance|p1a: Tentacruel","|-crit|p1a: Tentacruel","|-resisted|p1a: Tentacruel","|-damage|p1a: Tentacruel|184/301","|","|turn|5","|","|move|p2a: A Monster|Fiery Dance|p1a: Tentacruel","|-resisted|p1a: Tentacruel","|-damage|p1a: Tentacruel|128/301","|-boost|p2a: A Monster|spa|1","|move|p1a: Tentacruel|Acid Spray|p2a: A Monster","|-damage|p2a: A Monster|338/374","|-unboost|p2a: A Monster|spd|2","|","|turn|6","|","|move|p2a: A Monster|Fiery Dance|p1a: Tentacruel","|-resisted|p1a: Tentacruel","|-damage|p1a: Tentacruel|59/301","|-boost|p2a: A Monster|spa|1","|move|p1a: Tentacruel|Scald|p2a: A Monster","|-supereffective|p2a: A Monster","|-damage|p2a: A Monster|36/374","|-enditem|p2a: A Monster|Sitrus Berry|[eat]","|-heal|p2a: A Monster|129/374|[from] item: Sitrus Berry","|","|turn|7","|","|move|p2a: A Monster|Fiery Dance|p1a: Tentacruel","|-crit|p1a: Tentacruel","|-resisted|p1a: Tentacruel","|-damage|p1a: Tentacruel|0 fnt","|-boost|p2a: A Monster|spa|1","|faint|p1a: Tentacruel","|","|","|switch|p1a: Gengar|Gengar, M|261/261","|-damage|p1a: Gengar|229/261|[from] Stealth Rock","|turn|8","|","|move|p1a: Gengar|Hex|p2a: A Monster","|-damage|p2a: A Monster|0 fnt","|faint|p2a: A Monster","|","|","|switch|p2a: Dual Blade|Scyther, M, shiny|344/344","|turn|9","|","|switch|p1a: Skuntank|Skuntank, F|409/409","|-damage|p1a: Skuntank|358/409|[from] Stealth Rock","|move|p2a: Dual Blade|Aerial Ace|p1a: Skuntank","|-damage|p1a: Skuntank|192/409","|","|turn|10","|","|move|p2a: Dual Blade|Aerial Ace|p1a: Skuntank","|-damage|p1a: Skuntank|21/409","|move|p1a: Skuntank|Thief|p2a: Dual Blade","|-damage|p2a: Dual Blade|272/344","|-item|p1a: Skuntank|Eviolite|[from] move: Thief|[of] p2a: Dual Blade","|","|turn|11","|","|move|p1a: Skuntank|Sucker Punch|p2a: Dual Blade","|-damage|p2a: Dual Blade|124/344","|move|p2a: Dual Blade|Aerial Ace|p1a: Skuntank","|-damage|p1a: Skuntank|0 fnt","|faint|p1a: Skuntank","|","|","|switch|p1a: Crobat|Crobat, M|373/373","|-damage|p1a: Crobat|280/373|[from] Stealth Rock","|turn|12","|","|move|p2a: Dual Blade|Quick Attack|p1a: Crobat","|-damage|p1a: Crobat|218/373","|move|p1a: Crobat|Curse|p1a: Crobat","|-unboost|p1a: Crobat|spe|1","|-boost|p1a: Crobat|atk|1","|-boost|p1a: Crobat|def|1","|-enditem|p1a: Crobat|White Herb","|-restoreboost|p1a: Crobat|[silent]","|","|turn|13","|","|move|p1a: Crobat|Roost|p1a: Crobat","|-heal|p1a: Crobat|373/373","|move|p2a: Dual Blade|Roost|p2a: Dual Blade","|-heal|p2a: Dual Blade|296/344","|","|turn|14","|","|move|p1a: Crobat|Hypnosis|p2a: Dual Blade|[miss]","|-miss|p1a: Crobat|p2a: Dual Blade","|move|p2a: Dual Blade|Aerial Ace|p1a: Crobat","|-damage|p1a: Crobat|285/373","|","|turn|15","|","|move|p1a: Crobat|Acrobatics|p2a: Dual Blade","|-supereffective|p2a: Dual Blade","|-damage|p2a: Dual Blade|0 fnt","|faint|p2a: Dual Blade","|","|","|switch|p2a: The Ant Of Steel|Scizor, M, shiny|344/344","|turn|16","|","|move|p1a: Crobat|Hypnosis|p2a: The Ant Of Steel|[miss]","|-miss|p1a: Crobat|p2a: The Ant Of Steel","|move|p2a: The Ant Of Steel|Swords Dance|p2a: The Ant Of Steel","|-boost|p2a: The Ant Of Steel|atk|2","|","|turn|17","|","|move|p1a: Crobat|Hypnosis|p2a: The Ant Of Steel","|-status|p2a: The Ant Of Steel|slp","|-enditem|p2a: The Ant Of Steel|Lum Berry|[eat]","|-curestatus|p2a: The Ant Of Steel|slp","|move|p2a: The Ant Of Steel|Aerial Ace|p1a: Crobat","|-damage|p1a: Crobat|152/373","|","|turn|18","|","|move|p2a: The Ant Of Steel|Bullet Punch|p1a: Crobat","|-damage|p1a: Crobat|22/373","|move|p1a: Crobat|Roost|p1a: Crobat","|-heal|p1a: Crobat|209/373","|","|turn|19","|","|move|p1a: Crobat|Hypnosis|p2a: The Ant Of Steel|[miss]","|-miss|p1a: Crobat|p2a: The Ant Of Steel","|move|p2a: The Ant Of Steel|Swords Dance|p2a: The Ant Of Steel","|-boost|p2a: The Ant Of Steel|atk|2","|","|turn|20","|","|move|p2a: The Ant Of Steel|Bullet Punch|p1a: Crobat","|-damage|p1a: Crobat|0 fnt","|faint|p1a: Crobat","|","|","|switch|p1a: Weezing|Weezing, M|333/333","|-damage|p1a: Weezing|292/333|[from] Stealth Rock","|turn|21","|","|switch|p2a: What Am I?|Armaldo, M, shiny|310/354 brn","|move|p1a: Weezing|Will-O-Wisp|p2a: What Am I?","|-fail|p2a: What Am I?|brn","|","|-heal|p2a: What Am I?|332/354 brn|[from] item: Leftovers","|-damage|p2a: What Am I?|288/354 brn|[from] brn","|turn|22","|","|switch|p1a: Gengar|Gengar, M|229/261","|-damage|p1a: Gengar|197/261|[from] Stealth Rock","|move|p2a: What Am I?|Rapid Spin|p1a: Gengar","|-immune|p1a: Gengar|[msg]","|","|-heal|p2a: What Am I?|310/354 brn|[from] item: Leftovers","|-damage|p2a: What Am I?|266/354 brn|[from] brn","|turn|23","|","|move|p1a: Gengar|Hex|p2a: What Am I?","|-damage|p2a: What Am I?|4/354 brn","|move|p2a: What Am I?|Rock Slide|p1a: Gengar","|-damage|p1a: Gengar|118/261","|","|-heal|p2a: What Am I?|26/354 brn|[from] item: Leftovers","|-damage|p2a: What Am I?|0 fnt|[from] brn","|faint|p2a: What Am I?","|","|switch|p2a: Soo Kawaii :3|Vivillon, F, shiny|301/301","|turn|24","|","|switch|p1a: Amoonguss|Amoonguss, F, shiny|431/431","|-damage|p1a: Amoonguss|378/431|[from] Stealth Rock","|move|p2a: Soo Kawaii :3|Sleep Powder|p1a: Amoonguss","|-immune|p1a: Amoonguss|[msg]","|","|-heal|p1a: Amoonguss|404/431|[from] item: Black Sludge","|turn|25","|","|move|p2a: Soo Kawaii :3|Hurricane|p1a: Amoonguss","|-supereffective|p1a: Amoonguss","|-damage|p1a: Amoonguss|170/431","|move|p1a: Amoonguss|Spore|p2a: Soo Kawaii :3","|-status|p2a: Soo Kawaii :3|slp","|","|-heal|p1a: Amoonguss|196/431|[from] item: Black Sludge","|turn|26","|","|switch|p1a: Gengar|Gengar, M|118/261","|-damage|p1a: Gengar|86/261|[from] Stealth Rock","|cant|p2a: Soo Kawaii :3|slp","|","|turn|27","|","|move|p1a: Gengar|Hex|p2a: Soo Kawaii :3","|-enditem|p2a: Soo Kawaii :3|Focus Sash","|-damage|p2a: Soo Kawaii :3|1/301 slp","|-curestatus|p2a: Soo Kawaii :3|slp","|move|p2a: Soo Kawaii :3|Quiver Dance|p2a: Soo Kawaii :3","|-boost|p2a: Soo Kawaii :3|spa|1","|-boost|p2a: Soo Kawaii :3|spd|1","|-boost|p2a: Soo Kawaii :3|spe|1","|","|turn|28","|","|move|p1a: Gengar|Hex|p2a: Soo Kawaii :3","|-damage|p2a: Soo Kawaii :3|0 fnt","|faint|p2a: Soo Kawaii :3","|","|","|switch|p2a: The Ant Of Steel|Scizor, M, shiny|344/344","|turn|29","|","|switch|p1a: Weezing|Weezing, M|292/333","|-damage|p1a: Weezing|251/333|[from] Stealth Rock","|move|p2a: The Ant Of Steel|Bullet Punch|p1a: Weezing","|-damage|p1a: Weezing|178/333","|","|turn|30","|","|switch|p2a: Hercules|Heracross, M|301/301","|-status|p2a: Hercules|tox","|move|p1a: Weezing|Will-O-Wisp|p2a: Hercules","|-fail|p2a: Hercules","|","|-damage|p2a: Hercules|283/301 tox|[from] psn","|turn|31","|","|move|p2a: Hercules|Megahorn|p1a: Weezing","|-resisted|p1a: Weezing","|-damage|p1a: Weezing|41/333","|-enditem|p1a: Weezing|Sitrus Berry|[eat]","|-heal|p1a: Weezing|124/333|[from] item: Sitrus Berry","|move|p1a: Weezing|Memento|p2a: Hercules","|-unboost|p2a: Hercules|atk|2","|-unboost|p2a: Hercules|spa|2","|faint|p1a: Weezing","|","|-damage|p2a: Hercules|247/301 tox|[from] psn","|","|switch|p1a: Amoonguss|Amoonguss, F, shiny|339/431","|-damage|p1a: Amoonguss|286/431|[from] Stealth Rock","|turn|32","|","|move|p2a: Hercules|Megahorn|p1a: Amoonguss|[miss]","|-miss|p2a: Hercules|p1a: Amoonguss","|move|p1a: Amoonguss|Spore|p2a: Hercules","|-fail|p2a: Hercules","|","|-heal|p1a: Amoonguss|312/431|[from] item: Black Sludge","|-damage|p2a: Hercules|193/301 tox|[from] psn","|turn|33","|","|move|p2a: Hercules|Megahorn|p1a: Amoonguss","|-damage|p1a: Amoonguss|83/431","|move|p1a: Amoonguss|Giga Drain|p2a: Hercules","|-resisted|p2a: Hercules","|-damage|p2a: Hercules|155/301 tox","|-heal|p1a: Amoonguss|102/431|[from] drain|[of] p2a: Hercules","|","|-heal|p1a: Amoonguss|128/431|[from] item: Black Sludge","|-damage|p2a: Hercules|83/301 tox|[from] psn","|turn|34","|","|switch|p1a: Gengar|Gengar, M|86/261","|-damage|p1a: Gengar|54/261|[from] Stealth Rock","|move|p2a: Hercules|Megahorn|p1a: Gengar","|-resisted|p1a: Gengar","|-damage|p1a: Gengar|0 fnt","|faint|p1a: Gengar","|","|-damage|p2a: Hercules|0 fnt|[from] psn","|faint|p2a: Hercules","|","|switch|p2a: The Ant Of Steel|Scizor, M, shiny|344/344","|switch|p1a: Amoonguss|Amoonguss, F, shiny|271/431","|-damage|p1a: Amoonguss|218/431|[from] Stealth Rock","|turn|35","|","|move|p2a: The Ant Of Steel|Aerial Ace|p1a: Amoonguss","|-supereffective|p1a: Amoonguss","|-damage|p1a: Amoonguss|0 fnt","|faint|p1a: Amoonguss","|","|win|DJMadness"],"p1rating":{"entryid":"6731189","serverid":"eos","formatid":"monotype","userid":"guardwanderer","username":"Guard Wanderer","w":"81","l":118,"t":"0","gxe":39.3,"r":"1416.6716065611","rd":"31.012894024758","sigma":"0","rptime":"1438765200","rpr":1418.3192276761,"rprd":28.989327089368,"rpsigma":"0","acre":1116.326804068,"lacre":1116.326804068,"oldacre":"1134.49716087"},"p2rating":{"entryid":"7355209","serverid":"eos","formatid":"monotype","userid":"djmadness","username":"DJMadness","w":26,"l":"22","t":"0","gxe":53.7,"r":"1485.9320494043","rd":"56.96993314407","sigma":"0","rptime":"1438765200","rpr":1528.1794896418,"rprd":51.968201670904,"rpsigma":"0","acre":1250.0548436357,"lacre":1250.0548436357,"oldacre":"1231.8844868337"},"endType":"normal"}