{"seed":[8079,46741,35393,40073],"turns":23,"p1":"Alliance AsWeedles","p2":"Sovereign♕Dooms","p1team":[{"name":"Sableye","species":"Sableye","item":"sablenite","ability":"Prankster","moves":["calmmind","recover","willowisp","snarl"],"nature":"Bold","evs":{"hp":252,"atk":0,"def":196,"spa":0,"spd":60,"spe":0},"ivs":{"hp":31,"atk":31,"def":31,"spa":31,"spd":31,"spe":31}},{"name":"Tyranitar","species":"Tyranitar","item":"leftovers","ability":"Sand Stream","moves":["stoneedge","fireblast","thunderwave","stealthrock"],"nature":"Brave","evs":{"hp":252,"atk":56,"def":0,"spa":0,"spd":200,"spe":0},"ivs":{"hp":31,"atk":31,"def":31,"spa":31,"spd":31,"spe":31}},{"name":"Hoopa-Unbound","species":"Hoopa-Unbound","item":"assaultvest","ability":"Magician","moves":["hyperspacefury","firepunch","gunkshot","drainpunch"],"nature":"Careful","evs":{"hp":252,"atk":4,"def":0,"spa":0,"spd":252,"spe":0},"ivs":{"hp":31,"atk":31,"def":31,"spa":31,"spd":31,"spe":31}},{"name":"Weavile","species":"Weavile","item":"focussash","ability":"Pressure","moves":["swordsdance","iciclecrash","knockoff","iceshard"],"nature":"Jolly","evs":{"hp":0,"atk":252,"def":0,"spa":0,"spd":4,"spe":252},"ivs":{"hp":31,"atk":31,"def":31,"spa":31,"spd":31,"spe":31}},{"name":"Mandibuzz","species":"Mandibuzz","item":"rockyhelmet","ability":"Overcoat","moves":["bravebird","foulplay","roost","defog"],"nature":"Impish","evs":{"hp":248,"atk":8,"def":252,"spa":0,"spd":0,"spe":0},"ivs":{"hp":31,"atk":31,"def":31,"spa":31,"spd":31,"spe":31}},{"name":"Bisharp","species":"Bisharp","item":"lumberry","ability":"Defiant","moves":["swordsdance","knockoff","ironhead","suckerpunch"],"nature":"Adamant","evs":{"hp":0,"atk":252,"def":0,"spa":0,"spd":4,"spe":252},"ivs":{"hp":31,"atk":31,"def":31,"spa":31,"spd":31,"spe":31}}],"p2team":[{"name":"Garchomp","species":"Garchomp","item":"lifeorb","ability":"Rough Skin","moves":["outrage","earthquake","stealthrock","ironhead"],"nature":"Jolly","evs":{"hp":0,"atk":236,"def":0,"spa":0,"spd":20,"spe":252},"gender":"M","ivs":{"hp":31,"atk":31,"def":31,"spa":31,"spd":31,"spe":31}},{"name":"Dragonite","species":"Dragonite","item":"lumberry","ability":"Multiscale","moves":["dragondance","outrage","extremespeed","earthquake"],"nature":"Jolly","evs":{"hp":4,"atk":252,"def":0,"spa":0,"spd":0,"spe":252},"gender":"M","ivs":{"hp":31,"atk":31,"def":31,"spa":31,"spd":31,"spe":31}},{"name":"Latios","species":"Latios","item":"choicespecs","ability":"Levitate","moves":["dracometeor","psyshock","thunderbolt","trick"],"nature":"Timid","evs":{"hp":4,"atk":0,"def":0,"spa":252,"spd":0,"spe":252},"ivs":{"hp":31,"atk":31,"def":31,"spa":31,"spd":31,"spe":31}},{"name":"Salamence","species":"Salamence","item":"choicescarf","ability":"Moxie","moves":["outrage","earthquake","fireblast","stoneedge"],"nature":"Hasty","evs":{"hp":0,"atk":252,"def":0,"spa":4,"spd":0,"spe":252},"gender":"M","ivs":{"hp":31,"atk":31,"def":31,"spa":31,"spd":31,"spe":31}},{"name":"Kingdra","species":"Kingdra","item":"choicespecs","ability":"Swift Swim","moves":["dracometeor","hydropump","icebeam","dragonpulse"],"nature":"Timid","evs":{"hp":0,"atk":0,"def":0,"spa":252,"spd":4,"spe":252},"gender":"M","ivs":{"hp":31,"atk":31,"def":31,"spa":31,"spd":31,"spe":31}},{"name":"Kyurem-Black","species":"Kyurem-Black","item":"choicescarf","ability":"Teravolt","moves":["outrage","fusionbolt","icebeam","dragonclaw"],"nature":"Naive","evs":{"hp":0,"atk":252,"def":0,"spa":4,"spd":0,"spe":252},"ivs":{"hp":31,"atk":31,"def":31,"spa":31,"spd":31,"spe":31}}],"log":["|player|p1|Alliance AsWeedles|164","|player|p2|Sovereign♕Dooms|20","|gametype|singles","|gen|6","|tier|Monotype","|rated","|rule|Baton Pass Clause: Limit one Baton Passer, can't pass Spe and other stats simultaneously","|rule|Swagger Clause: Swagger is banned","|rule|Same Type Clause: Pokémon in a team must share a type","|clearpoke","|poke|p1|Sableye, M","|poke|p1|Tyranitar, M","|poke|p1|Hoopa-Unbound","|poke|p1|Weavile, F","|poke|p1|Mandibuzz, F","|poke|p1|Bisharp, M","|poke|p2|Garchomp, M","|poke|p2|Dragonite, M","|poke|p2|Latios, M","|poke|p2|Salamence, M","|poke|p2|Kingdra, M","|poke|p2|Kyurem-Black","|rule|Sleep Clause Mod: Limit one foe put to sleep","|rule|Species Clause: Limit one of each Pokémon","|rule|OHKO Clause: OHKO moves are banned","|rule|Moody Clause: Moody is banned","|rule|Evasion Moves Clause: Evasion moves are banned","|rule|Endless Battle Clause: Forcing endless battles is banned","|rule|HP Percentage Mod: HP is shown in percentages","|teampreview","|","|start","|switch|p1a: Weavile|Weavile, F|281/281","|switch|p2a: Latios|Latios, M|302/302","|-ability|p1a: Weavile|Pressure","|turn|1","|","|move|p1a: Weavile|Swords Dance|p1a: Weavile","|-boost|p1a: Weavile|atk|2","|move|p2a: Latios|Draco Meteor|p1a: Weavile","|-enditem|p1a: Weavile|Focus Sash","|-damage|p1a: Weavile|1/281","|-unboost|p2a: Latios|spa|2","|","|turn|2","|","|switch|p2a: Dragonite|Dragonite, M|324/324","|move|p1a: Weavile|Icicle Crash|p2a: Dragonite","|-crit|p2a: Dragonite","|-supereffective|p2a: Dragonite","|-damage|p2a: Dragonite|0 fnt","|faint|p2a: Dragonite","|","|","|switch|p2a: Salamence|Salamence, M|331/331","|turn|3","|","|move|p2a: Salamence|Outrage|p1a: Weavile","|-damage|p1a: Weavile|0 fnt","|faint|p1a: Weavile","|-boost|p2a: Salamence|atk|1|[from] ability: Moxie","|","|","|switch|p1a: Mandibuzz|Mandibuzz, F|423/423","|turn|4","|","|move|p2a: Salamence|Outrage|p1a: Mandibuzz|[from]lockedmove","|-damage|p1a: Mandibuzz|189/423","|-damage|p2a: Salamence|276/331|[from] item: Rocky Helmet|[of] p1a: Mandibuzz","|move|p1a: Mandibuzz|Foul Play|p2a: Salamence","|-damage|p2a: Salamence|0 fnt","|faint|p2a: Salamence","|","|","|switch|p2a: Kingdra|Kingdra, M|291/291","|turn|5","|","|switch|p1a: Hoopa-Unbound|Hoopa-Unbound|364/364","|move|p2a: Kingdra|Hydro Pump|p1a: Hoopa-Unbound","|-damage|p1a: Hoopa-Unbound|274/364","|","|turn|6","|","|switch|p2a: Kyurem-Black|Kyurem-Black|391/391","|-ability|p2a: Kyurem-Black|Teravolt","|move|p1a: Hoopa-Unbound|Hyperspace Fury|p2a: Kyurem-Black","|-damage|p2a: Kyurem-Black|216/391","|-unboost|p1a: Hoopa-Unbound|def|1","|","|turn|7","|","|switch|p1a: Bisharp|Bisharp, M|271/271","|move|p2a: Kyurem-Black|Outrage|p1a: Bisharp","|-resisted|p1a: Bisharp","|-damage|p1a: Bisharp|130/271","|","|turn|8","|","|switch|p1a: Tyranitar|Tyranitar, M|404/404","|-weather|Sandstorm","|move|p2a: Kyurem-Black|Outrage|p1a: Tyranitar|[from]lockedmove","|-damage|p1a: Tyranitar|175/404","|-start|p2a: Kyurem-Black|confusion|[fatigue]","|","|-weather|Sandstorm|[upkeep]","|-damage|p2a: Kyurem-Black|192/391|[from] sandstorm","|-heal|p1a: Tyranitar|200/404|[from] item: Leftovers","|turn|9","|","|-activate|p2a: Kyurem-Black|confusion","|-damage|p2a: Kyurem-Black|136/391|[from] confusion","|move|p1a: Tyranitar|Thunder Wave|p2a: Kyurem-Black","|-status|p2a: Kyurem-Black|par","|","|-weather|Sandstorm|[upkeep]","|-damage|p2a: Kyurem-Black|112/391 par|[from] sandstorm","|-heal|p1a: Tyranitar|225/404|[from] item: Leftovers","|turn|10","|","|move|p1a: Tyranitar|Stone Edge|p2a: Kyurem-Black|[miss]","|-miss|p1a: Tyranitar|p2a: Kyurem-Black","|-activate|p2a: Kyurem-Black|confusion","|cant|p2a: Kyurem-Black|par","|","|-weather|Sandstorm|[upkeep]","|-damage|p2a: Kyurem-Black|88/391 par|[from] sandstorm","|-heal|p1a: Tyranitar|250/404|[from] item: Leftovers","|turn|11","|","|move|p1a: Tyranitar|Stone Edge|p2a: Kyurem-Black|[miss]","|-miss|p1a: Tyranitar|p2a: Kyurem-Black","|-end|p2a: Kyurem-Black|confusion","|move|p2a: Kyurem-Black|Outrage|p1a: Tyranitar","|-damage|p1a: Tyranitar|21/404","|","|-weather|Sandstorm|[upkeep]","|-damage|p2a: Kyurem-Black|64/391 par|[from] sandstorm","|-heal|p1a: Tyranitar|46/404|[from] item: Leftovers","|turn|12","|","|move|p1a: Tyranitar|Stone Edge|p2a: Kyurem-Black","|-supereffective|p2a: Kyurem-Black","|-damage|p2a: Kyurem-Black|0 fnt","|faint|p2a: Kyurem-Black","|","|-weather|none","|-heal|p1a: Tyranitar|71/404|[from] item: Leftovers","|","|switch|p2a: Kingdra|Kingdra, M|291/291","|turn|13","|","|move|p2a: Kingdra|Hydro Pump|p1a: Tyranitar","|-supereffective|p1a: Tyranitar","|-damage|p1a: Tyranitar|0 fnt","|faint|p1a: Tyranitar","|","|","|switch|p1a: Hoopa-Unbound|Hoopa-Unbound|274/364","|turn|14","|","|switch|p2a: Garchomp|Garchomp, M|357/357","|move|p1a: Hoopa-Unbound|Hyperspace Fury|p2a: Garchomp","|-damage|p2a: Garchomp|179/357","|-unboost|p1a: Hoopa-Unbound|def|1","|","|turn|15","|","|switch|p1a: Mandibuzz|Mandibuzz, F|189/423","|move|p2a: Garchomp|Outrage|p1a: Mandibuzz","|-damage|p1a: Mandibuzz|2/423","|-damage|p2a: Garchomp|120/357|[from] item: Rocky Helmet|[of] p1a: Mandibuzz","|-damage|p2a: Garchomp|85/357|[from] item: Life Orb","|","|turn|16","|","|move|p2a: Garchomp|Outrage|p1a: Mandibuzz|[from]lockedmove","|-damage|p1a: Mandibuzz|0 fnt","|-damage|p2a: Garchomp|26/357|[from] item: Rocky Helmet|[of] p1a: Mandibuzz","|-damage|p2a: Garchomp|0 fnt|[from] item: Life Orb","|faint|p1a: Mandibuzz","|faint|p2a: Garchomp","|","|","|switch|p2a: Latios|Latios, M|302/302","|switch|p1a: Hoopa-Unbound|Hoopa-Unbound|274/364","|turn|17","|","|move|p2a: Latios|Draco Meteor|p1a: Hoopa-Unbound","|-damage|p1a: Hoopa-Unbound|144/364","|-unboost|p2a: Latios|spa|2","|move|p1a: Hoopa-Unbound|Hyperspace Fury|p2a: Latios","|-crit|p2a: Latios","|-supereffective|p2a: Latios","|-damage|p2a: Latios|0 fnt","|-unboost|p1a: Hoopa-Unbound|def|1","|faint|p2a: Latios","|","|","|switch|p2a: Kingdra|Kingdra, M|291/291","|turn|18","|","|move|p2a: Kingdra|Hydro Pump|p1a: Hoopa-Unbound","|-damage|p1a: Hoopa-Unbound|51/364","|move|p1a: Hoopa-Unbound|Hyperspace Fury|p2a: Kingdra","|-damage|p2a: Kingdra|110/291","|-unboost|p1a: Hoopa-Unbound|def|1","|","|turn|19","|","|move|p2a: Kingdra|Hydro Pump|p1a: Hoopa-Unbound","|-damage|p1a: Hoopa-Unbound|0 fnt","|faint|p1a: Hoopa-Unbound","|","|","|switch|p1a: Sableye|Sableye, M|304/304","|turn|20","|","|move|p1a: Sableye|Calm Mind|p1a: Sableye","|-boost|p1a: Sableye|spa|1","|-boost|p1a: Sableye|spd|1","|move|p2a: Kingdra|Hydro Pump|p1a: Sableye","|-damage|p1a: Sableye|112/304","|","|turn|21","|","|move|p1a: Sableye|Recover|p1a: Sableye","|-heal|p1a: Sableye|264/304","|move|p2a: Kingdra|Hydro Pump|p1a: Sableye","|-damage|p1a: Sableye|45/304","|","|turn|22","|","|move|p2a: Kingdra|Hydro Pump|p1a: Sableye","|-damage|p1a: Sableye|0 fnt","|faint|p1a: Sableye","|","|","|switch|p1a: Bisharp|Bisharp, M|130/271","|turn|23","|","|move|p1a: Bisharp|Sucker Punch|p2a: Kingdra","|-damage|p2a: Kingdra|0 fnt","|faint|p2a: Kingdra","|","|win|Alliance AsWeedles"],"p1rating":{"entryid":7438061,"formatid":"monotype","userid":"allianceasweedles","username":"Alliance AsWeedles","r":1500,"rd":130,"sigma":0,"rpr":1550.3156605337,"rprd":122.3574861412,"rpsigma":0,"rptime":1438851600,"w":1,"l":0,"t":0,"gxe":56.3,"acre":1050.514374002,"lacre":1050.514374002,"oldacre":1000},"p2rating":{"entryid":"7390241","serverid":"eos","formatid":"monotype","userid":"sovereigndooms","username":"Sovereign♕Dooms","w":"15","l":14,"t":"0","gxe":53.5,"r":"1569.8599400771","rd":"67.460583971814","sigma":"0","rptime":"1438851600","rpr":1526.8740206804,"rprd":61.619273297233,"rpsigma":"0","acre":1063.177514388,"lacre":1063.177514388,"oldacre":"1093.5218491296"},"endType":"normal"}