{"seed":[33333,12426,52888,32032],"turns":23,"p1":"Sage.13","p2":"Guard Wanderer","p1team":[{"name":"King Ludi","species":"ludicolo","item":"leftovers","ability":"Swift Swim","moves":["teeterdance","scald","icebeam","gigadrain"],"nature":"Modest","evs":{"hp":0,"atk":0,"def":0,"spa":252,"spd":4,"spe":252},"shiny":true,"ivs":{"hp":31,"atk":31,"def":31,"spa":31,"spd":31,"spe":31}},{"name":"SS2 Azu","species":"azumarill","item":"sitrusberry","ability":"Huge Power","moves":["aquajet","playrough","bellydrum","knockoff"],"nature":"Adamant","evs":{"hp":252,"atk":252,"def":0,"spa":0,"spd":4,"spe":0},"shiny":true,"ivs":{"hp":31,"atk":31,"def":31,"spa":31,"spd":31,"spe":31}},{"name":"Swampert","species":"Swampert","item":"swampertite","ability":"Damp","moves":["superpower","waterfall","earthquake","icepunch"],"nature":"Adamant","evs":{"hp":248,"atk":252,"def":0,"spa":0,"spd":8,"spe":0},"ivs":{"hp":31,"atk":31,"def":31,"spa":31,"spd":31,"spe":31}},{"name":"Milo","species":"milotic","item":"leftovers","ability":"Competitive","moves":["scald","icebeam","raindance","toxic"],"nature":"Bold","evs":{"hp":252,"atk":0,"def":252,"spa":4,"spd":0,"spe":0},"shiny":true,"ivs":{"hp":31,"atk":31,"def":31,"spa":31,"spd":31,"spe":31}},{"name":"Politoed","species":"Politoed","item":"widelens","ability":"Drizzle","moves":["icebeam","surf","hypnosis","perishsong"],"nature":"Modest","evs":{"hp":248,"atk":0,"def":0,"spa":252,"spd":8,"spe":0},"shiny":true,"ivs":{"hp":31,"atk":31,"def":31,"spa":31,"spd":31,"spe":31}},{"name":"Swanna","species":"Swanna","item":"lifeorb","ability":"Hydration","moves":["scald","hurricane","airslash","icebeam"],"nature":"Timid","evs":{"hp":0,"atk":0,"def":0,"spa":252,"spd":4,"spe":252},"shiny":true,"ivs":{"hp":31,"atk":31,"def":31,"spa":31,"spd":31,"spe":31}}],"p2team":[{"name":"Weezing","species":"Weezing","item":"sitrusberry","ability":"Levitate","moves":["toxicspikes","willowisp","memento","thief"],"nature":"Careful","evs":{"hp":248,"atk":8,"def":0,"spa":0,"spd":252,"spe":0},"ivs":{"hp":31,"atk":31,"def":31,"spa":31,"spd":31,"spe":31}},{"name":"Tentacruel","species":"Tentacruel","item":"assaultvest","ability":"Liquid Ooze","moves":["scald","acidspray","gigadrain","hex"],"nature":"Timid","evs":{"hp":0,"atk":0,"def":4,"spa":252,"spd":0,"spe":252},"ivs":{"hp":31,"atk":31,"def":31,"spa":31,"spd":31,"spe":31}},{"name":"Skuntank","species":"Skuntank","item":"","ability":"Stench","moves":["snatch","thief","suckerpunch","poisonjab"],"nature":"Adamant","evs":{"hp":248,"atk":252,"def":0,"spa":0,"spd":8,"spe":0},"ivs":{"hp":31,"atk":31,"def":31,"spa":31,"spd":31,"spe":31}},{"name":"Crobat","species":"Crobat","item":"whiteherb","ability":"Infiltrator","moves":["curse","acrobatics","roost","hypnosis"],"nature":"Jolly","evs":{"hp":248,"atk":8,"def":0,"spa":0,"spd":0,"spe":252},"ivs":{"hp":31,"atk":31,"def":31,"spa":31,"spd":31,"spe":31}},{"name":"Gengar","species":"Gengar","item":"choicescarf","ability":"Levitate","moves":["trick","destinybond","venoshock","hex"],"nature":"Timid","evs":{"hp":0,"atk":0,"def":0,"spa":252,"spd":4,"spe":252},"ivs":{"hp":31,"atk":31,"def":31,"spa":31,"spd":31,"spe":31}},{"name":"Amoonguss","species":"Amoonguss","item":"blacksludge","ability":"Regenerator","moves":["spore","gigadrain","gastroacid","stunspore"],"nature":"Calm","evs":{"hp":248,"atk":0,"def":0,"spa":8,"spd":252,"spe":0},"shiny":true,"ivs":{"hp":31,"atk":31,"def":31,"spa":31,"spd":31,"spe":31}}],"log":["|player|p1|Sage.13|154","|player|p2|Guard Wanderer|235","|gametype|singles","|gen|6","|tier|Monotype","|rated","|rule|Baton Pass Clause: Limit one Baton Passer, can't pass Spe and other stats simultaneously","|rule|Swagger Clause: Swagger is banned","|rule|Same Type Clause: Pokémon in a team must share a type","|clearpoke","|poke|p1|Ludicolo, F, shiny","|poke|p1|Azumarill, M, shiny","|poke|p1|Swampert, F","|poke|p1|Milotic, F, shiny","|poke|p1|Politoed, F, shiny","|poke|p1|Swanna, M, shiny","|poke|p2|Weezing, F","|poke|p2|Tentacruel, F","|poke|p2|Skuntank, M","|poke|p2|Crobat, F","|poke|p2|Gengar, F","|poke|p2|Amoonguss, M, shiny","|rule|Sleep Clause Mod: Limit one foe put to sleep","|rule|Species Clause: Limit one of each Pokémon","|rule|OHKO Clause: OHKO moves are banned","|rule|Moody Clause: Moody is banned","|rule|Evasion Moves Clause: Evasion moves are banned","|rule|Endless Battle Clause: Forcing endless battles is banned","|rule|HP Percentage Mod: HP is shown in percentages","|teampreview","|","|start","|switch|p1a: King Ludi|Ludicolo, F, shiny|301/301","|switch|p2a: Weezing|Weezing, F|333/333","|turn|1","|","|move|p1a: King Ludi|Teeter Dance|p2a: Weezing","|-start|p2a: Weezing|confusion","|-activate|p2a: Weezing|confusion","|move|p2a: Weezing|Will-O-Wisp|p1a: King Ludi","|-status|p1a: King Ludi|brn","|","|-damage|p1a: King Ludi|264/301 brn|[from] brn","|turn|2","|","|switch|p1a: Politoed|Politoed, F, shiny|383/383","|-weather|RainDance","|-activate|p2a: Weezing|confusion","|move|p2a: Weezing|Toxic Spikes|p1a: Politoed","|-sidestart|p1: Sage.13|move: Toxic Spikes","|","|-weather|RainDance|[upkeep]","|turn|3","|","|move|p1a: Politoed|Surf|p2a: Weezing","|-damage|p2a: Weezing|152/333","|-enditem|p2a: Weezing|Sitrus Berry|[eat]","|-heal|p2a: Weezing|235/333|[from] item: Sitrus Berry","|-end|p2a: Weezing|confusion","|move|p2a: Weezing|Toxic Spikes|p1a: Politoed","|-sidestart|p1: Sage.13|move: Toxic Spikes","|","|-weather|RainDance|[upkeep]","|turn|4","|","|switch|p2a: Tentacruel|Tentacruel, F|301/301","|move|p1a: Politoed|Surf|p2a: Tentacruel","|-resisted|p2a: Tentacruel","|-damage|p2a: Tentacruel|241/301","|","|-weather|RainDance|[upkeep]","|turn|5","|","|move|p2a: Tentacruel|Acid Spray|p1a: Politoed","|-damage|p1a: Politoed|335/383","|-unboost|p1a: Politoed|spd|2","|move|p1a: Politoed|Hypnosis|p2a: Tentacruel","|-status|p2a: Tentacruel|slp","|","|-weather|RainDance|[upkeep]","|turn|6","|","|switch|p1a: Milo|Milotic, F, shiny|394/394","|-status|p1a: Milo|tox","|cant|p2a: Tentacruel|slp","|","|-weather|none","|-damage|p1a: Milo|370/394 tox|[from] psn","|turn|7","|","|switch|p1a: Swanna|Swanna, M, shiny|291/291","|cant|p2a: Tentacruel|slp","|","|turn|8","|","|cant|p2a: Tentacruel|slp","|move|p1a: Swanna|Air Slash|p2a: Tentacruel","|-damage|p2a: Tentacruel|159/301 slp","|-damage|p1a: Swanna|262/291|[from] item: Life Orb","|","|turn|9","|","|-curestatus|p2a: Tentacruel|slp","|move|p2a: Tentacruel|Acid Spray|p1a: Swanna","|-crit|p1a: Swanna","|-damage|p1a: Swanna|148/291","|-unboost|p1a: Swanna|spd|2","|move|p1a: Swanna|Air Slash|p2a: Tentacruel","|-damage|p2a: Tentacruel|88/301","|-damage|p1a: Swanna|119/291|[from] item: Life Orb","|","|turn|10","|","|switch|p1a: Politoed|Politoed, F, shiny|335/383","|-status|p1a: Politoed|tox","|-weather|RainDance","|move|p2a: Tentacruel|Giga Drain|p1a: Politoed","|-supereffective|p1a: Politoed","|-damage|p1a: Politoed|201/383 tox","|-heal|p2a: Tentacruel|155/301|[from] drain|[of] p1a: Politoed","|","|-weather|RainDance|[upkeep]","|-damage|p1a: Politoed|178/383 tox|[from] psn","|turn|11","|","|move|p2a: Tentacruel|Giga Drain|p1a: Politoed","|-supereffective|p1a: Politoed","|-damage|p1a: Politoed|44/383 tox","|-heal|p2a: Tentacruel|222/301|[from] drain|[of] p1a: Politoed","|move|p1a: Politoed|Perish Song|p1a: Politoed","|-start|p1a: Politoed|perish3|[silent]","|-start|p2a: Tentacruel|perish3|[silent]","|-fieldactivate|move: Perish Song","|","|-start|p2a: Tentacruel|perish3","|-start|p1a: Politoed|perish3","|-weather|RainDance|[upkeep]","|-damage|p1a: Politoed|0 fnt|[from] psn","|faint|p1a: Politoed","|","|switch|p1a: Swanna|Swanna, M, shiny|119/291","|turn|12","|","|move|p2a: Tentacruel|Acid Spray|p1a: Swanna","|-damage|p1a: Swanna|44/291","|-unboost|p1a: Swanna|spd|2","|move|p1a: Swanna|Hurricane|p2a: Tentacruel","|-damage|p2a: Tentacruel|112/301","|-start|p2a: Tentacruel|confusion","|-damage|p1a: Swanna|15/291|[from] item: Life Orb","|","|-start|p2a: Tentacruel|perish2","|-weather|RainDance|[upkeep]","|turn|13","|","|-activate|p2a: Tentacruel|confusion","|-damage|p2a: Tentacruel|83/301|[from] confusion","|move|p1a: Swanna|Hurricane|p2a: Tentacruel","|-damage|p2a: Tentacruel|0 fnt","|-damage|p1a: Swanna|0 fnt|[from] item: Life Orb","|faint|p2a: Tentacruel","|faint|p1a: Swanna","|","|-weather|RainDance|[upkeep]","|","|switch|p2a: Weezing|Weezing, F|235/333","|switch|p1a: Swampert|Swampert, F|403/403","|-status|p1a: Swampert|tox","|turn|14","|","|detailschange|p1a: Swampert|Swampert-Mega, F","|-mega|p1a: Swampert|Swampert|Swampertite","|move|p1a: Swampert|Waterfall|p2a: Weezing","|-damage|p2a: Weezing|4/333","|move|p2a: Weezing|Memento|p1a: Swampert","|-unboost|p1a: Swampert|atk|2","|-unboost|p1a: Swampert|spa|2","|faint|p2a: Weezing","|","|-weather|none","|-damage|p1a: Swampert|378/403 tox|[from] psn","|","|switch|p2a: Gengar|Gengar, F|261/261","|turn|15","|","|switch|p1a: King Ludi|Ludicolo, F, shiny|264/301 brn","|move|p2a: Gengar|Hex|p1a: King Ludi","|-damage|p1a: King Ludi|35/301 brn","|","|-heal|p1a: King Ludi|53/301 brn|[from] item: Leftovers","|-damage|p1a: King Ludi|16/301 brn|[from] brn","|turn|16","|","|move|p2a: Gengar|Hex|p1a: King Ludi","|-damage|p1a: King Ludi|0 fnt","|faint|p1a: King Ludi","|","|","|switch|p1a: Milo|Milotic, F, shiny|370/394 tox","|turn|17","|","|move|p2a: Gengar|Hex|p1a: Milo","|-damage|p1a: Milo|171/394 tox","|move|p1a: Milo|Rain Dance|p1a: Milo","|-weather|RainDance","|","|-weather|RainDance|[upkeep]","|-heal|p1a: Milo|195/394 tox|[from] item: Leftovers","|-damage|p1a: Milo|171/394 tox|[from] psn","|turn|18","|","|move|p2a: Gengar|Hex|p1a: Milo","|-damage|p1a: Milo|0 fnt","|faint|p1a: Milo","|","|-weather|RainDance|[upkeep]","|","|switch|p1a: Swampert|Swampert-Mega, F|378/403 tox","|turn|19","|","|switch|p2a: Crobat|Crobat, F|373/373","|move|p1a: Swampert|Waterfall|p2a: Crobat","|-damage|p2a: Crobat|40/373","|","|-weather|RainDance|[upkeep]","|-damage|p1a: Swampert|353/403 tox|[from] psn","|turn|20","|","|move|p2a: Crobat|Acrobatics|p1a: Swampert","|-damage|p1a: Swampert|301/403 tox","|move|p1a: Swampert|Waterfall|p2a: Crobat","|-damage|p2a: Crobat|0 fnt","|faint|p2a: Crobat","|","|-weather|RainDance|[upkeep]","|-damage|p1a: Swampert|251/403 tox|[from] psn","|","|switch|p2a: Amoonguss|Amoonguss, M, shiny|431/431","|turn|21","|","|move|p1a: Swampert|Ice Punch|p2a: Amoonguss","|-crit|p2a: Amoonguss","|-supereffective|p2a: Amoonguss","|-damage|p2a: Amoonguss|25/431","|move|p2a: Amoonguss|Giga Drain|p1a: Swampert","|-supereffective|p1a: Swampert","|-damage|p1a: Swampert|0 fnt","|-heal|p2a: Amoonguss|151/431|[from] drain|[of] p1a: Swampert","|faint|p1a: Swampert","|","|-weather|none","|-heal|p2a: Amoonguss|177/431|[from] item: Black Sludge","|","|switch|p1a: SS2 Azu|Azumarill, M, shiny|404/404","|-status|p1a: SS2 Azu|tox","|turn|22","|","|move|p1a: SS2 Azu|Knock Off|p2a: Amoonguss","|-damage|p2a: Amoonguss|0 fnt","|-enditem|p2a: Amoonguss|Black Sludge|[from] move: Knock Off|[of] p1a: SS2 Azu","|faint|p2a: Amoonguss","|","|-damage|p1a: SS2 Azu|379/404 tox|[from] psn","|","|switch|p2a: Gengar|Gengar, F|261/261","|turn|23","|","|move|p1a: SS2 Azu|Aqua Jet|p2a: Gengar","|-damage|p2a: Gengar|119/261","|move|p2a: Gengar|Venoshock|p1a: SS2 Azu","|-supereffective|p1a: SS2 Azu","|-damage|p1a: SS2 Azu|0 fnt","|faint|p1a: SS2 Azu","|","|win|Guard Wanderer"],"p1rating":{"entryid":"7365108","serverid":"eos","formatid":"monotype","userid":"sage13","username":"Sage.13","w":"20","l":20,"t":"0","gxe":47.8,"r":"1501.1655659872","rd":"60.373939054538","sigma":"0","rptime":"1438851600","rpr":1483.5553233339,"rprd":53.27562011751,"rpsigma":"0","acre":1101.6777719307,"lacre":1101.6777719307,"oldacre":"1118.1713466514"},"p2rating":{"entryid":"6731189","serverid":"eos","formatid":"monotype","userid":"guardwanderer","username":"Guard Wanderer","w":92,"l":"121","t":"0","gxe":42.2,"r":"1422.2201748306","rd":"28.556455732561","sigma":"0","rptime":"1438851600","rpr":1441.0307370125,"rprd":27.814162854883,"rpsigma":"0","acre":1257.7902430426,"lacre":1257.7902430426,"oldacre":"1241.2966683219"},"endType":"normal"}