{"seed":[11226,17112,18450,24437],"turns":23,"p1":"KGBeast","p2":"Alliance- WU용의TANG","p1team":[{"name":"Hippowdon","species":"Hippowdon","item":"rockyhelmet","ability":"Sand Stream","moves":["stealthrock","earthquake","whirlwind","slackoff"],"nature":"Impish","evs":{"hp":248,"atk":8,"def":252,"spa":0,"spd":0,"spe":0},"ivs":{"hp":31,"atk":31,"def":31,"spa":31,"spd":31,"spe":31}},{"name":"Landorus","species":"Landorus","item":"lifeorb","ability":"Sheer Force","moves":["earthpower","sludgewave","substitute","gravity"],"nature":"Modest","evs":{"hp":0,"atk":0,"def":4,"spa":252,"spd":0,"spe":252},"ivs":{"hp":31,"atk":0,"def":31,"spa":31,"spd":31,"spe":31}},{"name":"Mamoswine","species":"Mamoswine","item":"lifeorb","ability":"Thick Fat","moves":["iceshard","iciclespear","knockoff","superpower"],"nature":"Adamant","evs":{"hp":0,"atk":252,"def":4,"spa":0,"spd":0,"spe":252},"ivs":{"hp":31,"atk":31,"def":31,"spa":31,"spd":31,"spe":31}},{"name":"Garchomp","species":"Garchomp","item":"garchompite","ability":"Rough Skin","moves":["swordsdance","earthquake","fireblast","stoneedge"],"nature":"Jolly","evs":{"hp":0,"atk":252,"def":4,"spa":0,"spd":0,"spe":252},"ivs":{"hp":31,"atk":31,"def":31,"spa":31,"spd":31,"spe":31}},{"name":"Excadrill","species":"Excadrill","item":"choiceband","ability":"Sand Rush","moves":["ironhead","earthquake","rockslide","rapidspin"],"nature":"Adamant","evs":{"hp":0,"atk":252,"def":0,"spa":0,"spd":4,"spe":252},"ivs":{"hp":31,"atk":31,"def":31,"spa":31,"spd":31,"spe":31}},{"name":"Gastrodon","species":"Gastrodon","item":"leftovers","ability":"Storm Drain","moves":["scald","earthquake","toxic","recover"],"nature":"Sassy","evs":{"hp":248,"atk":8,"def":0,"spa":0,"spd":252,"spe":0},"ivs":{"hp":31,"atk":31,"def":31,"spa":31,"spd":31,"spe":31}}],"p2team":[{"name":"ラティオス","species":"latios","item":"choicescarf","ability":"Levitate","moves":["hiddenpowerfire","dragonpulse","psyshock","icebeam"],"nature":"Timid","evs":{"hp":0,"atk":0,"def":4,"spa":252,"spd":0,"spe":252},"ivs":{"hp":31,"atk":30,"def":31,"spa":30,"spd":31,"spe":30}},{"name":"キュレム","species":"kyuremblack","item":"lifeorb","ability":"Teravolt","moves":["icebeam","outrage","fusionbolt","ironhead"],"nature":"Naive","evs":{"hp":0,"atk":100,"def":0,"spa":180,"spd":0,"spe":228},"shiny":true,"ivs":{"hp":31,"atk":31,"def":31,"spa":31,"spd":31,"spe":31}},{"name":"ボーマンダ","species":"salamence","item":"choicescarf","ability":"Moxie","moves":["outrage","aerialace","steelwing","earthquake"],"nature":"Jolly","evs":{"hp":0,"atk":252,"def":4,"spa":0,"spd":0,"spe":252},"ivs":{"hp":31,"atk":31,"def":31,"spa":31,"spd":31,"spe":31}},{"name":"サザンドラ","species":"hydreigon","item":"lifeorb","ability":"Levitate","moves":["darkpulse","flamethrower","dracometeor","flashcannon"],"nature":"Timid","evs":{"hp":4,"atk":0,"def":0,"spa":252,"spd":0,"spe":252},"shiny":true,"ivs":{"hp":31,"atk":31,"def":31,"spa":31,"spd":31,"spe":31}},{"name":"ガブリアス","species":"garchomp","item":"rockyhelmet","ability":"Rough Skin","moves":["stealthrock","earthquake","dragontail","endure"],"nature":"Impish","evs":{"hp":252,"atk":0,"def":232,"spa":0,"spd":24,"spe":0},"ivs":{"hp":31,"atk":31,"def":31,"spa":31,"spd":31,"spe":31}},{"name":"ラティアス","species":"latias","item":"latiasite","ability":"Levitate","moves":["calmmind","recover","psyshock","dragonbreath"],"nature":"Bold","evs":{"hp":252,"atk":0,"def":224,"spa":0,"spd":0,"spe":32},"ivs":{"hp":31,"atk":0,"def":31,"spa":31,"spd":31,"spe":31}}],"log":["|player|p1|KGBeast|kgbeast.png","|player|p2|Alliance- WU용의TANG|alliancewutang.png","|gametype|singles","|gen|6","|tier|Monotype","|rated","|rule|Baton Pass Clause: Limit one Baton Passer, can't pass Spe and other stats simultaneously","|rule|Swagger Clause: Swagger is banned","|rule|Same Type Clause: Pokémon in a team must share a type","|clearpoke","|poke|p1|Hippowdon, F","|poke|p1|Landorus, M","|poke|p1|Mamoswine, F","|poke|p1|Garchomp, M","|poke|p1|Excadrill, F","|poke|p1|Gastrodon, F","|poke|p2|Latios, M","|poke|p2|Kyurem-Black, shiny","|poke|p2|Salamence, F","|poke|p2|Hydreigon, F, shiny","|poke|p2|Garchomp, M","|poke|p2|Latias, F","|rule|Sleep Clause Mod: Limit one foe put to sleep","|rule|Species Clause: Limit one of each Pokémon","|rule|OHKO Clause: OHKO moves are banned","|rule|Moody Clause: Moody is banned","|rule|Evasion Moves Clause: Evasion moves are banned","|rule|Endless Battle Clause: Forcing endless battles is banned","|rule|HP Percentage Mod: HP is shown in percentages","|teampreview","|","|start","|switch|p1a: Mamoswine|Mamoswine, F|361/361","|switch|p2a: キュレム|Kyurem-Black, shiny|391/391","|-ability|p2a: キュレム|Teravolt","|turn|1","|","|switch|p1a: Hippowdon|Hippowdon, F|419/419","|-weather|Sandstorm","|move|p2a: キュレム|Iron Head|p1a: Hippowdon","|-damage|p1a: Hippowdon|327/419","|-damage|p2a: キュレム|326/391|[from] item: Rocky Helmet|[of] p1a: Hippowdon","|-damage|p2a: キュレム|287/391|[from] item: Life Orb","|","|-weather|Sandstorm|[upkeep]","|-damage|p2a: キュレム|263/391|[from] sandstorm","|turn|2","|","|switch|p1a: Mamoswine|Mamoswine, F|361/361","|move|p2a: キュレム|Ice Beam|p1a: Mamoswine","|-damage|p1a: Mamoswine|76/361","|-damage|p2a: キュレム|224/391|[from] item: Life Orb","|","|-weather|Sandstorm|[upkeep]","|-damage|p2a: キュレム|200/391|[from] sandstorm","|turn|3","|","|switch|p1a: Landorus|Landorus, M|319/319","|move|p2a: キュレム|Ice Beam|p1a: Landorus","|-supereffective|p1a: Landorus","|-damage|p1a: Landorus|0 fnt","|-damage|p2a: キュレム|161/391|[from] item: Life Orb","|faint|p1a: Landorus","|","|-weather|Sandstorm|[upkeep]","|-damage|p2a: キュレム|137/391|[from] sandstorm","|","|switch|p1a: Excadrill|Excadrill, F|361/361","|turn|4","|","|switch|p2a: ガブリアス|Garchomp, M|420/420","|move|p1a: Excadrill|Earthquake|p2a: ガブリアス","|-damage|p2a: ガブリアス|186/420","|","|-weather|Sandstorm|[upkeep]","|turn|5","|","|switch|p1a: Garchomp|Garchomp, M|357/357","|switch|p2a: ラティオス|Latios, M|301/301","|","|-weather|none","|turn|6","|","|switch|p1a: Gastrodon|Gastrodon, F|425/425","|move|p2a: ラティオス|Ice Beam|p1a: Gastrodon","|-damage|p1a: Gastrodon|334/425","|","|-heal|p1a: Gastrodon|360/425|[from] item: Leftovers","|turn|7","|","|switch|p2a: ガブリアス|Garchomp, M|186/420","|switch|p1a: Hippowdon|Hippowdon, F|327/419","|-weather|Sandstorm","|","|-weather|Sandstorm|[upkeep]","|turn|8","|","|move|p2a: ガブリアス|Stealth Rock|p1a: Hippowdon","|-sidestart|p1: KGBeast|move: Stealth Rock","|move|p1a: Hippowdon|Stealth Rock|p2a: ガブリアス","|-sidestart|p2: Alliance- WU용의TANG|move: Stealth Rock","|","|-weather|Sandstorm|[upkeep]","|turn|9","|","|move|p1a: Hippowdon|Earthquake|p2a: ガブリアス","|-damage|p2a: ガブリアス|90/420","|move|p2a: ガブリアス|Dragon Tail|p1a: Hippowdon","|-damage|p1a: Hippowdon|269/419","|-damage|p2a: ガブリアス|20/420|[from] item: Rocky Helmet|[of] p1a: Hippowdon","|drag|p1a: Gastrodon|Gastrodon, F|360/425","|-damage|p1a: Gastrodon|334/425|[from] Stealth Rock","|","|-weather|Sandstorm|[upkeep]","|-heal|p1a: Gastrodon|360/425|[from] item: Leftovers","|turn|10","|","|move|p2a: ガブリアス|Earthquake|p1a: Gastrodon","|-damage|p1a: Gastrodon|155/425","|move|p1a: Gastrodon|Recover|p1a: Gastrodon","|-heal|p1a: Gastrodon|368/425","|","|-weather|Sandstorm|[upkeep]","|-heal|p1a: Gastrodon|394/425|[from] item: Leftovers","|turn|11","|","|move|p2a: ガブリアス|Earthquake|p1a: Gastrodon","|-damage|p1a: Gastrodon|207/425","|move|p1a: Gastrodon|Recover|p1a: Gastrodon","|-heal|p1a: Gastrodon|420/425","|","|-weather|none","|-heal|p1a: Gastrodon|425/425|[from] item: Leftovers","|turn|12","|","|switch|p1a: Hippowdon|Hippowdon, F|269/419","|-damage|p1a: Hippowdon|243/419|[from] Stealth Rock","|-weather|Sandstorm","|move|p2a: ガブリアス|Earthquake|p1a: Hippowdon","|-damage|p1a: Hippowdon|143/419","|","|-weather|Sandstorm|[upkeep]","|turn|13","|","|move|p1a: Hippowdon|Slack Off|p1a: Hippowdon","|-heal|p1a: Hippowdon|353/419","|move|p2a: ガブリアス|Dragon Tail|p1a: Hippowdon","|-damage|p1a: Hippowdon|292/419","|-damage|p2a: ガブリアス|0 fnt|[from] item: Rocky Helmet|[of] p1a: Hippowdon","|faint|p2a: ガブリアス","|","|-weather|Sandstorm|[upkeep]","|","|switch|p2a: キュレム|Kyurem-Black, shiny|137/391","|-damage|p2a: キュレム|40/391|[from] Stealth Rock","|-ability|p2a: キュレム|Teravolt","|turn|14","|","|switch|p1a: Garchomp|Garchomp, M|357/357","|-damage|p1a: Garchomp|335/357|[from] Stealth Rock","|move|p2a: キュレム|Outrage|p1a: Garchomp","|-supereffective|p1a: Garchomp","|-damage|p1a: Garchomp|0 fnt","|-damage|p2a: キュレム|0 fnt|[from] ability: Rough Skin|[of] p1a: Garchomp","|faint|p2a: キュレム","|faint|p1a: Garchomp","|","|-weather|Sandstorm|[upkeep]","|","|switch|p2a: ラティオス|Latios, M|301/301","|switch|p1a: Excadrill|Excadrill, F|361/361","|-damage|p1a: Excadrill|350/361|[from] Stealth Rock","|-damage|p2a: ラティオス|264/301|[from] Stealth Rock","|turn|15","|","|move|p1a: Excadrill|Iron Head|p2a: ラティオス","|-damage|p2a: ラティオス|0 fnt","|faint|p2a: ラティオス","|","|-weather|Sandstorm|[upkeep]","|","|switch|p2a: サザンドラ|Hydreigon, F, shiny|326/326","|-damage|p2a: サザンドラ|286/326|[from] Stealth Rock","|turn|16","|","|switch|p1a: Gastrodon|Gastrodon, F|425/425","|-damage|p1a: Gastrodon|399/425|[from] Stealth Rock","|move|p2a: サザンドラ|Flamethrower|p1a: Gastrodon","|-resisted|p1a: Gastrodon","|-damage|p1a: Gastrodon|348/425","|-damage|p2a: サザンドラ|254/326|[from] item: Life Orb","|","|-weather|none","|-heal|p1a: Gastrodon|374/425|[from] item: Leftovers","|turn|17","|","|move|p2a: サザンドラ|Draco Meteor|p1a: Gastrodon","|-damage|p1a: Gastrodon|150/425","|-unboost|p2a: サザンドラ|spa|2","|-damage|p2a: サザンドラ|222/326|[from] item: Life Orb","|move|p1a: Gastrodon|Toxic|p2a: サザンドラ","|-status|p2a: サザンドラ|tox","|","|-heal|p1a: Gastrodon|176/425|[from] item: Leftovers","|-damage|p2a: サザンドラ|202/326 tox|[from] psn","|turn|18","|","|switch|p2a: ラティアス|Latias, F|364/364","|-damage|p2a: ラティアス|319/364|[from] Stealth Rock","|move|p1a: Gastrodon|Recover|p1a: Gastrodon","|-heal|p1a: Gastrodon|389/425","|","|-heal|p1a: Gastrodon|415/425|[from] item: Leftovers","|turn|19","|","|detailschange|p2a: ラティアス|Latias-Mega, F","|-mega|p2a: ラティアス|Latias|Latiasite","|move|p2a: ラティアス|Calm Mind|p2a: ラティアス","|-boost|p2a: ラティアス|spa|1","|-boost|p2a: ラティアス|spd|1","|move|p1a: Gastrodon|Toxic|p2a: ラティアス","|-status|p2a: ラティアス|tox","|","|-heal|p1a: Gastrodon|425/425|[from] item: Leftovers","|-damage|p2a: ラティアス|297/364 tox|[from] psn","|turn|20","|","|switch|p1a: Hippowdon|Hippowdon, F|292/419","|-damage|p1a: Hippowdon|266/419|[from] Stealth Rock","|-weather|Sandstorm","|move|p2a: ラティアス|Calm Mind|p2a: ラティアス","|-boost|p2a: ラティアス|spa|1","|-boost|p2a: ラティアス|spd|1","|","|-weather|Sandstorm|[upkeep]","|-damage|p2a: ラティアス|275/364 tox|[from] sandstorm","|-damage|p2a: ラティアス|231/364 tox|[from] psn","|turn|21","|","|move|p2a: ラティアス|Dragon Breath|p1a: Hippowdon","|-damage|p1a: Hippowdon|29/419","|move|p1a: Hippowdon|Whirlwind|p2a: ラティアス","|drag|p2a: ボーマンダ|Salamence, F|331/331","|-damage|p2a: ボーマンダ|249/331|[from] Stealth Rock","|","|-weather|Sandstorm|[upkeep]","|-damage|p2a: ボーマンダ|229/331|[from] sandstorm","|turn|22","|","|move|p2a: ボーマンダ|Earthquake|p1a: Hippowdon","|-damage|p1a: Hippowdon|0 fnt","|faint|p1a: Hippowdon","|-boost|p2a: ボーマンダ|atk|1|[from] ability: Moxie","|","|-weather|Sandstorm|[upkeep]","|-damage|p2a: ボーマンダ|209/331|[from] sandstorm","|","|switch|p1a: Excadrill|Excadrill, F|350/361","|-damage|p1a: Excadrill|339/361|[from] Stealth Rock","|turn|23","|","|move|p1a: Excadrill|Iron Head|p2a: ボーマンダ","|-damage|p2a: ボーマンダ|0 fnt","|faint|p2a: ボーマンダ","|","|-weather|Sandstorm|[upkeep]","|","|win|KGBeast"],"p1rating":{"entryid":"6349485","serverid":"eos","formatid":"monotype","userid":"kgbeast","username":"KGBeast","w":56,"l":"27","t":"0","gxe":66.1,"r":"1619.1834863741","rd":"45.46532274501","sigma":"0","rptime":"1438851600","rpr":1626.2244881717,"rprd":42.776394502122,"rpsigma":"0","acre":1310.2432839907,"lacre":1310.2432839907,"oldacre":"1281.1733106702"},"p2rating":{"entryid":"7022950","serverid":"eos","formatid":"monotype","userid":"alliancewutang","username":"Alliance - Wu Tang","w":"32","l":13,"t":"0","gxe":67.8,"r":"1618.5943161483","rd":"58.964557831182","sigma":"0","rptime":"1438851600","rpr":1641.792567971,"rprd":53.38764568098,"rpsigma":"0","acre":1314.9872725159,"lacre":1314.9872725159,"oldacre":"1338.2432511723"},"endType":"forfeit"}