{"seed":[19096,33943,13059,19995],"turns":29,"p1":"Union Wevrm","p2":"DSV","p1team":[{"name":"Umbreon","species":"Umbreon","item":"leftovers","ability":"Synchronize","moves":["foulplay","confuseray","toxic","moonlight"],"nature":"Calm","evs":{"hp":252,"atk":0,"def":4,"spa":0,"spd":252,"spe":0},"ivs":{"hp":31,"atk":31,"def":31,"spa":31,"spd":31,"spe":31}},{"name":"Absol","species":"Absol","item":"absolite","ability":"Pressure","moves":["psychocut","knockoff","suckerpunch","swordsdance"],"nature":"Jolly","evs":{"hp":0,"atk":252,"def":0,"spa":0,"spd":4,"spe":252},"ivs":{"hp":31,"atk":31,"def":31,"spa":31,"spd":31,"spe":31}},{"name":"Mandibuzz","species":"Mandibuzz","item":"leftovers","ability":"Overcoat","moves":["bravebird","toxic","whirlwind","roost"],"nature":"Impish","evs":{"hp":200,"atk":4,"def":208,"spa":0,"spd":96,"spe":0},"ivs":{"hp":31,"atk":31,"def":31,"spa":31,"spd":31,"spe":31}},{"name":"Bisharp","species":"Bisharp","item":"focussash","ability":"Defiant","moves":["swordsdance","suckerpunch","nightslash","ironhead"],"nature":"Adamant","evs":{"hp":4,"atk":252,"def":0,"spa":0,"spd":0,"spe":252},"ivs":{"hp":31,"atk":31,"def":31,"spa":31,"spd":31,"spe":31}},{"name":"Hoopa-Unbound","species":"Hoopa-Unbound","item":"","ability":"Magician","moves":["hyperspacehole","focusblast","darkpulse","calmmind"],"nature":"Timid","evs":{"hp":4,"atk":0,"def":0,"spa":252,"spd":0,"spe":252},"ivs":{"hp":31,"atk":31,"def":31,"spa":31,"spd":31,"spe":31}},{"name":"Sableye","species":"Sableye","item":"leftovers","ability":"Prankster","moves":["willowisp","confuseray","substitute","recover"],"nature":"Calm","evs":{"hp":252,"atk":0,"def":4,"spa":0,"spd":252,"spe":0},"ivs":{"hp":31,"atk":31,"def":31,"spa":31,"spd":31,"spe":31}}],"p2team":[{"name":"Terrakion","species":"Terrakion","item":"choicescarf","ability":"Justified","moves":["closecombat","stoneedge","earthquake","ironhead"],"nature":"Jolly","evs":{"hp":0,"atk":252,"def":0,"spa":0,"spd":4,"spe":252},"ivs":{"hp":31,"atk":31,"def":31,"spa":31,"spd":31,"spe":31}},{"name":"Gallade","species":"Gallade","item":"galladite","ability":"Steadfast","moves":["knockoff","swordsdance","psychocut","shadowsneak"],"nature":"Jolly","evs":{"hp":0,"atk":252,"def":0,"spa":0,"spd":0,"spe":252},"ivs":{"hp":31,"atk":31,"def":31,"spa":31,"spd":31,"spe":31}},{"name":"Keldeo-Resolute","species":"Keldeo-Resolute","item":"choicespecs","ability":"Justified","moves":["icywind","secretsword","scald","hydropump"],"nature":"Timid","evs":{"hp":0,"atk":0,"def":0,"spa":252,"spd":4,"spe":252},"ivs":{"hp":31,"atk":31,"def":31,"spa":31,"spd":31,"spe":31}},{"name":"Cobalion","species":"Cobalion","item":"leftovers","ability":"Justified","moves":["stealthrock","thunderwave","taunt","ironhead"],"nature":"Jolly","evs":{"hp":252,"atk":4,"def":0,"spa":0,"spd":0,"spe":252},"ivs":{"hp":31,"atk":31,"def":31,"spa":31,"spd":31,"spe":31}},{"name":"Breloom","species":"Breloom","item":"focussash","ability":"Technician","moves":["spore","bulletseed","machpunch","swordsdance"],"nature":"Jolly","evs":{"hp":0,"atk":252,"def":0,"spa":0,"spd":4,"spe":252},"ivs":{"hp":31,"atk":31,"def":31,"spa":31,"spd":31,"spe":31}},{"name":"Hitmonlee","species":"Hitmonlee","item":"normalgem","ability":"Unburden","moves":["fakeout","knockoff","machpunch","blazekick"],"nature":"Adamant","evs":{"hp":0,"atk":252,"def":0,"spa":0,"spd":4,"spe":252},"ivs":{"hp":31,"atk":31,"def":31,"spa":31,"spd":31,"spe":31}}],"log":["|player|p1|Union Wevrm|unionwevrm.png","|player|p2|DSV|159","|gametype|singles","|gen|6","|tier|Monotype","|rated","|rule|Baton Pass Clause: Limit one Baton Passer, can't pass Spe and other stats simultaneously","|rule|Swagger Clause: Swagger is banned","|rule|Same Type Clause: Pokémon in a team must share a type","|clearpoke","|poke|p1|Umbreon, M","|poke|p1|Absol, F","|poke|p1|Mandibuzz, F","|poke|p1|Bisharp, F","|poke|p1|Hoopa-Unbound","|poke|p1|Sableye, F","|poke|p2|Terrakion","|poke|p2|Gallade, M","|poke|p2|Keldeo-Resolute","|poke|p2|Cobalion","|poke|p2|Breloom, M","|poke|p2|Hitmonlee, M","|rule|Sleep Clause Mod: Limit one foe put to sleep","|rule|Species Clause: Limit one of each Pokémon","|rule|OHKO Clause: OHKO moves are banned","|rule|Moody Clause: Moody is banned","|rule|Evasion Moves Clause: Evasion moves are banned","|rule|Endless Battle Clause: Forcing endless battles is banned","|rule|HP Percentage Mod: HP is shown in percentages","|teampreview","|","|start","|switch|p1a: Bisharp|Bisharp, F|272/272","|switch|p2a: Hitmonlee|Hitmonlee, M|241/241","|turn|1","|","|move|p2a: Hitmonlee|Knock Off|p1a: Bisharp","|-crit|p1a: Bisharp","|-resisted|p1a: Bisharp","|-damage|p1a: Bisharp|185/272","|-enditem|p1a: Bisharp|Focus Sash|[from] move: Knock Off|[of] p2a: Hitmonlee","|move|p1a: Bisharp|Swords Dance|p1a: Bisharp","|-boost|p1a: Bisharp|atk|2","|","|turn|2","|","|move|p2a: Hitmonlee|Mach Punch|p1a: Bisharp","|-supereffective|p1a: Bisharp","|-damage|p1a: Bisharp|0 fnt","|faint|p1a: Bisharp","|","|","|switch|p1a: Absol|Absol, F|271/271","|-ability|p1a: Absol|Pressure","|turn|3","|","|switch|p2a: Cobalion|Cobalion|386/386","|detailschange|p1a: Absol|Absol-Mega, F","|-mega|p1a: Absol|Absol|Absolite","|move|p1a: Absol|Psycho Cut|p2a: Cobalion","|-crit|p2a: Cobalion","|-damage|p2a: Cobalion|274/386","|","|-heal|p2a: Cobalion|298/386|[from] item: Leftovers","|turn|4","|","|move|p1a: Absol|Swords Dance|p1a: Absol","|-boost|p1a: Absol|atk|2","|move|p2a: Cobalion|Iron Head|p1a: Absol","|-damage|p1a: Absol|136/271","|","|-heal|p2a: Cobalion|322/386|[from] item: Leftovers","|turn|5","|","|move|p1a: Absol|Psycho Cut|p2a: Cobalion","|-damage|p2a: Cobalion|171/386","|move|p2a: Cobalion|Iron Head|p1a: Absol","|-damage|p1a: Absol|13/271","|","|-heal|p2a: Cobalion|195/386|[from] item: Leftovers","|turn|6","|","|move|p1a: Absol|Psycho Cut|p2a: Cobalion","|-damage|p2a: Cobalion|36/386","|move|p2a: Cobalion|Iron Head|p1a: Absol","|-damage|p1a: Absol|0 fnt","|faint|p1a: Absol","|","|-heal|p2a: Cobalion|60/386|[from] item: Leftovers","|","|switch|p1a: Hoopa-Unbound|Hoopa-Unbound|302/302","|turn|7","|","|move|p2a: Cobalion|Taunt|p1a: Hoopa-Unbound","|-start|p1a: Hoopa-Unbound|move: Taunt","|move|p1a: Hoopa-Unbound|Hyperspace Hole|p2a: Cobalion","|-damage|p2a: Cobalion|0 fnt","|-item|p1a: Hoopa-Unbound|Leftovers|[from] ability: Magician|[of] p2a: Cobalion","|faint|p2a: Cobalion","|","|","|switch|p2a: Hitmonlee|Hitmonlee, M|241/241","|turn|8","|","|switch|p1a: Mandibuzz|Mandibuzz, F|411/411","|move|p2a: Hitmonlee|Fake Out|p1a: Mandibuzz","|-enditem|p2a: Hitmonlee|Normal Gem|[from] gem|[move] Fake Out","|-damage|p1a: Mandibuzz|362/411","|","|-heal|p1a: Mandibuzz|387/411|[from] item: Leftovers","|turn|9","|","|switch|p2a: Keldeo-Resolute|Keldeo-Resolute|323/323","|move|p1a: Mandibuzz|Brave Bird|p2a: Keldeo-Resolute","|-supereffective|p2a: Keldeo-Resolute","|-damage|p2a: Keldeo-Resolute|123/323","|-damage|p1a: Mandibuzz|321/411|[from] recoil|[of] p2a: Keldeo-Resolute","|","|-heal|p1a: Mandibuzz|346/411|[from] item: Leftovers","|turn|10","|","|switch|p1a: Umbreon|Umbreon, M|394/394","|move|p2a: Keldeo-Resolute|Hydro Pump|p1a: Umbreon|[miss]","|-miss|p2a: Keldeo-Resolute|p1a: Umbreon","|","|turn|11","|","|switch|p2a: Breloom|Breloom, M|261/261","|move|p1a: Umbreon|Confuse Ray|p2a: Breloom","|-start|p2a: Breloom|confusion","|","|turn|12","|","|switch|p2a: Terrakion|Terrakion|323/323","|move|p1a: Umbreon|Foul Play|p2a: Terrakion","|-resisted|p2a: Terrakion","|-damage|p2a: Terrakion|226/323","|-boost|p2a: Terrakion|atk|1|[from] ability: Justified","|","|turn|13","|","|move|p2a: Terrakion|Stone Edge|p1a: Umbreon","|-damage|p1a: Umbreon|150/394","|move|p1a: Umbreon|Confuse Ray|p2a: Terrakion","|-start|p2a: Terrakion|confusion","|","|-heal|p1a: Umbreon|174/394|[from] item: Leftovers","|turn|14","|","|-activate|p2a: Terrakion|confusion","|move|p2a: Terrakion|Stone Edge|p1a: Umbreon","|-damage|p1a: Umbreon|0 fnt","|faint|p1a: Umbreon","|","|","|switch|p1a: Hoopa-Unbound|Hoopa-Unbound|302/302","|turn|15","|","|-activate|p2a: Terrakion|confusion","|move|p2a: Terrakion|Stone Edge|p1a: Hoopa-Unbound","|-damage|p1a: Hoopa-Unbound|0 fnt","|faint|p1a: Hoopa-Unbound","|","|","|switch|p1a: Sableye|Sableye, F|304/304","|turn|16","|","|move|p1a: Sableye|Will-O-Wisp|p2a: Terrakion","|-status|p2a: Terrakion|brn","|-activate|p2a: Terrakion|confusion","|-damage|p2a: Terrakion|186/323 brn|[from] confusion","|","|-damage|p2a: Terrakion|146/323 brn|[from] brn","|turn|17","|","|move|p1a: Sableye|Substitute|p1a: Sableye","|-start|p1a: Sableye|Substitute","|-damage|p1a: Sableye|228/304","|-end|p2a: Terrakion|confusion","|move|p2a: Terrakion|Stone Edge|p1a: Sableye","|-end|p1a: Sableye|Substitute","|","|-heal|p1a: Sableye|247/304|[from] item: Leftovers","|-damage|p2a: Terrakion|106/323 brn|[from] brn","|turn|18","|","|move|p1a: Sableye|Confuse Ray|p2a: Terrakion","|-start|p2a: Terrakion|confusion","|-activate|p2a: Terrakion|confusion","|move|p2a: Terrakion|Stone Edge|p1a: Sableye","|-damage|p1a: Sableye|94/304","|","|-heal|p1a: Sableye|113/304|[from] item: Leftovers","|-damage|p2a: Terrakion|66/323 brn|[from] brn","|turn|19","|","|switch|p2a: Keldeo-Resolute|Keldeo-Resolute|123/323","|move|p1a: Sableye|Recover|p1a: Sableye","|-heal|p1a: Sableye|265/304","|","|-heal|p1a: Sableye|284/304|[from] item: Leftovers","|turn|20","|","|move|p1a: Sableye|Confuse Ray|p2a: Keldeo-Resolute","|-start|p2a: Keldeo-Resolute|confusion","|-activate|p2a: Keldeo-Resolute|confusion","|-damage|p2a: Keldeo-Resolute|99/323|[from] confusion","|","|-heal|p1a: Sableye|303/304|[from] item: Leftovers","|turn|21","|","|move|p1a: Sableye|Substitute|p1a: Sableye","|-start|p1a: Sableye|Substitute","|-damage|p1a: Sableye|227/304","|-activate|p2a: Keldeo-Resolute|confusion","|move|p2a: Keldeo-Resolute|Scald|p1a: Sableye","|-end|p1a: Sableye|Substitute","|","|-heal|p1a: Sableye|246/304|[from] item: Leftovers","|turn|22","|","|move|p1a: Sableye|Will-O-Wisp|p2a: Keldeo-Resolute","|-status|p2a: Keldeo-Resolute|brn","|-end|p2a: Keldeo-Resolute|confusion","|move|p2a: Keldeo-Resolute|Scald|p1a: Sableye","|-crit|p1a: Sableye","|-damage|p1a: Sableye|0 fnt","|faint|p1a: Sableye","|","|-damage|p2a: Keldeo-Resolute|59/323 brn|[from] brn","|","|switch|p1a: Mandibuzz|Mandibuzz, F|346/411","|turn|23","|","|move|p2a: Keldeo-Resolute|Scald|p1a: Mandibuzz","|-damage|p1a: Mandibuzz|142/411","|move|p1a: Mandibuzz|Roost|p1a: Mandibuzz","|-heal|p1a: Mandibuzz|348/411","|","|-heal|p1a: Mandibuzz|373/411|[from] item: Leftovers","|-damage|p2a: Keldeo-Resolute|19/323 brn|[from] brn","|turn|24","|","|switch|p2a: Terrakion|Terrakion|66/323 brn","|move|p1a: Mandibuzz|Whirlwind|p2a: Terrakion","|drag|p2a: Gallade|Gallade, M|277/277","|","|-heal|p1a: Mandibuzz|398/411|[from] item: Leftovers","|turn|25","|","|detailschange|p2a: Gallade|Gallade-Mega, M","|-mega|p2a: Gallade|Gallade|Galladite","|move|p2a: Gallade|Swords Dance|p2a: Gallade","|-boost|p2a: Gallade|atk|2","|move|p1a: Mandibuzz|Brave Bird|p2a: Gallade","|-supereffective|p2a: Gallade","|-damage|p2a: Gallade|71/277","|-damage|p1a: Mandibuzz|330/411|[from] recoil|[of] p2a: Gallade","|","|-heal|p1a: Mandibuzz|355/411|[from] item: Leftovers","|turn|26","|","|move|p2a: Gallade|Knock Off|p1a: Mandibuzz","|-resisted|p1a: Mandibuzz","|-damage|p1a: Mandibuzz|258/411","|-enditem|p1a: Mandibuzz|Leftovers|[from] move: Knock Off|[of] p2a: Gallade","|move|p1a: Mandibuzz|Brave Bird|p2a: Gallade","|-supereffective|p2a: Gallade","|-damage|p2a: Gallade|0 fnt","|-damage|p1a: Mandibuzz|235/411|[from] recoil|[of] p2a: Gallade","|faint|p2a: Gallade","|","|","|switch|p2a: Keldeo-Resolute|Keldeo-Resolute|19/323 brn","|turn|27","|","|move|p2a: Keldeo-Resolute|Icy Wind|p1a: Mandibuzz","|-supereffective|p1a: Mandibuzz","|-damage|p1a: Mandibuzz|39/411","|-unboost|p1a: Mandibuzz|spe|1","|move|p1a: Mandibuzz|Roost|p1a: Mandibuzz","|-heal|p1a: Mandibuzz|245/411","|","|-damage|p2a: Keldeo-Resolute|0 fnt|[from] brn","|faint|p2a: Keldeo-Resolute","|","|switch|p2a: Breloom|Breloom, M|261/261","|turn|28","|","|move|p2a: Breloom|Swords Dance|p2a: Breloom","|-boost|p2a: Breloom|atk|2","|move|p1a: Mandibuzz|Brave Bird|p2a: Breloom","|-supereffective|p2a: Breloom","|-enditem|p2a: Breloom|Focus Sash","|-damage|p2a: Breloom|1/261","|-damage|p1a: Mandibuzz|159/411|[from] recoil|[of] p2a: Breloom","|","|turn|29","|","|move|p2a: Breloom|Mach Punch|p1a: Mandibuzz","|-damage|p1a: Mandibuzz|0 fnt","|faint|p1a: Mandibuzz","|","|win|DSV"],"p1rating":{"entryid":"7313146","serverid":"eos","formatid":"monotype","userid":"unionwevrm","username":"Union Wevrm","w":"7","l":23,"t":"0","gxe":29.8,"r":"1325.1346529936","rd":"68.631100823038","sigma":"0","rptime":"1438851600","rpr":1335.8068538779,"rprd":63.484269568632,"rpsigma":"0","acre":1038.8430722931,"lacre":1038.8430722931,"oldacre":"1044.1202578497"},"p2rating":{"entryid":"6124841","serverid":"eos","formatid":"monotype","userid":"dsv","username":"DSV","w":37,"l":"16","t":"0","gxe":70.9,"r":"1660.6061710473","rd":"59.642600185102","sigma":"0","rptime":"1438851600","rpr":1669.3898787202,"rprd":54.673693148716,"rpsigma":"0","acre":1340.1184464413,"lacre":1340.1184464413,"oldacre":"1333.7672931446"},"endType":"normal"}