{"seed":[47589,6603,18112,5617],"turns":21,"p1":"DSV","p2":"Dusk Hoot","p1team":[{"name":"Medicham","species":"Medicham","item":"medichamite","ability":"Pure Power","moves":["psychocut","drainpunch","fakeout","bulletpunch"],"nature":"Adamant","evs":{"hp":0,"atk":252,"def":0,"spa":0,"spd":4,"spe":252},"ivs":{"hp":31,"atk":31,"def":31,"spa":31,"spd":31,"spe":31}},{"name":"Cobalion","species":"Cobalion","item":"leftovers","ability":"Justified","moves":["thunderwave","ironhead","stealthrock","taunt"],"nature":"Jolly","evs":{"hp":252,"atk":4,"def":0,"spa":0,"spd":0,"spe":252},"ivs":{"hp":31,"atk":31,"def":31,"spa":31,"spd":31,"spe":31}},{"name":"Infernape","species":"Infernape","item":"lifeorb","ability":"Blaze","moves":["flamethrower","hiddenpowerice","vacuumwave","earthquake"],"nature":"Hasty","evs":{"hp":0,"atk":4,"def":0,"spa":252,"spd":0,"spe":252},"ivs":{"hp":31,"atk":30,"def":30,"spa":31,"spd":31,"spe":31}},{"name":"Breloom","species":"Breloom","item":"focussash","ability":"Technician","moves":["spore","machpunch","swordsdance","bulletseed"],"nature":"Jolly","evs":{"hp":0,"atk":252,"def":0,"spa":0,"spd":4,"spe":252},"ivs":{"hp":31,"atk":31,"def":31,"spa":31,"spd":31,"spe":31}},{"name":"Conkeldurr","species":"Conkeldurr","item":"assaultvest","ability":"Guts","moves":["drainpunch","knockoff","machpunch","icepunch"],"nature":"Adamant","evs":{"hp":248,"atk":252,"def":0,"spa":0,"spd":8,"spe":0},"ivs":{"hp":31,"atk":31,"def":31,"spa":31,"spd":31,"spe":31}},{"name":"Keldeo-Resolute","species":"Keldeo-Resolute","item":"choicescarf","ability":"Justified","moves":["scald","icywind","secretsword","hydropump"],"nature":"Modest","evs":{"hp":0,"atk":0,"def":0,"spa":252,"spd":4,"spe":252},"ivs":{"hp":31,"atk":31,"def":31,"spa":31,"spd":31,"spe":31}}],"p2team":[{"name":"Shuckle","species":"Shuckle","item":"leftovers","ability":"Sturdy","moves":["stealthrock","stickyweb","toxic","encore"],"nature":"Calm","evs":{"hp":252,"atk":0,"def":4,"spa":0,"spd":252,"spe":0},"ivs":{"hp":31,"atk":31,"def":31,"spa":31,"spd":31,"spe":31}},{"name":"Diancie","species":"Diancie","item":"diancite","ability":"Clear Body","moves":["moonblast","diamondstorm","earthpower","protect"],"nature":"Hasty","evs":{"hp":0,"atk":0,"def":0,"spa":252,"spd":0,"spe":252},"ivs":{"hp":31,"atk":31,"def":31,"spa":31,"spd":31,"spe":31}},{"name":"Omastar","species":"Omastar","item":"focussash","ability":"Weak Armor","moves":["icebeam","scald","shellsmash","hiddenpowergrass"],"nature":"Modest","evs":{"hp":0,"atk":0,"def":0,"spa":252,"spd":4,"spe":252},"ivs":{"hp":31,"atk":30,"def":31,"spa":30,"spd":31,"spe":31}},{"name":"Golem","species":"Golem","item":"weaknesspolicy","ability":"Sturdy","moves":["earthquake","rockblast","suckerpunch","heavyslam"],"nature":"Adamant","evs":{"hp":0,"atk":252,"def":0,"spa":0,"spd":4,"spe":252},"ivs":{"hp":31,"atk":31,"def":31,"spa":31,"spd":31,"spe":31}},{"name":"Rhyperior","species":"Rhyperior","item":"choiceband","ability":"Solid Rock","moves":["earthquake","firepunch","thunderpunch","icepunch"],"nature":"Adamant","evs":{"hp":248,"atk":252,"def":0,"spa":0,"spd":8,"spe":0},"ivs":{"hp":31,"atk":31,"def":31,"spa":31,"spd":31,"spe":31}},{"name":"Aerodactyl","species":"Aerodactyl","item":"lifeorb","ability":"Pressure","moves":["aerialace","stoneedge","earthquake","taunt"],"nature":"Jolly","evs":{"hp":0,"atk":252,"def":0,"spa":0,"spd":4,"spe":252},"ivs":{"hp":31,"atk":31,"def":31,"spa":31,"spd":31,"spe":31}}],"log":["|player|p1|DSV|159","|player|p2|Dusk Hoot|101","|gametype|singles","|gen|6","|tier|Monotype","|rated","|rule|Baton Pass Clause: Limit one Baton Passer, can't pass Spe and other stats simultaneously","|rule|Swagger Clause: Swagger is banned","|rule|Same Type Clause: Pokémon in a team must share a type","|clearpoke","|poke|p1|Medicham, M","|poke|p1|Cobalion","|poke|p1|Infernape, M","|poke|p1|Breloom, F","|poke|p1|Conkeldurr, M","|poke|p1|Keldeo-Resolute","|poke|p2|Shuckle, M","|poke|p2|Diancie","|poke|p2|Omastar, M","|poke|p2|Golem, M","|poke|p2|Rhyperior, F","|poke|p2|Aerodactyl, M","|rule|Sleep Clause Mod: Limit one foe put to sleep","|rule|Species Clause: Limit one of each Pokémon","|rule|OHKO Clause: OHKO moves are banned","|rule|Moody Clause: Moody is banned","|rule|Evasion Moves Clause: Evasion moves are banned","|rule|Endless Battle Clause: Forcing endless battles is banned","|rule|HP Percentage Mod: HP is shown in percentages","|teampreview","|","|start","|switch|p1a: Breloom|Breloom, F|261/261","|switch|p2a: Aerodactyl|Aerodactyl, M|301/301","|-ability|p2a: Aerodactyl|Pressure","|turn|1","|","|move|p2a: Aerodactyl|Taunt|p1a: Breloom","|-start|p1a: Breloom|move: Taunt","|move|p1a: Breloom|Bullet Seed|p2a: Aerodactyl","|-damage|p2a: Aerodactyl|202/301","|-damage|p2a: Aerodactyl|114/301","|-damage|p2a: Aerodactyl|27/301","|-hitcount|p2a: Aerodactyl|3","|","|turn|2","|","|move|p1a: Breloom|Mach Punch|p2a: Aerodactyl","|-damage|p2a: Aerodactyl|0 fnt","|faint|p2a: Aerodactyl","|","|","|switch|p2a: Shuckle|Shuckle, M|244/244","|turn|3","|","|switch|p1a: Keldeo-Resolute|Keldeo-Resolute|323/323","|move|p2a: Shuckle|Sticky Web|p1a: Keldeo-Resolute","|-sidestart|p1: DSV|move: Sticky Web","|","|turn|4","|","|move|p1a: Keldeo-Resolute|Scald|p2a: Shuckle","|-supereffective|p2a: Shuckle","|-damage|p2a: Shuckle|116/244","|-status|p2a: Shuckle|brn","|move|p2a: Shuckle|Stealth Rock|p1a: Keldeo-Resolute","|-sidestart|p1: DSV|move: Stealth Rock","|","|-heal|p2a: Shuckle|131/244 brn|[from] item: Leftovers","|-damage|p2a: Shuckle|101/244 brn|[from] brn","|turn|5","|","|move|p1a: Keldeo-Resolute|Scald|p2a: Shuckle","|-supereffective|p2a: Shuckle","|-damage|p2a: Shuckle|0 fnt","|faint|p2a: Shuckle","|","|","|switch|p2a: Golem|Golem, M|301/301","|turn|6","|","|switch|p1a: Conkeldurr|Conkeldurr, M|413/413","|-damage|p1a: Conkeldurr|388/413|[from] Stealth Rock","|-activate|p1a: Conkeldurr|move: Sticky Web","|-unboost|p1a: Conkeldurr|spe|1","|move|p2a: Golem|Earthquake|p1a: Conkeldurr","|-damage|p1a: Conkeldurr|208/413","|","|turn|7","|","|move|p2a: Golem|Earthquake|p1a: Conkeldurr","|-damage|p1a: Conkeldurr|30/413","|move|p1a: Conkeldurr|Drain Punch|p2a: Golem","|-supereffective|p2a: Golem","|-damage|p2a: Golem|41/301","|-heal|p1a: Conkeldurr|160/413|[from] drain|[of] p2a: Golem","|-enditem|p2a: Golem|Weakness Policy","|-boost|p2a: Golem|atk|2|[from] item: Weakness Policy","|-boost|p2a: Golem|spa|2|[from] item: Weakness Policy","|","|turn|8","|","|move|p2a: Golem|Sucker Punch|p1a: Conkeldurr","|-resisted|p1a: Conkeldurr","|-damage|p1a: Conkeldurr|53/413","|move|p1a: Conkeldurr|Mach Punch|p2a: Golem","|-supereffective|p2a: Golem","|-damage|p2a: Golem|0 fnt","|faint|p2a: Golem","|","|","|switch|p2a: Rhyperior|Rhyperior, F|433/433","|turn|9","|","|move|p2a: Rhyperior|Earthquake|p1a: Conkeldurr","|-damage|p1a: Conkeldurr|0 fnt","|faint|p1a: Conkeldurr","|","|","|switch|p1a: Keldeo-Resolute|Keldeo-Resolute|323/323","|-damage|p1a: Keldeo-Resolute|303/323|[from] Stealth Rock","|-activate|p1a: Keldeo-Resolute|move: Sticky Web","|-unboost|p1a: Keldeo-Resolute|spe|1","|turn|10","|","|switch|p2a: Omastar|Omastar, M|281/281","|move|p1a: Keldeo-Resolute|Scald|p2a: Omastar","|-damage|p2a: Omastar|73/281","|","|turn|11","|","|move|p1a: Keldeo-Resolute|Scald|p2a: Omastar","|-damage|p2a: Omastar|0 fnt","|faint|p2a: Omastar","|","|","|switch|p2a: Diancie|Diancie|241/241","|turn|12","|","|detailschange|p2a: Diancie|Diancie-Mega","|-mega|p2a: Diancie|Diancie|Diancite","|move|p2a: Diancie|Protect|p2a: Diancie","|-singleturn|p2a: Diancie|Protect","|move|p1a: Keldeo-Resolute|Scald|p2a: Diancie","|-activate|p2a: Diancie|Protect","|","|turn|13","|","|switch|p1a: Cobalion|Cobalion|386/386","|-activate|p1a: Cobalion|move: Sticky Web","|-unboost|p1a: Cobalion|spe|1","|-damage|p1a: Cobalion|374/386|[from] Stealth Rock","|move|p2a: Diancie|Moonblast|p1a: Cobalion","|-damage|p1a: Cobalion|94/386","|-unboost|p1a: Cobalion|spa|1","|","|-heal|p1a: Cobalion|118/386|[from] item: Leftovers","|turn|14","|","|move|p2a: Diancie|Moonblast|p1a: Cobalion","|-damage|p1a: Cobalion|0 fnt","|faint|p1a: Cobalion","|","|","|switch|p1a: Breloom|Breloom, F|261/261","|-damage|p1a: Breloom|245/261|[from] Stealth Rock","|-activate|p1a: Breloom|move: Sticky Web","|-unboost|p1a: Breloom|spe|1","|turn|15","|","|move|p1a: Breloom|Mach Punch|p2a: Diancie","|-damage|p2a: Diancie|129/241","|move|p2a: Diancie|Moonblast|p1a: Breloom","|-supereffective|p1a: Breloom","|-damage|p1a: Breloom|0 fnt","|faint|p1a: Breloom","|","|","|switch|p1a: Medicham|Medicham, M|261/261","|-damage|p1a: Medicham|245/261|[from] Stealth Rock","|-activate|p1a: Medicham|move: Sticky Web","|-unboost|p1a: Medicham|spe|1","|turn|16","|","|detailschange|p1a: Medicham|Medicham-Mega, M","|-mega|p1a: Medicham|Medicham|Medichamite","|move|p2a: Diancie|Protect|p2a: Diancie","|-singleturn|p2a: Diancie|Protect","|move|p1a: Medicham|Bullet Punch|p2a: Diancie","|-activate|p2a: Diancie|Protect","|","|turn|17","|","|switch|p2a: Rhyperior|Rhyperior, F|433/433","|move|p1a: Medicham|Bullet Punch|p2a: Rhyperior","|-supereffective|p2a: Rhyperior","|-damage|p2a: Rhyperior|336/433","|","|turn|18","|","|switch|p1a: Infernape|Infernape, M|293/293","|-activate|p1a: Infernape|move: Sticky Web","|-unboost|p1a: Infernape|spe|1","|-damage|p1a: Infernape|257/293|[from] Stealth Rock","|move|p2a: Rhyperior|Earthquake|p1a: Infernape","|-supereffective|p1a: Infernape","|-damage|p1a: Infernape|0 fnt","|faint|p1a: Infernape","|","|","|switch|p1a: Keldeo-Resolute|Keldeo-Resolute|303/323","|-damage|p1a: Keldeo-Resolute|283/323|[from] Stealth Rock","|-activate|p1a: Keldeo-Resolute|move: Sticky Web","|-unboost|p1a: Keldeo-Resolute|spe|1","|turn|19","|","|move|p1a: Keldeo-Resolute|Scald|p2a: Rhyperior","|-supereffective|p2a: Rhyperior","|-damage|p2a: Rhyperior|0 fnt","|faint|p2a: Rhyperior","|","|","|switch|p2a: Diancie|Diancie-Mega|129/241","|turn|20","|","|move|p2a: Diancie|Moonblast|p1a: Keldeo-Resolute","|-supereffective|p1a: Keldeo-Resolute","|-damage|p1a: Keldeo-Resolute|0 fnt","|faint|p1a: Keldeo-Resolute","|","|","|switch|p1a: Medicham|Medicham-Mega, M|245/261","|-damage|p1a: Medicham|229/261|[from] Stealth Rock","|-activate|p1a: Medicham|move: Sticky Web","|-unboost|p1a: Medicham|spe|1","|turn|21","|","|move|p1a: Medicham|Bullet Punch|p2a: Diancie","|-supereffective|p2a: Diancie","|-damage|p2a: Diancie|0 fnt","|faint|p2a: Diancie","|","|win|DSV"],"p1rating":{"entryid":"6124841","serverid":"eos","formatid":"monotype","userid":"dsv","username":"DSV","w":33,"l":"15","t":"0","gxe":70.1,"r":"1660.6061710473","rd":"59.642600185102","sigma":"0","rptime":"1438851600","rpr":1661.9712671022,"rprd":57.455243794152,"rpsigma":"0","acre":1332.132003932,"lacre":1332.132003932,"oldacre":"1319.9465629898"},"p2rating":{"entryid":"6278074","serverid":"eos","formatid":"monotype","userid":"duskhoot","username":"Dusk Hoot","w":"42","l":31,"t":"0","gxe":55.2,"r":"1548.2533781512","rd":"50.824090409475","sigma":"0","rptime":"1438851600","rpr":1539.694697669,"rprd":49.472827113082,"rpsigma":"0","acre":1161.3423896875,"lacre":1161.3423896875,"oldacre":"1176.5741908653"},"endType":"normal"}