{"seed":[19336,24954,55881,4054],"turns":22,"p1":"JusAnAlt","p2":"Crystal glaceon13","p1team":[{"name":"Politoed","species":"Politoed","item":"ejectbutton","ability":"Drizzle","moves":["surf","icebeam","perishsong","toxic"],"nature":"Calm","evs":{"hp":248,"atk":0,"def":0,"spa":8,"spd":252,"spe":0},"ivs":{"hp":31,"atk":0,"def":31,"spa":31,"spd":31,"spe":31}},{"name":"Ludicolo","species":"Ludicolo","item":"lifeorb","ability":"Swift Swim","moves":["icebeam","surf","gigadrain","raindance"],"nature":"Modest","evs":{"hp":0,"atk":0,"def":0,"spa":252,"spd":4,"spe":252},"ivs":{"hp":31,"atk":31,"def":31,"spa":31,"spd":31,"spe":31}},{"name":"Swampert","species":"Swampert","item":"swampertite","ability":"Torrent","moves":["icepunch","earthquake","waterfall","raindance"],"nature":"Adamant","evs":{"hp":0,"atk":252,"def":0,"spa":0,"spd":4,"spe":252},"ivs":{"hp":31,"atk":31,"def":31,"spa":31,"spd":31,"spe":31}},{"name":"Kingdra","species":"Kingdra","item":"choicespecs","ability":"Swift Swim","moves":["surf","dragonpulse","icebeam","flashcannon"],"nature":"Modest","evs":{"hp":0,"atk":0,"def":0,"spa":252,"spd":4,"spe":252},"ivs":{"hp":31,"atk":31,"def":31,"spa":31,"spd":31,"spe":31}},{"name":"Azumarill","species":"Azumarill","item":"choiceband","ability":"Sap Sipper","moves":["playrough","aquajet","knockoff","waterfall"],"nature":"Adamant","evs":{"hp":248,"atk":252,"def":0,"spa":0,"spd":8,"spe":0},"ivs":{"hp":31,"atk":31,"def":31,"spa":31,"spd":31,"spe":31}},{"name":"Tentacruel","species":"Tentacruel","item":"blacksludge","ability":"Clear Body","moves":["acidspray","scald","rapidspin","raindance"],"nature":"Bold","evs":{"hp":248,"atk":0,"def":252,"spa":8,"spd":0,"spe":0},"ivs":{"hp":31,"atk":0,"def":31,"spa":31,"spd":31,"spe":31}}],"p2team":[{"name":"Diancie","species":"Diancie","item":"diancite","ability":"Clear Body","moves":["earthpower","moonblast","diamondstorm","protect"],"nature":"Naive","evs":{"hp":0,"atk":4,"def":0,"spa":252,"spd":0,"spe":252},"ivs":{"hp":31,"atk":31,"def":31,"spa":31,"spd":31,"spe":31}},{"name":"Togekiss","species":"Togekiss","item":"leftovers","ability":"Serene Grace","moves":["nastyplot","batonpass","airslash","flamethrower"],"nature":"Calm","evs":{"hp":248,"atk":0,"def":0,"spa":0,"spd":240,"spe":20},"ivs":{"hp":31,"atk":31,"def":31,"spa":31,"spd":31,"spe":31}},{"name":"Klefki","species":"Klefki","item":"lightclay","ability":"Prankster","moves":["reflect","lightscreen","thunderwave","foulplay"],"nature":"Bold","evs":{"hp":252,"atk":0,"def":64,"spa":0,"spd":192,"spe":0},"ivs":{"hp":31,"atk":31,"def":31,"spa":31,"spd":31,"spe":31}},{"name":"Azumarill","species":"Azumarill","item":"assaultvest","ability":"Huge Power","moves":["playrough","aquajet","waterfall","poweruppunch"],"nature":"Adamant","evs":{"hp":248,"atk":252,"def":0,"spa":0,"spd":0,"spe":8},"gender":"M","ivs":{"hp":31,"atk":31,"def":31,"spa":31,"spd":31,"spe":31}},{"name":"Gardevoir","species":"Gardevoir","item":"choicescarf","ability":"Trace","moves":["thunderbolt","hiddenpowerfire","moonblast","psyshock"],"nature":"Timid","evs":{"hp":0,"atk":0,"def":4,"spa":252,"spd":0,"spe":252},"ivs":{"hp":31,"atk":30,"def":31,"spa":30,"spd":31,"spe":30}},{"name":"Granbull","species":"Granbull","item":"leftovers","ability":"Intimidate","moves":["earthquake","firepunch","bulkup","playrough"],"nature":"Adamant","evs":{"hp":188,"atk":200,"def":120,"spa":0,"spd":0,"spe":0},"ivs":{"hp":31,"atk":31,"def":31,"spa":31,"spd":31,"spe":31}}],"log":["|player|p1|JusAnAlt|99","|player|p2|Crystal glaceon13|32","|gametype|singles","|gen|6","|tier|Monotype","|rated","|rule|Baton Pass Clause: Limit one Baton Passer, can't pass Spe and other stats simultaneously","|rule|Swagger Clause: Swagger is banned","|rule|Same Type Clause: Pokémon in a team must share a type","|clearpoke","|poke|p1|Politoed, F","|poke|p1|Ludicolo, F","|poke|p1|Swampert, F","|poke|p1|Kingdra, F","|poke|p1|Azumarill, F","|poke|p1|Tentacruel, M","|poke|p2|Diancie","|poke|p2|Togekiss, F","|poke|p2|Klefki, F","|poke|p2|Azumarill, M","|poke|p2|Gardevoir, F","|poke|p2|Granbull, F","|rule|Sleep Clause Mod: Limit one foe put to sleep","|rule|Species Clause: Limit one of each Pokémon","|rule|OHKO Clause: OHKO moves are banned","|rule|Moody Clause: Moody is banned","|rule|Evasion Moves Clause: Evasion moves are banned","|rule|Endless Battle Clause: Forcing endless battles is banned","|rule|HP Percentage Mod: HP is shown in percentages","|teampreview","|","|start","|switch|p1a: Politoed|Politoed, F|383/383","|switch|p2a: Klefki|Klefki, F|318/318","|-weather|RainDance","|turn|1","|","|switch|p1a: Swampert|Swampert, F|341/341","|move|p2a: Klefki|Light Screen|p2a: Klefki","|-sidestart|p2: Crystal glaceon13|move: Light Screen","|","|-weather|RainDance|[upkeep]","|turn|2","|","|detailschange|p1a: Swampert|Swampert-Mega, F","|-mega|p1a: Swampert|Swampert|Swampertite","|move|p2a: Klefki|Reflect|p2a: Klefki","|-sidestart|p2: Crystal glaceon13|Reflect","|move|p1a: Swampert|Earthquake|p2a: Klefki","|-crit|p2a: Klefki","|-supereffective|p2a: Klefki","|-damage|p2a: Klefki|0 fnt","|faint|p2a: Klefki","|","|-weather|RainDance|[upkeep]","|","|switch|p2a: Togekiss|Togekiss, F|373/373","|turn|3","|","|move|p1a: Swampert|Ice Punch|p2a: Togekiss","|-supereffective|p2a: Togekiss","|-damage|p2a: Togekiss|259/373","|move|p2a: Togekiss|Nasty Plot|p2a: Togekiss","|-boost|p2a: Togekiss|spa|2","|","|-weather|RainDance|[upkeep]","|-heal|p2a: Togekiss|282/373|[from] item: Leftovers","|turn|4","|","|move|p1a: Swampert|Ice Punch|p2a: Togekiss","|-supereffective|p2a: Togekiss","|-damage|p2a: Togekiss|170/373","|move|p2a: Togekiss|Air Slash|p1a: Swampert","|-damage|p1a: Swampert|151/341","|","|-weather|RainDance|[upkeep]","|-heal|p2a: Togekiss|193/373|[from] item: Leftovers","|turn|5","|","|move|p1a: Swampert|Waterfall|p2a: Togekiss","|-crit|p2a: Togekiss","|-damage|p2a: Togekiss|0 fnt","|faint|p2a: Togekiss","|","|-weather|none","|","|switch|p2a: Diancie|Diancie|241/241","|turn|6","|","|switch|p1a: Politoed|Politoed, F|383/383","|-weather|RainDance","|detailschange|p2a: Diancie|Diancie-Mega","|-mega|p2a: Diancie|Diancie|Diancite","|move|p2a: Diancie|Moonblast|p1a: Politoed","|-damage|p1a: Politoed|244/383","|-enditem|p1a: Politoed|Eject Button","|","|switch|p1a: Swampert|Swampert-Mega, F|151/341","|","|-weather|RainDance|[upkeep]","|turn|7","|","|switch|p2a: Granbull|Granbull, F|368/368","|-ability|p2a: Granbull|Intimidate","|-unboost|p1a: Swampert|atk|1","|move|p1a: Swampert|Waterfall|p2a: Granbull","|-damage|p2a: Granbull|275/368","|","|-weather|RainDance|[upkeep]","|-heal|p2a: Granbull|298/368|[from] item: Leftovers","|turn|8","|","|switch|p1a: Kingdra|Kingdra, F|291/291","|move|p2a: Granbull|Bulk Up|p2a: Granbull","|-boost|p2a: Granbull|atk|1","|-boost|p2a: Granbull|def|1","|","|-weather|RainDance|[upkeep]","|-heal|p2a: Granbull|321/368|[from] item: Leftovers","|-sideend|p2: Crystal glaceon13|move: Light Screen","|turn|9","|","|switch|p2a: Azumarill|Azumarill, M|403/403","|move|p1a: Kingdra|Flash Cannon|p2a: Azumarill","|-crit|p2a: Azumarill","|-damage|p2a: Azumarill|263/403","|","|-weather|RainDance|[upkeep]","|-sideend|p2: Crystal glaceon13|Reflect","|turn|10","|","|switch|p1a: Tentacruel|Tentacruel, M|363/363","|move|p2a: Azumarill|Play Rough|p1a: Tentacruel","|-resisted|p1a: Tentacruel","|-damage|p1a: Tentacruel|266/363","|","|-weather|none","|-heal|p1a: Tentacruel|288/363|[from] item: Black Sludge","|turn|11","|","|switch|p2a: Diancie|Diancie-Mega|241/241","|move|p1a: Tentacruel|Scald|p2a: Diancie","|-supereffective|p2a: Diancie","|-damage|p2a: Diancie|89/241","|","|-heal|p1a: Tentacruel|310/363|[from] item: Black Sludge","|turn|12","|","|move|p2a: Diancie|Earth Power|p1a: Tentacruel","|-supereffective|p1a: Tentacruel","|-damage|p1a: Tentacruel|114/363","|move|p1a: Tentacruel|Scald|p2a: Diancie","|-supereffective|p2a: Diancie","|-damage|p2a: Diancie|0 fnt","|faint|p2a: Diancie","|","|-heal|p1a: Tentacruel|136/363|[from] item: Black Sludge","|","|switch|p2a: Gardevoir|Gardevoir, F|277/277","|-ability|p2a: Gardevoir|Clear Body|[from] ability: Trace|[of] p1a: Tentacruel","|turn|13","|","|switch|p1a: Politoed|Politoed, F|244/383","|-weather|RainDance","|move|p2a: Gardevoir|Psyshock|p1a: Politoed","|-damage|p1a: Politoed|60/383","|","|-weather|RainDance|[upkeep]","|turn|14","|","|move|p2a: Gardevoir|Psyshock|p1a: Politoed","|-damage|p1a: Politoed|0 fnt","|faint|p1a: Politoed","|","|-weather|RainDance|[upkeep]","|","|switch|p1a: Kingdra|Kingdra, F|291/291","|turn|15","|","|switch|p2a: Azumarill|Azumarill, M|263/403","|move|p1a: Kingdra|Flash Cannon|p2a: Azumarill","|-damage|p2a: Azumarill|162/403","|","|-weather|RainDance|[upkeep]","|turn|16","|","|switch|p1a: Tentacruel|Tentacruel, M|136/363","|move|p2a: Azumarill|Play Rough|p1a: Tentacruel","|-resisted|p1a: Tentacruel","|-damage|p1a: Tentacruel|45/363","|","|-weather|RainDance|[upkeep]","|-heal|p1a: Tentacruel|67/363|[from] item: Black Sludge","|turn|17","|","|move|p2a: Azumarill|Aqua Jet|p1a: Tentacruel","|-crit|p1a: Tentacruel","|-resisted|p1a: Tentacruel","|-damage|p1a: Tentacruel|0 fnt","|faint|p1a: Tentacruel","|","|-weather|none","|","|switch|p1a: Azumarill|Azumarill, F|403/403","|turn|18","|","|move|p2a: Azumarill|Play Rough|p1a: Azumarill","|-damage|p1a: Azumarill|169/403","|move|p1a: Azumarill|Play Rough|p2a: Azumarill","|-damage|p2a: Azumarill|0 fnt","|faint|p2a: Azumarill","|","|","|switch|p2a: Granbull|Granbull, F|321/368","|-ability|p2a: Granbull|Intimidate","|-unboost|p1a: Azumarill|atk|1","|turn|19","|","|move|p1a: Azumarill|Play Rough|p2a: Granbull","|-damage|p2a: Granbull|209/368","|-unboost|p2a: Granbull|atk|1","|move|p2a: Granbull|Play Rough|p1a: Azumarill","|-damage|p1a: Azumarill|36/403","|","|-heal|p2a: Granbull|232/368|[from] item: Leftovers","|turn|20","|","|move|p1a: Azumarill|Play Rough|p2a: Granbull","|-damage|p2a: Granbull|127/368","|move|p2a: Granbull|Earthquake|p1a: Azumarill","|-damage|p1a: Azumarill|0 fnt","|faint|p1a: Azumarill","|","|-heal|p2a: Granbull|150/368|[from] item: Leftovers","|","|switch|p1a: Swampert|Swampert-Mega, F|151/341","|turn|21","|","|move|p1a: Swampert|Waterfall|p2a: Granbull","|-damage|p2a: Granbull|0 fnt","|faint|p2a: Granbull","|","|","|switch|p2a: Gardevoir|Gardevoir, F|277/277","|-ability|p2a: Gardevoir|Swift Swim|[from] ability: Trace|[of] p1a: Swampert","|turn|22","|","|move|p2a: Gardevoir|Moonblast|p1a: Swampert","|-damage|p1a: Swampert|3/341","|-unboost|p1a: Swampert|spa|1","|move|p1a: Swampert|Earthquake|p2a: Gardevoir","|-damage|p2a: Gardevoir|0 fnt","|faint|p2a: Gardevoir","|","|win|JusAnAlt"],"p1rating":{"entryid":"6680044","serverid":"eos","formatid":"monotype","userid":"jusanalt","username":"JusAnAlt","w":43,"l":"18","t":"0","gxe":66.4,"r":"1617.7626828871","rd":"52.36928727867","sigma":"0","rptime":"1438851600","rpr":1629.6070113482,"rprd":50.031876233648,"rpsigma":"0","acre":1273.2257924074,"lacre":1273.2257924074,"oldacre":"1243.2015193821"},"p2rating":{"entryid":"5815193","serverid":"eos","formatid":"monotype","userid":"crystalglaceon13","username":"Crystal glaceon13","w":"32","l":14,"t":"0","gxe":64.6,"r":"1619.9542173197","rd":"58.338440032355","sigma":"0","rptime":"1438851600","rpr":1614.836530772,"rprd":57.034273972068,"rpsigma":"0","acre":1289.970063827,"lacre":1289.970063827,"oldacre":"1313.9894822472"},"endType":"normal"}