{"seed":[19995,21385,48048,1274],"turns":27,"p1":"Alliance - Mxy","p2":"TIL4-Emil","p1team":[{"name":"My favorite","species":"magnezone","item":"leftovers","ability":"Sturdy","moves":["thunderwave","flashcannon","substitute","hiddenpowerice"],"nature":"Bold","evs":{"hp":248,"atk":0,"def":252,"spa":0,"spd":8,"spe":0},"ivs":{"hp":31,"atk":30,"def":30,"spa":31,"spd":31,"spe":31}},{"name":"Dixan","species":"rotomwash","item":"chestoberry","ability":"Levitate","moves":["voltswitch","rest","willowisp","hydropump"],"nature":"Calm","evs":{"hp":248,"atk":0,"def":0,"spa":8,"spd":252,"spe":0},"ivs":{"hp":31,"atk":0,"def":31,"spa":31,"spd":31,"spe":31}},{"name":"Magnetic Dodrio","species":"magneton","item":"choicescarf","ability":"Magnet Pull","moves":["voltswitch","thunderbolt","flashcannon","hiddenpowerfire"],"nature":"Modest","evs":{"hp":0,"atk":0,"def":4,"spa":252,"spd":0,"spe":252},"ivs":{"hp":31,"atk":0,"def":31,"spa":30,"spd":31,"spe":30}},{"name":"I don't like you","species":"thundurus","item":"lifeorb","ability":"Prankster","moves":["thunderbolt","hiddenpowerice","grassknot","thunderwave"],"nature":"Timid","evs":{"hp":0,"atk":0,"def":0,"spa":252,"spd":4,"spe":252},"ivs":{"hp":31,"atk":0,"def":30,"spa":31,"spd":31,"spe":31}},{"name":"Zaptres","species":"zapdos","item":"custapberry","ability":"Pressure","moves":["defog","tailwind","voltswitch","heatwave"],"nature":"Bold","evs":{"hp":248,"atk":0,"def":152,"spa":0,"spd":0,"spe":108},"ivs":{"hp":31,"atk":0,"def":31,"spa":31,"spd":31,"spe":31}},{"name":"When Mega?","species":"luxray","item":"choiceband","ability":"Guts","moves":["wildcharge","icefang","crunch","superpower"],"nature":"Jolly","evs":{"hp":0,"atk":252,"def":4,"spa":0,"spd":0,"spe":252},"ivs":{"hp":31,"atk":31,"def":31,"spa":31,"spd":31,"spe":31}}],"p2team":[{"name":"Heatran","species":"Heatran","item":"airballoon","ability":"Flash Fire","moves":["willowisp","lavaplume","magmastorm","stealthrock"],"nature":"Bold","evs":{"hp":252,"atk":0,"def":76,"spa":0,"spd":180,"spe":0},"gender":"M","shiny":true,"ivs":{"hp":31,"atk":31,"def":31,"spa":31,"spd":31,"spe":31}},{"name":"Rotom-Heat","species":"Rotom-Heat","item":"leftovers","ability":"Levitate","moves":["willowisp","protect","painsplit","foulplay"],"nature":"Calm","evs":{"hp":252,"atk":0,"def":180,"spa":0,"spd":76,"spe":0},"shiny":true,"ivs":{"hp":31,"atk":31,"def":31,"spa":31,"spd":31,"spe":31}},{"name":"Torkoal","species":"Torkoal","item":"leftovers","ability":"White Smoke","moves":["stealthrock","rapidspin","willowisp","lavaplume"],"nature":"Calm","evs":{"hp":252,"atk":0,"def":4,"spa":0,"spd":252,"spe":0},"gender":"F","shiny":true,"ivs":{"hp":31,"atk":31,"def":31,"spa":31,"spd":31,"spe":31}},{"name":"Charizard","species":"Charizard","item":"charizarditex","ability":"Blaze","moves":["dragondance","dragonclaw","flareblitz","earthquake"],"nature":"Adamant","evs":{"hp":0,"atk":252,"def":0,"spa":0,"spd":0,"spe":252},"gender":"M","ivs":{"hp":31,"atk":31,"def":31,"spa":31,"spd":31,"spe":31}},{"name":"Chandelure","species":"Chandelure","item":"choicescarf","ability":"Flash Fire","moves":["flamethrower","shadowball","psychic","darkpulse"],"nature":"Modest","evs":{"hp":4,"atk":0,"def":0,"spa":252,"spd":0,"spe":252},"gender":"M","shiny":true,"ivs":{"hp":31,"atk":31,"def":31,"spa":31,"spd":31,"spe":31}},{"name":"Darmanitan","species":"Darmanitan","item":"choicescarf","ability":"Sheer Force","moves":["flareblitz","rockslide","earthquake","brickbreak"],"nature":"Adamant","evs":{"hp":4,"atk":252,"def":0,"spa":0,"spd":0,"spe":252},"gender":"M","shiny":true,"ivs":{"hp":31,"atk":31,"def":31,"spa":31,"spd":31,"spe":31}}],"log":["|player|p1|Alliance - Mxy|270","|player|p2|TIL4-Emil|til4emil.png","|gametype|singles","|gen|6","|tier|Monotype","|rated","|rule|Baton Pass Clause: Limit one Baton Passer, can't pass Spe and other stats simultaneously","|rule|Swagger Clause: Swagger is banned","|rule|Same Type Clause: Pokémon in a team must share a type","|clearpoke","|poke|p1|Magnezone","|poke|p1|Rotom-Wash","|poke|p1|Magneton","|poke|p1|Thundurus, M","|poke|p1|Zapdos","|poke|p1|Luxray, M","|poke|p2|Heatran, M, shiny","|poke|p2|Rotom-Heat, shiny","|poke|p2|Torkoal, F, shiny","|poke|p2|Charizard, M","|poke|p2|Chandelure, M, shiny","|poke|p2|Darmanitan, M, shiny","|rule|Sleep Clause Mod: Limit one foe put to sleep","|rule|Species Clause: Limit one of each Pokémon","|rule|OHKO Clause: OHKO moves are banned","|rule|Moody Clause: Moody is banned","|rule|Evasion Moves Clause: Evasion moves are banned","|rule|Endless Battle Clause: Forcing endless battles is banned","|rule|HP Percentage Mod: HP is shown in percentages","|teampreview","|","|start","|switch|p1a: Magnetic Dodrio|Magneton|241/241","|switch|p2a: Darmanitan|Darmanitan, M, shiny|352/352","|turn|1","|","|switch|p1a: Dixan|Rotom-Wash|303/303","|move|p2a: Darmanitan|Flare Blitz|p1a: Dixan","|-resisted|p1a: Dixan","|-damage|p1a: Dixan|150/303","|-damage|p2a: Darmanitan|302/352|[from] recoil|[of] p1a: Dixan","|","|turn|2","|","|move|p2a: Darmanitan|Flare Blitz|p1a: Dixan","|-resisted|p1a: Dixan","|-damage|p1a: Dixan|0 fnt","|-damage|p2a: Darmanitan|252/352|[from] recoil|[of] p1a: Dixan","|faint|p1a: Dixan","|","|","|switch|p1a: Zaptres|Zapdos|383/383","|-ability|p1a: Zaptres|Pressure","|turn|3","|","|move|p2a: Darmanitan|Flare Blitz|p1a: Zaptres","|-damage|p1a: Zaptres|95/383","|-damage|p2a: Darmanitan|157/352|[from] recoil|[of] p1a: Zaptres","|move|p1a: Zaptres|Tailwind|p1a: Zaptres","|-sidestart|p1: Alliance - Mxy|move: Tailwind","|","|turn|4","|-enditem|p1a: Zaptres|Custap Berry|[eat]","|-activate|p1a: Zaptres|Custap Berry","|","|move|p1a: Zaptres|Volt Switch|p2a: Darmanitan","|-damage|p2a: Darmanitan|0 fnt","|faint|p2a: Darmanitan","|","|switch|p1a: When Mega?|Luxray, M|301/301","|","|","|switch|p2a: Rotom-Heat|Rotom-Heat, shiny|304/304","|turn|5","|","|move|p1a: When Mega?|Wild Charge|p2a: Rotom-Heat","|-resisted|p2a: Rotom-Heat","|-damage|p2a: Rotom-Heat|217/304","|-damage|p1a: When Mega?|279/301|[from] recoil|[of] p2a: Rotom-Heat","|move|p2a: Rotom-Heat|Foul Play|p1a: When Mega?","|-damage|p1a: When Mega?|152/301","|","|-heal|p2a: Rotom-Heat|236/304|[from] item: Leftovers","|turn|6","|","|switch|p1a: Magnetic Dodrio|Magneton|241/241","|move|p2a: Rotom-Heat|Will-O-Wisp|p1a: Magnetic Dodrio","|-status|p1a: Magnetic Dodrio|brn","|","|-heal|p2a: Rotom-Heat|255/304|[from] item: Leftovers","|-damage|p1a: Magnetic Dodrio|211/241 brn|[from] brn","|-sideend|p1: Alliance - Mxy|move: Tailwind","|turn|7","|","|move|p1a: Magnetic Dodrio|Thunderbolt|p2a: Rotom-Heat","|-resisted|p2a: Rotom-Heat","|-damage|p2a: Rotom-Heat|186/304","|move|p2a: Rotom-Heat|Foul Play|p1a: Magnetic Dodrio","|-damage|p1a: Magnetic Dodrio|176/241 brn","|","|-heal|p2a: Rotom-Heat|205/304|[from] item: Leftovers","|-damage|p1a: Magnetic Dodrio|146/241 brn|[from] brn","|turn|8","|","|move|p2a: Rotom-Heat|Protect|p2a: Rotom-Heat","|-singleturn|p2a: Rotom-Heat|Protect","|move|p1a: Magnetic Dodrio|Thunderbolt|p2a: Rotom-Heat","|-activate|p2a: Rotom-Heat|Protect","|","|-heal|p2a: Rotom-Heat|224/304|[from] item: Leftovers","|-damage|p1a: Magnetic Dodrio|116/241 brn|[from] brn","|turn|9","|","|move|p1a: Magnetic Dodrio|Thunderbolt|p2a: Rotom-Heat","|-resisted|p2a: Rotom-Heat","|-damage|p2a: Rotom-Heat|156/304","|move|p2a: Rotom-Heat|Foul Play|p1a: Magnetic Dodrio","|-damage|p1a: Magnetic Dodrio|79/241 brn","|","|-heal|p2a: Rotom-Heat|175/304|[from] item: Leftovers","|-damage|p1a: Magnetic Dodrio|49/241 brn|[from] brn","|turn|10","|","|move|p2a: Rotom-Heat|Protect|p2a: Rotom-Heat","|-singleturn|p2a: Rotom-Heat|Protect","|move|p1a: Magnetic Dodrio|Thunderbolt|p2a: Rotom-Heat","|-activate|p2a: Rotom-Heat|Protect","|","|-heal|p2a: Rotom-Heat|194/304|[from] item: Leftovers","|-damage|p1a: Magnetic Dodrio|19/241 brn|[from] brn","|turn|11","|","|move|p1a: Magnetic Dodrio|Thunderbolt|p2a: Rotom-Heat","|-resisted|p2a: Rotom-Heat","|-damage|p2a: Rotom-Heat|131/304","|move|p2a: Rotom-Heat|Foul Play|p1a: Magnetic Dodrio","|-damage|p1a: Magnetic Dodrio|0 fnt","|faint|p1a: Magnetic Dodrio","|","|-heal|p2a: Rotom-Heat|150/304|[from] item: Leftovers","|","|switch|p1a: When Mega?|Luxray, M|152/301","|turn|12","|","|move|p1a: When Mega?|Crunch|p2a: Rotom-Heat","|-damage|p2a: Rotom-Heat|42/304","|move|p2a: Rotom-Heat|Will-O-Wisp|p1a: When Mega?|[miss]","|-miss|p2a: Rotom-Heat|p1a: When Mega?","|","|-heal|p2a: Rotom-Heat|61/304|[from] item: Leftovers","|turn|13","|","|move|p2a: Rotom-Heat|Protect|p2a: Rotom-Heat","|-singleturn|p2a: Rotom-Heat|Protect","|move|p1a: When Mega?|Crunch|p2a: Rotom-Heat","|-activate|p2a: Rotom-Heat|Protect","|","|-heal|p2a: Rotom-Heat|80/304|[from] item: Leftovers","|turn|14","|","|move|p1a: When Mega?|Crunch|p2a: Rotom-Heat","|-damage|p2a: Rotom-Heat|0 fnt","|faint|p2a: Rotom-Heat","|","|","|switch|p2a: Charizard|Charizard, M|297/297","|turn|15","|","|switch|p1a: My favorite|Magnezone|343/343","|detailschange|p2a: Charizard|Charizard-Mega-X, M","|-mega|p2a: Charizard|Charizard|Charizardite X","|move|p2a: Charizard|Dragon Dance|p2a: Charizard","|-boost|p2a: Charizard|atk|1","|-boost|p2a: Charizard|spe|1","|","|turn|16","|","|move|p2a: Charizard|Flare Blitz|p1a: My favorite","|-supereffective|p1a: My favorite","|-ability|p1a: My favorite|Sturdy","|-damage|p1a: My favorite|1/343","|-damage|p2a: Charizard|184/297|[from] recoil|[of] p1a: My favorite","|move|p1a: My favorite|Thunder Wave|p2a: Charizard","|-status|p2a: Charizard|par","|","|-heal|p1a: My favorite|22/343|[from] item: Leftovers","|turn|17","|","|move|p1a: My favorite|Hidden Power|p2a: Charizard","|-damage|p2a: Charizard|119/297 par","|cant|p2a: Charizard|par","|","|-heal|p1a: My favorite|43/343|[from] item: Leftovers","|turn|18","|","|move|p1a: My favorite|Hidden Power|p2a: Charizard","|-damage|p2a: Charizard|57/297 par","|move|p2a: Charizard|Flare Blitz|p1a: My favorite","|-supereffective|p1a: My favorite","|-damage|p1a: My favorite|0 fnt","|-damage|p2a: Charizard|43/297 par|[from] recoil|[of] p1a: My favorite","|faint|p1a: My favorite","|","|","|switch|p1a: I don't like you|Thundurus, M|299/299","|turn|19","|","|move|p1a: I don't like you|Thunderbolt|p2a: Charizard","|-resisted|p2a: Charizard","|-damage|p2a: Charizard|0 fnt","|-damage|p1a: I don't like you|270/299|[from] item: Life Orb","|faint|p2a: Charizard","|","|","|switch|p2a: Chandelure|Chandelure, M, shiny|262/262","|turn|20","|","|move|p1a: I don't like you|Thunder Wave|p2a: Chandelure","|-status|p2a: Chandelure|par","|cant|p2a: Chandelure|par","|","|turn|21","|","|switch|p1a: Zaptres|Zapdos|95/383","|-ability|p1a: Zaptres|Pressure","|move|p2a: Chandelure|Flamethrower|p1a: Zaptres","|-damage|p1a: Zaptres|0 fnt","|faint|p1a: Zaptres","|","|","|switch|p1a: I don't like you|Thundurus, M|270/299","|turn|22","|","|move|p1a: I don't like you|Thunderbolt|p2a: Chandelure","|-crit|p2a: Chandelure","|-damage|p2a: Chandelure|0 fnt","|-damage|p1a: I don't like you|241/299|[from] item: Life Orb","|faint|p2a: Chandelure","|","|","|switch|p2a: Torkoal|Torkoal, F, shiny|344/344","|turn|23","|","|move|p1a: I don't like you|Thunderbolt|p2a: Torkoal","|-damage|p2a: Torkoal|149/344","|-damage|p1a: I don't like you|212/299|[from] item: Life Orb","|move|p2a: Torkoal|Stealth Rock|p1a: I don't like you","|-sidestart|p1: Alliance - Mxy|move: Stealth Rock","|","|-heal|p2a: Torkoal|170/344|[from] item: Leftovers","|turn|24","|","|move|p1a: I don't like you|Thunderbolt|p2a: Torkoal","|-damage|p2a: Torkoal|0 fnt","|-damage|p1a: I don't like you|183/299|[from] item: Life Orb","|faint|p2a: Torkoal","|","|","|switch|p2a: Heatran|Heatran, M, shiny|386/386","|-item|p2a: Heatran|Air Balloon","|turn|25","|","|move|p1a: I don't like you|Thunder Wave|p2a: Heatran","|-status|p2a: Heatran|par","|move|p2a: Heatran|Lava Plume|p1a: I don't like you","|-damage|p1a: I don't like you|42/299","|","|turn|26","|","|move|p1a: I don't like you|Thunderbolt|p2a: Heatran","|-damage|p2a: Heatran|218/386 par","|-enditem|p2a: Heatran|Air Balloon","|-damage|p1a: I don't like you|13/299|[from] item: Life Orb","|move|p2a: Heatran|Lava Plume|p1a: I don't like you","|-damage|p1a: I don't like you|0 fnt","|faint|p1a: I don't like you","|","|","|switch|p1a: When Mega?|Luxray, M|152/301","|-damage|p1a: When Mega?|115/301|[from] Stealth Rock","|turn|27","|","|move|p1a: When Mega?|Superpower|p2a: Heatran","|-supereffective|p2a: Heatran","|-damage|p2a: Heatran|0 fnt","|-unboost|p1a: When Mega?|atk|1","|-unboost|p1a: When Mega?|def|1","|faint|p2a: Heatran","|","|win|Alliance - Mxy"],"p1rating":{"entryid":"6690851","serverid":"eos","formatid":"monotype","userid":"alliancemxy","username":"Alliance - Mxy","w":67,"l":"36","t":"0","gxe":63.9,"r":"1600.7337402727","rd":"38.005228754452","sigma":"0","rptime":"1438851600","rpr":1607.7140738408,"rprd":37.577882429643,"rpsigma":"0","acre":1183.8826195878,"lacre":1183.8826195878,"oldacre":"1150.7287409757"},"p2rating":{"entryid":"6932576","serverid":"eos","formatid":"monotype","userid":"til4emil","username":"TIL4-Emil","w":"31","l":20,"t":"0","gxe":59.5,"r":"1580.7284562363","rd":"52.498951319076","sigma":"0","rptime":"1438851600","rpr":1573.4653839893,"rprd":51.919856595054,"rpsigma":"0","acre":1235.1886292755,"lacre":1235.1886292755,"oldacre":"1268.3425078876"},"endType":"normal"}