{"seed":[57110,46606,7041,26020],"turns":27,"p1":"Guard Wanderer","p2":"Carnie Wight","p1team":[{"name":"Weezing","species":"Weezing","item":"sitrusberry","ability":"Levitate","moves":["toxicspikes","willowisp","memento","thief"],"nature":"Careful","evs":{"hp":248,"atk":8,"def":0,"spa":0,"spd":252,"spe":0},"ivs":{"hp":31,"atk":31,"def":31,"spa":31,"spd":31,"spe":31}},{"name":"Tentacruel","species":"Tentacruel","item":"assaultvest","ability":"Liquid Ooze","moves":["scald","acidspray","gigadrain","hex"],"nature":"Timid","evs":{"hp":0,"atk":0,"def":4,"spa":252,"spd":0,"spe":252},"ivs":{"hp":31,"atk":31,"def":31,"spa":31,"spd":31,"spe":31}},{"name":"Skuntank","species":"Skuntank","item":"","ability":"Stench","moves":["snatch","thief","suckerpunch","poisonjab"],"nature":"Adamant","evs":{"hp":248,"atk":252,"def":0,"spa":0,"spd":8,"spe":0},"ivs":{"hp":31,"atk":31,"def":31,"spa":31,"spd":31,"spe":31}},{"name":"Crobat","species":"Crobat","item":"whiteherb","ability":"Infiltrator","moves":["curse","acrobatics","roost","hypnosis"],"nature":"Jolly","evs":{"hp":248,"atk":8,"def":0,"spa":0,"spd":0,"spe":252},"ivs":{"hp":31,"atk":31,"def":31,"spa":31,"spd":31,"spe":31}},{"name":"Gengar","species":"Gengar","item":"choicescarf","ability":"Levitate","moves":["trick","destinybond","venoshock","hex"],"nature":"Timid","evs":{"hp":0,"atk":0,"def":0,"spa":252,"spd":4,"spe":252},"ivs":{"hp":31,"atk":31,"def":31,"spa":31,"spd":31,"spe":31}},{"name":"Amoonguss","species":"Amoonguss","item":"blacksludge","ability":"Regenerator","moves":["spore","gigadrain","gastroacid","stunspore"],"nature":"Calm","evs":{"hp":248,"atk":0,"def":0,"spa":8,"spd":252,"spe":0},"shiny":true,"ivs":{"hp":31,"atk":31,"def":31,"spa":31,"spd":31,"spe":31}}],"p2team":[{"name":"Peace","species":"victini","item":"choicescarf","ability":"Victory Star","moves":["boltstrike","vcreate","uturn","zenheadbutt"],"nature":"Jolly","evs":{"hp":0,"atk":252,"def":0,"spa":0,"spd":4,"spe":252},"ivs":{"hp":31,"atk":31,"def":31,"spa":31,"spd":31,"spe":31}},{"name":"Innocent","species":"jirachi","item":"choicescarf","ability":"Serene Grace","moves":["ironhead","firepunch","icepunch","healingwish"],"nature":"Adamant","evs":{"hp":224,"atk":252,"def":0,"spa":0,"spd":0,"spe":32},"ivs":{"hp":31,"atk":31,"def":31,"spa":31,"spd":31,"spe":31}},{"name":"Marry me","species":"gardevoir","item":"gardevoirite","ability":"Synchronize","moves":["calmmind","hyperbeam","focusblast","thunderbolt"],"nature":"Modest","evs":{"hp":248,"atk":0,"def":0,"spa":252,"spd":8,"spe":0},"gender":"F","shiny":true,"ivs":{"hp":31,"atk":31,"def":31,"spa":31,"spd":31,"spe":31}},{"name":"Celery","species":"celebi","item":"leftovers","ability":"Natural Cure","moves":["gigadrain","rest","leechseed","stealthrock"],"nature":"Calm","evs":{"hp":252,"atk":0,"def":0,"spa":0,"spd":220,"spe":36},"ivs":{"hp":31,"atk":31,"def":31,"spa":31,"spd":31,"spe":31}},{"name":"Latinos","species":"latios","item":"choicescarf","ability":"Levitate","moves":["defog","thunderbolt","dracometeor","psyshock"],"nature":"Modest","evs":{"hp":0,"atk":0,"def":0,"spa":252,"spd":4,"spe":252},"ivs":{"hp":31,"atk":31,"def":31,"spa":31,"spd":31,"spe":31}},{"name":"Kawaii","species":"reuniclus","item":"leftovers","ability":"Magic Guard","moves":["recover","calmmind","psyshock","shadowball"],"nature":"Bold","evs":{"hp":252,"atk":0,"def":252,"spa":4,"spd":0,"spe":0},"gender":"F","ivs":{"hp":31,"atk":31,"def":31,"spa":31,"spd":31,"spe":31}}],"log":["|player|p1|Guard Wanderer|235","|player|p2|Carnie Wight|265","|gametype|singles","|gen|6","|tier|Monotype","|rated","|rule|Baton Pass Clause: Limit one Baton Passer, can't pass Spe and other stats simultaneously","|rule|Swagger Clause: Swagger is banned","|rule|Same Type Clause: Pokémon in a team must share a type","|clearpoke","|poke|p1|Weezing, M","|poke|p1|Tentacruel, M","|poke|p1|Skuntank, F","|poke|p1|Crobat, M","|poke|p1|Gengar, F","|poke|p1|Amoonguss, F, shiny","|poke|p2|Victini","|poke|p2|Jirachi","|poke|p2|Gardevoir, F, shiny","|poke|p2|Celebi","|poke|p2|Latios, M","|poke|p2|Reuniclus, F","|rule|Sleep Clause Mod: Limit one foe put to sleep","|rule|Species Clause: Limit one of each Pokémon","|rule|OHKO Clause: OHKO moves are banned","|rule|Moody Clause: Moody is banned","|rule|Evasion Moves Clause: Evasion moves are banned","|rule|Endless Battle Clause: Forcing endless battles is banned","|rule|HP Percentage Mod: HP is shown in percentages","|teampreview","|","|start","|switch|p1a: Weezing|Weezing, M|333/333","|switch|p2a: Latinos|Latios, M|301/301","|turn|1","|","|move|p2a: Latinos|Psyshock|p1a: Weezing","|-supereffective|p1a: Weezing","|-damage|p1a: Weezing|67/333","|-enditem|p1a: Weezing|Sitrus Berry|[eat]","|-heal|p1a: Weezing|150/333|[from] item: Sitrus Berry","|move|p1a: Weezing|Will-O-Wisp|p2a: Latinos","|-status|p2a: Latinos|brn","|","|-damage|p2a: Latinos|264/301 brn|[from] brn","|turn|2","|","|switch|p1a: Skuntank|Skuntank, F|409/409","|move|p2a: Latinos|Psyshock|p1a: Skuntank","|-immune|p1a: Skuntank|[msg]","|","|-damage|p2a: Latinos|227/301 brn|[from] brn","|turn|3","|","|switch|p2a: Innocent|Jirachi|397/397","|move|p1a: Skuntank|Thief|p2a: Innocent","|-supereffective|p2a: Innocent","|-damage|p2a: Innocent|203/397","|-item|p1a: Skuntank|Choice Scarf|[from] move: Thief|[of] p2a: Innocent","|","|turn|4","|","|move|p1a: Skuntank|Thief|p2a: Innocent","|-supereffective|p2a: Innocent","|-damage|p2a: Innocent|17/397","|move|p2a: Innocent|Iron Head|p1a: Skuntank","|-damage|p1a: Skuntank|237/409","|","|turn|5","|","|move|p1a: Skuntank|Thief|p2a: Innocent","|-supereffective|p2a: Innocent","|-damage|p2a: Innocent|0 fnt","|faint|p2a: Innocent","|","|","|switch|p2a: Peace|Victini|341/341","|turn|6","|","|switch|p1a: Tentacruel|Tentacruel, M|301/301","|move|p2a: Peace|V-create|p1a: Tentacruel","|-resisted|p1a: Tentacruel","|-damage|p1a: Tentacruel|106/301","|-unboost|p2a: Peace|spe|1","|-unboost|p2a: Peace|def|1","|-unboost|p2a: Peace|spd|1","|","|turn|7","|","|move|p1a: Tentacruel|Scald|p2a: Peace","|-crit|p2a: Peace","|-supereffective|p2a: Peace","|-damage|p2a: Peace|0 fnt","|faint|p2a: Peace","|","|","|switch|p2a: Celery|Celebi|404/404","|turn|8","|","|move|p1a: Tentacruel|Acid Spray|p2a: Celery","|-supereffective|p2a: Celery","|-damage|p2a: Celery|318/404","|-unboost|p2a: Celery|spd|2","|move|p2a: Celery|Stealth Rock|p1a: Tentacruel","|-sidestart|p1: Guard Wanderer|move: Stealth Rock","|","|-heal|p2a: Celery|343/404|[from] item: Leftovers","|turn|9","|","|move|p1a: Tentacruel|Hex|p2a: Celery","|-supereffective|p2a: Celery","|-damage|p2a: Celery|169/404","|move|p2a: Celery|Leech Seed|p1a: Tentacruel","|-start|p1a: Tentacruel|move: Leech Seed","|","|-heal|p2a: Celery|194/404|[from] item: Leftovers","|-damage|p1a: Tentacruel|69/301|[from] Leech Seed|[of] p2a: Celery","|-damage|p2a: Celery|157/404|[from] ability: Liquid Ooze|[of] p1a: Tentacruel","|turn|10","|","|move|p1a: Tentacruel|Hex|p2a: Celery","|-supereffective|p2a: Celery","|-damage|p2a: Celery|5/404","|move|p2a: Celery|Rest|p2a: Celery","|-status|p2a: Celery|slp","|-heal|p2a: Celery|404/404 slp|[silent]","|-status|p2a: Celery|slp|[from] move: Rest","|","|-damage|p1a: Tentacruel|32/301|[from] Leech Seed|[of] p2a: Celery","|-damage|p2a: Celery|367/404 slp|[from] ability: Liquid Ooze|[of] p1a: Tentacruel","|turn|11","|","|switch|p1a: Weezing|Weezing, M|150/333","|-damage|p1a: Weezing|109/333|[from] Stealth Rock","|switch|p2a: Latinos|Latios, M|227/301 brn","|","|-damage|p2a: Latinos|190/301 brn|[from] brn","|turn|12","|","|switch|p1a: Tentacruel|Tentacruel, M|32/301","|-damage|p1a: Tentacruel|0 fnt|[from] Stealth Rock","|faint|p1a: Tentacruel","|move|p2a: Latinos|Psyshock|p1: Tentacruel|[notarget]","|-notarget","|","|-damage|p2a: Latinos|153/301 brn|[from] brn","|","|switch|p1a: Skuntank|Skuntank, F|237/409","|-damage|p1a: Skuntank|186/409|[from] Stealth Rock","|turn|13","|","|switch|p2a: Kawaii|Reuniclus, F|424/424","|move|p1a: Skuntank|Sucker Punch|p2a: Kawaii","|-fail|p1a: Skuntank","|","|turn|14","|","|switch|p1a: Weezing|Weezing, M|109/333","|-damage|p1a: Weezing|68/333|[from] Stealth Rock","|move|p2a: Kawaii|Shadow Ball|p1a: Weezing","|-damage|p1a: Weezing|0 fnt","|faint|p1a: Weezing","|","|","|switch|p1a: Amoonguss|Amoonguss, F, shiny|431/431","|-damage|p1a: Amoonguss|378/431|[from] Stealth Rock","|turn|15","|","|move|p1a: Amoonguss|Spore|p2a: Kawaii","|-status|p2a: Kawaii|slp","|cant|p2a: Kawaii|slp","|","|-heal|p1a: Amoonguss|404/431|[from] item: Black Sludge","|turn|16","|","|switch|p1a: Gengar|Gengar, F|261/261","|-damage|p1a: Gengar|229/261|[from] Stealth Rock","|switch|p2a: Celery|Celebi|367/404","|","|-heal|p2a: Celery|392/404|[from] item: Leftovers","|turn|17","|","|move|p1a: Gengar|Hex|p2a: Celery","|-supereffective|p2a: Celery","|-damage|p2a: Celery|218/404","|move|p2a: Celery|Leech Seed|p1a: Gengar","|-start|p1a: Gengar|move: Leech Seed","|","|-heal|p2a: Celery|243/404|[from] item: Leftovers","|-damage|p1a: Gengar|197/261|[from] Leech Seed|[of] p2a: Celery","|-heal|p2a: Celery|275/404|[silent]","|turn|18","|","|switch|p1a: Skuntank|Skuntank, F|186/409","|-damage|p1a: Skuntank|135/409|[from] Stealth Rock","|move|p2a: Celery|Giga Drain|p1a: Skuntank","|-resisted|p1a: Skuntank","|-damage|p1a: Skuntank|66/409","|-heal|p2a: Celery|310/404|[from] drain|[of] p1a: Skuntank","|","|-heal|p2a: Celery|335/404|[from] item: Leftovers","|turn|19","|","|move|p1a: Skuntank|Poison Jab|p2a: Celery","|-supereffective|p2a: Celery","|-damage|p2a: Celery|77/404","|move|p2a: Celery|Leech Seed|p1a: Skuntank","|-start|p1a: Skuntank|move: Leech Seed","|","|-heal|p2a: Celery|102/404|[from] item: Leftovers","|-damage|p1a: Skuntank|15/409|[from] Leech Seed|[of] p2a: Celery","|-heal|p2a: Celery|153/404|[silent]","|turn|20","|","|switch|p2a: Latinos|Latios, M|153/301 brn","|move|p1a: Skuntank|Poison Jab|p2a: Latinos","|-damage|p2a: Latinos|5/301 brn","|","|-damage|p1a: Skuntank|0 fnt|[from] Leech Seed|[of] p2a: Latinos","|-heal|p2a: Latinos|20/301 brn|[silent]","|-damage|p2a: Latinos|0 fnt|[from] brn","|faint|p1a: Skuntank","|faint|p2a: Latinos","|","|switch|p2a: Kawaii|Reuniclus, F|424/424 slp","|switch|p1a: Amoonguss|Amoonguss, F, shiny|431/431","|-damage|p1a: Amoonguss|378/431|[from] Stealth Rock","|turn|21","|","|switch|p1a: Gengar|Gengar, F|197/261","|-damage|p1a: Gengar|165/261|[from] Stealth Rock","|cant|p2a: Kawaii|slp","|","|turn|22","|","|move|p1a: Gengar|Hex|p2a: Kawaii","|-supereffective|p2a: Kawaii","|-damage|p2a: Kawaii|0 fnt","|faint|p2a: Kawaii","|","|","|switch|p2a: Marry me|Gardevoir, F, shiny|339/339","|turn|23","|","|detailschange|p2a: Marry me|Gardevoir-Mega, F, shiny","|-mega|p2a: Marry me|Gardevoir|Gardevoirite","|move|p1a: Gengar|Hex|p2a: Marry me","|-supereffective|p2a: Marry me","|-damage|p2a: Marry me|169/339","|move|p2a: Marry me|Hyper Beam|p1a: Gengar","|-resisted|p1a: Gengar","|-damage|p1a: Gengar|0 fnt","|faint|p1a: Gengar","|","|","|switch|p1a: Amoonguss|Amoonguss, F, shiny|431/431","|-damage|p1a: Amoonguss|378/431|[from] Stealth Rock","|turn|24","|-mustrecharge|p2a: Marry me","|-mustrecharge|p2a: Marry me","|","|cant|p2a: Marry me|recharge","|move|p1a: Amoonguss|Spore|p2a: Marry me","|-status|p2a: Marry me|slp","|","|-heal|p1a: Amoonguss|404/431|[from] item: Black Sludge","|turn|25","|","|switch|p1a: Crobat|Crobat, M|373/373","|-damage|p1a: Crobat|280/373|[from] Stealth Rock","|cant|p2a: Marry me|slp","|","|turn|26","|","|move|p1a: Crobat|Curse|p1a: Crobat","|-unboost|p1a: Crobat|spe|1","|-boost|p1a: Crobat|atk|1","|-boost|p1a: Crobat|def|1","|-enditem|p1a: Crobat|White Herb","|-restoreboost|p1a: Crobat|[silent]","|cant|p2a: Marry me|slp","|","|turn|27","|","|move|p1a: Crobat|Acrobatics|p2a: Marry me","|-damage|p2a: Marry me|0 fnt","|faint|p2a: Marry me","|","|player|p2","|","|win|Guard Wanderer"],"p1rating":{"entryid":"6731189","serverid":"eos","formatid":"monotype","userid":"guardwanderer","username":"Guard Wanderer","w":90,"l":"121","t":"0","gxe":41.6,"r":"1422.2201748306","rd":"28.556455732561","sigma":"0","rptime":"1438851600","rpr":1436.3157144018,"rprd":27.977267169861,"rpsigma":"0","acre":1224.6249331814,"lacre":1224.6249331814,"oldacre":"1198.6159367958"},"p2rating":{"entryid":"6265736","serverid":"eos","formatid":"monotype","userid":"carniewight","username":"Carnie Wight","w":"52","l":43,"t":"0","gxe":55.2,"r":"1546.8979158927","rd":"44.234010537597","sigma":"0","rptime":"1438851600","rpr":1539.4712991181,"rprd":43.923541462886,"rpsigma":"0","acre":1186.6370116674,"lacre":1186.6370116674,"oldacre":"1212.646008053"},"endType":"forfeit"}