{"seed":[27004,27390,6567,10012],"turns":30,"p1":"LTIL-Tahit","p2":"Alliance-Mental1st","p1team":[{"name":"Skarmory","species":"Skarmory","item":"rockyhelmet","ability":"Sturdy","moves":["roost","stealthrock","bravebird","defog"],"nature":"Impish","evs":{"hp":0,"atk":0,"def":252,"spa":0,"spd":252,"spe":4},"ivs":{"hp":31,"atk":31,"def":31,"spa":31,"spd":31,"spe":31}},{"name":"Landorus","species":"Landorus","item":"choicescarf","ability":"Sheer Force","moves":["earthquake","uturn","knockoff","rockslide"],"nature":"Adamant","evs":{"hp":0,"atk":252,"def":0,"spa":0,"spd":4,"spe":252},"ivs":{"hp":31,"atk":31,"def":31,"spa":31,"spd":31,"spe":31}},{"name":"Thundurus","species":"Thundurus","item":"lifeorb","ability":"Prankster","moves":["nastyplot","thunderbolt","hiddenpowerice","focusblast"],"nature":"Timid","evs":{"hp":0,"atk":0,"def":4,"spa":252,"spd":0,"spe":252},"ivs":{"hp":31,"atk":30,"def":30,"spa":31,"spd":31,"spe":31}},{"name":"Aerodactyl","species":"Aerodactyl","item":"aerodactylite","ability":"Pressure","moves":["honeclaws","stoneedge","roost","aerialace"],"nature":"Jolly","evs":{"hp":40,"atk":252,"def":0,"spa":0,"spd":0,"spe":216},"ivs":{"hp":31,"atk":31,"def":31,"spa":31,"spd":31,"spe":31}},{"name":"Masquerain","species":"Masquerain","item":"focussash","ability":"Intimidate","moves":["stickyweb","tailwind","attract","powersplit"],"nature":"Timid","evs":{"hp":252,"atk":0,"def":4,"spa":0,"spd":0,"spe":252},"ivs":{"hp":31,"atk":31,"def":31,"spa":31,"spd":31,"spe":31}},{"name":"Sigilyph","species":"Sigilyph","item":"flameorb","ability":"Wonder Skin","moves":["cosmicpower","psychoshift","roost","miracleeye"],"nature":"Calm","evs":{"hp":252,"atk":0,"def":252,"spa":0,"spd":4,"spe":0},"ivs":{"hp":31,"atk":31,"def":31,"spa":31,"spd":31,"spe":31}}],"p2team":[{"name":"Jirachi","species":"Jirachi","item":"choicescarf","ability":"Serene Grace","moves":["ironhead","trick","healingwish","uturn"],"nature":"Jolly","evs":{"hp":0,"atk":252,"def":0,"spa":0,"spd":4,"spe":252},"ivs":{"hp":31,"atk":31,"def":31,"spa":31,"spd":31,"spe":31}},{"name":"Victini","species":"Victini","item":"choicescarf","ability":"Victory Star","moves":["vcreate","boltstrike","zenheadbutt","blueflare"],"nature":"Adamant","evs":{"hp":0,"atk":252,"def":0,"spa":0,"spd":4,"spe":252},"ivs":{"hp":31,"atk":31,"def":31,"spa":31,"spd":31,"spe":31}},{"name":"Mew","species":"Mew","item":"leftovers","ability":"Synchronize","moves":["roost","stealthrock","defog","willowisp"],"nature":"Calm","evs":{"hp":252,"atk":0,"def":4,"spa":0,"spd":144,"spe":108},"ivs":{"hp":31,"atk":31,"def":31,"spa":31,"spd":31,"spe":31}},{"name":"Gardevoir","species":"Gardevoir","item":"gardevoirite","ability":"Trace","moves":["hypervoice","psyshock","focusblast","substitute"],"nature":"Timid","evs":{"hp":0,"atk":0,"def":0,"spa":252,"spd":4,"spe":252},"ivs":{"hp":31,"atk":31,"def":31,"spa":31,"spd":31,"spe":31}},{"name":"Meloetta","species":"Meloetta","item":"assaultvest","ability":"Serene Grace","moves":["focusblast","psyshock","energyball","shadowball"],"nature":"Modest","evs":{"hp":248,"atk":0,"def":0,"spa":252,"spd":8,"spe":0},"ivs":{"hp":31,"atk":31,"def":31,"spa":31,"spd":31,"spe":31}},{"name":"Slowbro","species":"Slowbro","item":"rockyhelmet","ability":"Regenerator","moves":["slackoff","scald","fireblast","thunderwave"],"nature":"Bold","evs":{"hp":248,"atk":0,"def":252,"spa":8,"spd":0,"spe":0},"ivs":{"hp":31,"atk":31,"def":31,"spa":31,"spd":31,"spe":31}}],"log":["|player|p1|LTIL-Tahit|169","|player|p2|Alliance-Mental1st|184","|gametype|singles","|gen|6","|tier|Monotype","|rated","|rule|Baton Pass Clause: Limit one Baton Passer, can't pass Spe and other stats simultaneously","|rule|Swagger Clause: Swagger is banned","|rule|Same Type Clause: Pokémon in a team must share a type","|clearpoke","|poke|p1|Skarmory, F","|poke|p1|Landorus, M","|poke|p1|Thundurus, M","|poke|p1|Aerodactyl, F","|poke|p1|Masquerain, F","|poke|p1|Sigilyph, F","|poke|p2|Jirachi","|poke|p2|Victini","|poke|p2|Mew","|poke|p2|Gardevoir, F","|poke|p2|Meloetta","|poke|p2|Slowbro, F","|rule|Sleep Clause Mod: Limit one foe put to sleep","|rule|Species Clause: Limit one of each Pokémon","|rule|OHKO Clause: OHKO moves are banned","|rule|Moody Clause: Moody is banned","|rule|Evasion Moves Clause: Evasion moves are banned","|rule|Endless Battle Clause: Forcing endless battles is banned","|rule|HP Percentage Mod: HP is shown in percentages","|teampreview","|","|start","|switch|p1a: Skarmory|Skarmory, F|271/271","|switch|p2a: Mew|Mew|404/404","|turn|1","|","|move|p2a: Mew|Stealth Rock|p1a: Skarmory","|-sidestart|p1: LTIL-Tahit|move: Stealth Rock","|move|p1a: Skarmory|Stealth Rock|p2a: Mew","|-sidestart|p2: Alliance-Mental1st|move: Stealth Rock","|","|turn|2","|","|move|p2a: Mew|Will-O-Wisp|p1a: Skarmory","|-status|p1a: Skarmory|brn","|move|p1a: Skarmory|Defog|p2a: Mew","|-unboost|p2a: Mew|evasion|1","|-sideend|p2: Alliance-Mental1st|Stealth Rock|[from] move: Defog|[of] p2a: Mew","|-sideend|p1: LTIL-Tahit|Stealth Rock|[from] move: Defog|[of] p1a: Skarmory","|","|-damage|p1a: Skarmory|238/271 brn|[from] brn","|turn|3","|","|switch|p2a: Slowbro|Slowbro, F|393/393","|move|p1a: Skarmory|Stealth Rock|p2a: Slowbro","|-sidestart|p2: Alliance-Mental1st|move: Stealth Rock","|","|-damage|p1a: Skarmory|205/271 brn|[from] brn","|turn|4","|","|switch|p1a: Masquerain|Masquerain, F|344/344","|-ability|p1a: Masquerain|Intimidate","|-unboost|p2a: Slowbro|atk|1","|move|p2a: Slowbro|Fire Blast|p1a: Masquerain","|-supereffective|p1a: Masquerain","|-damage|p1a: Masquerain|128/344","|","|turn|5","|","|switch|p2a: Jirachi|Jirachi|341/341","|-damage|p2a: Jirachi|320/341|[from] Stealth Rock","|move|p1a: Masquerain|Sticky Web|p2a: Jirachi","|-sidestart|p2: Alliance-Mental1st|move: Sticky Web","|","|turn|6","|","|move|p2a: Jirachi|Iron Head|p1a: Masquerain","|-damage|p1a: Masquerain|0 fnt","|faint|p1a: Masquerain","|","|","|switch|p1a: Skarmory|Skarmory, F|205/271 brn","|turn|7","|","|switch|p2a: Mew|Mew|404/404","|-damage|p2a: Mew|354/404|[from] Stealth Rock","|-activate|p2a: Mew|move: Sticky Web","|-unboost|p2a: Mew|spe|1","|move|p1a: Skarmory|Roost|p1a: Skarmory","|-heal|p1a: Skarmory|271/271 brn","|","|-heal|p2a: Mew|379/404|[from] item: Leftovers","|-damage|p1a: Skarmory|238/271 brn|[from] brn","|turn|8","|","|move|p1a: Skarmory|Brave Bird|p2a: Mew","|-damage|p2a: Mew|325/404","|-damage|p1a: Skarmory|220/271 brn|[from] recoil|[of] p2a: Mew","|move|p2a: Mew|Defog|p1a: Skarmory","|-unboost|p1a: Skarmory|evasion|1","|-sideend|p2: Alliance-Mental1st|Stealth Rock|[from] move: Defog|[of] p2a: Mew","|-sideend|p2: Alliance-Mental1st|Sticky Web|[from] move: Defog|[of] p2a: Mew","|","|-heal|p2a: Mew|350/404|[from] item: Leftovers","|-damage|p1a: Skarmory|187/271 brn|[from] brn","|turn|9","|","|switch|p2a: Victini|Victini|341/341","|move|p1a: Skarmory|Stealth Rock|p2a: Victini","|-sidestart|p2: Alliance-Mental1st|move: Stealth Rock","|","|-damage|p1a: Skarmory|154/271 brn|[from] brn","|turn|10","|","|move|p2a: Victini|Blue Flare|p1a: Skarmory","|-supereffective|p1a: Skarmory","|-damage|p1a: Skarmory|0 fnt","|faint|p1a: Skarmory","|","|","|switch|p1a: Sigilyph|Sigilyph, F|348/348","|turn|11","|","|switch|p2a: Meloetta|Meloetta|403/403","|-damage|p2a: Meloetta|353/403|[from] Stealth Rock","|move|p1a: Sigilyph|Roost|p1a: Sigilyph","|-fail|p1a: Sigilyph","|","|-status|p1a: Sigilyph|brn|[from] item: Flame Orb","|turn|12","|","|move|p1a: Sigilyph|Cosmic Power|p1a: Sigilyph","|-boost|p1a: Sigilyph|def|1","|-boost|p1a: Sigilyph|spd|1","|move|p2a: Meloetta|Shadow Ball|p1a: Sigilyph","|-supereffective|p1a: Sigilyph","|-damage|p1a: Sigilyph|210/348 brn","|-unboost|p1a: Sigilyph|spd|1","|","|-damage|p1a: Sigilyph|167/348 brn|[from] brn","|turn|13","|","|move|p1a: Sigilyph|Roost|p1a: Sigilyph","|-heal|p1a: Sigilyph|341/348 brn","|move|p2a: Meloetta|Shadow Ball|p1a: Sigilyph","|-supereffective|p1a: Sigilyph","|-damage|p1a: Sigilyph|103/348 brn","|","|-damage|p1a: Sigilyph|60/348 brn|[from] brn","|turn|14","|","|move|p1a: Sigilyph|Roost|p1a: Sigilyph","|-heal|p1a: Sigilyph|234/348 brn","|move|p2a: Meloetta|Shadow Ball|p1a: Sigilyph","|-supereffective|p1a: Sigilyph","|-damage|p1a: Sigilyph|20/348 brn","|-unboost|p1a: Sigilyph|spd|1","|","|-damage|p1a: Sigilyph|0 fnt|[from] brn","|faint|p1a: Sigilyph","|","|switch|p1a: Thundurus|Thundurus, M|299/299","|turn|15","|","|move|p1a: Thundurus|Nasty Plot|p1a: Thundurus","|-boost|p1a: Thundurus|spa|2","|move|p2a: Meloetta|Psyshock|p1a: Thundurus","|-damage|p1a: Thundurus|106/299","|","|turn|16","|","|move|p1a: Thundurus|Thunderbolt|p2a: Meloetta","|-damage|p2a: Meloetta|137/403","|-damage|p1a: Thundurus|77/299|[from] item: Life Orb","|move|p2a: Meloetta|Psyshock|p1a: Thundurus","|-damage|p1a: Thundurus|0 fnt","|faint|p1a: Thundurus","|","|","|switch|p1a: Landorus|Landorus, M|319/319","|turn|17","|","|switch|p2a: Slowbro|Slowbro, F|393/393","|-damage|p2a: Slowbro|344/393|[from] Stealth Rock","|move|p1a: Landorus|Knock Off|p2a: Slowbro","|-supereffective|p2a: Slowbro","|-damage|p2a: Slowbro|180/393","|-damage|p1a: Landorus|266/319|[from] item: Rocky Helmet|[of] p2a: Slowbro","|-enditem|p2a: Slowbro|Rocky Helmet|[from] move: Knock Off|[of] p1a: Landorus","|","|turn|18","|","|move|p1a: Landorus|Knock Off|p2a: Slowbro","|-supereffective|p2a: Slowbro","|-damage|p2a: Slowbro|66/393","|move|p2a: Slowbro|Slack Off|p2a: Slowbro","|-heal|p2a: Slowbro|263/393","|","|turn|19","|","|switch|p1a: Aerodactyl|Aerodactyl, F|311/311","|-ability|p1a: Aerodactyl|Pressure","|move|p2a: Slowbro|Slack Off|p2a: Slowbro","|-heal|p2a: Slowbro|393/393","|","|turn|20","|","|detailschange|p1a: Aerodactyl|Aerodactyl-Mega, F","|-mega|p1a: Aerodactyl|Aerodactyl|Aerodactylite","|move|p1a: Aerodactyl|Hone Claws|p1a: Aerodactyl","|-boost|p1a: Aerodactyl|atk|1","|-boost|p1a: Aerodactyl|accuracy|1","|move|p2a: Slowbro|Thunder Wave|p1a: Aerodactyl","|-status|p1a: Aerodactyl|par","|","|turn|21","|","|move|p1a: Aerodactyl|Stone Edge|p2a: Slowbro","|-damage|p2a: Slowbro|206/393","|move|p2a: Slowbro|Scald|p1a: Aerodactyl","|-supereffective|p1a: Aerodactyl","|-damage|p1a: Aerodactyl|123/311 par","|","|turn|22","|","|move|p1a: Aerodactyl|Stone Edge|p2a: Slowbro","|-crit|p2a: Slowbro","|-damage|p2a: Slowbro|0 fnt","|faint|p2a: Slowbro","|","|","|switch|p2a: Jirachi|Jirachi|320/341","|-damage|p2a: Jirachi|299/341|[from] Stealth Rock","|turn|23","|","|move|p2a: Jirachi|Iron Head|p1a: Aerodactyl","|-supereffective|p1a: Aerodactyl","|-damage|p1a: Aerodactyl|0 fnt","|faint|p1a: Aerodactyl","|","|","|switch|p1a: Landorus|Landorus, M|266/319","|turn|24","|","|switch|p2a: Mew|Mew|350/404","|-damage|p2a: Mew|300/404|[from] Stealth Rock","|move|p1a: Landorus|Earthquake|p2a: Mew","|-damage|p2a: Mew|125/404","|","|-heal|p2a: Mew|150/404|[from] item: Leftovers","|turn|25","|","|move|p1a: Landorus|Earthquake|p2a: Mew","|-damage|p2a: Mew|0 fnt","|faint|p2a: Mew","|","|","|switch|p2a: Victini|Victini|341/341","|-damage|p2a: Victini|256/341|[from] Stealth Rock","|turn|26","|","|move|p1a: Landorus|Earthquake|p2a: Victini","|-crit|p2a: Victini","|-supereffective|p2a: Victini","|-damage|p2a: Victini|0 fnt","|faint|p2a: Victini","|","|","|switch|p2a: Jirachi|Jirachi|299/341","|-damage|p2a: Jirachi|278/341|[from] Stealth Rock","|turn|27","|","|move|p2a: Jirachi|Healing Wish|p2a: Jirachi","|faint|p2a: Jirachi","|move|p1a: Landorus|Earthquake|p2: Jirachi|[notarget]","|-notarget","|","|","|switch|p2a: Meloetta|Meloetta|137/403","|-heal|p2a: Meloetta|403/403|[from] move: Healing Wish","|-damage|p2a: Meloetta|353/403|[from] Stealth Rock","|turn|28","|","|move|p1a: Landorus|Earthquake|p2a: Meloetta","|-damage|p2a: Meloetta|113/403","|move|p2a: Meloetta|Psyshock|p1a: Landorus","|-damage|p1a: Landorus|89/319","|","|turn|29","|","|move|p1a: Landorus|Earthquake|p2a: Meloetta","|-damage|p2a: Meloetta|0 fnt","|faint|p2a: Meloetta","|","|","|switch|p2a: Gardevoir|Gardevoir, F|277/277","|-damage|p2a: Gardevoir|243/277|[from] Stealth Rock","|-ability|p2a: Gardevoir|Sheer Force|[from] ability: Trace|[of] p1a: Landorus","|turn|30","|","|detailschange|p2a: Gardevoir|Gardevoir-Mega, F","|-mega|p2a: Gardevoir|Gardevoir|Gardevoirite","|move|p1a: Landorus|Earthquake|p2a: Gardevoir","|-damage|p2a: Gardevoir|0 fnt","|faint|p2a: Gardevoir","|","|win|LTIL-Tahit"],"p1rating":{"entryid":"6925118","serverid":"eos","formatid":"monotype","userid":"ltiltahit","username":"LTIL-Tahit","w":50,"l":"49","t":"0","gxe":52.6,"r":"1527.3447789984","rd":"40.548657138947","sigma":"0","rptime":"1438851600","rpr":1519.6367975026,"rprd":39.604513207599,"rpsigma":"0","acre":1138.8258347331,"lacre":1138.8258347331,"oldacre":"1118.6219907575"},"p2rating":{"entryid":"7411242","serverid":"eos","formatid":"monotype","userid":"alliancemental1st","username":"Alliance-Mental1st","w":"1","l":1,"t":"0","gxe":49.5,"r":1534.5983657263,"rd":122.48553765382,"sigma":"0","rptime":1438851600,"rpr":1495.6441214214,"rprd":115.62401255464,"rpsigma":"0","acre":1036.8516429149,"lacre":1036.8516429149,"oldacre":"1051.1314972627"},"endType":"normal"}