{"seed":[45031,64990,62505,10577],"turns":41,"p1":"Doctor Vergi","p2":"Sovereign♕Cactus","p1team":[{"name":"Klein","species":"excadrill","item":"choicescarf","ability":"Mold Breaker","moves":["rapidspin","earthquake","ironhead","rockslide"],"nature":"Jolly","evs":{"hp":0,"atk":252,"def":0,"spa":0,"spd":4,"spe":252},"ivs":{"hp":31,"atk":31,"def":31,"spa":31,"spd":31,"spe":31}},{"name":"Agil","species":"heatran","item":"airballoon","ability":"Flash Fire","moves":["flashcannon","lavaplume","stealthrock","toxic"],"nature":"Calm","evs":{"hp":252,"atk":0,"def":0,"spa":60,"spd":196,"spe":0},"ivs":{"hp":31,"atk":31,"def":31,"spa":31,"spd":31,"spe":31}},{"name":"Sinon","species":"empoleon","item":"assaultvest","ability":"Torrent","moves":["scald","flashcannon","icebeam","grassknot"],"nature":"Calm","evs":{"hp":248,"atk":0,"def":0,"spa":100,"spd":160,"spe":0},"ivs":{"hp":31,"atk":31,"def":31,"spa":31,"spd":31,"spe":31}},{"name":"Lisbeth","species":"skarmory","item":"leftovers","ability":"Sturdy","moves":["spikes","roost","drillpeck","whirlwind"],"nature":"Impish","evs":{"hp":252,"atk":0,"def":232,"spa":0,"spd":0,"spe":24},"ivs":{"hp":31,"atk":31,"def":31,"spa":31,"spd":31,"spe":31}},{"name":"Kirito","species":"ferrothorn","item":"leftovers","ability":"Iron Barbs","moves":["leechseed","protect","powerwhip","thunderwave"],"nature":"Sassy","evs":{"hp":216,"atk":0,"def":88,"spa":0,"spd":204,"spe":0},"ivs":{"hp":31,"atk":31,"def":31,"spa":31,"spd":31,"spe":0}},{"name":"Asuna","species":"scizor","item":"scizorite","ability":"Technician","moves":["knockoff","bulletpunch","swordsdance","roost"],"nature":"Impish","evs":{"hp":248,"atk":120,"def":140,"spa":0,"spd":0,"spe":0},"ivs":{"hp":31,"atk":31,"def":31,"spa":31,"spd":31,"spe":31}}],"p2team":[{"name":"Azumarill","species":"Azumarill","item":"choiceband","ability":"Sap Sipper","moves":["aquajet","waterfall","knockoff","playrough"],"nature":"Adamant","evs":{"hp":248,"atk":252,"def":0,"spa":0,"spd":8,"spe":0},"ivs":{"hp":31,"atk":31,"def":31,"spa":31,"spd":31,"spe":31}},{"name":"Quagsire","species":"Quagsire","item":"leftovers","ability":"Unaware","moves":["earthquake","scald","recover","counter"],"nature":"Impish","evs":{"hp":252,"atk":4,"def":252,"spa":0,"spd":0,"spe":0},"ivs":{"hp":31,"atk":31,"def":31,"spa":31,"spd":31,"spe":31}},{"name":"Lanturn","species":"Lanturn","item":"leftovers","ability":"Volt Absorb","moves":["scald","healbell","toxic","voltswitch"],"nature":"Bold","evs":{"hp":252,"atk":0,"def":252,"spa":4,"spd":0,"spe":0},"ivs":{"hp":31,"atk":31,"def":31,"spa":31,"spd":31,"spe":31}},{"name":"Tentacruel","species":"Tentacruel","item":"blacksludge","ability":"Liquid Ooze","moves":["acidspray","scald","toxicspikes","rapidspin"],"nature":"Timid","evs":{"hp":0,"atk":0,"def":0,"spa":252,"spd":4,"spe":252},"ivs":{"hp":31,"atk":31,"def":31,"spa":31,"spd":31,"spe":31}},{"name":"Empoleon","species":"Empoleon","item":"leftovers","ability":"Torrent","moves":["defog","stealthrock","scald","flashcannon"],"nature":"Modest","evs":{"hp":252,"atk":0,"def":0,"spa":252,"spd":4,"spe":0},"ivs":{"hp":31,"atk":31,"def":31,"spa":31,"spd":31,"spe":31}},{"name":"Gyarados","species":"Gyarados","item":"gyaradosite","ability":"Intimidate","moves":["dragondance","substitute","icefang","crunch"],"nature":"Adamant","evs":{"hp":0,"atk":252,"def":0,"spa":0,"spd":4,"spe":252},"ivs":{"hp":31,"atk":31,"def":31,"spa":31,"spd":31,"spe":31}}],"log":["|player|p1|Doctor Vergi|doctorvergi.png","|player|p2|Sovereign♕Cactus|251","|gametype|singles","|gen|6","|tier|Monotype","|rated","|rule|Baton Pass Clause: Limit one Baton Passer, can't pass Spe and other stats simultaneously","|rule|Swagger Clause: Swagger is banned","|rule|Same Type Clause: Pokémon in a team must share a type","|clearpoke","|poke|p1|Excadrill, M","|poke|p1|Heatran, M","|poke|p1|Empoleon, M","|poke|p1|Skarmory, F","|poke|p1|Ferrothorn, F","|poke|p1|Scizor, M","|poke|p2|Azumarill, M","|poke|p2|Quagsire, F","|poke|p2|Lanturn, F","|poke|p2|Tentacruel, M","|poke|p2|Empoleon, F","|poke|p2|Gyarados, M","|rule|Sleep Clause Mod: Limit one foe put to sleep","|rule|Species Clause: Limit one of each Pokémon","|rule|OHKO Clause: OHKO moves are banned","|rule|Moody Clause: Moody is banned","|rule|Evasion Moves Clause: Evasion moves are banned","|rule|Endless Battle Clause: Forcing endless battles is banned","|rule|HP Percentage Mod: HP is shown in percentages","|teampreview","|","|start","|switch|p1a: Agil|Heatran, M|386/386","|switch|p2a: Tentacruel|Tentacruel, M|301/301","|-item|p1a: Agil|Air Balloon","|turn|1","|","|switch|p1a: Kirito|Ferrothorn, F|343/343","|move|p2a: Tentacruel|Scald|p1a: Kirito","|-resisted|p1a: Kirito","|-damage|p1a: Kirito|311/343","|","|-heal|p1a: Kirito|332/343|[from] item: Leftovers","|turn|2","|","|move|p2a: Tentacruel|Scald|p1a: Kirito","|-resisted|p1a: Kirito","|-damage|p1a: Kirito|299/343","|-status|p1a: Kirito|brn","|move|p1a: Kirito|Thunder Wave|p2a: Tentacruel","|-status|p2a: Tentacruel|par","|","|-heal|p1a: Kirito|320/343 brn|[from] item: Leftovers","|-damage|p1a: Kirito|278/343 brn|[from] brn","|turn|3","|","|switch|p2a: Gyarados|Gyarados, M|331/331","|-ability|p2a: Gyarados|Intimidate","|-unboost|p1a: Kirito|atk|1","|move|p1a: Kirito|Power Whip|p2a: Gyarados|[miss]","|-miss|p1a: Kirito|p2a: Gyarados","|","|-heal|p1a: Kirito|299/343 brn|[from] item: Leftovers","|-damage|p1a: Kirito|257/343 brn|[from] brn","|turn|4","|","|switch|p1a: Lisbeth|Skarmory, F|334/334","|move|p2a: Gyarados|Substitute|p2a: Gyarados","|-start|p2a: Gyarados|Substitute","|-damage|p2a: Gyarados|249/331","|","|turn|5","|","|detailschange|p2a: Gyarados|Gyarados-Mega, M","|-mega|p2a: Gyarados|Gyarados|Gyaradosite","|-ability|p2a: Gyarados|Mold Breaker","|move|p2a: Gyarados|Dragon Dance|p2a: Gyarados","|-boost|p2a: Gyarados|atk|1","|-boost|p2a: Gyarados|spe|1","|move|p1a: Lisbeth|Whirlwind|p2a: Gyarados","|drag|p2a: Azumarill|Azumarill, M|403/403","|","|turn|6","|","|move|p1a: Lisbeth|Drill Peck|p2a: Azumarill","|-damage|p2a: Azumarill|309/403","|move|p2a: Azumarill|Knock Off|p1a: Lisbeth","|-damage|p1a: Lisbeth|270/334","|-enditem|p1a: Lisbeth|Leftovers|[from] move: Knock Off|[of] p2a: Azumarill","|","|turn|7","|","|switch|p2a: Empoleon|Empoleon, F|372/372","|move|p1a: Lisbeth|Spikes|p2a: Empoleon","|-sidestart|p2: Sovereign♕Cactus|Spikes","|","|turn|8","|","|switch|p1a: Kirito|Ferrothorn, F|257/343 brn","|move|p2a: Empoleon|Scald|p1a: Kirito","|-resisted|p1a: Kirito","|-damage|p1a: Kirito|211/343 brn","|","|-heal|p1a: Kirito|232/343 brn|[from] item: Leftovers","|-damage|p1a: Kirito|190/343 brn|[from] brn","|turn|9","|","|move|p2a: Empoleon|Defog|p1a: Kirito","|-unboost|p1a: Kirito|evasion|1","|-sideend|p2: Sovereign♕Cactus|Spikes|[from] move: Defog|[of] p2a: Empoleon","|move|p1a: Kirito|Leech Seed|p2a: Empoleon","|-start|p2a: Empoleon|move: Leech Seed","|","|-heal|p1a: Kirito|211/343 brn|[from] item: Leftovers","|-damage|p2a: Empoleon|326/372|[from] Leech Seed|[of] p1a: Kirito","|-heal|p1a: Kirito|257/343 brn|[silent]","|-damage|p1a: Kirito|215/343 brn|[from] brn","|turn|10","|","|switch|p2a: Tentacruel|Tentacruel, M|301/301 par","|move|p1a: Kirito|Thunder Wave|p2a: Tentacruel","|-fail|p2a: Tentacruel|par","|","|-heal|p1a: Kirito|236/343 brn|[from] item: Leftovers","|-damage|p1a: Kirito|194/343 brn|[from] brn","|turn|11","|","|cant|p2a: Tentacruel|par","|move|p1a: Kirito|Power Whip|p2a: Tentacruel","|-crit|p2a: Tentacruel","|-damage|p2a: Tentacruel|170/301 par","|","|-heal|p2a: Tentacruel|188/301 par|[from] item: Black Sludge","|-heal|p1a: Kirito|215/343 brn|[from] item: Leftovers","|-damage|p1a: Kirito|173/343 brn|[from] brn","|turn|12","|","|switch|p2a: Azumarill|Azumarill, M|309/403","|switch|p1a: Sinon|Empoleon, M|371/371","|","|turn|13","|","|switch|p2a: Lanturn|Lanturn, F|454/454","|move|p1a: Sinon|Grass Knot|p2a: Lanturn","|-supereffective|p2a: Lanturn","|-damage|p2a: Lanturn|356/454","|","|-heal|p2a: Lanturn|384/454|[from] item: Leftovers","|turn|14","|","|switch|p1a: Kirito|Ferrothorn, F|173/343 brn","|move|p2a: Lanturn|Heal Bell|p2a: Lanturn","|-cureteam|p2a: Lanturn|[from] move: HealBell","|","|-heal|p2a: Lanturn|412/454|[from] item: Leftovers","|-heal|p1a: Kirito|194/343 brn|[from] item: Leftovers","|-damage|p1a: Kirito|152/343 brn|[from] brn","|turn|15","|","|move|p2a: Lanturn|Volt Switch|p1a: Kirito","|-resisted|p1a: Kirito","|-damage|p1a: Kirito|128/343 brn","|","|switch|p2a: Azumarill|Azumarill, M|309/403","|move|p1a: Kirito|Power Whip|p2a: Azumarill","|-boost|p2a: Azumarill|atk|1|[from] ability: Sap Sipper","|","|-heal|p1a: Kirito|149/343 brn|[from] item: Leftovers","|-damage|p1a: Kirito|107/343 brn|[from] brn","|turn|16","|","|switch|p2a: Tentacruel|Tentacruel, M|188/301","|move|p1a: Kirito|Thunder Wave|p2a: Tentacruel","|-status|p2a: Tentacruel|par","|","|-heal|p2a: Tentacruel|206/301 par|[from] item: Black Sludge","|-heal|p1a: Kirito|128/343 brn|[from] item: Leftovers","|-damage|p1a: Kirito|86/343 brn|[from] brn","|turn|17","|","|cant|p2a: Tentacruel|par","|move|p1a: Kirito|Leech Seed|p2a: Tentacruel|[miss]","|-miss|p1a: Kirito|p2a: Tentacruel","|","|-heal|p2a: Tentacruel|224/301 par|[from] item: Black Sludge","|-heal|p1a: Kirito|107/343 brn|[from] item: Leftovers","|-damage|p1a: Kirito|65/343 brn|[from] brn","|turn|18","|","|cant|p2a: Tentacruel|par","|move|p1a: Kirito|Power Whip|p2a: Tentacruel","|-crit|p2a: Tentacruel","|-damage|p2a: Tentacruel|71/301 par","|","|-heal|p2a: Tentacruel|89/301 par|[from] item: Black Sludge","|-heal|p1a: Kirito|86/343 brn|[from] item: Leftovers","|-damage|p1a: Kirito|44/343 brn|[from] brn","|turn|19","|","|move|p2a: Tentacruel|Scald|p1a: Kirito","|-resisted|p1a: Kirito","|-damage|p1a: Kirito|9/343 brn","|move|p1a: Kirito|Power Whip|p2a: Tentacruel","|-damage|p2a: Tentacruel|0 fnt","|faint|p2a: Tentacruel","|","|-heal|p1a: Kirito|30/343 brn|[from] item: Leftovers","|-damage|p1a: Kirito|0 fnt|[from] brn","|faint|p1a: Kirito","|","|switch|p1a: Asuna|Scizor, M|343/343","|switch|p2a: Quagsire|Quagsire, F|394/394","|turn|20","|","|detailschange|p1a: Asuna|Scizor-Mega, M","|-mega|p1a: Asuna|Scizor|Scizorite","|move|p1a: Asuna|Knock Off|p2a: Quagsire","|-damage|p2a: Quagsire|298/394","|-enditem|p2a: Quagsire|Leftovers|[from] move: Knock Off|[of] p1a: Asuna","|move|p2a: Quagsire|Scald|p1a: Asuna","|-damage|p1a: Asuna|285/343","|","|turn|21","|","|switch|p1a: Sinon|Empoleon, M|371/371","|move|p2a: Quagsire|Scald|p1a: Sinon","|-resisted|p1a: Sinon","|-damage|p1a: Sinon|354/371","|","|turn|22","|","|move|p1a: Sinon|Grass Knot|p2a: Quagsire","|-supereffective|p2a: Quagsire","|-damage|p2a: Quagsire|0 fnt","|faint|p2a: Quagsire","|","|","|switch|p2a: Lanturn|Lanturn, F|412/454","|turn|23","|","|move|p2a: Lanturn|Volt Switch|p1a: Sinon","|-supereffective|p1a: Sinon","|-damage|p1a: Sinon|286/371","|","|switch|p2a: Empoleon|Empoleon, F|326/372","|move|p1a: Sinon|Grass Knot|p2a: Empoleon","|-damage|p2a: Empoleon|258/372","|","|-heal|p2a: Empoleon|281/372|[from] item: Leftovers","|turn|24","|","|switch|p1a: Asuna|Scizor-Mega, M|285/343","|move|p2a: Empoleon|Scald|p1a: Asuna","|-damage|p1a: Asuna|143/343","|","|-heal|p2a: Empoleon|304/372|[from] item: Leftovers","|turn|25","|","|move|p1a: Asuna|Roost|p1a: Asuna","|-heal|p1a: Asuna|315/343","|move|p2a: Empoleon|Scald|p1a: Asuna","|-damage|p1a: Asuna|185/343","|-status|p1a: Asuna|brn","|","|-heal|p2a: Empoleon|327/372|[from] item: Leftovers","|-damage|p1a: Asuna|143/343 brn|[from] brn","|turn|26","|","|switch|p1a: Sinon|Empoleon, M|286/371","|move|p2a: Empoleon|Scald|p1a: Sinon","|-resisted|p1a: Sinon","|-damage|p1a: Sinon|248/371","|","|-heal|p2a: Empoleon|350/372|[from] item: Leftovers","|turn|27","|","|move|p2a: Empoleon|Scald|p1a: Sinon","|-resisted|p1a: Sinon","|-damage|p1a: Sinon|215/371","|-status|p1a: Sinon|brn","|move|p1a: Sinon|Scald|p2a: Empoleon","|-resisted|p2a: Empoleon","|-damage|p2a: Empoleon|296/372","|","|-heal|p2a: Empoleon|319/372|[from] item: Leftovers","|-damage|p1a: Sinon|169/371 brn|[from] brn","|turn|28","|","|switch|p2a: Gyarados|Gyarados-Mega, M|249/331","|-ability|p2a: Gyarados|Mold Breaker","|move|p1a: Sinon|Scald|p2a: Gyarados","|-resisted|p2a: Gyarados","|-damage|p2a: Gyarados|204/331","|","|-damage|p1a: Sinon|123/371 brn|[from] brn","|turn|29","|","|switch|p1a: Lisbeth|Skarmory, F|270/334","|move|p2a: Gyarados|Crunch|p1a: Lisbeth","|-damage|p1a: Lisbeth|170/334","|","|turn|30","|","|switch|p2a: Lanturn|Lanturn, F|412/454","|move|p1a: Lisbeth|Roost|p1a: Lisbeth","|-heal|p1a: Lisbeth|334/334","|","|-heal|p2a: Lanturn|440/454|[from] item: Leftovers","|turn|31","|","|move|p1a: Lisbeth|Spikes|p2a: Lanturn","|-sidestart|p2: Sovereign♕Cactus|Spikes","|move|p2a: Lanturn|Scald|p1a: Lisbeth","|-damage|p1a: Lisbeth|240/334","|","|-heal|p2a: Lanturn|454/454|[from] item: Leftovers","|turn|32","|","|move|p1a: Lisbeth|Spikes|p2a: Lanturn","|-sidestart|p2: Sovereign♕Cactus|Spikes","|move|p2a: Lanturn|Scald|p1a: Lisbeth","|-damage|p1a: Lisbeth|138/334","|","|turn|33","|","|move|p1a: Lisbeth|Roost|p1a: Lisbeth","|-heal|p1a: Lisbeth|305/334","|move|p2a: Lanturn|Scald|p1a: Lisbeth","|-damage|p1a: Lisbeth|200/334","|-status|p1a: Lisbeth|brn","|","|-damage|p1a: Lisbeth|159/334 brn|[from] brn","|turn|34","|","|move|p1a: Lisbeth|Roost|p1a: Lisbeth","|-heal|p1a: Lisbeth|326/334 brn","|move|p2a: Lanturn|Volt Switch|p1a: Lisbeth","|-damage|p1a: Lisbeth|241/334 brn","|","|switch|p2a: Empoleon|Empoleon, F|319/372","|-damage|p2a: Empoleon|257/372|[from] Spikes","|","|-heal|p2a: Empoleon|280/372|[from] item: Leftovers","|-damage|p1a: Lisbeth|200/334 brn|[from] brn","|turn|35","|","|move|p1a: Lisbeth|Spikes|p2a: Empoleon","|-sidestart|p2: Sovereign♕Cactus|Spikes","|move|p2a: Empoleon|Stealth Rock|p1a: Lisbeth","|-sidestart|p1: Doctor Vergi|move: Stealth Rock","|","|-heal|p2a: Empoleon|303/372|[from] item: Leftovers","|-damage|p1a: Lisbeth|159/334 brn|[from] brn","|turn|36","|","|move|p1a: Lisbeth|Roost|p1a: Lisbeth","|-heal|p1a: Lisbeth|326/334 brn","|move|p2a: Empoleon|Scald|p1a: Lisbeth","|-damage|p1a: Lisbeth|125/334 brn","|","|-heal|p2a: Empoleon|326/372|[from] item: Leftovers","|-damage|p1a: Lisbeth|84/334 brn|[from] brn","|turn|37","|","|move|p1a: Lisbeth|Drill Peck|p2a: Empoleon","|-resisted|p2a: Empoleon","|-damage|p2a: Empoleon|303/372","|move|p2a: Empoleon|Scald|p1a: Lisbeth","|-damage|p1a: Lisbeth|0 fnt","|faint|p1a: Lisbeth","|","|-heal|p2a: Empoleon|326/372|[from] item: Leftovers","|","|switch|p1a: Klein|Excadrill, M|361/361","|-damage|p1a: Klein|350/361|[from] Stealth Rock","|-ability|p1a: Klein|Mold Breaker","|turn|38","|","|switch|p2a: Azumarill|Azumarill, M|309/403","|-damage|p2a: Azumarill|209/403|[from] Spikes","|move|p1a: Klein|Earthquake|p2a: Azumarill","|-damage|p2a: Azumarill|0 fnt","|faint|p2a: Azumarill","|","|","|switch|p2a: Gyarados|Gyarados-Mega, M|204/331","|-damage|p2a: Gyarados|122/331|[from] Spikes","|-ability|p2a: Gyarados|Mold Breaker","|turn|39","|","|move|p1a: Klein|Earthquake|p2a: Gyarados","|-damage|p2a: Gyarados|0 fnt","|faint|p2a: Gyarados","|","|","|switch|p2a: Lanturn|Lanturn, F|454/454","|-damage|p2a: Lanturn|341/454|[from] Spikes","|turn|40","|","|move|p1a: Klein|Earthquake|p2a: Lanturn","|-supereffective|p2a: Lanturn","|-damage|p2a: Lanturn|0 fnt","|faint|p2a: Lanturn","|","|","|switch|p2a: Empoleon|Empoleon, F|326/372","|-damage|p2a: Empoleon|233/372|[from] Spikes","|turn|41","|","|move|p1a: Klein|Earthquake|p2a: Empoleon","|-supereffective|p2a: Empoleon","|-damage|p2a: Empoleon|0 fnt","|faint|p2a: Empoleon","|","|win|Doctor Vergi"],"p1rating":{"entryid":"6517225","serverid":"eos","formatid":"monotype","userid":"doctorvergi","username":"Doctor Vergi","w":28,"l":"10","t":"0","gxe":66.8,"r":"1634.1853618118","rd":"66.928830130751","sigma":"0","rptime":"1438851600","rpr":1633.6660124109,"rprd":64.102256306531,"rpsigma":"0","acre":1255.6897679591,"lacre":1255.6897679591,"oldacre":"1241.0052249824"},"p2rating":{"entryid":"6867552","serverid":"eos","formatid":"monotype","userid":"sovereigncactus","username":"Sovereign♕Cactus","w":"95","l":112,"t":"0","gxe":45.7,"r":"1471.7151973843","rd":"26.087880144434","sigma":"0","rptime":"1438851600","rpr":1467.811048972,"rprd":25.46758994442,"rpsigma":"0","acre":1074.8865651066,"lacre":1074.8865651066,"oldacre":"1088.563466475"},"endType":"normal"}