{"seed":[23714,7250,37606,31499],"turns":35,"p1":"JusAnAlt","p2":"DSV","p1team":[{"name":"Politoed","species":"Politoed","item":"ejectbutton","ability":"Drizzle","moves":["surf","icebeam","perishsong","toxic"],"nature":"Calm","evs":{"hp":248,"atk":0,"def":0,"spa":8,"spd":252,"spe":0},"ivs":{"hp":31,"atk":0,"def":31,"spa":31,"spd":31,"spe":31}},{"name":"Ludicolo","species":"Ludicolo","item":"lifeorb","ability":"Swift Swim","moves":["icebeam","surf","gigadrain","raindance"],"nature":"Modest","evs":{"hp":0,"atk":0,"def":0,"spa":252,"spd":4,"spe":252},"ivs":{"hp":31,"atk":31,"def":31,"spa":31,"spd":31,"spe":31}},{"name":"Swampert","species":"Swampert","item":"swampertite","ability":"Torrent","moves":["icepunch","earthquake","waterfall","raindance"],"nature":"Adamant","evs":{"hp":0,"atk":252,"def":0,"spa":0,"spd":4,"spe":252},"ivs":{"hp":31,"atk":31,"def":31,"spa":31,"spd":31,"spe":31}},{"name":"Kingdra","species":"Kingdra","item":"choicespecs","ability":"Swift Swim","moves":["surf","dragonpulse","icebeam","flashcannon"],"nature":"Modest","evs":{"hp":0,"atk":0,"def":0,"spa":252,"spd":4,"spe":252},"ivs":{"hp":31,"atk":31,"def":31,"spa":31,"spd":31,"spe":31}},{"name":"Azumarill","species":"Azumarill","item":"choiceband","ability":"Sap Sipper","moves":["playrough","aquajet","knockoff","waterfall"],"nature":"Adamant","evs":{"hp":248,"atk":252,"def":0,"spa":0,"spd":8,"spe":0},"ivs":{"hp":31,"atk":31,"def":31,"spa":31,"spd":31,"spe":31}},{"name":"Tentacruel","species":"Tentacruel","item":"blacksludge","ability":"Clear Body","moves":["acidspray","scald","rapidspin","raindance"],"nature":"Bold","evs":{"hp":248,"atk":0,"def":252,"spa":8,"spd":0,"spe":0},"ivs":{"hp":31,"atk":0,"def":31,"spa":31,"spd":31,"spe":31}}],"p2team":[{"name":"Medicham","species":"Medicham","item":"medichamite","ability":"Pure Power","moves":["psychocut","drainpunch","fakeout","bulletpunch"],"nature":"Adamant","evs":{"hp":0,"atk":252,"def":0,"spa":0,"spd":4,"spe":252},"ivs":{"hp":31,"atk":31,"def":31,"spa":31,"spd":31,"spe":31}},{"name":"Cobalion","species":"Cobalion","item":"leftovers","ability":"Justified","moves":["thunderwave","ironhead","stealthrock","taunt"],"nature":"Jolly","evs":{"hp":252,"atk":4,"def":0,"spa":0,"spd":0,"spe":252},"ivs":{"hp":31,"atk":31,"def":31,"spa":31,"spd":31,"spe":31}},{"name":"Infernape","species":"Infernape","item":"lifeorb","ability":"Blaze","moves":["flamethrower","hiddenpowerice","vacuumwave","earthquake"],"nature":"Hasty","evs":{"hp":0,"atk":4,"def":0,"spa":252,"spd":0,"spe":252},"ivs":{"hp":31,"atk":30,"def":30,"spa":31,"spd":31,"spe":31}},{"name":"Breloom","species":"Breloom","item":"focussash","ability":"Technician","moves":["spore","machpunch","swordsdance","bulletseed"],"nature":"Jolly","evs":{"hp":0,"atk":252,"def":0,"spa":0,"spd":4,"spe":252},"ivs":{"hp":31,"atk":31,"def":31,"spa":31,"spd":31,"spe":31}},{"name":"Conkeldurr","species":"Conkeldurr","item":"assaultvest","ability":"Guts","moves":["drainpunch","knockoff","machpunch","icepunch"],"nature":"Adamant","evs":{"hp":248,"atk":252,"def":0,"spa":0,"spd":8,"spe":0},"ivs":{"hp":31,"atk":31,"def":31,"spa":31,"spd":31,"spe":31}},{"name":"Keldeo-Resolute","species":"Keldeo-Resolute","item":"choicescarf","ability":"Justified","moves":["scald","icywind","secretsword","hydropump"],"nature":"Modest","evs":{"hp":0,"atk":0,"def":0,"spa":252,"spd":4,"spe":252},"ivs":{"hp":31,"atk":31,"def":31,"spa":31,"spd":31,"spe":31}}],"log":["|player|p1|JusAnAlt|99","|player|p2|DSV|159","|gametype|singles","|gen|6","|tier|Monotype","|rated","|rule|Baton Pass Clause: Limit one Baton Passer, can't pass Spe and other stats simultaneously","|rule|Swagger Clause: Swagger is banned","|rule|Same Type Clause: Pokémon in a team must share a type","|clearpoke","|poke|p1|Politoed, F","|poke|p1|Ludicolo, F","|poke|p1|Swampert, F","|poke|p1|Kingdra, M","|poke|p1|Azumarill, M","|poke|p1|Tentacruel, F","|poke|p2|Medicham, F","|poke|p2|Cobalion","|poke|p2|Infernape, M","|poke|p2|Breloom, F","|poke|p2|Conkeldurr, F","|poke|p2|Keldeo-Resolute","|rule|Sleep Clause Mod: Limit one foe put to sleep","|rule|Species Clause: Limit one of each Pokémon","|rule|OHKO Clause: OHKO moves are banned","|rule|Moody Clause: Moody is banned","|rule|Evasion Moves Clause: Evasion moves are banned","|rule|Endless Battle Clause: Forcing endless battles is banned","|rule|HP Percentage Mod: HP is shown in percentages","|teampreview","|","|start","|switch|p1a: Politoed|Politoed, F|383/383","|switch|p2a: Medicham|Medicham, F|261/261","|-weather|RainDance","|turn|1","|","|switch|p1a: Swampert|Swampert, F|341/341","|detailschange|p2a: Medicham|Medicham-Mega, F","|-mega|p2a: Medicham|Medicham|Medichamite","|move|p2a: Medicham|Fake Out|p1a: Swampert","|-damage|p1a: Swampert|250/341","|","|-weather|RainDance|[upkeep]","|turn|2","|","|detailschange|p1a: Swampert|Swampert-Mega, F","|-mega|p1a: Swampert|Swampert|Swampertite","|move|p2a: Medicham|Drain Punch|p1a: Swampert","|-damage|p1a: Swampert|40/341","|move|p1a: Swampert|Waterfall|p2a: Medicham","|-damage|p2a: Medicham|0 fnt","|faint|p2a: Medicham","|","|-weather|RainDance|[upkeep]","|","|switch|p2a: Breloom|Breloom, F|261/261","|turn|3","|","|switch|p1a: Azumarill|Azumarill, M|403/403","|move|p2a: Breloom|Mach Punch|p1a: Azumarill","|-resisted|p1a: Azumarill","|-damage|p1a: Azumarill|340/403","|","|-weather|RainDance|[upkeep]","|turn|4","|","|switch|p2a: Cobalion|Cobalion|386/386","|move|p1a: Azumarill|Play Rough|p2a: Cobalion","|-crit|p2a: Cobalion","|-damage|p2a: Cobalion|223/386","|","|-weather|RainDance|[upkeep]","|-heal|p2a: Cobalion|247/386|[from] item: Leftovers","|turn|5","|","|switch|p1a: Swampert|Swampert-Mega, F|40/341","|move|p2a: Cobalion|Stealth Rock|p1a: Swampert","|-sidestart|p1: JusAnAlt|move: Stealth Rock","|","|-weather|none","|-heal|p2a: Cobalion|271/386|[from] item: Leftovers","|turn|6","|","|switch|p2a: Breloom|Breloom, F|261/261","|move|p1a: Swampert|Earthquake|p2a: Breloom","|-resisted|p2a: Breloom","|-damage|p2a: Breloom|130/261","|","|turn|7","|","|move|p2a: Breloom|Mach Punch|p1a: Swampert","|-damage|p1a: Swampert|0 fnt","|faint|p1a: Swampert","|","|","|switch|p1a: Azumarill|Azumarill, M|340/403","|-damage|p1a: Azumarill|290/403|[from] Stealth Rock","|turn|8","|","|switch|p2a: Cobalion|Cobalion|271/386","|move|p1a: Azumarill|Play Rough|p2a: Cobalion","|-damage|p2a: Cobalion|145/386","|","|-heal|p2a: Cobalion|169/386|[from] item: Leftovers","|turn|9","|","|switch|p1a: Tentacruel|Tentacruel, F|363/363","|-damage|p1a: Tentacruel|318/363|[from] Stealth Rock","|move|p2a: Cobalion|Thunder Wave|p1a: Tentacruel","|-status|p1a: Tentacruel|par","|","|-heal|p2a: Cobalion|193/386|[from] item: Leftovers","|-heal|p1a: Tentacruel|340/363 par|[from] item: Black Sludge","|turn|10","|","|move|p2a: Cobalion|Iron Head|p1a: Tentacruel","|-resisted|p1a: Tentacruel","|-damage|p1a: Tentacruel|301/363 par","|cant|p1a: Tentacruel|par","|","|-heal|p2a: Cobalion|217/386|[from] item: Leftovers","|-heal|p1a: Tentacruel|323/363 par|[from] item: Black Sludge","|turn|11","|","|move|p2a: Cobalion|Iron Head|p1a: Tentacruel","|-resisted|p1a: Tentacruel","|-damage|p1a: Tentacruel|281/363 par","|cant|p1a: Tentacruel|par","|","|-heal|p2a: Cobalion|241/386|[from] item: Leftovers","|-heal|p1a: Tentacruel|303/363 par|[from] item: Black Sludge","|turn|12","|","|move|p2a: Cobalion|Iron Head|p1a: Tentacruel","|-resisted|p1a: Tentacruel","|-damage|p1a: Tentacruel|261/363 par","|move|p1a: Tentacruel|Rapid Spin|p2a: Cobalion","|-resisted|p2a: Cobalion","|-damage|p2a: Cobalion|237/386","|-sideend|p1: JusAnAlt|Stealth Rock|[from] move: Rapid Spin|[of] p1a: Tentacruel","|","|-heal|p2a: Cobalion|261/386|[from] item: Leftovers","|-heal|p1a: Tentacruel|283/363 par|[from] item: Black Sludge","|turn|13","|","|move|p2a: Cobalion|Stealth Rock|p1a: Tentacruel","|-sidestart|p1: JusAnAlt|move: Stealth Rock","|move|p1a: Tentacruel|Scald|p2a: Cobalion","|-damage|p2a: Cobalion|152/386","|-status|p2a: Cobalion|brn","|","|-heal|p2a: Cobalion|176/386 brn|[from] item: Leftovers","|-heal|p1a: Tentacruel|305/363 par|[from] item: Black Sludge","|-damage|p2a: Cobalion|128/386 brn|[from] brn","|turn|14","|","|switch|p2a: Conkeldurr|Conkeldurr, F|413/413","|move|p1a: Tentacruel|Rapid Spin|p2a: Conkeldurr","|-damage|p2a: Conkeldurr|403/413","|-sideend|p1: JusAnAlt|Stealth Rock|[from] move: Rapid Spin|[of] p1a: Tentacruel","|","|-heal|p1a: Tentacruel|327/363 par|[from] item: Black Sludge","|turn|15","|","|switch|p1a: Politoed|Politoed, F|383/383","|-weather|RainDance","|move|p2a: Conkeldurr|Knock Off|p1a: Politoed","|-damage|p1a: Politoed|225/383","|-enditem|p1a: Politoed|Eject Button|[from] move: Knock Off|[of] p2a: Conkeldurr","|","|-weather|RainDance|[upkeep]","|turn|16","|","|switch|p1a: Azumarill|Azumarill, M|290/403","|move|p2a: Conkeldurr|Drain Punch|p1a: Azumarill","|-resisted|p1a: Azumarill","|-damage|p1a: Azumarill|197/403","|-heal|p2a: Conkeldurr|413/413|[from] drain|[of] p1a: Azumarill","|","|-weather|RainDance|[upkeep]","|turn|17","|","|switch|p2a: Cobalion|Cobalion|128/386 brn","|move|p1a: Azumarill|Play Rough|p2a: Cobalion","|-damage|p2a: Cobalion|11/386 brn","|","|-weather|RainDance|[upkeep]","|-heal|p2a: Cobalion|35/386 brn|[from] item: Leftovers","|-damage|p2a: Cobalion|0 fnt|[from] brn","|faint|p2a: Cobalion","|","|switch|p2a: Breloom|Breloom, F|130/261","|turn|18","|","|move|p2a: Breloom|Bullet Seed|p1a: Azumarill","|-boost|p1a: Azumarill|atk|1|[from] ability: Sap Sipper","|move|p1a: Azumarill|Play Rough|p2a: Breloom","|-supereffective|p2a: Breloom","|-damage|p2a: Breloom|0 fnt","|faint|p2a: Breloom","|","|-weather|RainDance|[upkeep]","|","|switch|p2a: Keldeo-Resolute|Keldeo-Resolute|323/323","|turn|19","|","|move|p2a: Keldeo-Resolute|Scald|p1a: Azumarill","|-resisted|p1a: Azumarill","|-damage|p1a: Azumarill|50/403","|move|p1a: Azumarill|Play Rough|p2a: Keldeo-Resolute|[miss]","|-miss|p1a: Azumarill|p2a: Keldeo-Resolute","|","|-weather|none","|turn|20","|","|move|p2a: Keldeo-Resolute|Scald|p1a: Azumarill","|-resisted|p1a: Azumarill","|-damage|p1a: Azumarill|0 fnt","|faint|p1a: Azumarill","|","|","|switch|p1a: Politoed|Politoed, F|225/383","|-weather|RainDance","|turn|21","|","|switch|p1a: Ludicolo|Ludicolo, F|301/301","|move|p2a: Keldeo-Resolute|Scald|p1a: Ludicolo","|-resisted|p1a: Ludicolo","|-damage|p1a: Ludicolo|246/301","|","|-weather|RainDance|[upkeep]","|turn|22","|","|switch|p2a: Infernape|Infernape, M|293/293","|move|p1a: Ludicolo|Giga Drain|p2a: Infernape","|-resisted|p2a: Infernape","|-damage|p2a: Infernape|192/293","|-heal|p1a: Ludicolo|297/301|[from] drain|[of] p2a: Infernape","|-damage|p1a: Ludicolo|267/301|[from] item: Life Orb","|","|-weather|RainDance|[upkeep]","|turn|23","|","|move|p2a: Infernape|Vacuum Wave|p1a: Ludicolo","|-damage|p1a: Ludicolo|185/301","|-damage|p2a: Infernape|163/293|[from] item: Life Orb","|move|p1a: Ludicolo|Surf|p2a: Infernape","|-supereffective|p2a: Infernape","|-damage|p2a: Infernape|0 fnt","|-damage|p1a: Ludicolo|155/301|[from] item: Life Orb","|faint|p2a: Infernape","|","|-weather|RainDance|[upkeep]","|","|switch|p2a: Conkeldurr|Conkeldurr, F|413/413","|turn|24","|","|switch|p1a: Tentacruel|Tentacruel, F|327/363 par","|move|p2a: Conkeldurr|Drain Punch|p1a: Tentacruel","|-resisted|p1a: Tentacruel","|-damage|p1a: Tentacruel|248/363 par","|","|-weather|RainDance|[upkeep]","|-heal|p1a: Tentacruel|270/363 par|[from] item: Black Sludge","|turn|25","|","|move|p2a: Conkeldurr|Knock Off|p1a: Tentacruel","|-damage|p1a: Tentacruel|147/363 par","|-enditem|p1a: Tentacruel|Black Sludge|[from] move: Knock Off|[of] p2a: Conkeldurr","|move|p1a: Tentacruel|Acid Spray|p2a: Conkeldurr","|-damage|p2a: Conkeldurr|374/413","|-unboost|p2a: Conkeldurr|spd|2","|","|-weather|none","|turn|26","|","|switch|p2a: Keldeo-Resolute|Keldeo-Resolute|323/323","|move|p1a: Tentacruel|Acid Spray|p2a: Keldeo-Resolute","|-damage|p2a: Keldeo-Resolute|280/323","|-unboost|p2a: Keldeo-Resolute|spd|2","|","|turn|27","|","|move|p2a: Keldeo-Resolute|Secret Sword|p1a: Tentacruel","|-resisted|p1a: Tentacruel","|-damage|p1a: Tentacruel|72/363 par","|move|p1a: Tentacruel|Rain Dance|p1a: Tentacruel","|-weather|RainDance","|","|-weather|RainDance|[upkeep]","|turn|28","|","|move|p2a: Keldeo-Resolute|Secret Sword|p1a: Tentacruel","|-resisted|p1a: Tentacruel","|-damage|p1a: Tentacruel|0 fnt","|faint|p1a: Tentacruel","|","|-weather|RainDance|[upkeep]","|","|switch|p1a: Ludicolo|Ludicolo, F|155/301","|turn|29","|","|move|p1a: Ludicolo|Giga Drain|p2a: Keldeo-Resolute","|-supereffective|p2a: Keldeo-Resolute","|-damage|p2a: Keldeo-Resolute|0 fnt","|-heal|p1a: Ludicolo|295/301|[from] drain|[of] p2a: Keldeo-Resolute","|-damage|p1a: Ludicolo|265/301|[from] item: Life Orb","|faint|p2a: Keldeo-Resolute","|","|-weather|RainDance|[upkeep]","|","|switch|p2a: Conkeldurr|Conkeldurr, F|374/413","|turn|30","|","|move|p1a: Ludicolo|Surf|p2a: Conkeldurr","|-damage|p2a: Conkeldurr|144/413","|-damage|p1a: Ludicolo|235/301|[from] item: Life Orb","|move|p2a: Conkeldurr|Drain Punch|p1a: Ludicolo","|-damage|p1a: Ludicolo|15/301","|-heal|p2a: Conkeldurr|254/413|[from] drain|[of] p1a: Ludicolo","|","|-weather|RainDance|[upkeep]","|turn|31","|","|move|p2a: Conkeldurr|Mach Punch|p1a: Ludicolo","|-damage|p1a: Ludicolo|0 fnt","|faint|p1a: Ludicolo","|","|-weather|none","|","|switch|p1a: Politoed|Politoed, F|225/383","|-weather|RainDance","|turn|32","|","|move|p1a: Politoed|Perish Song|p1a: Politoed","|-start|p1a: Politoed|perish3|[silent]","|-start|p2a: Conkeldurr|perish3|[silent]","|-fieldactivate|move: Perish Song","|move|p2a: Conkeldurr|Drain Punch|p1a: Politoed","|-damage|p1a: Politoed|20/383","|-heal|p2a: Conkeldurr|357/413|[from] drain|[of] p1a: Politoed","|","|-start|p1a: Politoed|perish3","|-start|p2a: Conkeldurr|perish3","|-weather|RainDance|[upkeep]","|turn|33","|","|move|p2a: Conkeldurr|Mach Punch|p1a: Politoed","|-damage|p1a: Politoed|0 fnt","|faint|p1a: Politoed","|","|-start|p2a: Conkeldurr|perish2","|-weather|RainDance|[upkeep]","|","|switch|p1a: Kingdra|Kingdra, M|291/291","|turn|34","|","|move|p1a: Kingdra|Surf|p2a: Conkeldurr","|-damage|p2a: Conkeldurr|65/413","|move|p2a: Conkeldurr|Drain Punch|p1a: Kingdra","|-damage|p1a: Kingdra|141/291","|-heal|p2a: Conkeldurr|140/413|[from] drain|[of] p1a: Kingdra","|","|-start|p2a: Conkeldurr|perish1","|-weather|RainDance|[upkeep]","|turn|35","|","|move|p2a: Conkeldurr|Mach Punch|p1a: Kingdra","|-damage|p1a: Kingdra|57/291","|move|p1a: Kingdra|Surf|p2a: Conkeldurr","|-damage|p2a: Conkeldurr|0 fnt","|faint|p2a: Conkeldurr","|","|win|JusAnAlt"],"p1rating":{"entryid":"6680044","serverid":"eos","formatid":"monotype","userid":"jusanalt","username":"JusAnAlt","w":44,"l":"18","t":"0","gxe":67.3,"r":"1617.7626828871","rd":"52.36928727867","sigma":"0","rptime":"1438851600","rpr":1637.1569790697,"rprd":49.545530978439,"rpsigma":"0","acre":1302.5517846561,"lacre":1302.5517846561,"oldacre":"1273.2257924074"},"p2rating":{"entryid":"6124841","serverid":"eos","formatid":"monotype","userid":"dsv","username":"DSV","w":"31","l":15,"t":"0","gxe":68.7,"r":"1660.6061710473","rd":"59.642600185102","sigma":"0","rptime":"1438851600","rpr":1649.5947202548,"rprd":58.817399538977,"rpsigma":"0","acre":1310.4962148796,"lacre":1310.4962148796,"oldacre":"1333.9570086786"},"endType":"normal"}