{"seed":[50948,40776,35269,782],"turns":28,"p1":"Sage.13","p2":"swirlix13","p1team":[{"name":"King Ludi","species":"ludicolo","item":"leftovers","ability":"Swift Swim","moves":["teeterdance","scald","icebeam","gigadrain"],"nature":"Modest","evs":{"hp":0,"atk":0,"def":0,"spa":252,"spd":4,"spe":252},"shiny":true,"ivs":{"hp":31,"atk":31,"def":31,"spa":31,"spd":31,"spe":31}},{"name":"SS2 Azu","species":"azumarill","item":"sitrusberry","ability":"Huge Power","moves":["aquajet","playrough","bellydrum","knockoff"],"nature":"Adamant","evs":{"hp":252,"atk":252,"def":0,"spa":0,"spd":4,"spe":0},"shiny":true,"ivs":{"hp":31,"atk":31,"def":31,"spa":31,"spd":31,"spe":31}},{"name":"Swampert","species":"Swampert","item":"swampertite","ability":"Damp","moves":["superpower","waterfall","earthquake","icepunch"],"nature":"Adamant","evs":{"hp":248,"atk":252,"def":0,"spa":0,"spd":8,"spe":0},"ivs":{"hp":31,"atk":31,"def":31,"spa":31,"spd":31,"spe":31}},{"name":"Milo","species":"milotic","item":"leftovers","ability":"Competitive","moves":["scald","icebeam","raindance","toxic"],"nature":"Bold","evs":{"hp":252,"atk":0,"def":252,"spa":4,"spd":0,"spe":0},"shiny":true,"ivs":{"hp":31,"atk":31,"def":31,"spa":31,"spd":31,"spe":31}},{"name":"Politoed","species":"Politoed","item":"widelens","ability":"Drizzle","moves":["icebeam","surf","hypnosis","perishsong"],"nature":"Modest","evs":{"hp":248,"atk":0,"def":0,"spa":252,"spd":8,"spe":0},"shiny":true,"ivs":{"hp":31,"atk":31,"def":31,"spa":31,"spd":31,"spe":31}},{"name":"Swanna","species":"Swanna","item":"lifeorb","ability":"Hydration","moves":["scald","hurricane","defog","icebeam"],"nature":"Timid","evs":{"hp":0,"atk":0,"def":4,"spa":252,"spd":0,"spe":252},"shiny":true,"ivs":{"hp":31,"atk":31,"def":31,"spa":31,"spd":31,"spe":31}}],"p2team":[{"name":"Diancie","species":"Diancie","item":"diancite","ability":"Clear Body","moves":["earthpower","moonblast","diamondstorm","protect"],"nature":"Naive","evs":{"hp":0,"atk":4,"def":0,"spa":252,"spd":0,"spe":252},"ivs":{"hp":31,"atk":31,"def":31,"spa":31,"spd":31,"spe":31}},{"name":"Togekiss","species":"Togekiss","item":"choicespecs","ability":"Serene Grace","moves":["dazzlinggleam","aurasphere","airslash","flamethrower"],"nature":"Modest","evs":{"hp":248,"atk":0,"def":0,"spa":252,"spd":8,"spe":0},"ivs":{"hp":31,"atk":31,"def":31,"spa":31,"spd":31,"spe":31}},{"name":"Klefki","species":"Klefki","item":"lightclay","ability":"Prankster","moves":["reflect","lightscreen","thunderwave","foulplay"],"nature":"Bold","evs":{"hp":252,"atk":0,"def":64,"spa":0,"spd":192,"spe":0},"ivs":{"hp":31,"atk":31,"def":31,"spa":31,"spd":31,"spe":31}},{"name":"Azumarill","species":"Azumarill","item":"assaultvest","ability":"Huge Power","moves":["playrough","aquajet","waterfall","poweruppunch"],"nature":"Adamant","evs":{"hp":248,"atk":252,"def":0,"spa":0,"spd":0,"spe":8},"gender":"M","ivs":{"hp":31,"atk":31,"def":31,"spa":31,"spd":31,"spe":31}},{"name":"Mr. Mime","species":"Mr. Mime","item":"leftovers","ability":"Soundproof","moves":["barrier","nastyplot","batonpass","dazzlinggleam"],"nature":"Timid","evs":{"hp":0,"atk":0,"def":0,"spa":252,"spd":4,"spe":252},"ivs":{"hp":31,"atk":31,"def":31,"spa":31,"spd":31,"spe":31}},{"name":"Granbull","species":"Granbull","item":"leftovers","ability":"Intimidate","moves":["earthquake","firepunch","bulkup","playrough"],"nature":"Adamant","evs":{"hp":188,"atk":200,"def":120,"spa":0,"spd":0,"spe":0},"ivs":{"hp":31,"atk":31,"def":31,"spa":31,"spd":31,"spe":31}}],"log":["|player|p1|Sage.13|154","|player|p2|swirlix13|32","|gametype|singles","|gen|6","|tier|Monotype","|rated","|rule|Baton Pass Clause: Limit one Baton Passer, can't pass Spe and other stats simultaneously","|rule|Swagger Clause: Swagger is banned","|rule|Same Type Clause: Pokémon in a team must share a type","|clearpoke","|poke|p1|Ludicolo, M, shiny","|poke|p1|Azumarill, M, shiny","|poke|p1|Swampert, F","|poke|p1|Milotic, M, shiny","|poke|p1|Politoed, F, shiny","|poke|p1|Swanna, F, shiny","|poke|p2|Diancie","|poke|p2|Togekiss, F","|poke|p2|Klefki, F","|poke|p2|Azumarill, M","|poke|p2|Mr. Mime, M","|poke|p2|Granbull, F","|rule|Sleep Clause Mod: Limit one foe put to sleep","|rule|Species Clause: Limit one of each Pokémon","|rule|OHKO Clause: OHKO moves are banned","|rule|Moody Clause: Moody is banned","|rule|Evasion Moves Clause: Evasion moves are banned","|rule|Endless Battle Clause: Forcing endless battles is banned","|rule|HP Percentage Mod: HP is shown in percentages","|teampreview","|","|start","|switch|p1a: Swampert|Swampert, F|403/403","|switch|p2a: Klefki|Klefki, F|318/318","|turn|1","|","|detailschange|p1a: Swampert|Swampert-Mega, F","|-mega|p1a: Swampert|Swampert|Swampertite","|move|p2a: Klefki|Reflect|p2a: Klefki","|-sidestart|p2: swirlix13|Reflect","|move|p1a: Swampert|Earthquake|p2a: Klefki","|-supereffective|p2a: Klefki","|-damage|p2a: Klefki|108/318","|","|turn|2","|","|switch|p2a: Togekiss|Togekiss, F|373/373","|switch|p1a: Politoed|Politoed, F, shiny|383/383","|-weather|RainDance","|","|-weather|RainDance|[upkeep]","|turn|3","|","|switch|p2a: Klefki|Klefki, F|108/318","|move|p1a: Politoed|Hypnosis|p2a: Klefki","|-status|p2a: Klefki|slp","|","|-weather|RainDance|[upkeep]","|turn|4","|","|switch|p2a: Azumarill|Azumarill, M|403/403","|move|p1a: Politoed|Surf|p2a: Azumarill","|-resisted|p2a: Azumarill","|-damage|p2a: Azumarill|327/403","|","|-weather|RainDance|[upkeep]","|turn|5","|","|move|p1a: Politoed|Perish Song|p1a: Politoed","|-start|p1a: Politoed|perish3|[silent]","|-start|p2a: Azumarill|perish3|[silent]","|-fieldactivate|move: Perish Song","|move|p2a: Azumarill|Power-Up Punch|p1a: Politoed","|-damage|p1a: Politoed|303/383","|-boost|p2a: Azumarill|atk|1","|","|-start|p1a: Politoed|perish3","|-start|p2a: Azumarill|perish3","|-weather|RainDance|[upkeep]","|turn|6","|","|switch|p1a: King Ludi|Ludicolo, M, shiny|301/301","|move|p2a: Azumarill|Play Rough|p1a: King Ludi","|-damage|p1a: King Ludi|0 fnt","|faint|p1a: King Ludi","|","|-start|p2a: Azumarill|perish2","|-weather|none","|","|switch|p1a: SS2 Azu|Azumarill, M, shiny|404/404","|turn|7","|","|move|p2a: Azumarill|Play Rough|p1a: SS2 Azu","|-damage|p1a: SS2 Azu|77/404","|-enditem|p1a: SS2 Azu|Sitrus Berry|[eat]","|-heal|p1a: SS2 Azu|178/404|[from] item: Sitrus Berry","|move|p1a: SS2 Azu|Belly Drum|p1a: SS2 Azu","|-fail|p1a: SS2 Azu","|","|-start|p2a: Azumarill|perish1","|turn|8","|","|switch|p2a: Granbull|Granbull, F|368/368","|-ability|p2a: Granbull|Intimidate","|-unboost|p1a: SS2 Azu|atk|1","|switch|p1a: Politoed|Politoed, F, shiny|303/383","|-weather|RainDance","|","|-weather|RainDance|[upkeep]","|-sideend|p2: swirlix13|Reflect","|turn|9","|","|switch|p2a: Azumarill|Azumarill, M|327/403","|move|p1a: Politoed|Surf|p2a: Azumarill","|-resisted|p2a: Azumarill","|-damage|p2a: Azumarill|237/403","|","|-weather|RainDance|[upkeep]","|turn|10","|","|switch|p1a: SS2 Azu|Azumarill, M, shiny|178/404","|move|p2a: Azumarill|Power-Up Punch|p1a: SS2 Azu","|-resisted|p1a: SS2 Azu","|-damage|p1a: SS2 Azu|144/404","|-boost|p2a: Azumarill|atk|1","|","|-weather|RainDance|[upkeep]","|turn|11","|","|move|p2a: Azumarill|Aqua Jet|p1a: SS2 Azu","|-resisted|p1a: SS2 Azu","|-damage|p1a: SS2 Azu|26/404","|move|p1a: SS2 Azu|Play Rough|p2a: Azumarill","|-damage|p2a: Azumarill|6/403","|","|-weather|RainDance|[upkeep]","|turn|12","|","|move|p2a: Azumarill|Aqua Jet|p1a: SS2 Azu","|-resisted|p1a: SS2 Azu","|-damage|p1a: SS2 Azu|0 fnt","|faint|p1a: SS2 Azu","|","|-weather|none","|","|switch|p1a: Swanna|Swanna, F, shiny|291/291","|turn|13","|","|move|p1a: Swanna|Scald|p2a: Azumarill","|-resisted|p2a: Azumarill","|-damage|p2a: Azumarill|0 fnt","|-damage|p1a: Swanna|262/291|[from] item: Life Orb","|faint|p2a: Azumarill","|","|","|switch|p2a: Mr. Mime|Mr. Mime, M|221/221","|turn|14","|","|switch|p1a: Politoed|Politoed, F, shiny|303/383","|-weather|RainDance","|move|p2a: Mr. Mime|Barrier|p2a: Mr. Mime","|-boost|p2a: Mr. Mime|def|2","|","|-weather|RainDance|[upkeep]","|turn|15","|","|move|p2a: Mr. Mime|Nasty Plot|p2a: Mr. Mime","|-boost|p2a: Mr. Mime|spa|2","|move|p1a: Politoed|Surf|p2a: Mr. Mime","|-damage|p2a: Mr. Mime|49/221","|","|-weather|RainDance|[upkeep]","|-heal|p2a: Mr. Mime|62/221|[from] item: Leftovers","|turn|16","|","|move|p2a: Mr. Mime|Baton Pass|p2a: Mr. Mime","|","|switch|p2a: Togekiss|Togekiss, F|373/373","|move|p1a: Politoed|Surf|p2a: Togekiss","|-damage|p2a: Togekiss|198/373","|","|-weather|RainDance|[upkeep]","|turn|17","|","|move|p2a: Togekiss|Dazzling Gleam|p1a: Politoed","|-damage|p1a: Politoed|0 fnt","|faint|p1a: Politoed","|","|-weather|RainDance|[upkeep]","|","|switch|p1a: Swampert|Swampert-Mega, F|403/403","|turn|18","|","|move|p1a: Swampert|Ice Punch|p2a: Togekiss","|-supereffective|p2a: Togekiss","|-damage|p2a: Togekiss|90/373","|move|p2a: Togekiss|Dazzling Gleam|p1a: Swampert","|-damage|p1a: Swampert|0 fnt","|faint|p1a: Swampert","|","|-weather|none","|","|switch|p1a: Swanna|Swanna, F, shiny|262/291","|turn|19","|","|move|p1a: Swanna|Ice Beam|p2a: Togekiss","|-supereffective|p2a: Togekiss","|-damage|p2a: Togekiss|0 fnt","|-damage|p1a: Swanna|233/291|[from] item: Life Orb","|faint|p2a: Togekiss","|","|","|switch|p2a: Klefki|Klefki, F|108/318 slp","|turn|20","|","|cant|p2a: Klefki|slp","|move|p1a: Swanna|Scald|p2a: Klefki","|-damage|p2a: Klefki|0 fnt","|-damage|p1a: Swanna|204/291|[from] item: Life Orb","|faint|p2a: Klefki","|","|","|switch|p2a: Mr. Mime|Mr. Mime, M|62/221","|turn|21","|","|switch|p1a: Milo|Milotic, M, shiny|394/394","|move|p2a: Mr. Mime|Dazzling Gleam|p1a: Milo","|-damage|p1a: Milo|295/394","|","|-heal|p2a: Mr. Mime|75/221|[from] item: Leftovers","|-heal|p1a: Milo|319/394|[from] item: Leftovers","|turn|22","|","|move|p2a: Mr. Mime|Nasty Plot|p2a: Mr. Mime","|-boost|p2a: Mr. Mime|spa|2","|move|p1a: Milo|Toxic|p2a: Mr. Mime","|-status|p2a: Mr. Mime|tox","|","|-heal|p2a: Mr. Mime|88/221 tox|[from] item: Leftovers","|-heal|p1a: Milo|343/394|[from] item: Leftovers","|-damage|p2a: Mr. Mime|75/221 tox|[from] psn","|turn|23","|","|move|p2a: Mr. Mime|Dazzling Gleam|p1a: Milo","|-damage|p1a: Milo|130/394","|move|p1a: Milo|Scald|p2a: Mr. Mime","|-crit|p2a: Mr. Mime","|-damage|p2a: Mr. Mime|0 fnt","|faint|p2a: Mr. Mime","|","|-heal|p1a: Milo|154/394|[from] item: Leftovers","|","|switch|p2a: Granbull|Granbull, F|368/368","|-ability|p2a: Granbull|Intimidate","|-unboost|p1a: Milo|atk|1","|-boost|p1a: Milo|spa|2|[from] ability: Competitive","|turn|24","|","|move|p1a: Milo|Scald|p2a: Granbull","|-damage|p2a: Granbull|100/368","|move|p2a: Granbull|Play Rough|p1a: Milo","|-damage|p1a: Milo|13/394","|","|-heal|p1a: Milo|37/394|[from] item: Leftovers","|-heal|p2a: Granbull|123/368|[from] item: Leftovers","|turn|25","|","|move|p1a: Milo|Scald|p2a: Granbull","|-damage|p2a: Granbull|0 fnt","|faint|p2a: Granbull","|","|-heal|p1a: Milo|61/394|[from] item: Leftovers","|","|switch|p2a: Diancie|Diancie|241/241","|turn|26","|","|detailschange|p2a: Diancie|Diancie-Mega","|-mega|p2a: Diancie|Diancie|Diancite","|move|p2a: Diancie|Protect|p2a: Diancie","|-singleturn|p2a: Diancie|Protect","|move|p1a: Milo|Scald|p2a: Diancie","|-activate|p2a: Diancie|Protect","|","|-heal|p1a: Milo|85/394|[from] item: Leftovers","|turn|27","|","|move|p2a: Diancie|Moonblast|p1a: Milo","|-damage|p1a: Milo|0 fnt","|faint|p1a: Milo","|","|","|switch|p1a: Swanna|Swanna, F, shiny|204/291","|turn|28","|","|move|p2a: Diancie|Moonblast|p1a: Swanna","|-crit|p1a: Swanna","|-damage|p1a: Swanna|0 fnt","|faint|p1a: Swanna","|","|win|swirlix13"],"p1rating":{"entryid":"7365108","serverid":"eos","formatid":"monotype","userid":"sage13","username":"Sage.13","w":"18","l":19,"t":"0","gxe":47.1,"r":"1501.1655659872","rd":"60.373939054538","sigma":"0","rptime":"1438851600","rpr":1478.2527029158,"rprd":55.019704309432,"rpsigma":"0","acre":1063.2644933899,"lacre":1063.2644933899,"oldacre":"1093.6384196003"},"p2rating":{"entryid":7446090,"formatid":"monotype","userid":"swirlix13","username":"swirlix13","r":1500,"rd":130,"sigma":0,"rpr":1542.2278428119,"rprd":122.02169557332,"rpsigma":0,"rptime":1438851600,"w":1,"l":0,"t":0,"gxe":55.3,"acre":1050.5268662694,"lacre":1050.5268662694,"oldacre":1000},"endType":"normal"}