{"seed":[38723,63614,17386,59123],"turns":26,"p1":"tboltrider","p2":"Inferno Sasuke","p1team":[{"name":"Altaria","species":"Altaria","item":"altarianite","ability":"Natural Cure","moves":["return","roost","dracometeor","dragondance"],"nature":"","evs":{"hp":0,"atk":220,"def":0,"spa":160,"spd":0,"spe":1},"gender":"F","ivs":{"hp":31,"atk":31,"def":31,"spa":31,"spd":31,"spe":31}},{"name":"Landorus-Therian","species":"Landorus-Therian","item":"assaultvest","ability":"Intimidate","moves":["earthquake","knockoff","uturn","stoneedge"],"nature":"Jolly","evs":{"hp":0,"atk":56,"def":0,"spa":0,"spd":200,"spe":252},"ivs":{"hp":31,"atk":31,"def":31,"spa":31,"spd":31,"spe":31}},{"name":"Skarmory","species":"Skarmory","item":"rockyhelmet","ability":"Sturdy","moves":["roost","spikes","stealthrock","ironhead"],"nature":"Adamant","evs":{"hp":0,"atk":148,"def":0,"spa":0,"spd":160,"spe":200},"gender":"M","ivs":{"hp":31,"atk":31,"def":31,"spa":31,"spd":31,"spe":31}},{"name":"Charizard","species":"Charizard","item":"lifeorb","ability":"Blaze","moves":["flamethrower","roost","hiddenpowergrass","dragonpulse"],"nature":"Calm","evs":{"hp":0,"atk":0,"def":156,"spa":0,"spd":100,"spe":252},"gender":"M","ivs":{"hp":31,"atk":30,"def":31,"spa":30,"spd":31,"spe":31}},{"name":"Togekiss","species":"Togekiss","item":"leftovers","ability":"Serene Grace","moves":["healbell","airslash","softboiled","dazzlinggleam"],"nature":"Modest","evs":{"hp":0,"atk":0,"def":148,"spa":108,"spd":0,"spe":252},"gender":"F","ivs":{"hp":31,"atk":31,"def":31,"spa":31,"spd":31,"spe":31}},{"name":"Mandibuzz","species":"Mandibuzz","item":"leftovers","ability":"Big Pecks","moves":["bravebird","defog","knockoff","taunt"],"nature":"Adamant","evs":{"hp":0,"atk":252,"def":0,"spa":0,"spd":108,"spe":148},"ivs":{"hp":31,"atk":31,"def":31,"spa":31,"spd":31,"spe":31}}],"p2team":[{"name":"Mangyeko","species":"sableye","item":"sablenite","ability":"Prankster","moves":["calmmind","recover","willowisp","snarl"],"nature":"Bold","evs":{"hp":252,"atk":0,"def":196,"spa":0,"spd":60,"spe":0},"ivs":{"hp":31,"atk":31,"def":31,"spa":31,"spd":31,"spe":31}},{"name":"Gamakichi","species":"tyranitar","item":"leftovers","ability":"Sand Stream","moves":["stoneedge","fireblast","stealthrock","thunderwave"],"nature":"Brave","evs":{"hp":252,"atk":56,"def":0,"spa":0,"spd":200,"spe":0},"ivs":{"hp":31,"atk":31,"def":31,"spa":31,"spd":31,"spe":31}},{"name":"Rikoudo Sennin","species":"hoopaunbound","item":"choicescarf","ability":"Magician","moves":["hyperspacefury","hyperspacehole","gunkshot","energyball"],"nature":"Hasty","evs":{"hp":0,"atk":180,"def":0,"spa":76,"spd":0,"spe":252},"ivs":{"hp":31,"atk":31,"def":31,"spa":31,"spd":31,"spe":31}},{"name":"Island turtle","species":"crawdaunt","item":"lifeorb","ability":"Adaptability","moves":["knockoff","aquajet","swordsdance","crabhammer"],"nature":"Adamant","evs":{"hp":0,"atk":252,"def":0,"spa":0,"spd":4,"spe":252},"ivs":{"hp":31,"atk":31,"def":31,"spa":31,"spd":31,"spe":31}},{"name":"Ariel Attack","species":"mandibuzz","item":"rockyhelmet","ability":"Overcoat","moves":["bravebird","foulplay","roost","defog"],"nature":"Impish","evs":{"hp":248,"atk":8,"def":252,"spa":0,"spd":0,"spe":0},"ivs":{"hp":31,"atk":31,"def":31,"spa":31,"spd":31,"spe":31}},{"name":"Hand-2-Hand","species":"bisharp","item":"lumberry","ability":"Defiant","moves":["swordsdance","knockoff","ironhead","suckerpunch"],"nature":"Adamant","evs":{"hp":0,"atk":252,"def":0,"spa":0,"spd":4,"spe":252},"ivs":{"hp":31,"atk":31,"def":31,"spa":31,"spd":31,"spe":31}}],"log":["|player|p1|tboltrider|93","|player|p2|Inferno Sasuke|281","|gametype|singles","|gen|6","|tier|Monotype","|rated","|rule|Baton Pass Clause: Limit one Baton Passer, can't pass Spe and other stats simultaneously","|rule|Swagger Clause: Swagger is banned","|rule|Same Type Clause: Pokémon in a team must share a type","|clearpoke","|poke|p1|Altaria, F","|poke|p1|Landorus-Therian, M","|poke|p1|Skarmory, M","|poke|p1|Charizard, M","|poke|p1|Togekiss, F","|poke|p1|Mandibuzz, F","|poke|p2|Sableye, F","|poke|p2|Tyranitar, F","|poke|p2|Hoopa-Unbound","|poke|p2|Crawdaunt, F","|poke|p2|Mandibuzz, F","|poke|p2|Bisharp, M","|rule|Sleep Clause Mod: Limit one foe put to sleep","|rule|Species Clause: Limit one of each Pokémon","|rule|OHKO Clause: OHKO moves are banned","|rule|Moody Clause: Moody is banned","|rule|Evasion Moves Clause: Evasion moves are banned","|rule|Endless Battle Clause: Forcing endless battles is banned","|rule|HP Percentage Mod: HP is shown in percentages","|teampreview","|","|start","|switch|p1a: Landorus-Therian|Landorus-Therian, M|319/319","|switch|p2a: Rikoudo Sennin|Hoopa-Unbound|301/301","|-ability|p1a: Landorus-Therian|Intimidate","|-unboost|p2a: Rikoudo Sennin|atk|1","|turn|1","|","|move|p2a: Rikoudo Sennin|Hyperspace Fury|p1a: Landorus-Therian","|-damage|p1a: Landorus-Therian|166/319","|-unboost|p2a: Rikoudo Sennin|def|1","|move|p1a: Landorus-Therian|Knock Off|p2a: Rikoudo Sennin","|-damage|p2a: Rikoudo Sennin|14/301","|-enditem|p2a: Rikoudo Sennin|Choice Scarf|[from] move: Knock Off|[of] p1a: Landorus-Therian","|","|turn|2","|","|move|p1a: Landorus-Therian|U-turn|p2a: Rikoudo Sennin","|-supereffective|p2a: Rikoudo Sennin","|-damage|p2a: Rikoudo Sennin|0 fnt","|faint|p2a: Rikoudo Sennin","|","|switch|p1a: Skarmory|Skarmory, M|271/271","|","|","|switch|p2a: Mangyeko|Sableye, F|304/304","|turn|3","|","|detailschange|p2a: Mangyeko|Sableye-Mega, F","|-mega|p2a: Mangyeko|Sableye|Sablenite","|move|p2a: Mangyeko|Calm Mind|p2a: Mangyeko","|-boost|p2a: Mangyeko|spa|1","|-boost|p2a: Mangyeko|spd|1","|move|p1a: Skarmory|Spikes|p2a: Mangyeko","|move|p2a: Mangyeko|Spikes|p1a: Skarmory|[from]Magic Bounce","|-sidestart|p1: tboltrider|Spikes","|","|turn|4","|","|move|p1a: Skarmory|Iron Head|p2a: Mangyeko","|-damage|p2a: Mangyeko|243/304","|move|p2a: Mangyeko|Calm Mind|p2a: Mangyeko","|-boost|p2a: Mangyeko|spa|1","|-boost|p2a: Mangyeko|spd|1","|","|turn|5","|","|switch|p1a: Mandibuzz|Mandibuzz, F|361/361","|move|p2a: Mangyeko|Will-O-Wisp|p1a: Mandibuzz","|-status|p1a: Mandibuzz|brn","|","|-damage|p1a: Mandibuzz|316/361 brn|[from] brn","|turn|6","|","|move|p1a: Mandibuzz|Defog|p2a: Mangyeko","|move|p2a: Mangyeko|Defog|p1a: Mandibuzz|[from]Magic Bounce","|-unboost|p1a: Mandibuzz|evasion|1","|-sideend|p1: tboltrider|Spikes|[from] move: Defog|[of] p1a: Mandibuzz","|move|p2a: Mangyeko|Calm Mind|p2a: Mangyeko","|-boost|p2a: Mangyeko|spa|1","|-boost|p2a: Mangyeko|spd|1","|","|-heal|p1a: Mandibuzz|338/361 brn|[from] item: Leftovers","|-damage|p1a: Mandibuzz|293/361 brn|[from] brn","|turn|7","|","|move|p1a: Mandibuzz|Brave Bird|p2a: Mangyeko","|-damage|p2a: Mangyeko|193/304","|-damage|p1a: Mandibuzz|276/361 brn|[from] recoil|[of] p2a: Mangyeko","|move|p2a: Mangyeko|Snarl|p1a: Mandibuzz","|-resisted|p1a: Mandibuzz","|-damage|p1a: Mandibuzz|213/361 brn","|-unboost|p1a: Mandibuzz|spa|1","|","|-heal|p1a: Mandibuzz|235/361 brn|[from] item: Leftovers","|-damage|p1a: Mandibuzz|190/361 brn|[from] brn","|turn|8","|","|move|p1a: Mandibuzz|Knock Off|p2a: Mangyeko","|-damage|p2a: Mangyeko|169/304","|move|p2a: Mangyeko|Calm Mind|p2a: Mangyeko","|-boost|p2a: Mangyeko|spa|1","|-boost|p2a: Mangyeko|spd|1","|","|-heal|p1a: Mandibuzz|212/361 brn|[from] item: Leftovers","|-damage|p1a: Mandibuzz|167/361 brn|[from] brn","|turn|9","|","|switch|p1a: Landorus-Therian|Landorus-Therian, M|166/319","|-ability|p1a: Landorus-Therian|Intimidate","|-unboost|p2a: Mangyeko|atk|1","|move|p2a: Mangyeko|Recover|p2a: Mangyeko","|-heal|p2a: Mangyeko|304/304","|","|turn|10","|","|move|p1a: Landorus-Therian|Earthquake|p2a: Mangyeko","|-damage|p2a: Mangyeko|195/304","|move|p2a: Mangyeko|Snarl|p1a: Landorus-Therian","|-damage|p1a: Landorus-Therian|54/319","|-unboost|p1a: Landorus-Therian|spa|1","|","|turn|11","|","|move|p1a: Landorus-Therian|Earthquake|p2a: Mangyeko","|-damage|p2a: Mangyeko|83/304","|move|p2a: Mangyeko|Snarl|p1a: Landorus-Therian","|-damage|p1a: Landorus-Therian|0 fnt","|faint|p1a: Landorus-Therian","|","|","|switch|p1a: Skarmory|Skarmory, M|271/271","|turn|12","|","|move|p1a: Skarmory|Iron Head|p2a: Mangyeko","|-damage|p2a: Mangyeko|20/304","|cant|p2a: Mangyeko|flinch","|","|turn|13","|","|move|p1a: Skarmory|Iron Head|p2a: Mangyeko","|-damage|p2a: Mangyeko|0 fnt","|faint|p2a: Mangyeko","|","|","|switch|p2a: Island turtle|Crawdaunt, F|267/267","|turn|14","|","|move|p1a: Skarmory|Spikes|p2a: Island turtle","|-sidestart|p2: Inferno Sasuke|Spikes","|move|p2a: Island turtle|Swords Dance|p2a: Island turtle","|-boost|p2a: Island turtle|atk|2","|","|turn|15","|","|switch|p1a: Mandibuzz|Mandibuzz, F|167/361 brn","|move|p2a: Island turtle|Knock Off|p1a: Mandibuzz","|-resisted|p1a: Mandibuzz","|-damage|p1a: Mandibuzz|0 fnt","|-enditem|p1a: Mandibuzz|Leftovers|[from] move: Knock Off|[of] p2a: Island turtle","|-damage|p2a: Island turtle|241/267|[from] item: Life Orb","|faint|p1a: Mandibuzz","|","|","|switch|p1a: Togekiss|Togekiss, F|311/311","|turn|16","|","|move|p1a: Togekiss|Air Slash|p2a: Island turtle","|-damage|p2a: Island turtle|58/267","|cant|p2a: Island turtle|flinch","|","|turn|17","|","|move|p1a: Togekiss|Air Slash|p2a: Island turtle","|-damage|p2a: Island turtle|0 fnt","|faint|p2a: Island turtle","|","|","|switch|p2a: Hand-2-Hand|Bisharp, M|271/271","|-damage|p2a: Hand-2-Hand|238/271|[from] Spikes","|turn|18","|","|switch|p1a: Charizard|Charizard, M|297/297","|move|p2a: Hand-2-Hand|Iron Head|p1a: Charizard","|-resisted|p1a: Charizard","|-damage|p1a: Charizard|221/297","|","|turn|19","|","|move|p1a: Charizard|Flamethrower|p2a: Hand-2-Hand","|-supereffective|p2a: Hand-2-Hand","|-damage|p2a: Hand-2-Hand|0 fnt","|-damage|p1a: Charizard|192/297|[from] item: Life Orb","|faint|p2a: Hand-2-Hand","|","|","|switch|p2a: Gamakichi|Tyranitar, F|404/404","|-damage|p2a: Gamakichi|354/404|[from] Spikes","|-weather|Sandstorm","|turn|20","|","|move|p1a: Charizard|Hidden Power|p2a: Gamakichi","|-supereffective|p2a: Gamakichi","|-damage|p2a: Gamakichi|281/404","|-damage|p1a: Charizard|163/297|[from] item: Life Orb","|move|p2a: Gamakichi|Stone Edge|p1a: Charizard","|-supereffective|p1a: Charizard","|-damage|p1a: Charizard|0 fnt","|faint|p1a: Charizard","|","|-weather|Sandstorm|[upkeep]","|-heal|p2a: Gamakichi|306/404|[from] item: Leftovers","|","|switch|p1a: Skarmory|Skarmory, M|271/271","|turn|21","|","|move|p1a: Skarmory|Iron Head|p2a: Gamakichi","|-supereffective|p2a: Gamakichi","|-damage|p2a: Gamakichi|132/404","|cant|p2a: Gamakichi|flinch","|","|-weather|Sandstorm|[upkeep]","|-heal|p2a: Gamakichi|157/404|[from] item: Leftovers","|turn|22","|","|move|p1a: Skarmory|Iron Head|p2a: Gamakichi","|-supereffective|p2a: Gamakichi","|-damage|p2a: Gamakichi|0 fnt","|faint|p2a: Gamakichi","|","|-weather|Sandstorm|[upkeep]","|","|switch|p2a: Ariel Attack|Mandibuzz, F|423/423","|turn|23","|","|move|p1a: Skarmory|Iron Head|p2a: Ariel Attack","|-damage|p2a: Ariel Attack|348/423","|-damage|p1a: Skarmory|226/271|[from] item: Rocky Helmet|[of] p2a: Ariel Attack","|cant|p2a: Ariel Attack|flinch","|","|-weather|Sandstorm|[upkeep]","|turn|24","|","|move|p1a: Skarmory|Iron Head|p2a: Ariel Attack","|-damage|p2a: Ariel Attack|281/423","|-damage|p1a: Skarmory|181/271|[from] item: Rocky Helmet|[of] p2a: Ariel Attack","|cant|p2a: Ariel Attack|flinch","|","|-weather|none","|turn|25","|","|switch|p1a: Togekiss|Togekiss, F|311/311","|move|p2a: Ariel Attack|Foul Play|p1a: Togekiss","|-resisted|p1a: Togekiss","|-damage|p1a: Togekiss|286/311","|","|-heal|p1a: Togekiss|305/311|[from] item: Leftovers","|turn|26","|","|move|p1a: Togekiss|Dazzling Gleam|p2a: Ariel Attack","|-supereffective|p2a: Ariel Attack","|-damage|p2a: Ariel Attack|0 fnt","|faint|p2a: Ariel Attack","|","|win|tboltrider"],"p1rating":{"entryid":"6783929","serverid":"eos","formatid":"monotype","userid":"tboltrider","username":"tboltrider","w":10,"l":"22","t":"0","gxe":34.9,"r":"1378.5778471541","rd":"65.360208887507","sigma":"0","rptime":"1438851600","rpr":1381.1076880174,"rprd":63.36628322448,"rpsigma":"0","acre":1073.993149182,"lacre":1073.993149182,"oldacre":"1036.234210691"},"p2rating":{"entryid":"7291991","serverid":"eos","formatid":"monotype","userid":"infernosasuke","username":"Inferno Sasuke","w":"9","l":29,"t":"0","gxe":28,"r":"1340.0123426009","rd":"64.231256878895","sigma":"0","rptime":"1438851600","rpr":1319.6107821939,"rprd":57.605805263671,"rpsigma":"0","acre":1046.2944811637,"lacre":1046.2944811637,"oldacre":"1068.4318931364"},"endType":"normal"}