{"seed":[31725,54897,47710,60264],"turns":27,"p1":"LTIL-Tahit","p2":"MrNyanNyanz","p1team":[{"name":"Skarmory","species":"Skarmory","item":"rockyhelmet","ability":"Sturdy","moves":["roost","stealthrock","bravebird","defog"],"nature":"Impish","evs":{"hp":0,"atk":0,"def":252,"spa":0,"spd":252,"spe":4},"ivs":{"hp":31,"atk":31,"def":31,"spa":31,"spd":31,"spe":31}},{"name":"Landorus","species":"Landorus","item":"choicescarf","ability":"Sheer Force","moves":["earthquake","uturn","knockoff","rockslide"],"nature":"Adamant","evs":{"hp":0,"atk":252,"def":0,"spa":0,"spd":4,"spe":252},"ivs":{"hp":31,"atk":31,"def":31,"spa":31,"spd":31,"spe":31}},{"name":"Thundurus","species":"Thundurus","item":"lifeorb","ability":"Prankster","moves":["nastyplot","thunderbolt","hiddenpowerice","focusblast"],"nature":"Timid","evs":{"hp":0,"atk":0,"def":4,"spa":252,"spd":0,"spe":252},"ivs":{"hp":31,"atk":30,"def":30,"spa":31,"spd":31,"spe":31}},{"name":"Aerodactyl","species":"Aerodactyl","item":"aerodactylite","ability":"Pressure","moves":["honeclaws","stoneedge","roost","aerialace"],"nature":"Jolly","evs":{"hp":40,"atk":252,"def":0,"spa":0,"spd":0,"spe":216},"ivs":{"hp":31,"atk":31,"def":31,"spa":31,"spd":31,"spe":31}},{"name":"Masquerain","species":"Masquerain","item":"focussash","ability":"Intimidate","moves":["stickyweb","tailwind","attract","powersplit"],"nature":"Timid","evs":{"hp":252,"atk":0,"def":4,"spa":0,"spd":0,"spe":252},"ivs":{"hp":31,"atk":31,"def":31,"spa":31,"spd":31,"spe":31}},{"name":"Sigilyph","species":"Sigilyph","item":"flameorb","ability":"Wonder Skin","moves":["cosmicpower","psychoshift","roost","miracleeye"],"nature":"Calm","evs":{"hp":252,"atk":0,"def":252,"spa":0,"spd":4,"spe":0},"ivs":{"hp":31,"atk":31,"def":31,"spa":31,"spd":31,"spe":31}}],"p2team":[{"name":"Houndoom","species":"Houndoom","item":"houndoominite","ability":"Early Bird","moves":["solarbeam","darkpulse","hiddenpowerice","flamethrower"],"nature":"Timid","evs":{"hp":0,"atk":0,"def":0,"spa":252,"spd":4,"spe":252},"ivs":{"hp":31,"atk":30,"def":30,"spa":31,"spd":31,"spe":31}},{"name":"Victini","species":"Victini","item":"choicescarf","ability":"Victory Star","moves":["glaciate","energyball","boltstrike","vcreate"],"nature":"Hasty","evs":{"hp":0,"atk":252,"def":0,"spa":4,"spd":0,"spe":252},"ivs":{"hp":31,"atk":31,"def":31,"spa":31,"spd":31,"spe":31}},{"name":"Ninetales","species":"Ninetales","item":"heatrock","ability":"Drought","moves":["energyball","fireblast","toxic","psyshock"],"nature":"Timid","evs":{"hp":0,"atk":0,"def":0,"spa":252,"spd":4,"spe":252},"ivs":{"hp":31,"atk":31,"def":31,"spa":31,"spd":31,"spe":31}},{"name":"Rotom-Heat","species":"Rotom-Heat","item":"lightclay","ability":"Levitate","moves":["reflect","lightscreen","voltswitch","overheat"],"nature":"Modest","evs":{"hp":248,"atk":0,"def":0,"spa":252,"spd":8,"spe":0},"ivs":{"hp":31,"atk":31,"def":31,"spa":31,"spd":31,"spe":31}},{"name":"Moltres","species":"Moltres","item":"leftovers","ability":"Pressure","moves":["defog","airslash","solarbeam","flamethrower"],"nature":"Modest","evs":{"hp":252,"atk":0,"def":0,"spa":252,"spd":4,"spe":0},"ivs":{"hp":31,"atk":31,"def":31,"spa":31,"spd":31,"spe":31}},{"name":"Combusken","species":"Combusken","item":"choiceband","ability":"Speed Boost","moves":["skyuppercut","flareblitz","thunderpunch","rockslide"],"nature":"Adamant","evs":{"hp":0,"atk":252,"def":0,"spa":0,"spd":4,"spe":252},"ivs":{"hp":31,"atk":31,"def":31,"spa":31,"spd":31,"spe":31}}],"log":["|player|p1|LTIL-Tahit|169","|player|p2|MrNyanNyanz|mrnyannyanz.png","|gametype|singles","|gen|6","|tier|Monotype","|rated","|rule|Baton Pass Clause: Limit one Baton Passer, can't pass Spe and other stats simultaneously","|rule|Swagger Clause: Swagger is banned","|rule|Same Type Clause: Pokémon in a team must share a type","|clearpoke","|poke|p1|Skarmory, M","|poke|p1|Landorus, M","|poke|p1|Thundurus, M","|poke|p1|Aerodactyl, F","|poke|p1|Masquerain, M","|poke|p1|Sigilyph, F","|poke|p2|Houndoom, M","|poke|p2|Victini","|poke|p2|Ninetales, F","|poke|p2|Rotom-Heat","|poke|p2|Moltres","|poke|p2|Combusken, F","|rule|Sleep Clause Mod: Limit one foe put to sleep","|rule|Species Clause: Limit one of each Pokémon","|rule|OHKO Clause: OHKO moves are banned","|rule|Moody Clause: Moody is banned","|rule|Evasion Moves Clause: Evasion moves are banned","|rule|Endless Battle Clause: Forcing endless battles is banned","|rule|HP Percentage Mod: HP is shown in percentages","|teampreview","|","|start","|switch|p1a: Masquerain|Masquerain, M|344/344","|switch|p2a: Rotom-Heat|Rotom-Heat|303/303","|-ability|p1a: Masquerain|Intimidate","|-unboost|p2a: Rotom-Heat|atk|1","|turn|1","|","|move|p1a: Masquerain|Tailwind|p1a: Masquerain","|-sidestart|p1: LTIL-Tahit|move: Tailwind","|move|p2a: Rotom-Heat|Light Screen|p2a: Rotom-Heat","|-sidestart|p2: MrNyanNyanz|move: Light Screen","|","|turn|2","|","|move|p1a: Masquerain|Sticky Web|p2a: Rotom-Heat","|-sidestart|p2: MrNyanNyanz|move: Sticky Web","|move|p2a: Rotom-Heat|Reflect|p2a: Rotom-Heat","|-sidestart|p2: MrNyanNyanz|Reflect","|","|turn|3","|","|move|p1a: Masquerain|Power Split|p2a: Rotom-Heat","|-activate|p1a: Masquerain|Power Split|[of] p2a: Rotom-Heat","|move|p2a: Rotom-Heat|Volt Switch|p1a: Masquerain","|-supereffective|p1a: Masquerain","|-damage|p1a: Masquerain|132/344","|","|switch|p2a: Moltres|Moltres|384/384","|-ability|p2a: Moltres|Pressure","|","|turn|4","|","|move|p1a: Masquerain|Power Split|p2a: Moltres","|-activate|p1a: Masquerain|Power Split|[of] p2a: Moltres","|move|p2a: Moltres|Defog|p1a: Masquerain","|-unboost|p1a: Masquerain|evasion|1","|-sideend|p2: MrNyanNyanz|Sticky Web|[from] move: Defog|[of] p2a: Moltres","|","|-sideend|p1: LTIL-Tahit|move: Tailwind","|turn|5","|","|move|p1a: Masquerain|Tailwind|p1a: Masquerain","|-sidestart|p1: LTIL-Tahit|move: Tailwind","|move|p2a: Moltres|Flamethrower|p1a: Masquerain","|-supereffective|p1a: Masquerain","|-damage|p1a: Masquerain|0 fnt","|faint|p1a: Masquerain","|","|","|switch|p1a: Sigilyph|Sigilyph, F|348/348","|turn|6","|","|move|p1a: Sigilyph|Cosmic Power|p1a: Sigilyph","|-boost|p1a: Sigilyph|def|1","|-boost|p1a: Sigilyph|spd|1","|move|p2a: Moltres|Flamethrower|p1a: Sigilyph","|-damage|p1a: Sigilyph|233/348","|","|-status|p1a: Sigilyph|brn|[from] item: Flame Orb","|turn|7","|","|switch|p2a: Ninetales|Ninetales, F|287/287","|-weather|SunnyDay","|move|p1a: Sigilyph|Roost|p1a: Sigilyph","|-heal|p1a: Sigilyph|348/348 brn","|","|-weather|SunnyDay|[upkeep]","|-damage|p1a: Sigilyph|305/348 brn|[from] brn","|turn|8","|","|move|p1a: Sigilyph|Cosmic Power|p1a: Sigilyph","|-boost|p1a: Sigilyph|def|1","|-boost|p1a: Sigilyph|spd|1","|move|p2a: Ninetales|Fire Blast|p1a: Sigilyph","|-damage|p1a: Sigilyph|181/348 brn","|","|-weather|SunnyDay|[upkeep]","|-damage|p1a: Sigilyph|138/348 brn|[from] brn","|-sideend|p2: MrNyanNyanz|move: Light Screen","|-sideend|p1: LTIL-Tahit|move: Tailwind","|turn|9","|","|move|p2a: Ninetales|Fire Blast|p1a: Sigilyph","|-damage|p1a: Sigilyph|29/348 brn","|move|p1a: Sigilyph|Roost|p1a: Sigilyph","|-heal|p1a: Sigilyph|203/348 brn","|","|-weather|SunnyDay|[upkeep]","|-damage|p1a: Sigilyph|160/348 brn|[from] brn","|-sideend|p2: MrNyanNyanz|Reflect","|turn|10","|","|switch|p2a: Rotom-Heat|Rotom-Heat|303/303","|move|p1a: Sigilyph|Roost|p1a: Sigilyph","|-heal|p1a: Sigilyph|334/348 brn","|","|-weather|SunnyDay|[upkeep]","|-damage|p1a: Sigilyph|291/348 brn|[from] brn","|turn|11","|","|move|p1a: Sigilyph|Miracle Eye|p2a: Rotom-Heat","|-start|p2a: Rotom-Heat|Miracle Eye","|move|p2a: Rotom-Heat|Light Screen|p2a: Rotom-Heat","|-sidestart|p2: MrNyanNyanz|move: Light Screen","|","|-weather|SunnyDay|[upkeep]","|-damage|p1a: Sigilyph|248/348 brn|[from] brn","|turn|12","|","|switch|p2a: Houndoom|Houndoom, M|291/291","|move|p1a: Sigilyph|Roost|p1a: Sigilyph","|-heal|p1a: Sigilyph|348/348 brn","|","|-weather|SunnyDay|[upkeep]","|-damage|p1a: Sigilyph|305/348 brn|[from] brn","|turn|13","|","|detailschange|p2a: Houndoom|Houndoom-Mega, M","|-mega|p2a: Houndoom|Houndoom|Houndoominite","|move|p2a: Houndoom|Dark Pulse|p1a: Sigilyph","|-supereffective|p1a: Sigilyph","|-damage|p1a: Sigilyph|47/348 brn","|move|p1a: Sigilyph|Cosmic Power|p1a: Sigilyph","|-boost|p1a: Sigilyph|def|1","|-boost|p1a: Sigilyph|spd|1","|","|-weather|SunnyDay|[upkeep]","|-damage|p2a: Houndoom|255/291|[from] ability: Solar Power","|-damage|p1a: Sigilyph|4/348 brn|[from] brn","|turn|14","|","|move|p2a: Houndoom|Flamethrower|p1a: Sigilyph","|-damage|p1a: Sigilyph|0 fnt","|faint|p1a: Sigilyph","|","|-weather|none","|","|switch|p1a: Thundurus|Thundurus, M|299/299","|turn|15","|","|switch|p2a: Rotom-Heat|Rotom-Heat|303/303","|move|p1a: Thundurus|Focus Blast|p2a: Rotom-Heat|[miss]","|-miss|p1a: Thundurus|p2a: Rotom-Heat","|","|turn|16","|","|move|p1a: Thundurus|Focus Blast|p2a: Rotom-Heat","|-damage|p2a: Rotom-Heat|222/303","|-unboost|p2a: Rotom-Heat|spd|1","|-damage|p1a: Thundurus|270/299|[from] item: Life Orb","|move|p2a: Rotom-Heat|Reflect|p2a: Rotom-Heat","|-sidestart|p2: MrNyanNyanz|Reflect","|","|turn|17","|","|move|p1a: Thundurus|Nasty Plot|p1a: Thundurus","|-boost|p1a: Thundurus|spa|2","|move|p2a: Rotom-Heat|Overheat|p1a: Thundurus","|-damage|p1a: Thundurus|14/299","|-unboost|p2a: Rotom-Heat|spa|2","|","|turn|18","|","|move|p1a: Thundurus|Focus Blast|p2a: Rotom-Heat","|-damage|p2a: Rotom-Heat|0 fnt","|-damage|p1a: Thundurus|0 fnt|[from] item: Life Orb","|faint|p2a: Rotom-Heat","|faint|p1a: Thundurus","|","|-sideend|p2: MrNyanNyanz|move: Light Screen","|","|switch|p2a: Victini|Victini|341/341","|switch|p1a: Landorus|Landorus, M|319/319","|turn|19","|","|move|p2a: Victini|Glaciate|p1a: Landorus","|-crit|p1a: Landorus","|-supereffective|p1a: Landorus","|-damage|p1a: Landorus|0 fnt","|faint|p1a: Landorus","|","|","|switch|p1a: Skarmory|Skarmory, M|271/271","|turn|20","|","|switch|p2a: Moltres|Moltres|384/384","|-ability|p2a: Moltres|Pressure","|move|p1a: Skarmory|Stealth Rock|p2a: Moltres","|-sidestart|p2: MrNyanNyanz|move: Stealth Rock","|","|turn|21","|","|move|p2a: Moltres|Defog|p1a: Skarmory","|-unboost|p1a: Skarmory|evasion|1","|-sideend|p2: MrNyanNyanz|Stealth Rock|[from] move: Defog|[of] p2a: Moltres","|move|p1a: Skarmory|Brave Bird|p2a: Moltres","|-damage|p2a: Moltres|325/384","|-damage|p1a: Skarmory|252/271|[from] recoil|[of] p2a: Moltres","|","|-heal|p2a: Moltres|349/384|[from] item: Leftovers","|turn|22","|","|move|p2a: Moltres|Flamethrower|p1a: Skarmory","|-supereffective|p1a: Skarmory","|-damage|p1a: Skarmory|0 fnt","|faint|p1a: Skarmory","|","|-heal|p2a: Moltres|373/384|[from] item: Leftovers","|","|switch|p1a: Aerodactyl|Aerodactyl, F|311/311","|-ability|p1a: Aerodactyl|Pressure","|turn|23","|","|detailschange|p1a: Aerodactyl|Aerodactyl-Mega, F","|-mega|p1a: Aerodactyl|Aerodactyl|Aerodactylite","|move|p1a: Aerodactyl|Stone Edge|p2a: Moltres|[miss]","|-miss|p1a: Aerodactyl|p2a: Moltres","|move|p2a: Moltres|Flamethrower|p1a: Aerodactyl","|-resisted|p1a: Aerodactyl","|-damage|p1a: Aerodactyl|225/311","|","|-heal|p2a: Moltres|384/384|[from] item: Leftovers","|-sideend|p2: MrNyanNyanz|Reflect","|turn|24","|","|move|p1a: Aerodactyl|Hone Claws|p1a: Aerodactyl","|-boost|p1a: Aerodactyl|atk|1","|-boost|p1a: Aerodactyl|accuracy|1","|move|p2a: Moltres|Flamethrower|p1a: Aerodactyl","|-resisted|p1a: Aerodactyl","|-damage|p1a: Aerodactyl|134/311","|","|turn|25","|","|move|p1a: Aerodactyl|Roost|p1a: Aerodactyl","|-heal|p1a: Aerodactyl|290/311","|move|p2a: Moltres|Flamethrower|p1a: Aerodactyl","|-resisted|p1a: Aerodactyl","|-damage|p1a: Aerodactyl|207/311","|","|turn|26","|","|move|p1a: Aerodactyl|Stone Edge|p2a: Moltres","|-supereffective|p2a: Moltres","|-damage|p2a: Moltres|0 fnt","|faint|p2a: Moltres","|","|","|switch|p2a: Victini|Victini|341/341","|turn|27","|","|move|p2a: Victini|Bolt Strike|p1a: Aerodactyl","|-supereffective|p1a: Aerodactyl","|-damage|p1a: Aerodactyl|0 fnt","|faint|p1a: Aerodactyl","|","|win|MrNyanNyanz"],"p1rating":{"entryid":"6925118","serverid":"eos","formatid":"monotype","userid":"ltiltahit","username":"LTIL-Tahit","w":"50","l":51,"t":"0","gxe":51.6,"r":"1527.3447789984","rd":"40.548657138947","sigma":"0","rptime":"1438851600","rpr":1512.0509538364,"rprd":39.127875903999,"rpsigma":"0","acre":1096.8347359987,"lacre":1096.8347359987,"oldacre":"1118.0679597905"},"p2rating":{"entryid":"6703862","serverid":"eos","formatid":"monotype","userid":"mrnyannyanz","username":"MrNyanNyanz","w":63,"l":"50","t":"0","gxe":54.4,"r":"1533.0342098108","rd":"34.557858459194","sigma":"0","rptime":"1438851600","rpr":1533.626312477,"rprd":34.239721374814,"rpsigma":"0","acre":1192.0512866406,"lacre":1192.0512866406,"oldacre":"1170.8180628488"},"endType":"normal"}