{"seed":[51400,41500,26775,44906],"turns":23,"p1":"Guard Wulf","p2":"Orchestromic","p1team":[{"name":"Camerupt","species":"Camerupt","item":"cameruptite","ability":"Solid Rock","moves":["ancientpower","fireblast","earthpower","protect"],"nature":"Modest","evs":{"hp":248,"atk":0,"def":0,"spa":252,"spd":8,"spe":0},"ivs":{"hp":31,"atk":31,"def":31,"spa":31,"spd":31,"spe":31}},{"name":"Seismitoad","species":"Seismitoad","item":"leftovers","ability":"Water Absorb","moves":["scald","knockoff","icepunch","drainpunch"],"nature":"Sassy","evs":{"hp":232,"atk":16,"def":0,"spa":8,"spd":252,"spe":0},"ivs":{"hp":31,"atk":31,"def":31,"spa":31,"spd":31,"spe":31}},{"name":"Landorus","species":"Landorus","item":"lifeorb","ability":"Sheer Force","moves":["earthpower","grassknot","psychic","sludgewave"],"nature":"Timid","evs":{"hp":0,"atk":0,"def":0,"spa":252,"spd":4,"spe":252},"ivs":{"hp":31,"atk":31,"def":31,"spa":31,"spd":31,"spe":31}},{"name":"Mamoswine","species":"Mamoswine","item":"focussash","ability":"Thick Fat","moves":["stealthrock","endeavor","iciclecrash","iceshard"],"nature":"Impish","evs":{"hp":0,"atk":32,"def":252,"spa":0,"spd":0,"spe":224},"ivs":{"hp":31,"atk":31,"def":31,"spa":31,"spd":31,"spe":31}},{"name":"Garchomp","species":"Garchomp","item":"choicescarf","ability":"Rough Skin","moves":["outrage","fireblast","earthquake","stoneedge"],"nature":"Naive","evs":{"hp":0,"atk":252,"def":0,"spa":4,"spd":0,"spe":252},"ivs":{"hp":31,"atk":31,"def":31,"spa":31,"spd":31,"spe":31}},{"name":"Gliscor","species":"Gliscor","item":"toxicorb","ability":"Poison Heal","moves":["swordsdance","earthquake","facade","roost"],"nature":"Careful","evs":{"hp":248,"atk":12,"def":244,"spa":0,"spd":4,"spe":0},"ivs":{"hp":31,"atk":31,"def":31,"spa":31,"spd":31,"spe":31}}],"p2team":[{"name":"Hippowdon","species":"Hippowdon","item":"leftovers","ability":"Sand Stream","moves":["slackoff","earthquake","stealthrock","roar"],"nature":"Adamant","evs":{"hp":188,"atk":72,"def":184,"spa":0,"spd":64,"spe":0},"gender":"M","shiny":true,"ivs":{"hp":31,"atk":31,"def":31,"spa":31,"spd":31,"spe":31}},{"name":"Excadrill","species":"Excadrill","item":"lifeorb","ability":"Sand Rush","moves":["earthquake","shadowclaw","ironhead","rockslide"],"nature":"Jolly","evs":{"hp":4,"atk":252,"def":0,"spa":0,"spd":0,"spe":252},"gender":"M","shiny":true,"ivs":{"hp":31,"atk":31,"def":31,"spa":31,"spd":31,"spe":31}},{"name":"Landorus","species":"Landorus","item":"lifeorb","ability":"Sheer Force","moves":["sludgewave","earthpower","psychic","grassknot"],"nature":"Timid","evs":{"hp":4,"atk":0,"def":0,"spa":252,"spd":0,"spe":252},"ivs":{"hp":31,"atk":30,"def":30,"spa":31,"spd":31,"spe":31},"shiny":true},{"name":"Garchomp","species":"Garchomp","item":"garchompite","ability":"Rough Skin","moves":["firefang","earthquake","outrage","ironhead"],"nature":"Jolly","evs":{"hp":4,"atk":252,"def":0,"spa":0,"spd":0,"spe":252},"gender":"M","shiny":true,"ivs":{"hp":31,"atk":31,"def":31,"spa":31,"spd":31,"spe":31}},{"name":"Dugtrio","species":"Dugtrio","item":"focussash","ability":"Arena Trap","moves":["memento","honeclaws","rockslide","earthquake"],"nature":"Adamant","evs":{"hp":4,"atk":252,"def":0,"spa":0,"spd":0,"spe":252},"gender":"M","shiny":true,"ivs":{"hp":31,"atk":31,"def":31,"spa":31,"spd":31,"spe":31}},{"name":"Gliscor","species":"Gliscor","item":"toxicorb","ability":"Poison Heal","moves":["aerialace","toxic","protect","roost"],"nature":"Adamant","evs":{"hp":252,"atk":0,"def":252,"spa":0,"spd":4,"spe":0},"gender":"M","shiny":true,"ivs":{"hp":31,"atk":31,"def":31,"spa":31,"spd":31,"spe":31}}],"log":["|player|p1|Guard Wulf|143","|player|p2|Orchestromic|orchestromic.png","|gametype|singles","|gen|6","|tier|Monotype","|rated","|rule|Baton Pass Clause: Limit one Baton Passer, can't pass Spe and other stats simultaneously","|rule|Swagger Clause: Swagger is banned","|rule|Same Type Clause: Pokémon in a team must share a type","|clearpoke","|poke|p1|Camerupt, F","|poke|p1|Seismitoad, M","|poke|p1|Landorus, M","|poke|p1|Mamoswine, M","|poke|p1|Garchomp, F","|poke|p1|Gliscor, M","|poke|p2|Hippowdon, M, shiny","|poke|p2|Excadrill, M, shiny","|poke|p2|Landorus, M, shiny","|poke|p2|Garchomp, M, shiny","|poke|p2|Dugtrio, M, shiny","|poke|p2|Gliscor, M, shiny","|rule|Sleep Clause Mod: Limit one foe put to sleep","|rule|Species Clause: Limit one of each Pokémon","|rule|OHKO Clause: OHKO moves are banned","|rule|Moody Clause: Moody is banned","|rule|Evasion Moves Clause: Evasion moves are banned","|rule|Endless Battle Clause: Forcing endless battles is banned","|rule|HP Percentage Mod: HP is shown in percentages","|teampreview","|","|start","|switch|p1a: Mamoswine|Mamoswine, M|361/361","|switch|p2a: Hippowdon|Hippowdon, M, shiny|404/404","|-weather|Sandstorm","|turn|1","|","|move|p1a: Mamoswine|Stealth Rock|p2a: Hippowdon","|-sidestart|p2: Orchestromic|move: Stealth Rock","|move|p2a: Hippowdon|Roar|p1a: Mamoswine","|drag|p1a: Camerupt|Camerupt, F|343/343","|","|-weather|Sandstorm|[upkeep]","|turn|2","|","|detailschange|p1a: Camerupt|Camerupt-Mega, F","|-mega|p1a: Camerupt|Camerupt|Cameruptite","|move|p1a: Camerupt|Protect|p1a: Camerupt","|-singleturn|p1a: Camerupt|Protect","|move|p2a: Hippowdon|Stealth Rock|p1a: Camerupt","|-sidestart|p1: Guard Wulf|move: Stealth Rock","|","|-weather|Sandstorm|[upkeep]","|turn|3","|","|move|p2a: Hippowdon|Earthquake|p1a: Camerupt","|-supereffective|p1a: Camerupt","|-damage|p1a: Camerupt|47/343","|move|p1a: Camerupt|Fire Blast|p2a: Hippowdon","|-damage|p2a: Hippowdon|38/404","|","|-weather|Sandstorm|[upkeep]","|-heal|p2a: Hippowdon|63/404|[from] item: Leftovers","|turn|4","|","|move|p1a: Camerupt|Fire Blast|p2a: Hippowdon","|-damage|p2a: Hippowdon|0 fnt","|faint|p2a: Hippowdon","|","|-weather|Sandstorm|[upkeep]","|","|switch|p2a: Excadrill|Excadrill, M, shiny|362/362","|-damage|p2a: Excadrill|351/362|[from] Stealth Rock","|turn|5","|","|move|p1a: Camerupt|Protect|p1a: Camerupt","|-singleturn|p1a: Camerupt|Protect","|move|p2a: Excadrill|Shadow Claw|p1a: Camerupt","|-activate|p1a: Camerupt|Protect","|","|-weather|none","|turn|6","|","|move|p2a: Excadrill|Shadow Claw|p1a: Camerupt","|-damage|p1a: Camerupt|0 fnt","|-damage|p2a: Excadrill|315/362|[from] item: Life Orb","|faint|p1a: Camerupt","|","|","|switch|p1a: Gliscor|Gliscor, M|353/353","|-damage|p1a: Gliscor|309/353|[from] Stealth Rock","|turn|7","|","|move|p2a: Excadrill|Iron Head|p1a: Gliscor","|-damage|p1a: Gliscor|176/353","|-damage|p2a: Excadrill|279/362|[from] item: Life Orb","|cant|p1a: Gliscor|flinch","|","|-status|p1a: Gliscor|tox|[from] item: Toxic Orb","|turn|8","|","|switch|p2a: Landorus|Landorus, M, shiny|320/320","|-damage|p2a: Landorus|280/320|[from] Stealth Rock","|move|p1a: Gliscor|Roost|p1a: Gliscor","|-heal|p1a: Gliscor|353/353 tox","|","|turn|9","|","|move|p2a: Landorus|Psychic|p1a: Gliscor","|-damage|p1a: Gliscor|166/353 tox","|move|p1a: Gliscor|Facade|p2a: Landorus","|-damage|p2a: Landorus|165/320","|","|-heal|p1a: Gliscor|210/353 tox|[from] ability: Poison Heal","|turn|10","|","|move|p2a: Landorus|Psychic|p1a: Gliscor","|-damage|p1a: Gliscor|9/353 tox","|move|p1a: Gliscor|Roost|p1a: Gliscor","|-heal|p1a: Gliscor|186/353 tox","|","|-heal|p1a: Gliscor|230/353 tox|[from] ability: Poison Heal","|turn|11","|","|switch|p1a: Seismitoad|Seismitoad, M|409/409","|-damage|p1a: Seismitoad|384/409|[from] Stealth Rock","|move|p2a: Landorus|Psychic|p1a: Seismitoad","|-damage|p1a: Seismitoad|240/409","|","|-heal|p1a: Seismitoad|265/409|[from] item: Leftovers","|turn|12","|","|move|p2a: Landorus|Grass Knot|p1a: Seismitoad","|-crit|p1a: Seismitoad","|-supereffective|p1a: Seismitoad","|-damage|p1a: Seismitoad|0 fnt","|-damage|p2a: Landorus|133/320|[from] item: Life Orb","|faint|p1a: Seismitoad","|","|","|switch|p1a: Mamoswine|Mamoswine, M|361/361","|-damage|p1a: Mamoswine|316/361|[from] Stealth Rock","|turn|13","|","|move|p1a: Mamoswine|Ice Shard|p2a: Landorus","|-supereffective|p2a: Landorus","|-damage|p2a: Landorus|0 fnt","|faint|p2a: Landorus","|","|","|switch|p2a: Excadrill|Excadrill, M, shiny|279/362","|-damage|p2a: Excadrill|268/362|[from] Stealth Rock","|turn|14","|","|switch|p1a: Landorus|Landorus, M|319/319","|-damage|p1a: Landorus|280/319|[from] Stealth Rock","|move|p2a: Excadrill|Iron Head|p1a: Landorus","|-damage|p1a: Landorus|54/319","|-damage|p2a: Excadrill|232/362|[from] item: Life Orb","|","|turn|15","|","|switch|p2a: Gliscor|Gliscor, M, shiny|354/354","|-damage|p2a: Gliscor|310/354|[from] Stealth Rock","|move|p1a: Landorus|Earth Power|p2a: Gliscor","|-immune|p2a: Gliscor|[msg]","|","|-status|p2a: Gliscor|tox|[from] item: Toxic Orb","|turn|16","|","|move|p1a: Landorus|Psychic|p2a: Gliscor","|-damage|p2a: Gliscor|110/354 tox","|move|p2a: Gliscor|Aerial Ace|p1a: Landorus","|-damage|p1a: Landorus|0 fnt","|faint|p1a: Landorus","|","|-heal|p2a: Gliscor|154/354 tox|[from] ability: Poison Heal","|","|switch|p1a: Mamoswine|Mamoswine, M|316/361","|-damage|p1a: Mamoswine|271/361|[from] Stealth Rock","|turn|17","|","|move|p1a: Mamoswine|Icicle Crash|p2a: Gliscor","|-supereffective|p2a: Gliscor","|-damage|p2a: Gliscor|0 fnt","|faint|p2a: Gliscor","|","|","|switch|p2a: Excadrill|Excadrill, M, shiny|232/362","|-damage|p2a: Excadrill|221/362|[from] Stealth Rock","|turn|18","|","|move|p1a: Mamoswine|Ice Shard|p2a: Excadrill","|-damage|p2a: Excadrill|128/362","|move|p2a: Excadrill|Iron Head|p1a: Mamoswine","|-supereffective|p1a: Mamoswine","|-damage|p1a: Mamoswine|0 fnt","|-damage|p2a: Excadrill|92/362|[from] item: Life Orb","|faint|p1a: Mamoswine","|","|","|switch|p1a: Gliscor|Gliscor, M|230/353 tox","|-damage|p1a: Gliscor|186/353 tox|[from] Stealth Rock","|turn|19","|","|move|p2a: Excadrill|Iron Head|p1a: Gliscor","|-damage|p1a: Gliscor|46/353 tox","|-damage|p2a: Excadrill|56/362|[from] item: Life Orb","|move|p1a: Gliscor|Roost|p1a: Gliscor","|-heal|p1a: Gliscor|223/353 tox","|","|-heal|p1a: Gliscor|267/353 tox|[from] ability: Poison Heal","|turn|20","|","|move|p2a: Excadrill|Iron Head|p1a: Gliscor","|-damage|p1a: Gliscor|142/353 tox","|-damage|p2a: Excadrill|20/362|[from] item: Life Orb","|move|p1a: Gliscor|Roost|p1a: Gliscor","|-heal|p1a: Gliscor|319/353 tox","|","|-heal|p1a: Gliscor|353/353 tox|[from] ability: Poison Heal","|turn|21","|","|move|p2a: Excadrill|Iron Head|p1a: Gliscor","|-damage|p1a: Gliscor|219/353 tox","|-damage|p2a: Excadrill|0 fnt|[from] item: Life Orb","|faint|p2a: Excadrill","|move|p1a: Gliscor|Roost|p1a: Gliscor","|-heal|p1a: Gliscor|353/353 tox","|","|","|switch|p2a: Garchomp|Garchomp, M, shiny|358/358","|-damage|p2a: Garchomp|336/358|[from] Stealth Rock","|turn|22","|","|detailschange|p2a: Garchomp|Garchomp-Mega, M, shiny","|-mega|p2a: Garchomp|Garchomp|Garchompite","|move|p2a: Garchomp|Outrage|p1a: Gliscor","|-damage|p1a: Gliscor|169/353 tox","|move|p1a: Gliscor|Roost|p1a: Gliscor","|-heal|p1a: Gliscor|346/353 tox","|","|-heal|p1a: Gliscor|353/353 tox|[from] ability: Poison Heal","|turn|23","|","|win|Guard Wulf"],"p1rating":{"entryid":"7326062","serverid":"eos","formatid":"monotype","userid":"guardwulf","username":"Guard Wulf","w":30,"l":"14","t":"0","gxe":63.9,"r":"1604.2036968447","rd":"52.235352186927","sigma":"0","rptime":"1438851600","rpr":1608.4890699766,"rprd":51.781277335278,"rpsigma":"0","acre":1235.1588108895,"lacre":1235.1588108895,"oldacre":"1222.0375489417"},"p2rating":{"entryid":"6980159","serverid":"eos","formatid":"monotype","userid":"orchestromic","username":"Orchestromic","w":"11","l":23,"t":"0","gxe":37.5,"r":"1439.740106633","rd":"65.042039959911","sigma":"0","rptime":"1438851600","rpr":1402.7269542587,"rprd":59.194092918149,"rpsigma":"0","acre":1033.9215764559,"lacre":1033.9215764559,"oldacre":"1042.5173705749"},"endType":"forfeit"}