{"seed":[25739,51528,22608,56943],"turns":23,"p1":"Emerald Fr3ak","p2":"Sovereign♕Cactus","p1team":[{"name":"Vulcan","species":"heatran","item":"airballoon","ability":"Flash Fire","moves":["magmastorm","earthpower","flashcannon","stealthrock"],"nature":"Modest","evs":{"hp":248,"atk":0,"def":0,"spa":252,"spd":8,"spe":0},"gender":"M","shiny":true,"ivs":{"hp":31,"atk":31,"def":31,"spa":31,"spd":31,"spe":31}},{"name":"Punchy","species":"infernape","item":"lifeorb","ability":"Iron Fist","moves":["thunderpunch","firepunch","machpunch","earthquake"],"nature":"Jolly","evs":{"hp":0,"atk":252,"def":0,"spa":0,"spd":4,"spe":252},"gender":"M","shiny":true,"ivs":{"hp":31,"atk":31,"def":31,"spa":31,"spd":31,"spe":31}},{"name":"Mothera","species":"volcarona","item":"lumberry","ability":"Flame Body","moves":["bugbuzz","fierydance","gigadrain","quiverdance"],"nature":"Modest","evs":{"hp":0,"atk":0,"def":0,"spa":252,"spd":4,"spe":252},"gender":"F","shiny":true,"ivs":{"hp":31,"atk":31,"def":31,"spa":31,"spd":31,"spe":31}},{"name":"X","species":"charizard","item":"charizarditey","ability":"Blaze","moves":["airslash","dragonpulse","flamethrower","solarbeam"],"nature":"Timid","evs":{"hp":0,"atk":0,"def":0,"spa":252,"spd":4,"spe":252},"gender":"M","shiny":true,"ivs":{"hp":31,"atk":31,"def":31,"spa":31,"spd":31,"spe":31}},{"name":"Sia","species":"chandelure","item":"choicescarf","ability":"Infiltrator","moves":["energyball","flamethrower","shadowball","trick"],"nature":"Timid","evs":{"hp":0,"atk":0,"def":0,"spa":252,"spd":4,"spe":252},"gender":"F","shiny":true,"ivs":{"hp":31,"atk":31,"def":31,"spa":31,"spd":31,"spe":31}},{"name":"Shofu","species":"darmanitan","item":"choiceband","ability":"Sheer Force","moves":["earthquake","uturn","flareblitz","rockslide"],"nature":"Adamant","evs":{"hp":248,"atk":252,"def":0,"spa":0,"spd":8,"spe":0},"gender":"M","shiny":true,"ivs":{"hp":31,"atk":31,"def":31,"spa":31,"spd":31,"spe":31}}],"p2team":[{"name":"Scrotom-Wash","species":"rotomwash","item":"leftovers","ability":"Levitate","moves":["shadowball","hydropump","voltswitch","willowisp"],"nature":"Calm","evs":{"hp":252,"atk":0,"def":0,"spa":4,"spd":252,"spe":0},"ivs":{"hp":31,"atk":31,"def":31,"spa":31,"spd":31,"spe":31}},{"name":"Butters The Doge","species":"azumarill","item":"assaultvest","ability":"Sap Sipper","moves":["waterfall","playrough","knockoff","superpower"],"nature":"Adamant","evs":{"hp":248,"atk":252,"def":0,"spa":0,"spd":8,"spe":0},"gender":"M","shiny":true,"ivs":{"hp":31,"atk":31,"def":31,"spa":31,"spd":31,"spe":31}},{"name":"2 1/2 Jaws","species":"sharpedo","item":"sharpedonite","ability":"Speed Boost","moves":["aquajet","crunch","protect","icefang"],"nature":"Adamant","evs":{"hp":0,"atk":252,"def":0,"spa":0,"spd":4,"spe":252},"ivs":{"hp":31,"atk":31,"def":31,"spa":31,"spd":31,"spe":31}},{"name":"Scrotum Sweeper","species":"manaphy","item":"salacberry","ability":"Hydration","moves":["icebeam","surf","substitute","tailglow"],"nature":"Timid","evs":{"hp":4,"atk":0,"def":0,"spa":252,"spd":0,"spe":252},"shiny":true,"ivs":{"hp":31,"atk":31,"def":31,"spa":31,"spd":31,"spe":31}},{"name":"Cotton The Douche","species":"politoed","item":"ejectbutton","ability":"Drizzle","moves":["encore","perishsong","scald","toxic"],"nature":"Bold","evs":{"hp":248,"atk":0,"def":252,"spa":0,"spd":8,"spe":0},"gender":"F","shiny":true,"ivs":{"hp":31,"atk":31,"def":31,"spa":31,"spd":31,"spe":31}},{"name":"Swagsire","species":"quagsire","item":"leftovers","ability":"Unaware","moves":["earthquake","waterfall","recover","stockpile"],"nature":"","gender":"M","shiny":true,"evs":{"hp":0,"atk":0,"def":0,"spa":0,"spd":0,"spe":0},"ivs":{"hp":31,"atk":31,"def":31,"spa":31,"spd":31,"spe":31}}],"log":["|player|p1|Emerald Fr3ak|125","|player|p2|Sovereign♕Cactus|251","|gametype|singles","|gen|6","|tier|Monotype","|rated","|rule|Baton Pass Clause: Limit one Baton Passer, can't pass Spe and other stats simultaneously","|rule|Swagger Clause: Swagger is banned","|rule|Same Type Clause: Pokémon in a team must share a type","|clearpoke","|poke|p1|Heatran, M, shiny","|poke|p1|Infernape, M, shiny","|poke|p1|Volcarona, F, shiny","|poke|p1|Charizard, M, shiny","|poke|p1|Chandelure, F, shiny","|poke|p1|Darmanitan, M, shiny","|poke|p2|Rotom-Wash","|poke|p2|Azumarill, M, shiny","|poke|p2|Sharpedo, M","|poke|p2|Manaphy, shiny","|poke|p2|Politoed, F, shiny","|poke|p2|Quagsire, M, shiny","|rule|Sleep Clause Mod: Limit one foe put to sleep","|rule|Species Clause: Limit one of each Pokémon","|rule|OHKO Clause: OHKO moves are banned","|rule|Moody Clause: Moody is banned","|rule|Evasion Moves Clause: Evasion moves are banned","|rule|Endless Battle Clause: Forcing endless battles is banned","|rule|HP Percentage Mod: HP is shown in percentages","|teampreview","|","|start","|switch|p1a: Vulcan|Heatran, M, shiny|385/385","|switch|p2a: Cotton The Douche|Politoed, F, shiny|383/383","|-item|p1a: Vulcan|Air Balloon","|-weather|RainDance","|turn|1","|","|move|p1a: Vulcan|Flash Cannon|p2a: Cotton The Douche","|-resisted|p2a: Cotton The Douche","|-damage|p2a: Cotton The Douche|302/383","|-enditem|p2a: Cotton The Douche|Eject Button","|","|switch|p2a: Scrotum Sweeper|Manaphy, shiny|342/342","|","|-weather|RainDance|[upkeep]","|turn|2","|","|move|p2a: Scrotum Sweeper|Substitute|p2a: Scrotum Sweeper","|-start|p2a: Scrotum Sweeper|Substitute","|-damage|p2a: Scrotum Sweeper|257/342","|move|p1a: Vulcan|Stealth Rock|p2a: Scrotum Sweeper","|-sidestart|p2: Sovereign♕Cactus|move: Stealth Rock","|","|-weather|RainDance|[upkeep]","|turn|3","|","|move|p2a: Scrotum Sweeper|Tail Glow|p2a: Scrotum Sweeper","|-boost|p2a: Scrotum Sweeper|spa|3","|move|p1a: Vulcan|Earth Power|p2a: Scrotum Sweeper","|-end|p2a: Scrotum Sweeper|Substitute","|","|-weather|RainDance|[upkeep]","|turn|4","|","|move|p2a: Scrotum Sweeper|Substitute|p2a: Scrotum Sweeper","|-start|p2a: Scrotum Sweeper|Substitute","|-damage|p2a: Scrotum Sweeper|172/342","|move|p1a: Vulcan|Earth Power|p2a: Scrotum Sweeper","|-end|p2a: Scrotum Sweeper|Substitute","|","|-weather|RainDance|[upkeep]","|turn|5","|","|move|p2a: Scrotum Sweeper|Substitute|p2a: Scrotum Sweeper","|-start|p2a: Scrotum Sweeper|Substitute","|-damage|p2a: Scrotum Sweeper|87/342","|move|p1a: Vulcan|Earth Power|p2a: Scrotum Sweeper","|-end|p2a: Scrotum Sweeper|Substitute","|","|-weather|none","|turn|6","|","|move|p2a: Scrotum Sweeper|Substitute|p2a: Scrotum Sweeper","|-start|p2a: Scrotum Sweeper|Substitute","|-damage|p2a: Scrotum Sweeper|2/342","|-enditem|p2a: Scrotum Sweeper|Salac Berry|[eat]","|-boost|p2a: Scrotum Sweeper|spe|1|[from] item: Salac Berry","|move|p1a: Vulcan|Earth Power|p2a: Scrotum Sweeper","|-end|p2a: Scrotum Sweeper|Substitute","|","|turn|7","|","|move|p2a: Scrotum Sweeper|Surf|p1a: Vulcan","|-supereffective|p1a: Vulcan","|-damage|p1a: Vulcan|0 fnt","|-enditem|p1a: Vulcan|Air Balloon","|faint|p1a: Vulcan","|","|","|switch|p1a: Punchy|Infernape, M, shiny|293/293","|turn|8","|","|move|p1a: Punchy|Mach Punch|p2a: Scrotum Sweeper","|-damage|p2a: Scrotum Sweeper|0 fnt","|-damage|p1a: Punchy|264/293|[from] item: Life Orb","|faint|p2a: Scrotum Sweeper","|","|","|switch|p2a: Cotton The Douche|Politoed, F, shiny|302/383","|-damage|p2a: Cotton The Douche|255/383|[from] Stealth Rock","|-weather|RainDance","|turn|9","|","|switch|p2a: Swagsire|Quagsire, M, shiny|331/331","|-damage|p2a: Swagsire|311/331|[from] Stealth Rock","|move|p1a: Punchy|Thunder Punch|p2a: Swagsire","|-immune|p2a: Swagsire|[msg]","|","|-weather|RainDance|[upkeep]","|-heal|p2a: Swagsire|331/331|[from] item: Leftovers","|turn|10","|","|move|p1a: Punchy|Earthquake|p2a: Swagsire","|-crit|p2a: Swagsire","|-damage|p2a: Swagsire|114/331","|-damage|p1a: Punchy|235/293|[from] item: Life Orb","|move|p2a: Swagsire|Stockpile|p2a: Swagsire","|-start|p2a: Swagsire|stockpile1","|-boost|p2a: Swagsire|def|1","|-boost|p2a: Swagsire|spd|1","|","|-weather|RainDance|[upkeep]","|-heal|p2a: Swagsire|134/331|[from] item: Leftovers","|turn|11","|","|move|p1a: Punchy|Earthquake|p2a: Swagsire","|-damage|p2a: Swagsire|33/331","|-damage|p1a: Punchy|206/293|[from] item: Life Orb","|move|p2a: Swagsire|Recover|p2a: Swagsire","|-heal|p2a: Swagsire|199/331","|","|-weather|RainDance|[upkeep]","|-heal|p2a: Swagsire|219/331|[from] item: Leftovers","|turn|12","|","|move|p1a: Punchy|Earthquake|p2a: Swagsire","|-damage|p2a: Swagsire|111/331","|-damage|p1a: Punchy|177/293|[from] item: Life Orb","|move|p2a: Swagsire|Stockpile|p2a: Swagsire","|-start|p2a: Swagsire|stockpile2","|-boost|p2a: Swagsire|def|1","|-boost|p2a: Swagsire|spd|1","|","|-weather|RainDance|[upkeep]","|-heal|p2a: Swagsire|131/331|[from] item: Leftovers","|turn|13","|","|move|p1a: Punchy|Earthquake|p2a: Swagsire","|-damage|p2a: Swagsire|52/331","|-damage|p1a: Punchy|148/293|[from] item: Life Orb","|move|p2a: Swagsire|Recover|p2a: Swagsire","|-heal|p2a: Swagsire|218/331","|","|-weather|none","|-heal|p2a: Swagsire|238/331|[from] item: Leftovers","|turn|14","|","|move|p1a: Punchy|Earthquake|p2a: Swagsire","|-damage|p2a: Swagsire|160/331","|-damage|p1a: Punchy|119/293|[from] item: Life Orb","|move|p2a: Swagsire|Waterfall|p1a: Punchy","|-supereffective|p1a: Punchy","|-damage|p1a: Punchy|0 fnt","|faint|p1a: Punchy","|","|-heal|p2a: Swagsire|180/331|[from] item: Leftovers","|","|switch|p1a: Mothera|Volcarona, F, shiny|311/311","|turn|15","|","|switch|p2a: Butters The Doge|Azumarill, M, shiny|403/403","|-damage|p2a: Butters The Doge|353/403|[from] Stealth Rock","|move|p1a: Mothera|Giga Drain|p2a: Butters The Doge","|-boost|p2a: Butters The Doge|atk|1|[from] ability: Sap Sipper","|","|turn|16","|","|move|p1a: Mothera|Bug Buzz|p2a: Butters The Doge","|-resisted|p2a: Butters The Doge","|-damage|p2a: Butters The Doge|280/403","|-unboost|p2a: Butters The Doge|spd|1","|move|p2a: Butters The Doge|Waterfall|p1a: Mothera","|-supereffective|p1a: Mothera","|-damage|p1a: Mothera|0 fnt","|-status|p2a: Butters The Doge|brn","|faint|p1a: Mothera","|","|-damage|p2a: Butters The Doge|230/403 brn|[from] brn","|","|switch|p1a: Sia|Chandelure, F, shiny|261/261","|turn|17","|","|move|p1a: Sia|Shadow Ball|p2a: Butters The Doge","|-damage|p2a: Butters The Doge|46/403 brn","|move|p2a: Butters The Doge|Knock Off|p1a: Sia","|-supereffective|p1a: Sia","|-damage|p1a: Sia|143/261","|-enditem|p1a: Sia|Choice Scarf|[from] move: Knock Off|[of] p2a: Butters The Doge","|","|-damage|p2a: Butters The Doge|0 fnt|[from] brn","|faint|p2a: Butters The Doge","|","|switch|p2a: Cotton The Douche|Politoed, F, shiny|255/383","|-damage|p2a: Cotton The Douche|208/383|[from] Stealth Rock","|-weather|RainDance","|turn|18","|","|move|p1a: Sia|Energy Ball|p2a: Cotton The Douche","|-supereffective|p2a: Cotton The Douche","|-damage|p2a: Cotton The Douche|0 fnt","|faint|p2a: Cotton The Douche","|","|-weather|RainDance|[upkeep]","|","|switch|p2a: 2 1/2 Jaws|Sharpedo, M|281/281","|-damage|p2a: 2 1/2 Jaws|246/281|[from] Stealth Rock","|turn|19","|","|move|p2a: 2 1/2 Jaws|Protect|p2a: 2 1/2 Jaws","|-singleturn|p2a: 2 1/2 Jaws|Protect","|move|p1a: Sia|Energy Ball|p2a: 2 1/2 Jaws","|-activate|p2a: 2 1/2 Jaws|Protect","|","|-weather|RainDance|[upkeep]","|-boost|p2a: 2 1/2 Jaws|spe|1|[from] ability: Speed Boost","|turn|20","|","|detailschange|p2a: 2 1/2 Jaws|Sharpedo-Mega, M","|-mega|p2a: 2 1/2 Jaws|Sharpedo|Sharpedonite","|move|p2a: 2 1/2 Jaws|Crunch|p1a: Sia","|-supereffective|p1a: Sia","|-damage|p1a: Sia|0 fnt","|faint|p1a: Sia","|","|-weather|RainDance|[upkeep]","|","|switch|p1a: X|Charizard, M, shiny|297/297","|turn|21","|","|detailschange|p1a: X|Charizard-Mega-Y, M, shiny","|-mega|p1a: X|Charizard|Charizardite Y","|-weather|SunnyDay","|move|p2a: 2 1/2 Jaws|Aqua Jet|p1a: X","|-supereffective|p1a: X","|-damage|p1a: X|189/297","|move|p1a: X|Solar Beam|p2a: 2 1/2 Jaws|[still]","|-prepare|p1a: X|Solar Beam|p2a: 2 1/2 Jaws","|-anim|p1a: X|Solar Beam|p2a: 2 1/2 Jaws","|-supereffective|p2a: 2 1/2 Jaws","|-damage|p2a: 2 1/2 Jaws|0 fnt","|faint|p2a: 2 1/2 Jaws","|","|-weather|SunnyDay|[upkeep]","|","|switch|p2a: Scrotom-Wash|Rotom-Wash|304/304","|-damage|p2a: Scrotom-Wash|266/304|[from] Stealth Rock","|turn|22","|","|move|p1a: X|Solar Beam|p2a: Scrotom-Wash|[still]","|-prepare|p1a: X|Solar Beam|p2a: Scrotom-Wash","|-anim|p1a: X|Solar Beam|p2a: Scrotom-Wash","|-supereffective|p2a: Scrotom-Wash","|-damage|p2a: Scrotom-Wash|24/304","|move|p2a: Scrotom-Wash|Volt Switch|p1a: X","|-supereffective|p1a: X","|-damage|p1a: X|37/297","|","|switch|p2a: Swagsire|Quagsire, M, shiny|180/331","|-damage|p2a: Swagsire|160/331|[from] Stealth Rock","|","|-weather|SunnyDay|[upkeep]","|-heal|p2a: Swagsire|180/331|[from] item: Leftovers","|turn|23","|","|move|p1a: X|Solar Beam|p2a: Swagsire|[still]","|-prepare|p1a: X|Solar Beam|p2a: Swagsire","|-anim|p1a: X|Solar Beam|p2a: Swagsire","|-supereffective|p2a: Swagsire","|-damage|p2a: Swagsire|0 fnt","|faint|p2a: Swagsire","|","|-weather|SunnyDay|[upkeep]","|","|switch|p2a: Scrotom-Wash|Rotom-Wash|24/304","|-damage|p2a: Scrotom-Wash|0 fnt|[from] Stealth Rock","|faint|p2a: Scrotom-Wash","|","|win|Emerald Fr3ak"],"p1rating":{"entryid":"7037964","serverid":"eos","formatid":"monotype","userid":"emeraldfr3ak","username":"Emerald Fr3ak","w":14,"l":"11","t":"0","gxe":49.9,"r":"1482.8922992972","rd":"73.369605755353","sigma":"0","rptime":"1438851600","rpr":1499.5772984507,"rprd":69.20785291143,"rpsigma":"0","acre":1106.215289102,"lacre":1106.215289102,"oldacre":"1076.0825994148"},"p2rating":{"entryid":"6867552","serverid":"eos","formatid":"monotype","userid":"sovereigncactus","username":"Sovereign♕Cactus","w":"98","l":118,"t":"0","gxe":45.1,"r":"1471.7151973843","rd":"26.087880144434","sigma":"0","rptime":"1438851600","rpr":1462.8206280308,"rprd":25,"rpsigma":"0","acre":1069.337342019,"lacre":1069.337342019,"oldacre":"1094.8788278706"},"endType":"normal"}