{"seed":[25254,44265,16074,192],"turns":51,"p1":"Dusk Hoot","p2":"Chief Sokka","p1team":[{"name":"Omastar","species":"Omastar","item":"focussash","ability":"Weak Armor","moves":["scald","icebeam","shellsmash","hiddenpowergrass"],"nature":"Modest","evs":{"hp":0,"atk":0,"def":0,"spa":252,"spd":4,"spe":252},"ivs":{"hp":31,"atk":30,"def":31,"spa":30,"spd":31,"spe":31}},{"name":"Shuckle","species":"Shuckle","item":"leftovers","ability":"Sturdy","moves":["stickyweb","stealthrock","toxic","encore"],"nature":"Calm","evs":{"hp":252,"atk":0,"def":4,"spa":0,"spd":252,"spe":0},"ivs":{"hp":31,"atk":31,"def":31,"spa":31,"spd":31,"spe":31}},{"name":"Diancie","species":"Diancie","item":"diancite","ability":"Clear Body","moves":["moonblast","earthpower","diamondstorm","protect"],"nature":"Hasty","evs":{"hp":0,"atk":0,"def":0,"spa":252,"spd":0,"spe":252},"ivs":{"hp":31,"atk":31,"def":31,"spa":31,"spd":31,"spe":31}},{"name":"Golem","species":"Golem","item":"weaknesspolicy","ability":"Sturdy","moves":["rockblast","earthquake","suckerpunch","rockpolish"],"nature":"Serious","evs":{"hp":0,"atk":252,"def":4,"spa":0,"spd":0,"spe":252},"ivs":{"hp":31,"atk":31,"def":31,"spa":31,"spd":31,"spe":31}},{"name":"Kabutops","species":"Kabutops","item":"lifeorb","ability":"Swift Swim","moves":["rapidspin","aquajet","waterfall","superpower"],"nature":"Adamant","evs":{"hp":0,"atk":252,"def":0,"spa":0,"spd":4,"spe":252},"ivs":{"hp":31,"atk":31,"def":31,"spa":31,"spd":31,"spe":31}},{"name":"Crustle","species":"Crustle","item":"salacberry","ability":"Sturdy","moves":["shellsmash","knockoff","rockblast","xscissor"],"nature":"Adamant","evs":{"hp":0,"atk":252,"def":0,"spa":0,"spd":4,"spe":252},"ivs":{"hp":31,"atk":31,"def":31,"spa":31,"spd":31,"spe":31}}],"p2team":[{"name":"Bulky","species":"chansey","item":"eviolite","ability":"Natural Cure","moves":["thunderwave","seismictoss","softboiled","aromatherapy"],"nature":"Bold","evs":{"hp":248,"atk":0,"def":252,"spa":0,"spd":8,"spe":0},"ivs":{"hp":31,"atk":31,"def":31,"spa":31,"spd":31,"spe":31}},{"name":"Ducky","species":"porygon2","item":"eviolite","ability":"Download","moves":["thunderwave","triattack","recover","icebeam"],"nature":"Bold","evs":{"hp":248,"atk":0,"def":252,"spa":8,"spd":0,"spe":0},"ivs":{"hp":31,"atk":31,"def":31,"spa":31,"spd":31,"spe":31}},{"name":"Pitchy","species":"meloetta","item":"assaultvest","ability":"Serene Grace","moves":["chargebeam","psyshock","hypervoice","shadowball"],"nature":"Modest","evs":{"hp":248,"atk":0,"def":0,"spa":252,"spd":8,"spe":0},"ivs":{"hp":31,"atk":31,"def":31,"spa":31,"spd":31,"spe":31}},{"name":"Milky","species":"miltank","item":"rockyhelmet","ability":"Scrappy","moves":["milkdrink","bodyslam","curse","earthquake"],"nature":"Adamant","evs":{"hp":248,"atk":252,"def":0,"spa":0,"spd":8,"spe":0},"ivs":{"hp":31,"atk":31,"def":31,"spa":31,"spd":31,"spe":31}},{"name":"Birdy","species":"pidgeot","item":"pidgeotite","ability":"Big Pecks","moves":["hurricane","workup","heatwave","roost"],"nature":"Timid","evs":{"hp":0,"atk":0,"def":0,"spa":252,"spd":4,"spe":252},"ivs":{"hp":31,"atk":31,"def":31,"spa":31,"spd":31,"spe":31}},{"name":"Blubber","species":"snorlax","item":"leftovers","ability":"Thick Fat","moves":["rest","curse","return","sleeptalk"],"nature":"Careful","evs":{"hp":252,"atk":4,"def":0,"spa":0,"spd":252,"spe":0},"ivs":{"hp":31,"atk":31,"def":31,"spa":31,"spd":31,"spe":31}}],"log":["|player|p1|Dusk Hoot|266","|player|p2|Chief Sokka|chiefsokka.gif","|gametype|singles","|gen|6","|tier|Monotype","|rated","|rule|Baton Pass Clause: Limit one Baton Passer, can't pass Spe and other stats simultaneously","|rule|Swagger Clause: Swagger is banned","|rule|Same Type Clause: Pokémon in a team must share a type","|clearpoke","|poke|p1|Omastar, F","|poke|p1|Shuckle, F","|poke|p1|Diancie","|poke|p1|Golem, F","|poke|p1|Kabutops, F","|poke|p1|Crustle, F","|poke|p2|Chansey, F","|poke|p2|Porygon2","|poke|p2|Meloetta","|poke|p2|Miltank, F","|poke|p2|Pidgeot, F","|poke|p2|Snorlax, M","|rule|Sleep Clause Mod: Limit one foe put to sleep","|rule|Species Clause: Limit one of each Pokémon","|rule|OHKO Clause: OHKO moves are banned","|rule|Moody Clause: Moody is banned","|rule|Evasion Moves Clause: Evasion moves are banned","|rule|Endless Battle Clause: Forcing endless battles is banned","|rule|HP Percentage Mod: HP is shown in percentages","|teampreview","|","|start","|switch|p1a: Kabutops|Kabutops, F|261/261","|switch|p2a: Milky|Miltank, F|393/393","|turn|1","|","|switch|p1a: Shuckle|Shuckle, F|244/244","|move|p2a: Milky|Curse|p2a: Milky","|-unboost|p2a: Milky|spe|1","|-boost|p2a: Milky|atk|1","|-boost|p2a: Milky|def|1","|","|turn|2","|","|move|p2a: Milky|Curse|p2a: Milky","|-unboost|p2a: Milky|spe|1","|-boost|p2a: Milky|atk|1","|-boost|p2a: Milky|def|1","|move|p1a: Shuckle|Toxic|p2a: Milky","|-status|p2a: Milky|tox","|","|-damage|p2a: Milky|369/393 tox|[from] psn","|turn|3","|","|move|p2a: Milky|Body Slam|p1a: Shuckle","|-resisted|p1a: Shuckle","|-damage|p1a: Shuckle|187/244","|move|p1a: Shuckle|Encore|p2a: Milky","|-start|p2a: Milky|Encore","|","|-heal|p1a: Shuckle|202/244|[from] item: Leftovers","|-damage|p2a: Milky|321/393 tox|[from] psn","|turn|4","|","|move|p2a: Milky|Body Slam|p1a: Shuckle","|-resisted|p1a: Shuckle","|-damage|p1a: Shuckle|148/244","|move|p1a: Shuckle|Sticky Web|p2a: Milky","|-sidestart|p2: Chief Sokka|move: Sticky Web","|","|-heal|p1a: Shuckle|163/244|[from] item: Leftovers","|-damage|p2a: Milky|249/393 tox|[from] psn","|turn|5","|","|move|p2a: Milky|Body Slam|p1a: Shuckle","|-resisted|p1a: Shuckle","|-damage|p1a: Shuckle|109/244","|-status|p1a: Shuckle|par","|move|p1a: Shuckle|Stealth Rock|p2a: Milky","|-sidestart|p2: Chief Sokka|move: Stealth Rock","|","|-heal|p1a: Shuckle|124/244 par|[from] item: Leftovers","|-damage|p2a: Milky|153/393 tox|[from] psn","|turn|6","|","|switch|p2a: Bulky|Chansey, F|703/703","|-activate|p2a: Bulky|move: Sticky Web","|-unboost|p2a: Bulky|spe|1","|-damage|p2a: Bulky|616/703|[from] Stealth Rock","|move|p1a: Shuckle|Encore|p2a: Bulky","|-fail|p2a: Bulky","|","|-heal|p1a: Shuckle|139/244 par|[from] item: Leftovers","|turn|7","|","|switch|p1a: Kabutops|Kabutops, F|261/261","|move|p2a: Bulky|Aromatherapy|p2a: Bulky","|-cureteam|p2a: Bulky|[from] move: Aromatherapy","|","|turn|8","|","|switch|p2a: Milky|Miltank, F|153/393","|-damage|p2a: Milky|104/393|[from] Stealth Rock","|-activate|p2a: Milky|move: Sticky Web","|-unboost|p2a: Milky|spe|1","|move|p1a: Kabutops|Waterfall|p2a: Milky","|-damage|p2a: Milky|0 fnt","|-damage|p1a: Kabutops|218/261|[from] item: Rocky Helmet|[of] p2a: Milky","|-damage|p1a: Kabutops|192/261|[from] item: Life Orb","|faint|p2a: Milky","|","|","|switch|p2a: Pitchy|Meloetta|403/403","|-damage|p2a: Pitchy|353/403|[from] Stealth Rock","|-activate|p2a: Pitchy|move: Sticky Web","|-unboost|p2a: Pitchy|spe|1","|turn|9","|","|switch|p1a: Shuckle|Shuckle, F|139/244 par","|move|p2a: Pitchy|Charge Beam|p1a: Shuckle","|-damage|p1a: Shuckle|116/244 par","|-boost|p2a: Pitchy|spa|1","|","|-heal|p1a: Shuckle|131/244 par|[from] item: Leftovers","|turn|10","|","|move|p2a: Pitchy|Shadow Ball|p1a: Shuckle","|-damage|p1a: Shuckle|69/244 par","|move|p1a: Shuckle|Toxic|p2a: Pitchy","|-status|p2a: Pitchy|tox","|","|-heal|p1a: Shuckle|84/244 par|[from] item: Leftovers","|-damage|p2a: Pitchy|328/403 tox|[from] psn","|turn|11","|","|move|p2a: Pitchy|Shadow Ball|p1a: Shuckle","|-damage|p1a: Shuckle|20/244 par","|move|p1a: Shuckle|Encore|p2a: Pitchy","|-start|p2a: Pitchy|Encore","|","|-heal|p1a: Shuckle|35/244 par|[from] item: Leftovers","|-damage|p2a: Pitchy|278/403 tox|[from] psn","|turn|12","|","|move|p2a: Pitchy|Shadow Ball|p1a: Shuckle","|-crit|p1a: Shuckle","|-damage|p1a: Shuckle|0 fnt","|faint|p1a: Shuckle","|","|-damage|p2a: Pitchy|203/403 tox|[from] psn","|","|switch|p1a: Diancie|Diancie|241/241","|turn|13","|","|detailschange|p1a: Diancie|Diancie-Mega","|-mega|p1a: Diancie|Diancie|Diancite","|move|p1a: Diancie|Diamond Storm|p2a: Pitchy","|-damage|p2a: Pitchy|0 fnt","|-boost|p1a: Diancie|def|1","|faint|p2a: Pitchy","|","|","|switch|p2a: Birdy|Pidgeot, F|307/307","|-damage|p2a: Birdy|231/307|[from] Stealth Rock","|turn|14","|","|detailschange|p2a: Birdy|Pidgeot-Mega, F","|-mega|p2a: Birdy|Pidgeot|Pidgeotite","|move|p1a: Diancie|Diamond Storm|p2a: Birdy","|-supereffective|p2a: Birdy","|-damage|p2a: Birdy|0 fnt","|-boost|p1a: Diancie|def|1","|faint|p2a: Birdy","|","|","|switch|p2a: Blubber|Snorlax, M|524/524","|-activate|p2a: Blubber|move: Sticky Web","|-unboost|p2a: Blubber|spe|1","|-damage|p2a: Blubber|459/524|[from] Stealth Rock","|turn|15","|","|move|p1a: Diancie|Diamond Storm|p2a: Blubber","|-damage|p2a: Blubber|201/524","|move|p2a: Blubber|Curse|p2a: Blubber","|-unboost|p2a: Blubber|spe|1","|-boost|p2a: Blubber|atk|1","|-boost|p2a: Blubber|def|1","|","|-heal|p2a: Blubber|233/524|[from] item: Leftovers","|turn|16","|","|move|p1a: Diancie|Diamond Storm|p2a: Blubber","|-damage|p2a: Blubber|64/524","|move|p2a: Blubber|Rest|p2a: Blubber","|-status|p2a: Blubber|slp","|-heal|p2a: Blubber|524/524 slp|[silent]","|-status|p2a: Blubber|slp|[from] move: Rest","|","|turn|17","|","|switch|p1a: Crustle|Crustle, F|281/281","|cant|p2a: Blubber|slp","|move|p2a: Blubber|Sleep Talk|p2a: Blubber","|move|p2a: Blubber|Return|p1a: Crustle|[from]Sleep Talk","|-resisted|p1a: Crustle","|-damage|p1a: Crustle|203/281","|","|turn|18","|","|move|p1a: Crustle|Shell Smash|p1a: Crustle","|-unboost|p1a: Crustle|def|1","|-unboost|p1a: Crustle|spd|1","|-boost|p1a: Crustle|atk|2","|-boost|p1a: Crustle|spa|2","|-boost|p1a: Crustle|spe|2","|cant|p2a: Blubber|slp","|move|p2a: Blubber|Sleep Talk|p2a: Blubber","|move|p2a: Blubber|Rest|p2a: Blubber|[from]Sleep Talk","|-fail|p2a: Blubber","|","|turn|19","|","|move|p1a: Crustle|Knock Off|p2a: Blubber","|-damage|p2a: Blubber|345/524 slp","|-enditem|p2a: Blubber|Leftovers|[from] move: Knock Off|[of] p1a: Crustle","|-curestatus|p2a: Blubber|slp","|move|p2a: Blubber|Return|p1a: Crustle","|-resisted|p1a: Crustle","|-damage|p1a: Crustle|92/281","|","|turn|20","|","|move|p1a: Crustle|X-Scissor|p2a: Blubber","|-damage|p2a: Blubber|102/524","|move|p2a: Blubber|Curse|p2a: Blubber","|-unboost|p2a: Blubber|spe|1","|-boost|p2a: Blubber|atk|1","|-boost|p2a: Blubber|def|1","|","|turn|21","|","|move|p1a: Crustle|X-Scissor|p2a: Blubber","|-damage|p2a: Blubber|0 fnt","|faint|p2a: Blubber","|","|","|switch|p2a: Bulky|Chansey, F|616/703","|-damage|p2a: Bulky|529/703|[from] Stealth Rock","|-activate|p2a: Bulky|move: Sticky Web","|-unboost|p2a: Bulky|spe|1","|turn|22","|","|move|p1a: Crustle|Knock Off|p2a: Bulky","|-damage|p2a: Bulky|273/703","|-enditem|p2a: Bulky|Eviolite|[from] move: Knock Off|[of] p1a: Crustle","|move|p2a: Bulky|Seismic Toss|p1a: Crustle","|-damage|p1a: Crustle|0 fnt","|faint|p1a: Crustle","|","|","|switch|p1a: Golem|Golem, F|301/301","|turn|23","|","|move|p1a: Golem|Earthquake|p2a: Bulky","|-damage|p2a: Bulky|0 fnt","|faint|p2a: Bulky","|","|","|switch|p2a: Ducky|Porygon2|373/373","|-activate|p2a: Ducky|move: Sticky Web","|-unboost|p2a: Ducky|spe|1","|-damage|p2a: Ducky|327/373|[from] Stealth Rock","|-boost|p2a: Ducky|spa|1|[from] ability: Download","|turn|24","|","|move|p1a: Golem|Earthquake|p2a: Ducky","|-damage|p2a: Ducky|243/373","|move|p2a: Ducky|Tri Attack|p1a: Golem","|-resisted|p1a: Golem","|-damage|p1a: Golem|193/301","|-status|p1a: Golem|frz","|","|turn|25","|","|cant|p1a: Golem|frz","|move|p2a: Ducky|Recover|p2a: Ducky","|-heal|p2a: Ducky|373/373","|","|turn|26","|","|cant|p1a: Golem|frz","|move|p2a: Ducky|Tri Attack|p1a: Golem","|-resisted|p1a: Golem","|-damage|p1a: Golem|92/301 frz","|","|turn|27","|","|cant|p1a: Golem|frz","|move|p2a: Ducky|Tri Attack|p1a: Golem","|-resisted|p1a: Golem","|-damage|p1a: Golem|0 fnt","|faint|p1a: Golem","|","|","|switch|p1a: Diancie|Diancie-Mega|241/241","|turn|28","|","|move|p1a: Diancie|Moonblast|p2a: Ducky","|-crit|p2a: Ducky","|-damage|p2a: Ducky|156/373","|-unboost|p2a: Ducky|spa|1","|move|p2a: Ducky|Tri Attack|p1a: Diancie","|-resisted|p1a: Diancie","|-damage|p1a: Diancie|196/241","|","|turn|29","|","|move|p1a: Diancie|Moonblast|p2a: Ducky","|-damage|p2a: Ducky|24/373","|move|p2a: Ducky|Recover|p2a: Ducky","|-heal|p2a: Ducky|211/373","|","|turn|30","|","|move|p1a: Diancie|Moonblast|p2a: Ducky","|-damage|p2a: Ducky|81/373","|move|p2a: Ducky|Tri Attack|p1a: Diancie","|-resisted|p1a: Diancie","|-damage|p1a: Diancie|147/241","|-status|p1a: Diancie|par","|","|turn|31","|","|move|p2a: Ducky|Recover|p2a: Ducky","|-heal|p2a: Ducky|268/373","|move|p1a: Diancie|Moonblast|p2a: Ducky","|-damage|p2a: Ducky|118/373","|-unboost|p2a: Ducky|spa|1","|","|turn|32","|","|move|p2a: Ducky|Recover|p2a: Ducky","|-heal|p2a: Ducky|305/373","|move|p1a: Diancie|Moonblast|p2a: Ducky","|-damage|p2a: Ducky|164/373","|","|turn|33","|","|move|p2a: Ducky|Recover|p2a: Ducky","|-heal|p2a: Ducky|351/373","|cant|p1a: Diancie|par","|","|turn|34","|","|move|p2a: Ducky|Tri Attack|p1a: Diancie","|-resisted|p1a: Diancie","|-damage|p1a: Diancie|116/241 par","|move|p1a: Diancie|Moonblast|p2a: Ducky","|-damage|p2a: Ducky|216/373","|","|turn|35","|","|move|p2a: Ducky|Tri Attack|p1a: Diancie","|-crit|p1a: Diancie","|-resisted|p1a: Diancie","|-damage|p1a: Diancie|43/241 par","|move|p1a: Diancie|Moonblast|p2a: Ducky","|-damage|p2a: Ducky|74/373","|","|turn|36","|","|move|p2a: Ducky|Recover|p2a: Ducky","|-heal|p2a: Ducky|261/373","|move|p1a: Diancie|Moonblast|p2a: Ducky","|-damage|p2a: Ducky|126/373","|","|turn|37","|","|move|p2a: Ducky|Recover|p2a: Ducky","|-heal|p2a: Ducky|313/373","|move|p1a: Diancie|Moonblast|p2a: Ducky","|-damage|p2a: Ducky|180/373","|-unboost|p2a: Ducky|spa|1","|","|turn|38","|","|move|p2a: Ducky|Recover|p2a: Ducky","|-heal|p2a: Ducky|367/373","|move|p1a: Diancie|Moonblast|p2a: Ducky","|-crit|p2a: Ducky","|-damage|p2a: Ducky|160/373","|","|turn|39","|","|move|p2a: Ducky|Recover|p2a: Ducky","|-heal|p2a: Ducky|347/373","|move|p1a: Diancie|Moonblast|p2a: Ducky","|-damage|p2a: Ducky|205/373","|","|turn|40","|","|move|p2a: Ducky|Recover|p2a: Ducky","|-heal|p2a: Ducky|373/373","|move|p1a: Diancie|Moonblast|p2a: Ducky","|-damage|p2a: Ducky|228/373","|","|turn|41","|","|move|p2a: Ducky|Recover|p2a: Ducky","|-heal|p2a: Ducky|373/373","|move|p1a: Diancie|Moonblast|p2a: Ducky","|-damage|p2a: Ducky|246/373","|-unboost|p2a: Ducky|spa|1","|","|turn|42","|","|move|p2a: Ducky|Recover|p2a: Ducky","|-heal|p2a: Ducky|373/373","|cant|p1a: Diancie|par","|","|turn|43","|","|move|p2a: Ducky|Tri Attack|p1a: Diancie","|-resisted|p1a: Diancie","|-damage|p1a: Diancie|25/241 par","|move|p1a: Diancie|Moonblast|p2a: Ducky","|-damage|p2a: Ducky|244/373","|","|turn|44","|","|move|p2a: Ducky|Ice Beam|p1a: Diancie","|-damage|p1a: Diancie|0 fnt","|faint|p1a: Diancie","|","|","|switch|p1a: Omastar|Omastar, F|281/281","|turn|45","|","|move|p1a: Omastar|Shell Smash|p1a: Omastar","|-unboost|p1a: Omastar|def|1","|-unboost|p1a: Omastar|spd|1","|-boost|p1a: Omastar|atk|2","|-boost|p1a: Omastar|spa|2","|-boost|p1a: Omastar|spe|2","|move|p2a: Ducky|Thunder Wave|p1a: Omastar","|-status|p1a: Omastar|par","|","|turn|46","|","|cant|p1a: Omastar|par","|move|p2a: Ducky|Tri Attack|p1a: Omastar","|-resisted|p1a: Omastar","|-damage|p1a: Omastar|242/281 par","|","|turn|47","|","|cant|p1a: Omastar|par","|move|p2a: Ducky|Ice Beam|p1a: Omastar","|-crit|p1a: Omastar","|-resisted|p1a: Omastar","|-damage|p1a: Omastar|124/281 par","|","|turn|48","|","|move|p2a: Ducky|Ice Beam|p1a: Omastar","|-resisted|p1a: Omastar","|-damage|p1a: Omastar|96/281 par","|cant|p1a: Omastar|par","|","|turn|49","|","|move|p1a: Omastar|Scald|p2a: Ducky","|-damage|p2a: Ducky|48/373","|move|p2a: Ducky|Ice Beam|p1a: Omastar","|-resisted|p1a: Omastar","|-damage|p1a: Omastar|64/281 par","|","|turn|50","|","|move|p2a: Ducky|Recover|p2a: Ducky","|-heal|p2a: Ducky|235/373","|move|p1a: Omastar|Scald|p2a: Ducky","|-damage|p2a: Ducky|48/373","|","|turn|51","|","|move|p1a: Omastar|Scald|p2a: Ducky","|-damage|p2a: Ducky|0 fnt","|faint|p2a: Ducky","|","|win|Dusk Hoot"],"p1rating":{"entryid":"6278074","serverid":"eos","formatid":"monotype","userid":"duskhoot","username":"Dusk Hoot","w":42,"l":"29","t":"0","gxe":57.1,"r":"1548.2533781512","rd":"50.824090409475","sigma":"0","rptime":"1438851600","rpr":1554.1426403748,"rprd":50.373054426667,"rpsigma":"0","acre":1206.9177672225,"lacre":1206.9177672225,"oldacre":"1183.098928228"},"p2rating":{"entryid":"7438657","serverid":"eos","formatid":"monotype","userid":"chiefsokka","username":"Chief Sokka","w":"6","l":2,"t":"0","gxe":62.6,"r":"1500","rd":"130","sigma":"0","rptime":"1438851600","rpr":1600.2781382242,"rprd":91.088485913808,"rpsigma":"0","acre":1142.8527641592,"lacre":1142.8527641592,"oldacre":"1166.6716031537"},"endType":"normal"}