{"seed":[27173,37666,19322,38976],"turns":24,"p1":"KGBeast","p2":"Jake1079","p1team":[{"name":"Hippowdon","species":"Hippowdon","item":"rockyhelmet","ability":"Sand Stream","moves":["stealthrock","earthquake","whirlwind","slackoff"],"nature":"Impish","evs":{"hp":248,"atk":8,"def":252,"spa":0,"spd":0,"spe":0},"ivs":{"hp":31,"atk":31,"def":31,"spa":31,"spd":31,"spe":31}},{"name":"Landorus","species":"Landorus","item":"lifeorb","ability":"Sheer Force","moves":["earthpower","sludgewave","substitute","gravity"],"nature":"Modest","evs":{"hp":0,"atk":0,"def":4,"spa":252,"spd":0,"spe":252},"ivs":{"hp":31,"atk":0,"def":31,"spa":31,"spd":31,"spe":31}},{"name":"Mamoswine","species":"Mamoswine","item":"lifeorb","ability":"Thick Fat","moves":["iceshard","iciclespear","knockoff","superpower"],"nature":"Adamant","evs":{"hp":0,"atk":252,"def":4,"spa":0,"spd":0,"spe":252},"ivs":{"hp":31,"atk":31,"def":31,"spa":31,"spd":31,"spe":31}},{"name":"Garchomp","species":"Garchomp","item":"garchompite","ability":"Rough Skin","moves":["swordsdance","earthquake","fireblast","stoneedge"],"nature":"Jolly","evs":{"hp":0,"atk":252,"def":4,"spa":0,"spd":0,"spe":252},"ivs":{"hp":31,"atk":31,"def":31,"spa":31,"spd":31,"spe":31}},{"name":"Excadrill","species":"Excadrill","item":"choiceband","ability":"Sand Rush","moves":["ironhead","earthquake","rockslide","rapidspin"],"nature":"Adamant","evs":{"hp":0,"atk":252,"def":0,"spa":0,"spd":4,"spe":252},"ivs":{"hp":31,"atk":31,"def":31,"spa":31,"spd":31,"spe":31}},{"name":"Gastrodon","species":"Gastrodon","item":"leftovers","ability":"Storm Drain","moves":["scald","earthquake","toxic","recover"],"nature":"Sassy","evs":{"hp":248,"atk":8,"def":0,"spa":0,"spd":252,"spe":0},"ivs":{"hp":31,"atk":31,"def":31,"spa":31,"spd":31,"spe":31}}],"p2team":[{"name":"Tentacruel","species":"Tentacruel","item":"blacksludge","ability":"Liquid Ooze","moves":["toxic","rapidspin","scald","blizzard"],"nature":"Timid","evs":{"hp":232,"atk":0,"def":0,"spa":24,"spd":252,"spe":0},"ivs":{"hp":31,"atk":31,"def":31,"spa":31,"spd":31,"spe":31}},{"name":"Nidoking","species":"Nidoking","item":"choicescarf","ability":"Sheer Force","moves":["poisonjab","firepunch","icepunch","earthquake"],"nature":"Adamant","evs":{"hp":0,"atk":252,"def":0,"spa":0,"spd":4,"spe":252},"ivs":{"hp":31,"atk":31,"def":31,"spa":31,"spd":31,"spe":31}},{"name":"Weezing","species":"Weezing","item":"blacksludge","ability":"Levitate","moves":["fireblast","willowisp","painsplit","taunt"],"nature":"Bold","evs":{"hp":252,"atk":0,"def":252,"spa":4,"spd":0,"spe":0},"ivs":{"hp":31,"atk":31,"def":31,"spa":31,"spd":31,"spe":31}},{"name":"Venusaur","species":"Venusaur","item":"venusaurite","ability":"Overgrow","moves":["gigadrain","leechseed","sludgebomb","protect"],"nature":"Calm","evs":{"hp":252,"atk":0,"def":0,"spa":4,"spd":252,"spe":0},"ivs":{"hp":31,"atk":31,"def":31,"spa":31,"spd":31,"spe":31}},{"name":"Toxicroak","species":"Toxicroak","item":"focussash","ability":"Poison Touch","moves":["drainpunch","suckerpunch","swordsdance","earthquake"],"nature":"Jolly","evs":{"hp":4,"atk":252,"def":0,"spa":0,"spd":0,"spe":252},"ivs":{"hp":31,"atk":31,"def":31,"spa":31,"spd":31,"spe":31}},{"name":"Muk","species":"Muk","item":"lifeorb","ability":"Stench","moves":["shadowsneak","firepunch","icepunch","poisonjab"],"nature":"Adamant","evs":{"hp":248,"atk":252,"def":0,"spa":0,"spd":8,"spe":0},"ivs":{"hp":31,"atk":31,"def":31,"spa":31,"spd":31,"spe":31}}],"log":["|player|p1|KGBeast|kgbeast.png","|player|p2|Jake1079|150","|gametype|singles","|gen|6","|tier|Monotype","|rated","|rule|Baton Pass Clause: Limit one Baton Passer, can't pass Spe and other stats simultaneously","|rule|Swagger Clause: Swagger is banned","|rule|Same Type Clause: Pokémon in a team must share a type","|clearpoke","|poke|p1|Hippowdon, F","|poke|p1|Landorus, M","|poke|p1|Mamoswine, M","|poke|p1|Garchomp, F","|poke|p1|Excadrill, F","|poke|p1|Gastrodon, F","|poke|p2|Tentacruel, F","|poke|p2|Nidoking, M","|poke|p2|Weezing, F","|poke|p2|Venusaur, M","|poke|p2|Toxicroak, M","|poke|p2|Muk, F","|rule|Sleep Clause Mod: Limit one foe put to sleep","|rule|Species Clause: Limit one of each Pokémon","|rule|OHKO Clause: OHKO moves are banned","|rule|Moody Clause: Moody is banned","|rule|Evasion Moves Clause: Evasion moves are banned","|rule|Endless Battle Clause: Forcing endless battles is banned","|rule|HP Percentage Mod: HP is shown in percentages","|teampreview","|","|start","|switch|p1a: Landorus|Landorus, M|319/319","|switch|p2a: Venusaur|Venusaur, M|364/364","|turn|1","|","|detailschange|p2a: Venusaur|Venusaur-Mega, M","|-mega|p2a: Venusaur|Venusaur|Venusaurite","|move|p1a: Landorus|Earth Power|p2a: Venusaur","|-damage|p2a: Venusaur|195/364","|move|p2a: Venusaur|Leech Seed|p1a: Landorus","|-start|p1a: Landorus|move: Leech Seed","|","|-damage|p1a: Landorus|280/319|[from] Leech Seed|[of] p2a: Venusaur","|-heal|p2a: Venusaur|234/364|[silent]","|turn|2","|","|switch|p1a: Hippowdon|Hippowdon, F|419/419","|-weather|Sandstorm","|move|p2a: Venusaur|Protect|p2a: Venusaur","|-fail|p2a: Venusaur","|","|-weather|Sandstorm|[upkeep]","|-damage|p2a: Venusaur|212/364|[from] sandstorm","|turn|3","|","|move|p2a: Venusaur|Giga Drain|p1a: Hippowdon","|-supereffective|p1a: Hippowdon","|-damage|p1a: Hippowdon|125/419","|-heal|p2a: Venusaur|359/364|[from] drain|[of] p1a: Hippowdon","|move|p1a: Hippowdon|Slack Off|p1a: Hippowdon","|-heal|p1a: Hippowdon|335/419","|","|-weather|Sandstorm|[upkeep]","|-damage|p2a: Venusaur|337/364|[from] sandstorm","|turn|4","|","|switch|p1a: Excadrill|Excadrill, F|361/361","|move|p2a: Venusaur|Giga Drain|p1a: Excadrill","|-damage|p1a: Excadrill|222/361","|-heal|p2a: Venusaur|364/364|[from] drain|[of] p1a: Excadrill","|","|-weather|Sandstorm|[upkeep]","|-damage|p2a: Venusaur|342/364|[from] sandstorm","|turn|5","|","|move|p1a: Excadrill|Iron Head|p2a: Venusaur","|-damage|p2a: Venusaur|126/364","|cant|p2a: Venusaur|flinch","|","|-weather|Sandstorm|[upkeep]","|-damage|p2a: Venusaur|104/364|[from] sandstorm","|turn|6","|","|switch|p1a: Garchomp|Garchomp, F|357/357","|switch|p2a: Muk|Muk, F|413/413","|","|-weather|none","|turn|7","|","|detailschange|p1a: Garchomp|Garchomp-Mega, F","|-mega|p1a: Garchomp|Garchomp|Garchompite","|move|p1a: Garchomp|Earthquake|p2a: Muk","|-supereffective|p2a: Muk","|-damage|p2a: Muk|0 fnt","|faint|p2a: Muk","|","|","|switch|p2a: Weezing|Weezing, F|334/334","|turn|8","|","|switch|p1a: Gastrodon|Gastrodon, F|425/425","|move|p2a: Weezing|Will-O-Wisp|p1a: Gastrodon","|-status|p1a: Gastrodon|brn","|","|-damage|p1a: Gastrodon|372/425 brn|[from] brn","|turn|9","|","|switch|p1a: Landorus|Landorus, M|280/319","|move|p2a: Weezing|Taunt|p1a: Landorus","|-start|p1a: Landorus|move: Taunt","|","|turn|10","|","|switch|p1a: Gastrodon|Gastrodon, F|372/425 brn","|move|p2a: Weezing|Will-O-Wisp|p1a: Gastrodon","|-fail|p1a: Gastrodon|brn","|","|-heal|p1a: Gastrodon|398/425 brn|[from] item: Leftovers","|-damage|p1a: Gastrodon|345/425 brn|[from] brn","|turn|11","|","|move|p2a: Weezing|Fire Blast|p1a: Gastrodon","|-resisted|p1a: Gastrodon","|-damage|p1a: Gastrodon|312/425 brn","|move|p1a: Gastrodon|Scald|p2a: Weezing","|-damage|p2a: Weezing|217/334","|-status|p2a: Weezing|brn","|","|-heal|p2a: Weezing|237/334 brn|[from] item: Black Sludge","|-heal|p1a: Gastrodon|338/425 brn|[from] item: Leftovers","|-damage|p2a: Weezing|196/334 brn|[from] brn","|-damage|p1a: Gastrodon|285/425 brn|[from] brn","|turn|12","|","|switch|p2a: Venusaur|Venusaur-Mega, M|104/364","|move|p1a: Gastrodon|Scald|p2a: Venusaur","|-resisted|p2a: Venusaur","|-damage|p2a: Venusaur|76/364","|","|-heal|p1a: Gastrodon|311/425 brn|[from] item: Leftovers","|-damage|p1a: Gastrodon|258/425 brn|[from] brn","|turn|13","|","|switch|p1a: Excadrill|Excadrill, F|222/361","|move|p2a: Venusaur|Leech Seed|p1a: Excadrill","|-start|p1a: Excadrill|move: Leech Seed","|","|-damage|p1a: Excadrill|177/361|[from] Leech Seed|[of] p2a: Venusaur","|-heal|p2a: Venusaur|121/364|[silent]","|turn|14","|","|move|p2a: Venusaur|Protect|p2a: Venusaur","|-singleturn|p2a: Venusaur|Protect","|move|p1a: Excadrill|Earthquake|p2a: Venusaur","|-activate|p2a: Venusaur|Protect","|","|-damage|p1a: Excadrill|132/361|[from] Leech Seed|[of] p2a: Venusaur","|-heal|p2a: Venusaur|166/364|[silent]","|turn|15","|","|switch|p1a: Landorus|Landorus, M|280/319","|move|p2a: Venusaur|Protect|p2a: Venusaur","|-fail|p2a: Venusaur","|","|turn|16","|","|move|p1a: Landorus|Earth Power|p2a: Venusaur","|-damage|p2a: Venusaur|0 fnt","|faint|p2a: Venusaur","|","|","|switch|p2a: Nidoking|Nidoking, M|303/303","|turn|17","|","|switch|p1a: Mamoswine|Mamoswine, M|361/361","|move|p2a: Nidoking|Ice Punch|p1a: Mamoswine","|-damage|p1a: Mamoswine|296/361","|","|turn|18","|","|switch|p2a: Weezing|Weezing, F|196/334 brn","|move|p1a: Mamoswine|Icicle Spear|p2a: Weezing","|-damage|p2a: Weezing|156/334 brn","|-damage|p2a: Weezing|112/334 brn","|-hitcount|p2a: Weezing|2","|-damage|p1a: Mamoswine|260/361|[from] item: Life Orb","|","|-heal|p2a: Weezing|132/334 brn|[from] item: Black Sludge","|-damage|p2a: Weezing|91/334 brn|[from] brn","|turn|19","|","|move|p1a: Mamoswine|Knock Off|p2a: Weezing","|-damage|p2a: Weezing|0 fnt","|-enditem|p2a: Weezing|Black Sludge|[from] move: Knock Off|[of] p1a: Mamoswine","|-damage|p1a: Mamoswine|224/361|[from] item: Life Orb","|faint|p2a: Weezing","|","|","|switch|p2a: Toxicroak|Toxicroak, M|308/308","|turn|20","|","|switch|p1a: Hippowdon|Hippowdon, F|335/419","|-weather|Sandstorm","|move|p2a: Toxicroak|Drain Punch|p1a: Hippowdon","|-damage|p1a: Hippowdon|256/419","|-damage|p2a: Toxicroak|257/308|[from] item: Rocky Helmet|[of] p1a: Hippowdon","|-status|p1a: Hippowdon|psn","|","|-weather|Sandstorm|[upkeep]","|-damage|p2a: Toxicroak|238/308|[from] sandstorm","|-damage|p1a: Hippowdon|204/419 psn|[from] psn","|turn|21","|","|move|p2a: Toxicroak|Swords Dance|p2a: Toxicroak","|-boost|p2a: Toxicroak|atk|2","|move|p1a: Hippowdon|Earthquake|p2a: Toxicroak","|-supereffective|p2a: Toxicroak","|-damage|p2a: Toxicroak|0 fnt","|faint|p2a: Toxicroak","|","|-weather|Sandstorm|[upkeep]","|-damage|p1a: Hippowdon|152/419 psn|[from] psn","|","|switch|p2a: Tentacruel|Tentacruel, F|359/359","|turn|22","|","|move|p2a: Tentacruel|Blizzard|p1a: Hippowdon","|-supereffective|p1a: Hippowdon","|-damage|p1a: Hippowdon|0 fnt","|faint|p1a: Hippowdon","|","|-weather|Sandstorm|[upkeep]","|-damage|p2a: Tentacruel|337/359|[from] sandstorm","|-heal|p2a: Tentacruel|359/359|[from] item: Black Sludge","|","|switch|p1a: Excadrill|Excadrill, F|132/361","|turn|23","|","|move|p1a: Excadrill|Earthquake|p2a: Tentacruel","|-supereffective|p2a: Tentacruel","|-damage|p2a: Tentacruel|0 fnt","|faint|p2a: Tentacruel","|","|-weather|Sandstorm|[upkeep]","|","|switch|p2a: Nidoking|Nidoking, M|303/303","|turn|24","|","|move|p1a: Excadrill|Earthquake|p2a: Nidoking","|-supereffective|p2a: Nidoking","|-damage|p2a: Nidoking|0 fnt","|faint|p2a: Nidoking","|","|win|KGBeast"],"p1rating":{"entryid":"6349485","serverid":"eos","formatid":"monotype","userid":"kgbeast","username":"KGBeast","w":51,"l":"26","t":"0","gxe":64.3,"r":"1619.1834863741","rd":"45.46532274501","sigma":"0","rptime":"1438851600","rpr":1611.2082024218,"rprd":44.499098990479,"rpsigma":"0","acre":1224.9234302362,"lacre":1224.9234302362,"oldacre":"1209.3372315082"},"p2rating":{"entryid":"7429437","serverid":"eos","formatid":"monotype","userid":"jake1079","username":"Jake1079","w":"8","l":11,"t":"0","gxe":42.4,"r":"1543.5648934858","rd":"122.25708225132","sigma":"0","rptime":"1438851600","rpr":1441.379388284,"rprd":71.301202247644,"rpsigma":"0","acre":1058.7968297683,"lacre":1058.7968297683,"oldacre":"1071.7402566403"},"endType":"normal"}