{"seed":[47855,11338,33321,48354],"turns":24,"p1":"Sage.13","p2":"DSV","p1team":[{"name":"King Ludi","species":"ludicolo","item":"leftovers","ability":"Swift Swim","moves":["teeterdance","scald","icebeam","gigadrain"],"nature":"Modest","evs":{"hp":0,"atk":0,"def":0,"spa":252,"spd":4,"spe":252},"shiny":true,"ivs":{"hp":31,"atk":31,"def":31,"spa":31,"spd":31,"spe":31}},{"name":"SS2 Azu","species":"azumarill","item":"sitrusberry","ability":"Huge Power","moves":["aquajet","playrough","bellydrum","knockoff"],"nature":"Adamant","evs":{"hp":252,"atk":252,"def":0,"spa":0,"spd":4,"spe":0},"shiny":true,"ivs":{"hp":31,"atk":31,"def":31,"spa":31,"spd":31,"spe":31}},{"name":"Swampert","species":"Swampert","item":"swampertite","ability":"Damp","moves":["superpower","waterfall","earthquake","icepunch"],"nature":"Adamant","evs":{"hp":248,"atk":252,"def":0,"spa":0,"spd":8,"spe":0},"ivs":{"hp":31,"atk":31,"def":31,"spa":31,"spd":31,"spe":31}},{"name":"Milo","species":"milotic","item":"leftovers","ability":"Competitive","moves":["scald","icebeam","raindance","toxic"],"nature":"Bold","evs":{"hp":252,"atk":0,"def":252,"spa":4,"spd":0,"spe":0},"shiny":true,"ivs":{"hp":31,"atk":31,"def":31,"spa":31,"spd":31,"spe":31}},{"name":"Politoed","species":"Politoed","item":"widelens","ability":"Drizzle","moves":["icebeam","surf","hypnosis","perishsong"],"nature":"Modest","evs":{"hp":248,"atk":0,"def":0,"spa":252,"spd":8,"spe":0},"shiny":true,"ivs":{"hp":31,"atk":31,"def":31,"spa":31,"spd":31,"spe":31}},{"name":"Swanna","species":"Swanna","item":"lifeorb","ability":"Hydration","moves":["scald","hurricane","tailwind","icebeam"],"nature":"Timid","evs":{"hp":0,"atk":0,"def":0,"spa":252,"spd":4,"spe":252},"shiny":true,"ivs":{"hp":31,"atk":31,"def":31,"spa":31,"spd":31,"spe":31}}],"p2team":[{"name":"Terrakion","species":"Terrakion","item":"choicescarf","ability":"Justified","moves":["closecombat","stoneedge","earthquake","ironhead"],"nature":"Jolly","evs":{"hp":0,"atk":252,"def":0,"spa":0,"spd":4,"spe":252},"ivs":{"hp":31,"atk":31,"def":31,"spa":31,"spd":31,"spe":31}},{"name":"Gallade","species":"Gallade","item":"galladite","ability":"Steadfast","moves":["knockoff","swordsdance","psychocut","shadowsneak"],"nature":"Jolly","evs":{"hp":0,"atk":252,"def":0,"spa":0,"spd":0,"spe":252},"ivs":{"hp":31,"atk":31,"def":31,"spa":31,"spd":31,"spe":31}},{"name":"Keldeo-Resolute","species":"Keldeo-Resolute","item":"choicespecs","ability":"Justified","moves":["icywind","secretsword","scald","hydropump"],"nature":"Timid","evs":{"hp":0,"atk":0,"def":0,"spa":252,"spd":4,"spe":252},"ivs":{"hp":31,"atk":31,"def":31,"spa":31,"spd":31,"spe":31}},{"name":"Cobalion","species":"Cobalion","item":"leftovers","ability":"Justified","moves":["stealthrock","thunderwave","taunt","ironhead"],"nature":"Jolly","evs":{"hp":252,"atk":4,"def":0,"spa":0,"spd":0,"spe":252},"ivs":{"hp":31,"atk":31,"def":31,"spa":31,"spd":31,"spe":31}},{"name":"Mienshao","species":"Mienshao","item":"choicescarf","ability":"Reckless","moves":["uturn","knockoff","stoneedge","highjumpkick"],"nature":"Adamant","evs":{"hp":0,"atk":252,"def":0,"spa":0,"spd":4,"spe":252},"ivs":{"hp":31,"atk":31,"def":31,"spa":31,"spd":31,"spe":31}},{"name":"Breloom","species":"Breloom","item":"focussash","ability":"Technician","moves":["spore","bulletseed","machpunch","swordsdance"],"nature":"Jolly","evs":{"hp":0,"atk":252,"def":0,"spa":0,"spd":4,"spe":252},"ivs":{"hp":31,"atk":31,"def":31,"spa":31,"spd":31,"spe":31}}],"log":["|player|p1|Sage.13|154","|player|p2|DSV|159","|gametype|singles","|gen|6","|tier|Monotype","|rated","|rule|Baton Pass Clause: Limit one Baton Passer, can't pass Spe and other stats simultaneously","|rule|Swagger Clause: Swagger is banned","|rule|Same Type Clause: Pokémon in a team must share a type","|clearpoke","|poke|p1|Ludicolo, M, shiny","|poke|p1|Azumarill, F, shiny","|poke|p1|Swampert, F","|poke|p1|Milotic, F, shiny","|poke|p1|Politoed, M, shiny","|poke|p1|Swanna, F, shiny","|poke|p2|Terrakion","|poke|p2|Gallade, M","|poke|p2|Keldeo-Resolute","|poke|p2|Cobalion","|poke|p2|Mienshao, F","|poke|p2|Breloom, M","|rule|Sleep Clause Mod: Limit one foe put to sleep","|rule|Species Clause: Limit one of each Pokémon","|rule|OHKO Clause: OHKO moves are banned","|rule|Moody Clause: Moody is banned","|rule|Evasion Moves Clause: Evasion moves are banned","|rule|Endless Battle Clause: Forcing endless battles is banned","|rule|HP Percentage Mod: HP is shown in percentages","|teampreview","|","|start","|switch|p1a: Politoed|Politoed, M, shiny|383/383","|switch|p2a: Mienshao|Mienshao, F|271/271","|-weather|RainDance","|turn|1","|","|switch|p1a: Swampert|Swampert, F|403/403","|move|p2a: Mienshao|High Jump Kick|p1a: Swampert","|-damage|p1a: Swampert|102/403","|","|-weather|RainDance|[upkeep]","|turn|2","|","|switch|p1a: SS2 Azu|Azumarill, F, shiny|404/404","|move|p2a: Mienshao|High Jump Kick|p1a: SS2 Azu","|-resisted|p1a: SS2 Azu","|-damage|p1a: SS2 Azu|223/404","|","|-weather|RainDance|[upkeep]","|turn|3","|","|move|p2a: Mienshao|High Jump Kick|p1a: SS2 Azu","|-resisted|p1a: SS2 Azu","|-damage|p1a: SS2 Azu|52/404","|-enditem|p1a: SS2 Azu|Sitrus Berry|[eat]","|-heal|p1a: SS2 Azu|153/404|[from] item: Sitrus Berry","|move|p1a: SS2 Azu|Play Rough|p2a: Mienshao","|-supereffective|p2a: Mienshao","|-damage|p2a: Mienshao|0 fnt","|faint|p2a: Mienshao","|","|-weather|RainDance|[upkeep]","|","|switch|p2a: Keldeo-Resolute|Keldeo-Resolute|323/323","|turn|4","|","|switch|p1a: King Ludi|Ludicolo, M, shiny|301/301","|move|p2a: Keldeo-Resolute|Scald|p1a: King Ludi","|-resisted|p1a: King Ludi","|-damage|p1a: King Ludi|227/301","|-status|p1a: King Ludi|brn","|","|-weather|RainDance|[upkeep]","|-heal|p1a: King Ludi|245/301 brn|[from] item: Leftovers","|-damage|p1a: King Ludi|208/301 brn|[from] brn","|turn|5","|","|switch|p2a: Breloom|Breloom, M|261/261","|move|p1a: King Ludi|Giga Drain|p2a: Breloom","|-resisted|p2a: Breloom","|-damage|p2a: Breloom|171/261","|-heal|p1a: King Ludi|253/301 brn|[from] drain|[of] p2a: Breloom","|","|-weather|none","|-heal|p1a: King Ludi|271/301 brn|[from] item: Leftovers","|-damage|p1a: King Ludi|234/301 brn|[from] brn","|turn|6","|","|switch|p2a: Keldeo-Resolute|Keldeo-Resolute|323/323","|switch|p1a: Politoed|Politoed, M, shiny|383/383","|-weather|RainDance","|","|-weather|RainDance|[upkeep]","|turn|7","|","|move|p2a: Keldeo-Resolute|Secret Sword|p1a: Politoed","|-damage|p1a: Politoed|73/383","|move|p1a: Politoed|Hypnosis|p2a: Keldeo-Resolute","|-status|p2a: Keldeo-Resolute|slp","|","|-weather|RainDance|[upkeep]","|turn|8","|","|switch|p2a: Gallade|Gallade, M|277/277","|switch|p1a: Swanna|Swanna, F, shiny|291/291","|","|-weather|RainDance|[upkeep]","|turn|9","|","|switch|p2a: Cobalion|Cobalion|386/386","|move|p1a: Swanna|Hurricane|p2a: Cobalion","|-damage|p2a: Cobalion|109/386","|-damage|p1a: Swanna|262/291|[from] item: Life Orb","|","|-weather|RainDance|[upkeep]","|-heal|p2a: Cobalion|133/386|[from] item: Leftovers","|turn|10","|","|switch|p1a: Swampert|Swampert, F|102/403","|move|p2a: Cobalion|Stealth Rock|p1a: Swampert","|-sidestart|p1: Sage.13|move: Stealth Rock","|","|-weather|none","|-heal|p2a: Cobalion|157/386|[from] item: Leftovers","|turn|11","|","|detailschange|p1a: Swampert|Swampert-Mega, F","|-mega|p1a: Swampert|Swampert|Swampertite","|move|p2a: Cobalion|Taunt|p1a: Swampert","|-start|p1a: Swampert|move: Taunt","|move|p1a: Swampert|Waterfall|p2a: Cobalion","|-damage|p2a: Cobalion|13/386","|","|-heal|p2a: Cobalion|37/386|[from] item: Leftovers","|turn|12","|","|move|p2a: Cobalion|Iron Head|p1a: Swampert","|-resisted|p1a: Swampert","|-damage|p1a: Swampert|61/403","|cant|p1a: Swampert|flinch","|","|-heal|p2a: Cobalion|61/386|[from] item: Leftovers","|turn|13","|","|switch|p1a: Politoed|Politoed, M, shiny|73/383","|-damage|p1a: Politoed|26/383|[from] Stealth Rock","|-weather|RainDance","|move|p2a: Cobalion|Iron Head|p1a: Politoed","|-resisted|p1a: Politoed","|-damage|p1a: Politoed|0 fnt","|faint|p1a: Politoed","|","|-weather|RainDance|[upkeep]","|-heal|p2a: Cobalion|85/386|[from] item: Leftovers","|","|switch|p1a: Swampert|Swampert-Mega, F|61/403","|-damage|p1a: Swampert|36/403|[from] Stealth Rock","|turn|14","|","|move|p1a: Swampert|Earthquake|p2a: Cobalion","|-supereffective|p2a: Cobalion","|-damage|p2a: Cobalion|0 fnt","|faint|p2a: Cobalion","|","|-weather|RainDance|[upkeep]","|","|switch|p2a: Gallade|Gallade, M|277/277","|turn|15","|","|detailschange|p2a: Gallade|Gallade-Mega, M","|-mega|p2a: Gallade|Gallade|Galladite","|move|p2a: Gallade|Shadow Sneak|p1a: Swampert","|-damage|p1a: Swampert|0 fnt","|faint|p1a: Swampert","|","|-weather|RainDance|[upkeep]","|","|switch|p1a: Swanna|Swanna, F, shiny|262/291","|-damage|p1a: Swanna|190/291|[from] Stealth Rock","|turn|16","|","|switch|p2a: Keldeo-Resolute|Keldeo-Resolute|323/323 slp","|move|p1a: Swanna|Hurricane|p2a: Keldeo-Resolute","|-supereffective|p2a: Keldeo-Resolute","|-damage|p2a: Keldeo-Resolute|0 fnt","|-damage|p1a: Swanna|161/291|[from] item: Life Orb","|faint|p2a: Keldeo-Resolute","|","|-weather|RainDance|[upkeep]","|","|switch|p2a: Terrakion|Terrakion|323/323","|turn|17","|","|switch|p1a: King Ludi|Ludicolo, M, shiny|234/301 brn","|-damage|p1a: King Ludi|197/301 brn|[from] Stealth Rock","|move|p2a: Terrakion|Stone Edge|p1a: King Ludi","|-damage|p1a: King Ludi|0 fnt","|faint|p1a: King Ludi","|","|-weather|none","|","|switch|p1a: Milo|Milotic, F, shiny|394/394","|-damage|p1a: Milo|345/394|[from] Stealth Rock","|turn|18","|","|move|p2a: Terrakion|Stone Edge|p1a: Milo","|-damage|p1a: Milo|201/394","|move|p1a: Milo|Scald|p2a: Terrakion","|-supereffective|p2a: Terrakion","|-damage|p2a: Terrakion|125/323","|-status|p2a: Terrakion|brn","|","|-heal|p1a: Milo|225/394|[from] item: Leftovers","|-damage|p2a: Terrakion|85/323 brn|[from] brn","|turn|19","|","|switch|p2a: Breloom|Breloom, M|171/261","|move|p1a: Milo|Scald|p2a: Breloom","|-resisted|p2a: Breloom","|-damage|p2a: Breloom|102/261","|","|-heal|p1a: Milo|249/394|[from] item: Leftovers","|turn|20","|","|move|p2a: Breloom|Spore|p1a: Milo","|-status|p1a: Milo|slp","|cant|p1a: Milo|slp","|","|-heal|p1a: Milo|273/394 slp|[from] item: Leftovers","|turn|21","|","|move|p2a: Breloom|Swords Dance|p2a: Breloom","|-boost|p2a: Breloom|atk|2","|cant|p1a: Milo|slp","|","|-heal|p1a: Milo|297/394 slp|[from] item: Leftovers","|turn|22","|","|move|p2a: Breloom|Bullet Seed|p1a: Milo","|-supereffective|p1a: Milo","|-damage|p1a: Milo|79/394 slp","|-supereffective|p1a: Milo","|-damage|p1a: Milo|0 fnt","|-hitcount|p1a: Milo|2","|faint|p1a: Milo","|","|","|switch|p1a: Swanna|Swanna, F, shiny|161/291","|-damage|p1a: Swanna|89/291|[from] Stealth Rock","|turn|23","|","|move|p2a: Breloom|Mach Punch|p1a: Swanna","|-crit|p1a: Swanna","|-resisted|p1a: Swanna","|-damage|p1a: Swanna|0 fnt","|faint|p1a: Swanna","|","|","|switch|p1a: SS2 Azu|Azumarill, F, shiny|153/404","|-damage|p1a: SS2 Azu|103/404|[from] Stealth Rock","|turn|24","|","|move|p2a: Breloom|Mach Punch|p1a: SS2 Azu","|-resisted|p1a: SS2 Azu","|-damage|p1a: SS2 Azu|0 fnt","|faint|p1a: SS2 Azu","|","|win|DSV"],"p1rating":{"entryid":"7365108","serverid":"eos","formatid":"monotype","userid":"sage13","username":"Sage.13","w":"21","l":21,"t":"0","gxe":48.3,"r":"1501.1655659872","rd":"60.373939054538","sigma":"0","rptime":"1438851600","rpr":1486.9981554205,"rprd":52.272779716318,"rpsigma":"0","acre":1109.1550133304,"lacre":1109.1550133304,"oldacre":"1119.5634213626"},"p2rating":{"entryid":"6124841","serverid":"eos","formatid":"monotype","userid":"dsv","username":"DSV","w":36,"l":"15","t":"0","gxe":71.7,"r":"1660.6061710473","rd":"59.642600185102","sigma":"0","rptime":"1438851600","rpr":1677.2717459074,"rprd":55.648590672189,"rpsigma":"0","acre":1359.9776101072,"lacre":1359.9776101072,"oldacre":"1351.6508836814"},"endType":"normal"}