{"seed":[59848,17198,30621,61496],"turns":24,"p1":"Alliance - Tsukasa","p2":"IV-Wiley","p1team":[{"name":"Tyranitar","species":"Tyranitar","item":"leftovers","ability":"Sand Stream","moves":["stealthrock","thunderwave","rockslide","counter"],"nature":"Careful","evs":{"hp":252,"atk":4,"def":0,"spa":0,"spd":252,"spe":0},"ivs":{"hp":31,"atk":31,"def":31,"spa":31,"spd":31,"spe":31}},{"name":"Mandibuzz","species":"Mandibuzz","item":"rockyhelmet","ability":"Big Pecks","moves":["roost","defog","foulplay","toxic"],"nature":"Bold","evs":{"hp":248,"atk":0,"def":252,"spa":0,"spd":8,"spe":0},"ivs":{"hp":31,"atk":31,"def":31,"spa":31,"spd":31,"spe":31}},{"name":"Sableye","species":"Sableye","item":"sablenite","ability":"Prankster","moves":["recover","willowisp","calmmind","darkpulse"],"nature":"Calm","evs":{"hp":248,"atk":0,"def":0,"spa":8,"spd":252,"spe":0},"ivs":{"hp":31,"atk":31,"def":31,"spa":31,"spd":31,"spe":31}},{"name":"Hoopa-Unbound","species":"Hoopa-Unbound","item":"choicescarf","ability":"Magician","moves":["hyperspacehole","thunderbolt","gunkshot","darkpulse"],"nature":"Hasty","evs":{"hp":0,"atk":4,"def":0,"spa":252,"spd":0,"spe":252},"ivs":{"hp":31,"atk":31,"def":31,"spa":31,"spd":31,"spe":31}},{"name":"Weavile","species":"Weavile","item":"lifeorb","ability":"Pressure","moves":["iceshard","knockoff","iciclecrash","poisonjab"],"nature":"Jolly","evs":{"hp":0,"atk":252,"def":0,"spa":0,"spd":4,"spe":252},"ivs":{"hp":31,"atk":31,"def":31,"spa":31,"spd":31,"spe":31}},{"name":"Bisharp","species":"Bisharp","item":"lumberry","ability":"Defiant","moves":["swordsdance","substitute","ironhead","suckerpunch"],"nature":"Adamant","evs":{"hp":252,"atk":252,"def":0,"spa":0,"spd":4,"spe":0},"ivs":{"hp":31,"atk":31,"def":31,"spa":31,"spd":31,"spe":31}}],"p2team":[{"name":"Crawdaunt","species":"Crawdaunt","item":"focussash","ability":"Adaptability","moves":["aquajet","swordsdance","crabhammer","knockoff"],"nature":"Jolly","evs":{"hp":0,"atk":252,"def":0,"spa":0,"spd":4,"spe":252},"ivs":{"hp":31,"atk":31,"def":31,"spa":31,"spd":31,"spe":31}},{"name":"Kingdra","species":"Kingdra","item":"scopelens","ability":"Swift Swim","moves":["focusenergy","dracometeor","surf","hiddenpowerfire"],"nature":"Modest","evs":{"hp":0,"atk":0,"def":0,"spa":252,"spd":4,"spe":252},"ivs":{"hp":31,"atk":30,"def":31,"spa":30,"spd":31,"spe":30}},{"name":"Politoed","species":"Politoed","item":"leftovers","ability":"Drizzle","moves":["raindance","scald","icebeam","haze"],"nature":"Modest","evs":{"hp":252,"atk":0,"def":0,"spa":252,"spd":4,"spe":0},"ivs":{"hp":31,"atk":31,"def":31,"spa":31,"spd":31,"spe":31}},{"name":"Swampert","species":"Swampert","item":"swampertite","ability":"Damp","moves":["waterfall","earthquake","icepunch","raindance"],"nature":"Adamant","evs":{"hp":248,"atk":252,"def":0,"spa":0,"spd":8,"spe":0},"ivs":{"hp":31,"atk":31,"def":31,"spa":31,"spd":31,"spe":31}},{"name":"Azumarill","species":"Azumarill","item":"sitrusberry","ability":"Thick Fat","moves":["aquajet","bellydrum","brickbreak","playrough"],"nature":"Adamant","evs":{"hp":252,"atk":252,"def":0,"spa":0,"spd":4,"spe":0},"ivs":{"hp":31,"atk":31,"def":31,"spa":31,"spd":31,"spe":31}},{"name":"Keldeo","species":"Keldeo","item":"choicescarf","ability":"Justified","moves":["scald","icywind","secretsword","hiddenpowerfire"],"nature":"Timid","evs":{"hp":0,"atk":0,"def":0,"spa":252,"spd":4,"spe":252},"ivs":{"hp":31,"atk":30,"def":31,"spa":30,"spd":31,"spe":30}}],"log":["|player|p1|Alliance - Tsukasa|169","|player|p2|IV-Wiley|264","|gametype|singles","|gen|6","|tier|Monotype","|rated","|rule|Baton Pass Clause: Limit one Baton Passer, can't pass Spe and other stats simultaneously","|rule|Swagger Clause: Swagger is banned","|rule|Same Type Clause: Pokémon in a team must share a type","|clearpoke","|poke|p1|Tyranitar, F","|poke|p1|Mandibuzz, F","|poke|p1|Sableye, F","|poke|p1|Hoopa-Unbound","|poke|p1|Weavile, F","|poke|p1|Bisharp, M","|poke|p2|Crawdaunt, F","|poke|p2|Kingdra, F","|poke|p2|Politoed, M","|poke|p2|Swampert, M","|poke|p2|Azumarill, F","|poke|p2|Keldeo","|rule|Sleep Clause Mod: Limit one foe put to sleep","|rule|Species Clause: Limit one of each Pokémon","|rule|OHKO Clause: OHKO moves are banned","|rule|Moody Clause: Moody is banned","|rule|Evasion Moves Clause: Evasion moves are banned","|rule|Endless Battle Clause: Forcing endless battles is banned","|rule|HP Percentage Mod: HP is shown in percentages","|teampreview","|","|start","|switch|p1a: Hoopa-Unbound|Hoopa-Unbound|301/301","|switch|p2a: Politoed|Politoed, M|384/384","|-weather|RainDance","|turn|1","|","|move|p1a: Hoopa-Unbound|Thunderbolt|p2a: Politoed","|-crit|p2a: Politoed","|-supereffective|p2a: Politoed","|-damage|p2a: Politoed|6/384","|move|p2a: Politoed|Scald|p1a: Hoopa-Unbound","|-damage|p1a: Hoopa-Unbound|150/301","|","|-weather|RainDance|[upkeep]","|-heal|p2a: Politoed|30/384|[from] item: Leftovers","|turn|2","|","|switch|p1a: Tyranitar|Tyranitar, F|404/404","|-weather|Sandstorm","|switch|p2a: Swampert|Swampert, M|403/403","|","|-weather|Sandstorm|[upkeep]","|turn|3","|","|switch|p1a: Mandibuzz|Mandibuzz, F|423/423","|detailschange|p2a: Swampert|Swampert-Mega, M","|-mega|p2a: Swampert|Swampert|Swampertite","|move|p2a: Swampert|Rain Dance|p2a: Swampert","|-weather|RainDance","|","|-weather|RainDance|[upkeep]","|turn|4","|","|move|p2a: Swampert|Ice Punch|p1a: Mandibuzz","|-supereffective|p1a: Mandibuzz","|-damage|p1a: Mandibuzz|279/423","|-damage|p2a: Swampert|336/403|[from] item: Rocky Helmet|[of] p1a: Mandibuzz","|move|p1a: Mandibuzz|Toxic|p2a: Swampert","|-status|p2a: Swampert|tox","|","|-weather|RainDance|[upkeep]","|-damage|p2a: Swampert|311/403 tox|[from] psn","|turn|5","|","|move|p2a: Swampert|Waterfall|p1a: Mandibuzz","|-damage|p1a: Mandibuzz|92/423","|-damage|p2a: Swampert|244/403 tox|[from] item: Rocky Helmet|[of] p1a: Mandibuzz","|move|p1a: Mandibuzz|Roost|p1a: Mandibuzz","|-heal|p1a: Mandibuzz|304/423","|","|-weather|RainDance|[upkeep]","|-damage|p2a: Swampert|194/403 tox|[from] psn","|turn|6","|","|move|p2a: Swampert|Waterfall|p1a: Mandibuzz","|-crit|p1a: Mandibuzz","|-damage|p1a: Mandibuzz|10/423","|-damage|p2a: Swampert|127/403 tox|[from] item: Rocky Helmet|[of] p1a: Mandibuzz","|move|p1a: Mandibuzz|Roost|p1a: Mandibuzz","|-heal|p1a: Mandibuzz|222/423","|","|-weather|RainDance|[upkeep]","|-damage|p2a: Swampert|52/403 tox|[from] psn","|turn|7","|","|move|p2a: Swampert|Waterfall|p1a: Mandibuzz","|-damage|p1a: Mandibuzz|30/423","|-damage|p2a: Swampert|0 fnt|[from] item: Rocky Helmet|[of] p1a: Mandibuzz","|faint|p2a: Swampert","|cant|p1a: Mandibuzz|flinch","|","|-weather|none","|","|switch|p2a: Crawdaunt|Crawdaunt, F|267/267","|turn|8","|","|move|p2a: Crawdaunt|Aqua Jet|p1a: Mandibuzz","|-damage|p1a: Mandibuzz|0 fnt","|-damage|p2a: Crawdaunt|223/267|[from] item: Rocky Helmet|[of] p1a: Mandibuzz","|faint|p1a: Mandibuzz","|","|","|switch|p1a: Sableye|Sableye, F|303/303","|turn|9","|","|detailschange|p1a: Sableye|Sableye-Mega, F","|-mega|p1a: Sableye|Sableye|Sablenite","|move|p1a: Sableye|Will-O-Wisp|p2a: Crawdaunt","|-status|p2a: Crawdaunt|brn","|move|p2a: Crawdaunt|Swords Dance|p2a: Crawdaunt","|-boost|p2a: Crawdaunt|atk|2","|","|-damage|p2a: Crawdaunt|190/267 brn|[from] brn","|turn|10","|","|move|p2a: Crawdaunt|Crabhammer|p1a: Sableye","|-damage|p1a: Sableye|105/303","|move|p1a: Sableye|Dark Pulse|p2a: Crawdaunt","|-resisted|p2a: Crawdaunt","|-damage|p2a: Crawdaunt|123/267 brn","|","|-damage|p2a: Crawdaunt|90/267 brn|[from] brn","|turn|11","|","|move|p2a: Crawdaunt|Crabhammer|p1a: Sableye","|-damage|p1a: Sableye|0 fnt","|faint|p1a: Sableye","|","|-damage|p2a: Crawdaunt|57/267 brn|[from] brn","|","|switch|p1a: Bisharp|Bisharp, M|334/334","|turn|12","|","|move|p2a: Crawdaunt|Aqua Jet|p1a: Bisharp","|-damage|p1a: Bisharp|241/334","|move|p1a: Bisharp|Iron Head|p2a: Crawdaunt","|-resisted|p2a: Crawdaunt","|-damage|p2a: Crawdaunt|0 fnt","|faint|p2a: Crawdaunt","|","|","|switch|p2a: Politoed|Politoed, M|30/384","|-weather|RainDance","|turn|13","|","|move|p1a: Bisharp|Iron Head|p2a: Politoed","|-crit|p2a: Politoed","|-resisted|p2a: Politoed","|-damage|p2a: Politoed|0 fnt","|faint|p2a: Politoed","|","|-weather|RainDance|[upkeep]","|","|switch|p2a: Azumarill|Azumarill, F|404/404","|turn|14","|","|move|p1a: Bisharp|Iron Head|p2a: Azumarill","|-damage|p2a: Azumarill|223/404","|cant|p2a: Azumarill|flinch","|","|-weather|RainDance|[upkeep]","|turn|15","|","|move|p1a: Bisharp|Iron Head|p2a: Azumarill","|-damage|p2a: Azumarill|45/404","|-enditem|p2a: Azumarill|Sitrus Berry|[eat]","|-heal|p2a: Azumarill|146/404|[from] item: Sitrus Berry","|move|p2a: Azumarill|Brick Break|p1a: Bisharp","|-supereffective|p1a: Bisharp","|-damage|p1a: Bisharp|33/334","|","|-weather|RainDance|[upkeep]","|turn|16","|","|switch|p1a: Tyranitar|Tyranitar, F|404/404","|-weather|Sandstorm","|move|p2a: Azumarill|Aqua Jet|p1a: Tyranitar","|-supereffective|p1a: Tyranitar","|-damage|p1a: Tyranitar|320/404","|","|-weather|Sandstorm|[upkeep]","|-damage|p2a: Azumarill|121/404|[from] sandstorm","|-heal|p1a: Tyranitar|345/404|[from] item: Leftovers","|turn|17","|","|move|p1a: Tyranitar|Rock Slide|p2a: Azumarill","|-damage|p2a: Azumarill|0 fnt","|faint|p2a: Azumarill","|","|-weather|Sandstorm|[upkeep]","|-heal|p1a: Tyranitar|370/404|[from] item: Leftovers","|","|switch|p2a: Kingdra|Kingdra, F|291/291","|turn|18","|","|move|p2a: Kingdra|Focus Energy|p2a: Kingdra","|-start|p2a: Kingdra|move: Focus Energy","|move|p1a: Tyranitar|Thunder Wave|p2a: Kingdra","|-status|p2a: Kingdra|par","|","|-weather|Sandstorm|[upkeep]","|-damage|p2a: Kingdra|273/291 par|[from] sandstorm","|-heal|p1a: Tyranitar|395/404|[from] item: Leftovers","|turn|19","|","|move|p1a: Tyranitar|Rock Slide|p2a: Kingdra","|-damage|p2a: Kingdra|147/291 par","|move|p2a: Kingdra|Surf|p1a: Tyranitar","|-crit|p1a: Tyranitar","|-supereffective|p1a: Tyranitar","|-damage|p1a: Tyranitar|179/404","|","|-weather|Sandstorm|[upkeep]","|-damage|p2a: Kingdra|129/291 par|[from] sandstorm","|-heal|p1a: Tyranitar|204/404|[from] item: Leftovers","|turn|20","|","|move|p1a: Tyranitar|Rock Slide|p2a: Kingdra","|-crit|p2a: Kingdra","|-damage|p2a: Kingdra|0 fnt","|faint|p2a: Kingdra","|","|-weather|none","|-heal|p1a: Tyranitar|229/404|[from] item: Leftovers","|","|switch|p2a: Keldeo|Keldeo|323/323","|turn|21","|","|move|p2a: Keldeo|Secret Sword|p1a: Tyranitar","|-supereffective|p1a: Tyranitar","|-damage|p1a: Tyranitar|0 fnt","|faint|p1a: Tyranitar","|","|","|switch|p1a: Weavile|Weavile, F|281/281","|-ability|p1a: Weavile|Pressure","|turn|22","|","|move|p2a: Keldeo|Secret Sword|p1a: Weavile","|-supereffective|p1a: Weavile","|-damage|p1a: Weavile|0 fnt","|faint|p1a: Weavile","|","|","|switch|p1a: Bisharp|Bisharp, M|33/334","|turn|23","|","|move|p1a: Bisharp|Sucker Punch|p2a: Keldeo","|-resisted|p2a: Keldeo","|-damage|p2a: Keldeo|243/323","|-boost|p2a: Keldeo|atk|1|[from] ability: Justified","|move|p2a: Keldeo|Secret Sword|p1a: Bisharp","|-supereffective|p1a: Bisharp","|-damage|p1a: Bisharp|0 fnt","|faint|p1a: Bisharp","|","|","|switch|p1a: Hoopa-Unbound|Hoopa-Unbound|150/301","|turn|24","|","|move|p2a: Keldeo|Secret Sword|p1a: Hoopa-Unbound","|-damage|p1a: Hoopa-Unbound|0 fnt","|faint|p1a: Hoopa-Unbound","|","|win|IV-Wiley"],"p1rating":{"entryid":"7298221","serverid":"eos","formatid":"monotype","userid":"alliancetsukasa","username":"Alliance - Tsukasa","w":"1","l":1,"t":"0","gxe":49.1,"r":1538.9401099372,"rd":123.59280865249,"sigma":"0","rptime":1438851600,"rpr":1493.107555081,"rprd":117.01378826566,"rpsigma":"0","acre":1029.1524697803,"lacre":1029.1524697803,"oldacre":"1044.0400623052"},"p2rating":{"entryid":"7406762","serverid":"eos","formatid":"monotype","userid":"ivwiley","username":"IV Wiley","w":10,"l":"10","t":"0","gxe":49.2,"r":"1468.9838527697","rd":"72.883258448308","sigma":"0","rptime":"1438851600","rpr":1493.8606145221,"rprd":70.246839724256,"rpsigma":"0","acre":1105.208477176,"lacre":1105.208477176,"oldacre":"1080.1224262672"},"endType":"normal"}