{"seed":[61459,23074,55250,7603],"turns":65,"p1":"ZodiacDeadlyshotz","p2":"Twizz","p1team":[{"name":"Latios","species":"Latios","item":"latiosite","ability":"Levitate","moves":["dracometeor","psyshock","roost","surf"],"nature":"Modest","evs":{"hp":248,"atk":0,"def":0,"spa":252,"spd":8,"spe":0},"ivs":{"hp":31,"atk":31,"def":31,"spa":31,"spd":31,"spe":31}},{"name":"Zygarde","species":"Zygarde","item":"cheriberry","ability":"Aura Break","moves":["brickbreak","dracometeor","dragontail","extremespeed"],"nature":"Naughty","evs":{"hp":248,"atk":252,"def":0,"spa":8,"spd":0,"spe":0},"ivs":{"hp":31,"atk":31,"def":31,"spa":31,"spd":31,"spe":31}},{"name":"Altaria","species":"Altaria","item":"fistplate","ability":"Natural Cure","moves":["dracometeor","fireblast","bodyslam","substitute"],"nature":"Gentle","evs":{"hp":248,"atk":8,"def":0,"spa":0,"spd":252,"spe":0},"ivs":{"hp":31,"atk":31,"def":31,"spa":31,"spd":31,"spe":31}},{"name":"Garchomp","species":"Garchomp","item":"blackglasses","ability":"Rough Skin","moves":["crunch","poisonjab","shadowclaw","aquatail"],"nature":"Jolly","evs":{"hp":0,"atk":252,"def":0,"spa":0,"spd":4,"spe":252},"ivs":{"hp":31,"atk":31,"def":31,"spa":31,"spd":31,"spe":31}},{"name":"Haxorus","species":"Haxorus","item":"blackglasses","ability":"Unnerve","moves":["focusblast","dragonpulse","superpower","poisonjab"],"nature":"Naive","evs":{"hp":0,"atk":252,"def":0,"spa":36,"spd":0,"spe":220},"ivs":{"hp":31,"atk":31,"def":31,"spa":31,"spd":31,"spe":31}},{"name":"Kingdra","species":"Kingdra","item":"mysticwater","ability":"Damp","moves":["waterfall","dracometeor","blizzard","clearsmog"],"nature":"Mild","evs":{"hp":248,"atk":8,"def":0,"spa":252,"spd":0,"spe":0},"ivs":{"hp":31,"atk":31,"def":31,"spa":31,"spd":31,"spe":31}}],"p2team":[{"name":"Magnezone","species":"Magnezone","item":"leftovers","ability":"Sturdy","moves":["flashcannon","thunderbolt","protect","hiddenpowerice"],"nature":"Modest","evs":{"hp":76,"atk":0,"def":180,"spa":252,"spd":0,"spe":0},"ivs":{"hp":31,"atk":30,"def":30,"spa":31,"spd":31,"spe":31}},{"name":"Zapdos","species":"Zapdos","item":"leftovers","ability":"Pressure","moves":["discharge","heatwave","toxic","roost"],"nature":"Bold","evs":{"hp":4,"atk":0,"def":252,"spa":0,"spd":252,"spe":0},"ivs":{"hp":31,"atk":31,"def":31,"spa":31,"spd":31,"spe":31}},{"name":"Ampharos","species":"Ampharos","item":"ampharosite","ability":"Static","moves":["cottonguard","rest","sleeptalk","dragonpulse"],"nature":"Bold","evs":{"hp":0,"atk":0,"def":252,"spa":136,"spd":120,"spe":0},"ivs":{"hp":31,"atk":31,"def":31,"spa":31,"spd":31,"spe":31}},{"name":"Raikou","species":"Raikou","item":"leftovers","ability":"Pressure","moves":["calmmind","substitute","thunderbolt","extrasensory"],"nature":"Timid","evs":{"hp":0,"atk":0,"def":0,"spa":252,"spd":4,"spe":252},"ivs":{"hp":31,"atk":31,"def":31,"spa":31,"spd":31,"spe":31}},{"name":"Rotom-Wash","species":"Rotom-Wash","item":"choicescarf","ability":"Levitate","moves":["voltswitch","hydropump","willowisp","trick"],"nature":"Timid","evs":{"hp":0,"atk":0,"def":0,"spa":252,"spd":4,"spe":252},"ivs":{"hp":31,"atk":31,"def":31,"spa":31,"spd":31,"spe":31}},{"name":"Condom","species":"eelektross","item":"assaultvest","ability":"Levitate","moves":["gigadrain","thunderbolt","drainpunch","knockoff"],"nature":"Quiet","evs":{"hp":3,"atk":136,"def":0,"spa":108,"spd":252,"spe":0},"ivs":{"hp":31,"atk":31,"def":31,"spa":31,"spd":31,"spe":31}}],"log":["|player|p1|ZodiacDeadlyshotz|89","|player|p2|Twizz|122","|gametype|singles","|gen|6","|tier|Monotype","|rated","|rule|Baton Pass Clause: Limit one Baton Passer, can't pass Spe and other stats simultaneously","|rule|Swagger Clause: Swagger is banned","|rule|Same Type Clause: Pokémon in a team must share a type","|clearpoke","|poke|p1|Latios, M","|poke|p1|Zygarde","|poke|p1|Altaria, M","|poke|p1|Garchomp, F","|poke|p1|Haxorus, F","|poke|p1|Kingdra, M","|poke|p2|Magnezone","|poke|p2|Zapdos","|poke|p2|Ampharos, F","|poke|p2|Raikou","|poke|p2|Rotom-Wash","|poke|p2|Eelektross, F","|rule|Sleep Clause Mod: Limit one foe put to sleep","|rule|Species Clause: Limit one of each Pokémon","|rule|OHKO Clause: OHKO moves are banned","|rule|Moody Clause: Moody is banned","|rule|Evasion Moves Clause: Evasion moves are banned","|rule|Endless Battle Clause: Forcing endless battles is banned","|rule|HP Percentage Mod: HP is shown in percentages","|teampreview","|","|start","|switch|p1a: Garchomp|Garchomp, F|357/357","|switch|p2a: Rotom-Wash|Rotom-Wash|241/241","|turn|1","|","|move|p2a: Rotom-Wash|Will-O-Wisp|p1a: Garchomp","|-status|p1a: Garchomp|brn","|move|p1a: Garchomp|Poison Jab|p2a: Rotom-Wash","|-damage|p2a: Rotom-Wash|197/241","|","|-damage|p1a: Garchomp|313/357 brn|[from] brn","|turn|2","|","|switch|p2a: Magnezone|Magnezone|300/300","|move|p1a: Garchomp|Crunch|p2a: Magnezone","|-damage|p2a: Magnezone|258/300","|","|-heal|p2a: Magnezone|276/300|[from] item: Leftovers","|-damage|p1a: Garchomp|269/357 brn|[from] brn","|turn|3","|","|switch|p1a: Altaria|Altaria, M|353/353","|move|p2a: Magnezone|Protect|p2a: Magnezone","|-fail|p2a: Magnezone","|","|-heal|p2a: Magnezone|294/300|[from] item: Leftovers","|turn|4","|","|move|p2a: Magnezone|Protect|p2a: Magnezone","|-singleturn|p2a: Magnezone|Protect","|move|p1a: Altaria|Fire Blast|p2a: Magnezone","|-activate|p2a: Magnezone|Protect","|","|-heal|p2a: Magnezone|300/300|[from] item: Leftovers","|turn|5","|","|move|p1a: Altaria|Body Slam|p2a: Magnezone","|-resisted|p2a: Magnezone","|-damage|p2a: Magnezone|282/300","|move|p2a: Magnezone|Flash Cannon|p1a: Altaria","|-damage|p1a: Altaria|238/353","|","|-heal|p2a: Magnezone|300/300|[from] item: Leftovers","|turn|6","|","|move|p1a: Altaria|Fire Blast|p2a: Magnezone","|-supereffective|p2a: Magnezone","|-damage|p2a: Magnezone|154/300","|move|p2a: Magnezone|Hidden Power|p1a: Altaria","|-supereffective|p1a: Altaria","|-damage|p1a: Altaria|2/353","|","|-heal|p2a: Magnezone|172/300|[from] item: Leftovers","|turn|7","|","|move|p2a: Magnezone|Protect|p2a: Magnezone","|-singleturn|p2a: Magnezone|Protect","|move|p1a: Altaria|Fire Blast|p2a: Magnezone","|-activate|p2a: Magnezone|Protect","|","|-heal|p2a: Magnezone|190/300|[from] item: Leftovers","|turn|8","|","|switch|p2a: Rotom-Wash|Rotom-Wash|197/241","|move|p1a: Altaria|Fire Blast|p2a: Rotom-Wash","|-resisted|p2a: Rotom-Wash","|-damage|p2a: Rotom-Wash|165/241","|","|turn|9","|","|move|p2a: Rotom-Wash|Volt Switch|p1a: Altaria","|-damage|p1a: Altaria|0 fnt","|faint|p1a: Altaria","|","|switch|p2a: Zapdos|Zapdos|322/322","|-ability|p2a: Zapdos|Pressure","|","|","|switch|p1a: Zygarde|Zygarde|419/419","|-ability|p1a: Zygarde|Aura Break","|turn|10","|","|move|p2a: Zapdos|Toxic|p1a: Zygarde","|-status|p1a: Zygarde|tox","|move|p1a: Zygarde|Draco Meteor|p2a: Zapdos","|-damage|p2a: Zapdos|210/322","|-unboost|p1a: Zygarde|spa|2","|","|-heal|p2a: Zapdos|230/322|[from] item: Leftovers","|-damage|p1a: Zygarde|393/419 tox|[from] psn","|turn|11","|","|switch|p2a: Condom|Eelektross, F|311/311","|move|p1a: Zygarde|Dragon Tail|p2a: Condom","|-damage|p2a: Condom|184/311","|drag|p2a: Magnezone|Magnezone|190/300","|","|-heal|p2a: Magnezone|208/300|[from] item: Leftovers","|-damage|p1a: Zygarde|341/419 tox|[from] psn","|turn|12","|","|move|p2a: Magnezone|Hidden Power|p1a: Zygarde","|-supereffective|p1a: Zygarde","|-damage|p1a: Zygarde|0 fnt","|faint|p1a: Zygarde","|","|-heal|p2a: Magnezone|226/300|[from] item: Leftovers","|","|switch|p1a: Kingdra|Kingdra, M|353/353","|turn|13","|","|move|p1a: Kingdra|Waterfall|p2a: Magnezone","|-damage|p2a: Magnezone|145/300","|move|p2a: Magnezone|Thunderbolt|p1a: Kingdra","|-damage|p1a: Kingdra|178/353","|","|-heal|p2a: Magnezone|163/300|[from] item: Leftovers","|turn|14","|","|move|p2a: Magnezone|Protect|p2a: Magnezone","|-singleturn|p2a: Magnezone|Protect","|move|p1a: Kingdra|Draco Meteor|p2a: Magnezone","|-activate|p2a: Magnezone|Protect","|","|-heal|p2a: Magnezone|181/300|[from] item: Leftovers","|turn|15","|","|switch|p2a: Condom|Eelektross, F|184/311","|move|p1a: Kingdra|Waterfall|p2a: Condom","|-damage|p2a: Condom|61/311","|","|turn|16","|","|move|p1a: Kingdra|Waterfall|p2a: Condom","|-damage|p2a: Condom|0 fnt","|faint|p2a: Condom","|","|","|switch|p2a: Magnezone|Magnezone|181/300","|turn|17","|","|move|p2a: Magnezone|Protect|p2a: Magnezone","|-singleturn|p2a: Magnezone|Protect","|move|p1a: Kingdra|Draco Meteor|p2a: Magnezone","|-activate|p2a: Magnezone|Protect","|","|-heal|p2a: Magnezone|199/300|[from] item: Leftovers","|turn|18","|","|switch|p1a: Haxorus|Haxorus, F|293/293","|-ability|p1a: Haxorus|Unnerve|p2: Twizz","|move|p2a: Magnezone|Thunderbolt|p1a: Haxorus","|-resisted|p1a: Haxorus","|-damage|p1a: Haxorus|173/293","|","|-heal|p2a: Magnezone|217/300|[from] item: Leftovers","|turn|19","|","|move|p2a: Magnezone|Protect|p2a: Magnezone","|-singleturn|p2a: Magnezone|Protect","|move|p1a: Haxorus|Superpower|p2a: Magnezone","|-activate|p2a: Magnezone|Protect","|","|-heal|p2a: Magnezone|235/300|[from] item: Leftovers","|turn|20","|","|switch|p2a: Zapdos|Zapdos|230/322","|-ability|p2a: Zapdos|Pressure","|move|p1a: Haxorus|Superpower|p2a: Zapdos","|-resisted|p2a: Zapdos","|-damage|p2a: Zapdos|171/322","|-unboost|p1a: Haxorus|atk|1","|-unboost|p1a: Haxorus|def|1","|","|-heal|p2a: Zapdos|191/322|[from] item: Leftovers","|turn|21","|","|switch|p1a: Kingdra|Kingdra, M|178/353","|move|p2a: Zapdos|Roost|p2a: Zapdos","|-heal|p2a: Zapdos|322/322","|","|turn|22","|","|move|p2a: Zapdos|Discharge|p1a: Kingdra","|-damage|p1a: Kingdra|49/353","|move|p1a: Kingdra|Blizzard|p2a: Zapdos","|-miss|p1a: Kingdra|p2a: Zapdos","|","|turn|23","|","|move|p2a: Zapdos|Discharge|p1a: Kingdra","|-damage|p1a: Kingdra|0 fnt","|faint|p1a: Kingdra","|","|","|switch|p1a: Haxorus|Haxorus, F|173/293","|-ability|p1a: Haxorus|Unnerve|p2: Twizz","|turn|24","|","|move|p1a: Haxorus|Poison Jab|p2a: Zapdos","|-damage|p2a: Zapdos|232/322","|move|p2a: Zapdos|Toxic|p1a: Haxorus","|-status|p1a: Haxorus|tox","|","|-heal|p2a: Zapdos|252/322|[from] item: Leftovers","|-damage|p1a: Haxorus|155/293 tox|[from] psn","|turn|25","|","|switch|p2a: Magnezone|Magnezone|235/300","|move|p1a: Haxorus|Poison Jab|p2a: Magnezone","|-immune|p2a: Magnezone|[msg]","|","|-heal|p2a: Magnezone|253/300|[from] item: Leftovers","|-damage|p1a: Haxorus|119/293 tox|[from] psn","|turn|26","|","|move|p2a: Magnezone|Protect|p2a: Magnezone","|-singleturn|p2a: Magnezone|Protect","|move|p1a: Haxorus|Superpower|p2a: Magnezone","|-activate|p2a: Magnezone|Protect","|","|-heal|p2a: Magnezone|271/300|[from] item: Leftovers","|-damage|p1a: Haxorus|65/293 tox|[from] psn","|turn|27","|","|switch|p2a: Zapdos|Zapdos|252/322","|-ability|p2a: Zapdos|Pressure","|move|p1a: Haxorus|Superpower|p2a: Zapdos","|-resisted|p2a: Zapdos","|-damage|p2a: Zapdos|195/322","|-unboost|p1a: Haxorus|atk|1","|-unboost|p1a: Haxorus|def|1","|","|-heal|p2a: Zapdos|215/322|[from] item: Leftovers","|-damage|p1a: Haxorus|0 fnt|[from] psn","|faint|p1a: Haxorus","|","|switch|p1a: Latios|Latios, M|363/363","|turn|28","|","|detailschange|p1a: Latios|Latios-Mega, M","|-mega|p1a: Latios|Latios|Latiosite","|move|p1a: Latios|Draco Meteor|p2a: Zapdos","|-damage|p2a: Zapdos|0 fnt","|-unboost|p1a: Latios|spa|2","|faint|p2a: Zapdos","|","|","|switch|p2a: Ampharos|Ampharos, F|321/321","|turn|29","|","|move|p1a: Latios|Draco Meteor|p2a: Ampharos","|-damage|p2a: Ampharos|168/321","|-unboost|p1a: Latios|spa|2","|move|p2a: Ampharos|Dragon Pulse|p1a: Latios","|-supereffective|p1a: Latios","|-damage|p1a: Latios|221/363","|","|turn|30","|","|move|p1a: Latios|Roost|p1a: Latios","|-heal|p1a: Latios|363/363","|move|p2a: Ampharos|Rest|p2a: Ampharos","|-status|p2a: Ampharos|slp","|-heal|p2a: Ampharos|321/321 slp|[silent]","|-status|p2a: Ampharos|slp|[from] move: Rest","|","|turn|31","|","|move|p1a: Latios|Psyshock|p2a: Ampharos","|-damage|p2a: Ampharos|269/321 slp","|cant|p2a: Ampharos|slp","|move|p2a: Ampharos|Sleep Talk|p2a: Ampharos","|move|p2a: Ampharos|Rest|p2a: Ampharos|[from]Sleep Talk","|-fail|p2a: Ampharos","|","|turn|32","|","|move|p1a: Latios|Surf|p2a: Ampharos","|-damage|p2a: Ampharos|223/321 slp","|cant|p2a: Ampharos|slp","|move|p2a: Ampharos|Sleep Talk|p2a: Ampharos","|move|p2a: Ampharos|Rest|p2a: Ampharos|[from]Sleep Talk","|-fail|p2a: Ampharos","|","|turn|33","|","|detailschange|p2a: Ampharos|Ampharos-Mega, F","|-mega|p2a: Ampharos|Ampharos|Ampharosite","|-ability|p2a: Ampharos|Mold Breaker","|move|p1a: Latios|Draco Meteor|p2a: Ampharos","|-supereffective|p2a: Ampharos","|-damage|p2a: Ampharos|49/321 slp","|-unboost|p1a: Latios|spa|2","|-curestatus|p2a: Ampharos|slp","|move|p2a: Ampharos|Dragon Pulse|p1a: Latios","|-supereffective|p1a: Latios","|-damage|p1a: Latios|81/363","|","|turn|34","|","|move|p1a: Latios|Draco Meteor|p2a: Ampharos","|-supereffective|p2a: Ampharos","|-damage|p2a: Ampharos|0 fnt","|faint|p2a: Ampharos","|","|","|switch|p2a: Magnezone|Magnezone|271/300","|turn|35","|","|move|p1a: Latios|Roost|p1a: Latios","|-heal|p1a: Latios|263/363","|move|p2a: Magnezone|Hidden Power|p1a: Latios","|-supereffective|p1a: Latios","|-damage|p1a: Latios|125/363","|","|-heal|p2a: Magnezone|289/300|[from] item: Leftovers","|turn|36","|","|move|p2a: Magnezone|Protect|p2a: Magnezone","|-singleturn|p2a: Magnezone|Protect","|move|p1a: Latios|Roost|p1a: Latios","|-heal|p1a: Latios|307/363","|","|-heal|p2a: Magnezone|300/300|[from] item: Leftovers","|turn|37","|","|switch|p1a: Garchomp|Garchomp, F|269/357 brn","|move|p2a: Magnezone|Hidden Power|p1a: Garchomp","|-supereffective|p1a: Garchomp","|-damage|p1a: Garchomp|0 fnt","|faint|p1a: Garchomp","|","|","|switch|p1a: Latios|Latios-Mega, M|307/363","|turn|38","|","|move|p2a: Magnezone|Protect|p2a: Magnezone","|-singleturn|p2a: Magnezone|Protect","|move|p1a: Latios|Draco Meteor|p2a: Magnezone","|-activate|p2a: Magnezone|Protect","|","|turn|39","|","|move|p1a: Latios|Roost|p1a: Latios","|-heal|p1a: Latios|363/363","|move|p2a: Magnezone|Hidden Power|p1a: Latios","|-supereffective|p1a: Latios","|-damage|p1a: Latios|225/363","|","|turn|40","|","|move|p1a: Latios|Roost|p1a: Latios","|-heal|p1a: Latios|363/363","|move|p2a: Magnezone|Hidden Power|p1a: Latios","|-supereffective|p1a: Latios","|-damage|p1a: Latios|223/363","|","|turn|41","|","|move|p1a: Latios|Roost|p1a: Latios","|-heal|p1a: Latios|363/363","|move|p2a: Magnezone|Hidden Power|p1a: Latios","|-supereffective|p1a: Latios","|-damage|p1a: Latios|219/363","|","|turn|42","|","|move|p1a: Latios|Draco Meteor|p2a: Magnezone","|-resisted|p2a: Magnezone","|-damage|p2a: Magnezone|147/300","|-unboost|p1a: Latios|spa|2","|move|p2a: Magnezone|Hidden Power|p1a: Latios","|-supereffective|p1a: Latios","|-damage|p1a: Latios|85/363","|","|-heal|p2a: Magnezone|165/300|[from] item: Leftovers","|turn|43","|","|move|p2a: Magnezone|Protect|p2a: Magnezone","|-singleturn|p2a: Magnezone|Protect","|move|p1a: Latios|Roost|p1a: Latios","|-heal|p1a: Latios|267/363","|","|-heal|p2a: Magnezone|183/300|[from] item: Leftovers","|turn|44","|","|move|p1a: Latios|Roost|p1a: Latios","|-heal|p1a: Latios|363/363","|move|p2a: Magnezone|Hidden Power|p1a: Latios","|-supereffective|p1a: Latios","|-damage|p1a: Latios|231/363","|","|-heal|p2a: Magnezone|201/300|[from] item: Leftovers","|turn|45","|","|move|p1a: Latios|Roost|p1a: Latios","|-heal|p1a: Latios|363/363","|move|p2a: Magnezone|Hidden Power|p1a: Latios","|-supereffective|p1a: Latios","|-damage|p1a: Latios|223/363","|","|-heal|p2a: Magnezone|219/300|[from] item: Leftovers","|turn|46","|","|move|p2a: Magnezone|Protect|p2a: Magnezone","|-singleturn|p2a: Magnezone|Protect","|move|p1a: Latios|Draco Meteor|p2a: Magnezone","|-activate|p2a: Magnezone|Protect","|","|-heal|p2a: Magnezone|237/300|[from] item: Leftovers","|turn|47","|","|move|p1a: Latios|Roost|p1a: Latios","|-heal|p1a: Latios|363/363","|move|p2a: Magnezone|Hidden Power|p1a: Latios","|-supereffective|p1a: Latios","|-damage|p1a: Latios|229/363","|","|-heal|p2a: Magnezone|255/300|[from] item: Leftovers","|turn|48","|","|move|p1a: Latios|Psyshock|p2a: Magnezone","|-resisted|p2a: Magnezone","|-damage|p2a: Magnezone|222/300","|move|p2a: Magnezone|Hidden Power|p1a: Latios","|-supereffective|p1a: Latios","|-damage|p1a: Latios|85/363","|","|-heal|p2a: Magnezone|240/300|[from] item: Leftovers","|turn|49","|","|move|p1a: Latios|Roost|p1a: Latios","|-heal|p1a: Latios|267/363","|move|p2a: Magnezone|Hidden Power|p1a: Latios","|-supereffective|p1a: Latios","|-damage|p1a: Latios|133/363","|","|-heal|p2a: Magnezone|258/300|[from] item: Leftovers","|turn|50","|","|move|p2a: Magnezone|Protect|p2a: Magnezone","|-singleturn|p2a: Magnezone|Protect","|move|p1a: Latios|Roost|p1a: Latios","|-heal|p1a: Latios|315/363","|","|-heal|p2a: Magnezone|276/300|[from] item: Leftovers","|turn|51","|","|move|p1a: Latios|Surf|p2a: Magnezone","|-damage|p2a: Magnezone|204/300","|move|p2a: Magnezone|Thunderbolt|p1a: Latios","|-resisted|p1a: Latios","|-damage|p1a: Latios|238/363","|","|-heal|p2a: Magnezone|222/300|[from] item: Leftovers","|turn|52","|","|move|p1a: Latios|Surf|p2a: Magnezone","|-damage|p2a: Magnezone|149/300","|move|p2a: Magnezone|Thunderbolt|p1a: Latios","|-resisted|p1a: Latios","|-damage|p1a: Latios|160/363","|","|-heal|p2a: Magnezone|167/300|[from] item: Leftovers","|turn|53","|","|move|p1a: Latios|Surf|p2a: Magnezone","|-damage|p2a: Magnezone|97/300","|move|p2a: Magnezone|Hidden Power|p1a: Latios","|-supereffective|p1a: Latios","|-damage|p1a: Latios|32/363","|","|-heal|p2a: Magnezone|115/300|[from] item: Leftovers","|turn|54","|","|move|p2a: Magnezone|Protect|p2a: Magnezone","|-singleturn|p2a: Magnezone|Protect","|move|p1a: Latios|Roost|p1a: Latios","|-heal|p1a: Latios|214/363","|","|-heal|p2a: Magnezone|133/300|[from] item: Leftovers","|turn|55","|","|move|p1a: Latios|Surf|p2a: Magnezone","|-damage|p2a: Magnezone|57/300","|move|p2a: Magnezone|Hidden Power|p1a: Latios","|-supereffective|p1a: Latios","|-damage|p1a: Latios|80/363","|","|-heal|p2a: Magnezone|75/300|[from] item: Leftovers","|turn|56","|","|move|p2a: Magnezone|Protect|p2a: Magnezone","|-singleturn|p2a: Magnezone|Protect","|move|p1a: Latios|Roost|p1a: Latios","|-heal|p1a: Latios|262/363","|","|-heal|p2a: Magnezone|93/300|[from] item: Leftovers","|turn|57","|","|move|p1a: Latios|Surf|p2a: Magnezone","|-damage|p2a: Magnezone|24/300","|move|p2a: Magnezone|Hidden Power|p1a: Latios","|-supereffective|p1a: Latios","|-damage|p1a: Latios|130/363","|","|-heal|p2a: Magnezone|42/300|[from] item: Leftovers","|turn|58","|","|move|p1a: Latios|Surf|p2a: Magnezone","|-damage|p2a: Magnezone|0 fnt","|faint|p2a: Magnezone","|","|","|switch|p2a: Raikou|Raikou|321/321","|-ability|p2a: Raikou|Pressure","|turn|59","|","|move|p2a: Raikou|Substitute|p2a: Raikou","|-start|p2a: Raikou|Substitute","|-damage|p2a: Raikou|241/321","|move|p1a: Latios|Roost|p1a: Latios","|-heal|p1a: Latios|312/363","|","|-heal|p2a: Raikou|261/321|[from] item: Leftovers","|turn|60","|","|move|p2a: Raikou|Calm Mind|p2a: Raikou","|-boost|p2a: Raikou|spa|1","|-boost|p2a: Raikou|spd|1","|move|p1a: Latios|Psyshock|p2a: Raikou","|-end|p2a: Raikou|Substitute","|","|-heal|p2a: Raikou|281/321|[from] item: Leftovers","|turn|61","|","|move|p2a: Raikou|Thunderbolt|p1a: Latios","|-resisted|p1a: Latios","|-damage|p1a: Latios|218/363","|move|p1a: Latios|Psyshock|p2a: Raikou","|-damage|p2a: Raikou|158/321","|","|-heal|p2a: Raikou|178/321|[from] item: Leftovers","|turn|62","|","|move|p2a: Raikou|Calm Mind|p2a: Raikou","|-boost|p2a: Raikou|spa|1","|-boost|p2a: Raikou|spd|1","|move|p1a: Latios|Surf|p2a: Raikou","|-damage|p2a: Raikou|142/321","|","|-heal|p2a: Raikou|162/321|[from] item: Leftovers","|turn|63","|","|move|p2a: Raikou|Substitute|p2a: Raikou","|-start|p2a: Raikou|Substitute","|-damage|p2a: Raikou|82/321","|move|p1a: Latios|Psyshock|p2a: Raikou","|-end|p2a: Raikou|Substitute","|","|-heal|p2a: Raikou|102/321|[from] item: Leftovers","|turn|64","|","|move|p2a: Raikou|Thunderbolt|p1a: Latios","|-resisted|p1a: Latios","|-damage|p1a: Latios|93/363","|move|p1a: Latios|Surf|p2a: Raikou","|-damage|p2a: Raikou|70/321","|","|-heal|p2a: Raikou|90/321|[from] item: Leftovers","|turn|65","|","|move|p2a: Raikou|Thunderbolt|p1a: Latios","|-resisted|p1a: Latios","|-damage|p1a: Latios|0 fnt","|faint|p1a: Latios","|","|win|Twizz"],"p1rating":{"entryid":"7429333","serverid":"eos","formatid":"monotype","userid":"zodiacdeadlyshotz","username":"ZodiacDeadlyshotz","w":"0","l":2,"t":"0","gxe":38.9,"r":1453.8324014985,"rd":122.3439357339,"sigma":"0","rptime":1438851600,"rpr":1410.1238231332,"rprd":115.71637475749,"rpsigma":"0","acre":1000,"lacre":1000,"oldacre":"1000"},"p2rating":{"entryid":"6985408","serverid":"eos","formatid":"monotype","userid":"twizz","username":"Twizz","w":18,"l":"30","t":"0","gxe":37.8,"r":"1400.4981148932","rd":"53.302059810028","sigma":"0","rptime":"1438851600","rpr":1405.5105159701,"rprd":52.35924715691,"rpsigma":"0","acre":1056.0053786711,"lacre":1056.0053786711,"oldacre":"1021.5042288995"},"endType":"normal"}