{"seed":[60195,53987,7826,19999],"turns":22,"p1":"Amateurized","p2":"Dark Tyke","p1team":[{"name":"Gyarados","species":"Gyarados","item":"gyaradosite","ability":"Intimidate","moves":["dragondance","waterfall","crunch","icefang"],"nature":"Jolly","evs":{"hp":0,"atk":252,"def":4,"spa":0,"spd":0,"spe":252},"ivs":{"hp":31,"atk":31,"def":31,"spa":31,"spd":31,"spe":31}},{"name":"Vaporeon","species":"Vaporeon","item":"leftovers","ability":"Water Absorb","moves":["substitute","batonpass","acidarmor","scald"],"nature":"Calm","evs":{"hp":248,"atk":0,"def":8,"spa":0,"spd":252,"spe":0},"ivs":{"hp":31,"atk":31,"def":31,"spa":31,"spd":31,"spe":31}},{"name":"Lanturn","species":"Lanturn","item":"leftovers","ability":"Volt Absorb","moves":["voltswitch","scald","healbell","toxic"],"nature":"Bold","evs":{"hp":252,"atk":0,"def":120,"spa":0,"spd":136,"spe":0},"ivs":{"hp":31,"atk":31,"def":31,"spa":31,"spd":31,"spe":31}},{"name":"Kingdra","species":"Kingdra","item":"scopelens","ability":"Sniper","moves":["dracometeor","surf","flashcannon","focusenergy"],"nature":"Modest","evs":{"hp":0,"atk":0,"def":0,"spa":252,"spd":4,"spe":252},"ivs":{"hp":31,"atk":31,"def":31,"spa":31,"spd":31,"spe":31}},{"name":"Rotom-Wash","species":"Rotom-Wash","item":"lightclay","ability":"Levitate","moves":["lightscreen","reflect","willowisp","voltswitch"],"nature":"Calm","evs":{"hp":248,"atk":0,"def":0,"spa":8,"spd":252,"spe":0},"ivs":{"hp":31,"atk":31,"def":31,"spa":31,"spd":31,"spe":31}},{"name":"Manaphy","species":"Manaphy","item":"leftovers","ability":"Hydration","moves":["tailglow","energyball","scald","icebeam"],"nature":"Modest","evs":{"hp":60,"atk":0,"def":0,"spa":252,"spd":0,"spe":196},"ivs":{"hp":31,"atk":31,"def":31,"spa":31,"spd":31,"spe":31}}],"p2team":[{"name":"Sableye","species":"Sableye","item":"sablenite","ability":"Prankster","moves":["calmmind","recover","willowisp","snarl"],"nature":"Bold","evs":{"hp":252,"atk":0,"def":196,"spa":0,"spd":60,"spe":0},"ivs":{"hp":31,"atk":31,"def":31,"spa":31,"spd":31,"spe":31}},{"name":"Tyranitar","species":"Tyranitar","item":"leftovers","ability":"Sand Stream","moves":["stoneedge","fireblast","thunderwave","stealthrock"],"nature":"Brave","evs":{"hp":252,"atk":56,"def":0,"spa":0,"spd":200,"spe":0},"ivs":{"hp":31,"atk":31,"def":31,"spa":31,"spd":31,"spe":31}},{"name":"Hoopa-Unbound","species":"Hoopa-Unbound","item":"assaultvest","ability":"Magician","moves":["hyperspacefury","firepunch","gunkshot","drainpunch"],"nature":"Careful","evs":{"hp":76,"atk":180,"def":0,"spa":0,"spd":252,"spe":0},"ivs":{"hp":31,"atk":31,"def":31,"spa":31,"spd":31,"spe":31}},{"name":"Weavile","species":"Weavile","item":"focussash","ability":"Pressure","moves":["swordsdance","iciclecrash","knockoff","iceshard"],"nature":"Jolly","evs":{"hp":0,"atk":252,"def":0,"spa":0,"spd":4,"spe":252},"ivs":{"hp":31,"atk":31,"def":31,"spa":31,"spd":31,"spe":31}},{"name":"Honchkrow","species":"Honchkrow","item":"choicescarf","ability":"Moxie","moves":["superpower","steelwing","nightslash","bravebird"],"nature":"Jolly","evs":{"hp":4,"atk":252,"def":0,"spa":0,"spd":0,"spe":252},"ivs":{"hp":31,"atk":31,"def":31,"spa":31,"spd":31,"spe":31}},{"name":"Bisharp","species":"Bisharp","item":"focussash","ability":"Defiant","moves":["swordsdance","knockoff","ironhead","suckerpunch"],"nature":"Adamant","evs":{"hp":0,"atk":252,"def":0,"spa":0,"spd":4,"spe":252},"ivs":{"hp":31,"atk":31,"def":31,"spa":31,"spd":31,"spe":31}}],"log":["|player|p1|Amateurized|277","|player|p2|Dark Tyke|164","|gametype|singles","|gen|6","|tier|Monotype","|rated","|rule|Baton Pass Clause: Limit one Baton Passer, can't pass Spe and other stats simultaneously","|rule|Swagger Clause: Swagger is banned","|rule|Same Type Clause: Pokémon in a team must share a type","|clearpoke","|poke|p1|Gyarados, M","|poke|p1|Vaporeon, F","|poke|p1|Lanturn, F","|poke|p1|Kingdra, F","|poke|p1|Rotom-Wash","|poke|p1|Manaphy","|poke|p2|Sableye, M","|poke|p2|Tyranitar, F","|poke|p2|Hoopa-Unbound","|poke|p2|Weavile, F","|poke|p2|Honchkrow, F","|poke|p2|Bisharp, M","|rule|Sleep Clause Mod: Limit one foe put to sleep","|rule|Species Clause: Limit one of each Pokémon","|rule|OHKO Clause: OHKO moves are banned","|rule|Moody Clause: Moody is banned","|rule|Evasion Moves Clause: Evasion moves are banned","|rule|Endless Battle Clause: Forcing endless battles is banned","|rule|HP Percentage Mod: HP is shown in percentages","|teampreview","|","|start","|switch|p1a: Rotom-Wash|Rotom-Wash|303/303","|switch|p2a: Weavile|Weavile, F|281/281","|-ability|p2a: Weavile|Pressure","|turn|1","|","|move|p2a: Weavile|Swords Dance|p2a: Weavile","|-boost|p2a: Weavile|atk|2","|move|p1a: Rotom-Wash|Reflect|p1a: Rotom-Wash","|-sidestart|p1: Amateurized|Reflect","|","|turn|2","|","|move|p2a: Weavile|Swords Dance|p2a: Weavile","|-boost|p2a: Weavile|atk|2","|move|p1a: Rotom-Wash|Will-O-Wisp|p2a: Weavile","|-status|p2a: Weavile|brn","|","|-damage|p2a: Weavile|246/281 brn|[from] brn","|turn|3","|","|move|p2a: Weavile|Knock Off|p1a: Rotom-Wash","|-damage|p1a: Rotom-Wash|195/303","|-enditem|p1a: Rotom-Wash|Light Clay|[from] move: Knock Off|[of] p2a: Weavile","|move|p1a: Rotom-Wash|Volt Switch|p2a: Weavile","|-damage|p2a: Weavile|147/281 brn","|","|switch|p1a: Vaporeon|Vaporeon, F|463/463","|","|-damage|p2a: Weavile|112/281 brn|[from] brn","|turn|4","|","|move|p2a: Weavile|Knock Off|p1a: Vaporeon","|-crit|p1a: Vaporeon","|-damage|p1a: Vaporeon|0 fnt","|-enditem|p1a: Vaporeon|Leftovers|[from] move: Knock Off|[of] p2a: Weavile","|faint|p1a: Vaporeon","|","|-damage|p2a: Weavile|77/281 brn|[from] brn","|","|switch|p1a: Gyarados|Gyarados, M|331/331","|-ability|p1a: Gyarados|Intimidate","|-unboost|p2a: Weavile|atk|1","|turn|5","|","|detailschange|p1a: Gyarados|Gyarados-Mega, M","|-mega|p1a: Gyarados|Gyarados|Gyaradosite","|-ability|p1a: Gyarados|Mold Breaker","|move|p2a: Weavile|Icicle Crash|p1a: Gyarados","|-resisted|p1a: Gyarados","|-damage|p1a: Gyarados|289/331","|move|p1a: Gyarados|Dragon Dance|p1a: Gyarados","|-boost|p1a: Gyarados|atk|1","|-boost|p1a: Gyarados|spe|1","|","|-damage|p2a: Weavile|42/281 brn|[from] brn","|turn|6","|","|move|p1a: Gyarados|Dragon Dance|p1a: Gyarados","|-boost|p1a: Gyarados|atk|1","|-boost|p1a: Gyarados|spe|1","|move|p2a: Weavile|Knock Off|p1a: Gyarados","|-resisted|p1a: Gyarados","|-damage|p1a: Gyarados|258/331","|","|-damage|p2a: Weavile|7/281 brn|[from] brn","|turn|7","|","|move|p1a: Gyarados|Dragon Dance|p1a: Gyarados","|-boost|p1a: Gyarados|atk|1","|-boost|p1a: Gyarados|spe|1","|move|p2a: Weavile|Icicle Crash|p1a: Gyarados","|-crit|p1a: Gyarados","|-resisted|p1a: Gyarados","|-damage|p1a: Gyarados|144/331","|","|-damage|p2a: Weavile|0 fnt|[from] brn","|faint|p2a: Weavile","|","|switch|p2a: Honchkrow|Honchkrow, F|342/342","|turn|8","|","|move|p1a: Gyarados|Ice Fang|p2a: Honchkrow","|-supereffective|p2a: Honchkrow","|-damage|p2a: Honchkrow|0 fnt","|faint|p2a: Honchkrow","|","|-sideend|p1: Amateurized|Reflect","|","|switch|p2a: Bisharp|Bisharp, M|271/271","|turn|9","|","|move|p1a: Gyarados|Waterfall|p2a: Bisharp","|-enditem|p2a: Bisharp|Focus Sash","|-damage|p2a: Bisharp|1/271","|move|p2a: Bisharp|Iron Head|p1a: Gyarados","|-resisted|p1a: Gyarados","|-damage|p1a: Gyarados|74/331","|","|turn|10","|","|move|p2a: Bisharp|Sucker Punch|p1a: Gyarados","|-resisted|p1a: Gyarados","|-damage|p1a: Gyarados|0 fnt","|faint|p1a: Gyarados","|","|","|switch|p1a: Rotom-Wash|Rotom-Wash|195/303","|turn|11","|","|move|p2a: Bisharp|Sucker Punch|p1a: Rotom-Wash","|-fail|p2a: Bisharp","|move|p1a: Rotom-Wash|Will-O-Wisp|p2a: Bisharp","|-status|p2a: Bisharp|brn","|","|-damage|p2a: Bisharp|0 fnt|[from] brn","|faint|p2a: Bisharp","|","|switch|p2a: Hoopa-Unbound|Hoopa-Unbound|320/320","|turn|12","|","|move|p1a: Rotom-Wash|Reflect|p1a: Rotom-Wash","|-sidestart|p1: Amateurized|Reflect","|move|p2a: Hoopa-Unbound|Hyperspace Fury|p1a: Rotom-Wash","|-damage|p1a: Rotom-Wash|106/303","|-unboost|p2a: Hoopa-Unbound|def|1","|","|turn|13","|","|move|p1a: Rotom-Wash|Will-O-Wisp|p2a: Hoopa-Unbound","|-status|p2a: Hoopa-Unbound|brn","|move|p2a: Hoopa-Unbound|Hyperspace Fury|p1a: Rotom-Wash","|-damage|p1a: Rotom-Wash|62/303","|-unboost|p2a: Hoopa-Unbound|def|1","|","|-damage|p2a: Hoopa-Unbound|280/320 brn|[from] brn","|turn|14","|","|switch|p2a: Sableye|Sableye, M|304/304","|move|p1a: Rotom-Wash|Light Screen|p1a: Rotom-Wash","|-sidestart|p1: Amateurized|move: Light Screen","|","|turn|15","|","|detailschange|p2a: Sableye|Sableye-Mega, M","|-mega|p2a: Sableye|Sableye|Sablenite","|move|p2a: Sableye|Will-O-Wisp|p1a: Rotom-Wash","|-status|p1a: Rotom-Wash|brn","|move|p1a: Rotom-Wash|Volt Switch|p2a: Sableye","|-crit|p2a: Sableye","|-damage|p2a: Sableye|201/304","|","|switch|p1a: Kingdra|Kingdra, F|291/291","|","|turn|16","|","|switch|p2a: Hoopa-Unbound|Hoopa-Unbound|280/320 brn","|move|p1a: Kingdra|Focus Energy|p1a: Kingdra","|-start|p1a: Kingdra|move: Focus Energy","|","|-damage|p2a: Hoopa-Unbound|240/320 brn|[from] brn","|-sideend|p1: Amateurized|Reflect","|turn|17","|","|move|p1a: Kingdra|Draco Meteor|p2a: Hoopa-Unbound","|-crit|p2a: Hoopa-Unbound","|-damage|p2a: Hoopa-Unbound|63/320 brn","|-unboost|p1a: Kingdra|spa|2","|move|p2a: Hoopa-Unbound|Hyperspace Fury|p1a: Kingdra","|-crit|p1a: Kingdra","|-damage|p1a: Kingdra|138/291","|-unboost|p2a: Hoopa-Unbound|def|1","|","|-damage|p2a: Hoopa-Unbound|23/320 brn|[from] brn","|turn|18","|","|move|p1a: Kingdra|Surf|p2a: Hoopa-Unbound","|-crit|p2a: Hoopa-Unbound","|-damage|p2a: Hoopa-Unbound|0 fnt","|faint|p2a: Hoopa-Unbound","|","|-sideend|p1: Amateurized|move: Light Screen","|","|switch|p2a: Sableye|Sableye-Mega, M|201/304","|turn|19","|","|move|p1a: Kingdra|Draco Meteor|p2a: Sableye","|-crit|p2a: Sableye","|-damage|p2a: Sableye|0 fnt","|-unboost|p1a: Kingdra|spa|2","|faint|p2a: Sableye","|","|","|switch|p2a: Tyranitar|Tyranitar, F|404/404","|-weather|Sandstorm","|turn|20","|","|move|p1a: Kingdra|Surf|p2a: Tyranitar","|-crit|p2a: Tyranitar","|-supereffective|p2a: Tyranitar","|-damage|p2a: Tyranitar|35/404","|move|p2a: Tyranitar|Thunder Wave|p1a: Kingdra","|-status|p1a: Kingdra|par","|","|-weather|Sandstorm|[upkeep]","|-damage|p1a: Kingdra|120/291 par|[from] sandstorm","|-heal|p2a: Tyranitar|60/404|[from] item: Leftovers","|turn|21","|","|move|p2a: Tyranitar|Stone Edge|p1a: Kingdra","|-damage|p1a: Kingdra|0 fnt","|faint|p1a: Kingdra","|","|-weather|Sandstorm|[upkeep]","|-heal|p2a: Tyranitar|85/404|[from] item: Leftovers","|","|switch|p1a: Manaphy|Manaphy|356/356","|turn|22","|","|move|p1a: Manaphy|Scald|p2a: Tyranitar","|-supereffective|p2a: Tyranitar","|-damage|p2a: Tyranitar|0 fnt","|faint|p2a: Tyranitar","|","|win|Amateurized"],"p1rating":{"entryid":"6102252","serverid":"eos","formatid":"monotype","userid":"amateurized","username":"Amateurized","w":17,"l":"15","t":"0","gxe":49.6,"r":"1450.1525846938","rd":"68.325906456515","sigma":"0","rptime":"1438851600","rpr":1496.6996360439,"rprd":62.306053003975,"rpsigma":"0","acre":1198.3319711319,"lacre":1198.3319711319,"oldacre":"1180.1938758998"},"p2rating":{"entryid":"7438704","serverid":"eos","formatid":"monotype","userid":"darktyke","username":"Dark Tyke","w":"2","l":1,"t":"0","gxe":52,"r":"1500","rd":"130","sigma":"0","rptime":"1438851600","rpr":1515.8820936101,"rprd":110.42221764187,"rpsigma":"0","acre":1066.1076451815,"lacre":1066.1076451815,"oldacre":"1082.3218529223"},"endType":"normal"}