{"seed":[12649,63363,11113,54988],"turns":25,"p1":"IV RedBraze","p2":"Carnie Bronykins","p1team":[{"name":"Celestia","species":"altaria","item":"altarianite","ability":"Natural Cure","moves":["return","earthquake","roost","dragondance"],"nature":"Adamant","evs":{"hp":0,"atk":252,"def":0,"spa":0,"spd":4,"spe":252},"shiny":true,"ivs":{"hp":31,"atk":31,"def":31,"spa":31,"spd":31,"spe":31}},{"name":"Dragonite","species":"Dragonite","item":"weaknesspolicy","ability":"Multiscale","moves":["dragonclaw","extremespeed","ironhead","dragondance"],"nature":"Jolly","evs":{"hp":0,"atk":252,"def":0,"spa":0,"spd":4,"spe":252},"ivs":{"hp":31,"atk":31,"def":31,"spa":31,"spd":31,"spe":31}},{"name":"Latias","species":"Latias","item":"leftovers","ability":"Levitate","moves":["psyshock","roost","thunderwave","defog"],"nature":"Timid","evs":{"hp":252,"atk":0,"def":0,"spa":0,"spd":4,"spe":252},"ivs":{"hp":31,"atk":31,"def":31,"spa":31,"spd":31,"spe":31}},{"name":"Tyrantrum","species":"Tyrantrum","item":"lifeorb","ability":"Rock Head","moves":["stealthrock","headsmash","dragontail","dragonclaw"],"nature":"Jolly","evs":{"hp":0,"atk":252,"def":0,"spa":0,"spd":4,"spe":252},"shiny":true,"ivs":{"hp":31,"atk":31,"def":31,"spa":31,"spd":31,"spe":31}},{"name":"Salamence","species":"Salamence","item":"choicespecs","ability":"Intimidate","moves":["dracometeor","fireblast","hydropump","hypervoice"],"nature":"Timid","evs":{"hp":0,"atk":0,"def":0,"spa":252,"spd":4,"spe":252},"ivs":{"hp":31,"atk":31,"def":31,"spa":31,"spd":31,"spe":31}},{"name":"Garchomp","species":"Garchomp","item":"rockyhelmet","ability":"Rough Skin","moves":["dragonclaw","earthquake","ironhead","swordsdance"],"nature":"Jolly","evs":{"hp":0,"atk":252,"def":0,"spa":0,"spd":4,"spe":252},"shiny":true,"ivs":{"hp":31,"atk":31,"def":31,"spa":31,"spd":31,"spe":31}}],"p2team":[{"name":"Azumarill","species":"Azumarill","item":"choiceband","ability":"Huge Power","moves":["aquajet","superpower","playrough","knockoff"],"nature":"Adamant","evs":{"hp":248,"atk":252,"def":0,"spa":0,"spd":8,"spe":0},"ivs":{"hp":31,"atk":31,"def":31,"spa":31,"spd":31,"spe":31}},{"name":"Diancie","species":"Diancie","item":"diancite","ability":"Clear Body","moves":["protect","diamondstorm","dazzlinggleam","calmmind"],"nature":"Relaxed","evs":{"hp":248,"atk":8,"def":252,"spa":0,"spd":0,"spe":0},"ivs":{"hp":31,"atk":31,"def":31,"spa":31,"spd":31,"spe":31}},{"name":"Togekiss","species":"Togekiss","item":"scopelens","ability":"Super Luck","moves":["airslash","flamethrower","thunderwave","healbell"],"nature":"Mild","evs":{"hp":248,"atk":8,"def":0,"spa":252,"spd":0,"spe":0},"ivs":{"hp":31,"atk":31,"def":31,"spa":31,"spd":31,"spe":31}},{"name":"Klefki","species":"Klefki","item":"airballoon","ability":"Prankster","moves":["calmmind","irondefense","drainingkiss","thunderwave"],"nature":"Modest","evs":{"hp":248,"atk":0,"def":0,"spa":252,"spd":8,"spe":0},"ivs":{"hp":31,"atk":31,"def":31,"spa":31,"spd":31,"spe":31}},{"name":"Florges","species":"Florges","item":"babiriberry","ability":"Flower Veil","moves":["calmmind","moonblast","aromatherapy","gigadrain"],"nature":"Bold","evs":{"hp":126,"atk":0,"def":248,"spa":126,"spd":8,"spe":0},"ivs":{"hp":31,"atk":31,"def":31,"spa":31,"spd":31,"spe":31}},{"name":"Clefable","species":"Clefable","item":"brightpowder","ability":"Cute Charm","moves":["attract","cosmicpower","focusblast","softboiled"],"nature":"Calm","evs":{"hp":248,"atk":0,"def":0,"spa":8,"spd":252,"spe":0},"ivs":{"hp":31,"atk":31,"def":31,"spa":31,"spd":31,"spe":31}}],"log":["|player|p1|IV RedBraze|96","|player|p2|Carnie Bronykins|80","|gametype|singles","|gen|6","|tier|Monotype","|rated","|rule|Baton Pass Clause: Limit one Baton Passer, can't pass Spe and other stats simultaneously","|rule|Swagger Clause: Swagger is banned","|rule|Same Type Clause: Pokémon in a team must share a type","|clearpoke","|poke|p1|Altaria, M, shiny","|poke|p1|Dragonite, F","|poke|p1|Latias, F","|poke|p1|Tyrantrum, F, shiny","|poke|p1|Salamence, F","|poke|p1|Garchomp, F, shiny","|poke|p2|Azumarill, M","|poke|p2|Diancie","|poke|p2|Togekiss, F","|poke|p2|Klefki, F","|poke|p2|Florges, F","|poke|p2|Clefable, F","|rule|Sleep Clause Mod: Limit one foe put to sleep","|rule|Species Clause: Limit one of each Pokémon","|rule|OHKO Clause: OHKO moves are banned","|rule|Moody Clause: Moody is banned","|rule|Evasion Moves Clause: Evasion moves are banned","|rule|Endless Battle Clause: Forcing endless battles is banned","|rule|HP Percentage Mod: HP is shown in percentages","|teampreview","|","|start","|switch|p1a: Tyrantrum|Tyrantrum, F, shiny|305/305","|switch|p2a: Klefki|Klefki, F|317/317","|-item|p2a: Klefki|Air Balloon","|turn|1","|","|move|p2a: Klefki|Calm Mind|p2a: Klefki","|-boost|p2a: Klefki|spa|1","|-boost|p2a: Klefki|spd|1","|move|p1a: Tyrantrum|Stealth Rock|p2a: Klefki","|-sidestart|p2: Carnie Bronykins|move: Stealth Rock","|","|turn|2","|","|move|p2a: Klefki|Iron Defense|p2a: Klefki","|-boost|p2a: Klefki|def|2","|move|p1a: Tyrantrum|Head Smash|p2a: Klefki|[miss]","|-miss|p1a: Tyrantrum|p2a: Klefki","|","|turn|3","|","|move|p2a: Klefki|Thunder Wave|p1a: Tyrantrum","|-status|p1a: Tyrantrum|par","|move|p1a: Tyrantrum|Head Smash|p2a: Klefki","|-resisted|p2a: Klefki","|-damage|p2a: Klefki|225/317","|-enditem|p2a: Klefki|Air Balloon","|-damage|p1a: Tyrantrum|275/305 par|[from] item: Life Orb","|","|turn|4","|","|move|p2a: Klefki|Draining Kiss|p1a: Tyrantrum","|-supereffective|p1a: Tyrantrum","|-damage|p1a: Tyrantrum|0 fnt","|-heal|p2a: Klefki|317/317|[from] drain|[of] p1a: Tyrantrum","|faint|p1a: Tyrantrum","|","|","|switch|p1a: Salamence|Salamence, F|331/331","|-ability|p1a: Salamence|Intimidate","|-unboost|p2a: Klefki|atk|1","|turn|5","|","|move|p2a: Klefki|Calm Mind|p2a: Klefki","|-boost|p2a: Klefki|spa|1","|-boost|p2a: Klefki|spd|1","|move|p1a: Salamence|Fire Blast|p2a: Klefki","|-supereffective|p2a: Klefki","|-damage|p2a: Klefki|109/317","|","|turn|6","|","|move|p1a: Salamence|Fire Blast|p2a: Klefki","|-supereffective|p2a: Klefki","|-damage|p2a: Klefki|0 fnt","|faint|p2a: Klefki","|","|","|switch|p2a: Diancie|Diancie|303/303","|-damage|p2a: Diancie|266/303|[from] Stealth Rock","|turn|7","|","|switch|p1a: Latias|Latias, F|364/364","|detailschange|p2a: Diancie|Diancie-Mega","|-mega|p2a: Diancie|Diancie|Diancite","|move|p2a: Diancie|Protect|p2a: Diancie","|-fail|p2a: Diancie","|","|turn|8","|","|move|p1a: Latias|Psyshock|p2a: Diancie","|-damage|p2a: Diancie|199/303","|move|p2a: Diancie|Dazzling Gleam|p1a: Latias","|-crit|p1a: Latias","|-supereffective|p1a: Latias","|-damage|p1a: Latias|2/364","|","|-heal|p1a: Latias|24/364|[from] item: Leftovers","|turn|9","|","|move|p1a: Latias|Psyshock|p2a: Diancie","|-damage|p2a: Diancie|133/303","|move|p2a: Diancie|Calm Mind|p2a: Diancie","|-boost|p2a: Diancie|spa|1","|-boost|p2a: Diancie|spd|1","|","|-heal|p1a: Latias|46/364|[from] item: Leftovers","|turn|10","|","|move|p1a: Latias|Psyshock|p2a: Diancie","|-damage|p2a: Diancie|57/303","|move|p2a: Diancie|Dazzling Gleam|p1a: Latias","|-supereffective|p1a: Latias","|-damage|p1a: Latias|0 fnt","|faint|p1a: Latias","|","|","|switch|p1a: Dragonite|Dragonite, F|323/323","|turn|11","|","|move|p1a: Dragonite|Extreme Speed|p2a: Diancie","|-resisted|p2a: Diancie","|-damage|p2a: Diancie|26/303","|move|p2a: Diancie|Dazzling Gleam|p1a: Dragonite","|-supereffective|p1a: Dragonite","|-damage|p1a: Dragonite|104/323","|-enditem|p1a: Dragonite|Weakness Policy","|-boost|p1a: Dragonite|atk|2|[from] item: Weakness Policy","|-boost|p1a: Dragonite|spa|2|[from] item: Weakness Policy","|","|turn|12","|","|move|p1a: Dragonite|Extreme Speed|p2a: Diancie","|-resisted|p2a: Diancie","|-damage|p2a: Diancie|0 fnt","|faint|p2a: Diancie","|","|","|switch|p2a: Togekiss|Togekiss, F|373/373","|-damage|p2a: Togekiss|280/373|[from] Stealth Rock","|turn|13","|","|move|p1a: Dragonite|Iron Head|p2a: Togekiss","|-supereffective|p2a: Togekiss","|-damage|p2a: Togekiss|0 fnt","|faint|p2a: Togekiss","|","|","|switch|p2a: Florges|Florges, F|328/328","|-damage|p2a: Florges|287/328|[from] Stealth Rock","|turn|14","|","|move|p1a: Dragonite|Iron Head|p2a: Florges","|-supereffective|p2a: Florges","|-enditem|p2a: Florges|Babiri Berry|[eat]","|-damage|p2a: Florges|94/328","|move|p2a: Florges|Moonblast|p1a: Dragonite","|-supereffective|p1a: Dragonite","|-damage|p1a: Dragonite|0 fnt","|faint|p1a: Dragonite","|","|","|switch|p1a: Garchomp|Garchomp, F, shiny|357/357","|turn|15","|","|move|p1a: Garchomp|Iron Head|p2a: Florges","|-supereffective|p2a: Florges","|-damage|p2a: Florges|0 fnt","|faint|p2a: Florges","|","|","|switch|p2a: Azumarill|Azumarill, M|403/403","|-damage|p2a: Azumarill|353/403|[from] Stealth Rock","|turn|16","|","|move|p1a: Garchomp|Earthquake|p2a: Azumarill","|-crit|p2a: Azumarill","|-damage|p2a: Azumarill|44/403","|move|p2a: Azumarill|Knock Off|p1a: Garchomp","|-damage|p1a: Garchomp|123/357","|-damage|p2a: Azumarill|0 fnt|[from] ability: Rough Skin|[of] p1a: Garchomp","|faint|p2a: Azumarill","|","|","|switch|p2a: Clefable|Clefable, F|393/393","|-damage|p2a: Clefable|344/393|[from] Stealth Rock","|turn|17","|","|move|p1a: Garchomp|Iron Head|p2a: Clefable","|-supereffective|p2a: Clefable","|-damage|p2a: Clefable|98/393","|move|p2a: Clefable|Cosmic Power|p2a: Clefable","|-boost|p2a: Clefable|def|1","|-boost|p2a: Clefable|spd|1","|","|turn|18","|","|move|p1a: Garchomp|Iron Head|p2a: Clefable|[miss]","|-miss|p1a: Garchomp|p2a: Clefable","|move|p2a: Clefable|Soft-Boiled|p2a: Clefable","|-heal|p2a: Clefable|295/393","|","|turn|19","|","|move|p1a: Garchomp|Iron Head|p2a: Clefable","|-supereffective|p2a: Clefable","|-damage|p2a: Clefable|119/393","|move|p2a: Clefable|Cosmic Power|p2a: Clefable","|-boost|p2a: Clefable|def|1","|-boost|p2a: Clefable|spd|1","|","|turn|20","|","|move|p1a: Garchomp|Iron Head|p2a: Clefable","|-supereffective|p2a: Clefable","|-damage|p2a: Clefable|1/393","|move|p2a: Clefable|Soft-Boiled|p2a: Clefable","|-heal|p2a: Clefable|198/393","|","|turn|21","|","|move|p1a: Garchomp|Iron Head|p2a: Clefable","|-supereffective|p2a: Clefable","|-damage|p2a: Clefable|66/393","|move|p2a: Clefable|Soft-Boiled|p2a: Clefable","|-heal|p2a: Clefable|263/393","|","|turn|22","|","|move|p1a: Garchomp|Iron Head|p2a: Clefable","|-supereffective|p2a: Clefable","|-damage|p2a: Clefable|145/393","|move|p2a: Clefable|Soft-Boiled|p2a: Clefable","|-heal|p2a: Clefable|342/393","|","|turn|23","|","|move|p1a: Garchomp|Iron Head|p2a: Clefable","|-supereffective|p2a: Clefable","|-damage|p2a: Clefable|210/393","|cant|p2a: Clefable|flinch","|","|turn|24","|","|move|p1a: Garchomp|Iron Head|p2a: Clefable","|-supereffective|p2a: Clefable","|-damage|p2a: Clefable|80/393","|cant|p2a: Clefable|flinch","|","|turn|25","|","|move|p1a: Garchomp|Iron Head|p2a: Clefable","|-supereffective|p2a: Clefable","|-damage|p2a: Clefable|0 fnt","|faint|p2a: Clefable","|","|win|IV RedBraze"],"p1rating":{"entryid":7438506,"formatid":"monotype","userid":"ivredbraze","username":"IV RedBraze","r":1500,"rd":130,"sigma":0,"rpr":1540.1606143388,"rprd":122.8583080769,"rpsigma":0,"rptime":1438851600,"w":1,"l":0,"t":0,"gxe":55,"acre":1047.1535713869,"lacre":1047.1535713869,"oldacre":1000},"p2rating":{"entryid":"7315484","serverid":"eos","formatid":"monotype","userid":"carniebronykins","username":"Carnie Bronykins","w":"2","l":3,"t":"0","gxe":46.5,"r":1500.5850659595,"rd":107.28004851714,"sigma":"0","rptime":1438851600,"rpr":1472.2262154995,"rprd":103.15989810817,"rpsigma":"0","acre":1039.9156456187,"lacre":1039.9156456187,"oldacre":"1062.810574345"},"endType":"normal"}