{"seed":[20061,46455,55536,62856],"turns":39,"p1":"Guard Wanderer","p2":"tboltrider","p1team":[{"name":"Weezing","species":"Weezing","item":"sitrusberry","ability":"Levitate","moves":["toxicspikes","willowisp","memento","thief"],"nature":"Careful","evs":{"hp":248,"atk":8,"def":0,"spa":0,"spd":252,"spe":0},"ivs":{"hp":31,"atk":31,"def":31,"spa":31,"spd":31,"spe":31}},{"name":"Tentacruel","species":"Tentacruel","item":"assaultvest","ability":"Liquid Ooze","moves":["scald","acidspray","gigadrain","hex"],"nature":"Timid","evs":{"hp":0,"atk":0,"def":4,"spa":252,"spd":0,"spe":252},"ivs":{"hp":31,"atk":31,"def":31,"spa":31,"spd":31,"spe":31}},{"name":"Skuntank","species":"Skuntank","item":"","ability":"Stench","moves":["snatch","thief","suckerpunch","poisonjab"],"nature":"Adamant","evs":{"hp":248,"atk":252,"def":0,"spa":0,"spd":8,"spe":0},"ivs":{"hp":31,"atk":31,"def":31,"spa":31,"spd":31,"spe":31}},{"name":"Crobat","species":"Crobat","item":"whiteherb","ability":"Infiltrator","moves":["curse","acrobatics","roost","hypnosis"],"nature":"Jolly","evs":{"hp":248,"atk":8,"def":0,"spa":0,"spd":0,"spe":252},"ivs":{"hp":31,"atk":31,"def":31,"spa":31,"spd":31,"spe":31}},{"name":"Gengar","species":"Gengar","item":"choicescarf","ability":"Levitate","moves":["trick","destinybond","venoshock","hex"],"nature":"Timid","evs":{"hp":0,"atk":0,"def":0,"spa":252,"spd":4,"spe":252},"ivs":{"hp":31,"atk":31,"def":31,"spa":31,"spd":31,"spe":31}},{"name":"Amoonguss","species":"Amoonguss","item":"blacksludge","ability":"Regenerator","moves":["spore","gigadrain","gastroacid","stunspore"],"nature":"Calm","evs":{"hp":248,"atk":0,"def":0,"spa":8,"spd":252,"spe":0},"shiny":true,"ivs":{"hp":31,"atk":31,"def":31,"spa":31,"spd":31,"spe":31}}],"p2team":[{"name":"Altaria","species":"Altaria","item":"altarianite","ability":"Natural Cure","moves":["hypervoice","roost","flamethrower","healbell"],"nature":"","evs":{"hp":0,"atk":0,"def":104,"spa":252,"spd":0,"spe":152},"gender":"F","ivs":{"hp":31,"atk":31,"def":31,"spa":31,"spd":31,"spe":31}},{"name":"Landorus-Therian","species":"Landorus-Therian","item":"assaultvest","ability":"Intimidate","moves":["earthquake","knockoff","uturn","stoneedge"],"nature":"Jolly","evs":{"hp":0,"atk":56,"def":0,"spa":0,"spd":200,"spe":252},"ivs":{"hp":31,"atk":31,"def":31,"spa":31,"spd":31,"spe":31}},{"name":"Skarmory","species":"Skarmory","item":"rockyhelmet","ability":"Sturdy","moves":["roost","spikes","stealthrock","ironhead"],"nature":"Adamant","evs":{"hp":0,"atk":148,"def":0,"spa":0,"spd":160,"spe":200},"gender":"M","ivs":{"hp":31,"atk":31,"def":31,"spa":31,"spd":31,"spe":31}},{"name":"Charizard","species":"Charizard","item":"lifeorb","ability":"Blaze","moves":["flamethrower","roost","hiddenpowergrass","dragonpulse"],"nature":"Calm","evs":{"hp":0,"atk":0,"def":156,"spa":0,"spd":100,"spe":252},"gender":"M","ivs":{"hp":31,"atk":30,"def":31,"spa":30,"spd":31,"spe":31}},{"name":"Togekiss","species":"Togekiss","item":"leftovers","ability":"Serene Grace","moves":["healbell","airslash","softboiled","dazzlinggleam"],"nature":"Modest","evs":{"hp":0,"atk":0,"def":148,"spa":108,"spd":0,"spe":252},"gender":"F","ivs":{"hp":31,"atk":31,"def":31,"spa":31,"spd":31,"spe":31}},{"name":"Mandibuzz","species":"Mandibuzz","item":"leftovers","ability":"Big Pecks","moves":["bravebird","defog","knockoff","taunt"],"nature":"Adamant","evs":{"hp":0,"atk":252,"def":0,"spa":0,"spd":108,"spe":148},"ivs":{"hp":31,"atk":31,"def":31,"spa":31,"spd":31,"spe":31}}],"log":["|player|p1|Guard Wanderer|235","|player|p2|tboltrider|93","|gametype|singles","|gen|6","|tier|Monotype","|rated","|rule|Baton Pass Clause: Limit one Baton Passer, can't pass Spe and other stats simultaneously","|rule|Swagger Clause: Swagger is banned","|rule|Same Type Clause: Pokémon in a team must share a type","|clearpoke","|poke|p1|Weezing, F","|poke|p1|Tentacruel, M","|poke|p1|Skuntank, M","|poke|p1|Crobat, M","|poke|p1|Gengar, M","|poke|p1|Amoonguss, M, shiny","|poke|p2|Altaria, F","|poke|p2|Landorus-Therian, M","|poke|p2|Skarmory, M","|poke|p2|Charizard, M","|poke|p2|Togekiss, F","|poke|p2|Mandibuzz, F","|rule|Sleep Clause Mod: Limit one foe put to sleep","|rule|Species Clause: Limit one of each Pokémon","|rule|OHKO Clause: OHKO moves are banned","|rule|Moody Clause: Moody is banned","|rule|Evasion Moves Clause: Evasion moves are banned","|rule|Endless Battle Clause: Forcing endless battles is banned","|rule|HP Percentage Mod: HP is shown in percentages","|teampreview","|","|start","|switch|p1a: Weezing|Weezing, F|333/333","|switch|p2a: Skarmory|Skarmory, M|271/271","|turn|1","|","|move|p2a: Skarmory|Stealth Rock|p1a: Weezing","|-sidestart|p1: Guard Wanderer|move: Stealth Rock","|move|p1a: Weezing|Will-O-Wisp|p2a: Skarmory","|-status|p2a: Skarmory|brn","|","|-damage|p2a: Skarmory|238/271 brn|[from] brn","|turn|2","|","|switch|p1a: Tentacruel|Tentacruel, M|301/301","|-damage|p1a: Tentacruel|264/301|[from] Stealth Rock","|move|p2a: Skarmory|Spikes|p1a: Tentacruel","|-sidestart|p1: Guard Wanderer|Spikes","|","|-damage|p2a: Skarmory|205/271 brn|[from] brn","|turn|3","|","|move|p1a: Tentacruel|Scald|p2a: Skarmory","|-damage|p2a: Skarmory|90/271 brn","|move|p2a: Skarmory|Roost|p2a: Skarmory","|-heal|p2a: Skarmory|226/271 brn","|","|-damage|p2a: Skarmory|193/271 brn|[from] brn","|turn|4","|","|switch|p2a: Mandibuzz|Mandibuzz, F|361/361","|move|p1a: Tentacruel|Scald|p2a: Mandibuzz","|-damage|p2a: Mandibuzz|262/361","|","|-heal|p2a: Mandibuzz|284/361|[from] item: Leftovers","|turn|5","|","|move|p1a: Tentacruel|Acid Spray|p2a: Mandibuzz","|-damage|p2a: Mandibuzz|233/361","|-unboost|p2a: Mandibuzz|spd|2","|move|p2a: Mandibuzz|Knock Off|p1a: Tentacruel","|-damage|p1a: Tentacruel|105/301","|-enditem|p1a: Tentacruel|Assault Vest|[from] move: Knock Off|[of] p2a: Mandibuzz","|","|-heal|p2a: Mandibuzz|255/361|[from] item: Leftovers","|turn|6","|","|move|p1a: Tentacruel|Scald|p2a: Mandibuzz","|-damage|p2a: Mandibuzz|50/361","|-status|p2a: Mandibuzz|brn","|move|p2a: Mandibuzz|Brave Bird|p1a: Tentacruel","|-damage|p1a: Tentacruel|7/301","|-damage|p2a: Mandibuzz|18/361 brn|[from] recoil|[of] p1a: Tentacruel","|","|-heal|p2a: Mandibuzz|40/361 brn|[from] item: Leftovers","|-damage|p2a: Mandibuzz|0 fnt|[from] brn","|faint|p2a: Mandibuzz","|","|switch|p2a: Togekiss|Togekiss, F|311/311","|turn|7","|","|move|p1a: Tentacruel|Acid Spray|p2a: Togekiss","|-supereffective|p2a: Togekiss","|-damage|p2a: Togekiss|215/311","|-unboost|p2a: Togekiss|spd|2","|move|p2a: Togekiss|Air Slash|p1a: Tentacruel","|-damage|p1a: Tentacruel|0 fnt","|faint|p1a: Tentacruel","|","|-heal|p2a: Togekiss|234/311|[from] item: Leftovers","|","|switch|p1a: Gengar|Gengar, M|261/261","|-damage|p1a: Gengar|229/261|[from] Stealth Rock","|turn|8","|","|switch|p2a: Skarmory|Skarmory, M|193/271 brn","|move|p1a: Gengar|Venoshock|p2a: Skarmory","|-immune|p2a: Skarmory|[msg]","|","|-damage|p2a: Skarmory|160/271 brn|[from] brn","|turn|9","|","|switch|p1a: Weezing|Weezing, F|333/333","|-damage|p1a: Weezing|292/333|[from] Stealth Rock","|move|p2a: Skarmory|Iron Head|p1a: Weezing","|-damage|p1a: Weezing|251/333","|","|-damage|p2a: Skarmory|127/271 brn|[from] brn","|turn|10","|","|switch|p2a: Altaria|Altaria, F|291/291","|move|p1a: Weezing|Thief|p2a: Altaria","|-damage|p2a: Altaria|247/291","|","|turn|11","|","|move|p2a: Altaria|Heal Bell|p2a: Altaria","|-cureteam|p2a: Altaria|[from] move: HealBell","|move|p1a: Weezing|Will-O-Wisp|p2a: Altaria","|-status|p2a: Altaria|brn","|","|-damage|p2a: Altaria|211/291 brn|[from] brn","|turn|12","|","|move|p2a: Altaria|Heal Bell|p2a: Altaria","|-cureteam|p2a: Altaria|[from] move: HealBell","|move|p1a: Weezing|Thief|p2a: Altaria","|-damage|p2a: Altaria|171/291","|","|turn|13","|","|move|p2a: Altaria|Flamethrower|p1a: Weezing","|-damage|p1a: Weezing|190/333","|move|p1a: Weezing|Will-O-Wisp|p2a: Altaria","|-status|p2a: Altaria|brn","|","|-damage|p2a: Altaria|135/291 brn|[from] brn","|turn|14","|","|switch|p1a: Skuntank|Skuntank, M|409/409","|-damage|p1a: Skuntank|358/409|[from] Stealth Rock","|-damage|p1a: Skuntank|307/409|[from] Spikes","|detailschange|p2a: Altaria|Altaria-Mega, F","|-mega|p2a: Altaria|Altaria|Altarianite","|move|p2a: Altaria|Roost|p2a: Altaria","|-heal|p2a: Altaria|281/291 brn","|","|-damage|p2a: Altaria|245/291 brn|[from] brn","|turn|15","|","|move|p2a: Altaria|Hyper Voice|p1a: Skuntank","|-damage|p1a: Skuntank|45/409","|move|p1a: Skuntank|Poison Jab|p2a: Altaria","|-supereffective|p2a: Altaria","|-damage|p2a: Altaria|27/291 brn","|","|-damage|p2a: Altaria|0 fnt|[from] brn","|faint|p2a: Altaria","|","|switch|p2a: Landorus-Therian|Landorus-Therian, M|319/319","|-ability|p2a: Landorus-Therian|Intimidate","|-unboost|p1a: Skuntank|atk|1","|turn|16","|","|move|p1a: Skuntank|Sucker Punch|p2a: Landorus-Therian","|-crit|p2a: Landorus-Therian","|-damage|p2a: Landorus-Therian|100/319","|move|p2a: Landorus-Therian|Knock Off|p1a: Skuntank","|-resisted|p1a: Skuntank","|-damage|p1a: Skuntank|0 fnt","|faint|p1a: Skuntank","|","|","|switch|p1a: Weezing|Weezing, F|190/333","|-damage|p1a: Weezing|149/333|[from] Stealth Rock","|-enditem|p1a: Weezing|Sitrus Berry|[eat]","|-heal|p1a: Weezing|232/333|[from] item: Sitrus Berry","|turn|17","|","|move|p2a: Landorus-Therian|Knock Off|p1a: Weezing","|-damage|p1a: Weezing|169/333","|move|p1a: Weezing|Thief|p2a: Landorus-Therian","|-damage|p2a: Landorus-Therian|52/319","|-item|p1a: Weezing|Assault Vest|[from] move: Thief|[of] p2a: Landorus-Therian","|","|turn|18","|","|move|p2a: Landorus-Therian|Stone Edge|p1a: Weezing","|-damage|p1a: Weezing|79/333","|move|p1a: Weezing|Thief|p2a: Landorus-Therian","|-damage|p2a: Landorus-Therian|8/319","|","|turn|19","|","|move|p2a: Landorus-Therian|U-turn|p1a: Weezing","|-crit|p1a: Weezing","|-resisted|p1a: Weezing","|-damage|p1a: Weezing|32/333","|","|switch|p2a: Charizard|Charizard, M|297/297","|move|p1a: Weezing|Thief|p2a: Charizard","|-damage|p2a: Charizard|255/297","|","|turn|20","|","|move|p2a: Charizard|Flamethrower|p1a: Weezing","|-damage|p1a: Weezing|0 fnt","|-damage|p2a: Charizard|226/297|[from] item: Life Orb","|faint|p1a: Weezing","|","|","|switch|p1a: Crobat|Crobat, M|373/373","|-damage|p1a: Crobat|280/373|[from] Stealth Rock","|turn|21","|","|move|p1a: Crobat|Hypnosis|p2a: Charizard","|-status|p2a: Charizard|slp","|cant|p2a: Charizard|slp","|","|turn|22","|","|move|p1a: Crobat|Curse|p1a: Crobat","|-unboost|p1a: Crobat|spe|1","|-boost|p1a: Crobat|atk|1","|-boost|p1a: Crobat|def|1","|-enditem|p1a: Crobat|White Herb","|-restoreboost|p1a: Crobat|[silent]","|cant|p2a: Charizard|slp","|","|turn|23","|","|move|p1a: Crobat|Acrobatics|p2a: Charizard","|-damage|p2a: Charizard|45/297 slp","|cant|p2a: Charizard|slp","|","|turn|24","|","|switch|p2a: Togekiss|Togekiss, F|234/311","|move|p1a: Crobat|Acrobatics|p2a: Togekiss","|-damage|p2a: Togekiss|60/311","|","|-heal|p2a: Togekiss|79/311|[from] item: Leftovers","|turn|25","|","|move|p1a: Crobat|Acrobatics|p2a: Togekiss","|-damage|p2a: Togekiss|0 fnt","|faint|p2a: Togekiss","|","|","|switch|p2a: Skarmory|Skarmory, M|127/271","|turn|26","|","|move|p1a: Crobat|Acrobatics|p2a: Skarmory","|-resisted|p2a: Skarmory","|-damage|p2a: Skarmory|64/271","|-damage|p1a: Crobat|218/373|[from] item: Rocky Helmet|[of] p2a: Skarmory","|move|p2a: Skarmory|Iron Head|p1a: Crobat","|-damage|p1a: Crobat|140/373","|","|turn|27","|","|move|p1a: Crobat|Roost|p1a: Crobat","|-heal|p1a: Crobat|327/373","|move|p2a: Skarmory|Roost|p2a: Skarmory","|-heal|p2a: Skarmory|200/271","|","|turn|28","|","|move|p1a: Crobat|Curse|p1a: Crobat","|-unboost|p1a: Crobat|spe|1","|-boost|p1a: Crobat|atk|1","|-boost|p1a: Crobat|def|1","|move|p2a: Skarmory|Iron Head|p1a: Crobat","|-damage|p1a: Crobat|267/373","|","|turn|29","|","|switch|p2a: Charizard|Charizard, M|45/297 slp","|move|p1a: Crobat|Acrobatics|p2a: Charizard","|-damage|p2a: Charizard|0 fnt","|faint|p2a: Charizard","|","|","|switch|p2a: Landorus-Therian|Landorus-Therian, M|8/319","|-ability|p2a: Landorus-Therian|Intimidate","|-unboost|p1a: Crobat|atk|1","|turn|30","|","|move|p2a: Landorus-Therian|Stone Edge|p1a: Crobat","|-supereffective|p1a: Crobat","|-damage|p1a: Crobat|135/373","|move|p1a: Crobat|Acrobatics|p2a: Landorus-Therian","|-damage|p2a: Landorus-Therian|0 fnt","|faint|p2a: Landorus-Therian","|","|","|switch|p2a: Skarmory|Skarmory, M|200/271","|turn|31","|","|move|p1a: Crobat|Roost|p1a: Crobat","|-heal|p1a: Crobat|322/373","|move|p2a: Skarmory|Iron Head|p1a: Crobat","|-damage|p1a: Crobat|259/373","|","|turn|32","|","|move|p1a: Crobat|Curse|p1a: Crobat","|-unboost|p1a: Crobat|spe|1","|-boost|p1a: Crobat|atk|1","|-boost|p1a: Crobat|def|1","|move|p2a: Skarmory|Iron Head|p1a: Crobat","|-damage|p1a: Crobat|213/373","|","|turn|33","|","|move|p2a: Skarmory|Iron Head|p1a: Crobat","|-damage|p1a: Crobat|159/373","|cant|p1a: Crobat|flinch","|","|turn|34","|","|move|p2a: Skarmory|Iron Head|p1a: Crobat","|-damage|p1a: Crobat|111/373","|move|p1a: Crobat|Roost|p1a: Crobat","|-heal|p1a: Crobat|298/373","|","|turn|35","|","|move|p2a: Skarmory|Iron Head|p1a: Crobat","|-crit|p1a: Crobat","|-damage|p1a: Crobat|109/373","|cant|p1a: Crobat|flinch","|","|turn|36","|","|move|p2a: Skarmory|Iron Head|p1a: Crobat","|-damage|p1a: Crobat|61/373","|move|p1a: Crobat|Hypnosis|p2a: Skarmory|[miss]","|-miss|p1a: Crobat|p2a: Skarmory","|","|turn|37","|","|move|p2a: Skarmory|Stealth Rock|p1a: Crobat","|-fail|p1a: Crobat","|move|p1a: Crobat|Hypnosis|p2a: Skarmory","|-status|p2a: Skarmory|slp","|","|turn|38","|","|switch|p1a: Gengar|Gengar, M|229/261","|-damage|p1a: Gengar|197/261|[from] Stealth Rock","|cant|p2a: Skarmory|slp","|","|turn|39","|","|move|p1a: Gengar|Hex|p2a: Skarmory","|-damage|p2a: Skarmory|0 fnt","|faint|p2a: Skarmory","|","|win|Guard Wanderer"],"p1rating":{"entryid":"6731189","serverid":"eos","formatid":"monotype","userid":"guardwanderer","username":"Guard Wanderer","w":94,"l":"121","t":"0","gxe":42.8,"r":"1422.2201748306","rd":"28.556455732561","sigma":"0","rptime":"1438851600","rpr":1445.1938492324,"rprd":27.644788532955,"rpsigma":"0","acre":1281.307979863,"lacre":1281.307979863,"oldacre":"1270.73247528"},"p2rating":{"entryid":"6783929","serverid":"eos","formatid":"monotype","userid":"tboltrider","username":"tboltrider","w":"10","l":25,"t":"0","gxe":32.2,"r":"1378.5778471541","rd":"65.360208887507","sigma":"0","rptime":"1438851600","rpr":1358.2149927118,"rprd":60.784943900561,"rpsigma":"0","acre":1035.2419348202,"lacre":1035.2419348202,"oldacre":"1042.1464569449"},"endType":"normal"}