{"seed":[22806,6072,7567,58060],"turns":22,"p1":"Guard Wulf","p2":"Sage.13","p1team":[{"name":"Altaria","species":"Altaria","item":"altarianite","ability":"Natural Cure","moves":["refresh","dragondance","roost","return"],"nature":"Adamant","evs":{"hp":0,"atk":252,"def":0,"spa":0,"spd":96,"spe":160},"ivs":{"hp":31,"atk":31,"def":31,"spa":31,"spd":31,"spe":31}},{"name":"Garchomp","species":"Garchomp","item":"rockyhelmet","ability":"Rough Skin","moves":["stealthrock","dragontail","fireblast","earthquake"],"nature":"Serious","evs":{"hp":144,"atk":16,"def":252,"spa":0,"spd":0,"spe":96},"ivs":{"hp":31,"atk":31,"def":31,"spa":31,"spd":31,"spe":31}},{"name":"Goodra","species":"Goodra","item":"assaultvest","ability":"Gooey","moves":["sludgewave","dragonpulse","thunderbolt","flamethrower"],"nature":"Calm","evs":{"hp":248,"atk":0,"def":0,"spa":8,"spd":252,"spe":0},"ivs":{"hp":31,"atk":31,"def":31,"spa":31,"spd":31,"spe":31}},{"name":"Kyurem-Black","species":"Kyurem-Black","item":"choicescarf","ability":"Teravolt","moves":["ironhead","icebeam","fusionbolt","outrage"],"nature":"Naive","evs":{"hp":0,"atk":252,"def":0,"spa":4,"spd":0,"spe":252},"ivs":{"hp":31,"atk":31,"def":31,"spa":31,"spd":31,"spe":31}},{"name":"Kingdra","species":"Kingdra","item":"scopelens","ability":"Sniper","moves":["focusenergy","agility","dracometeor","surf"],"nature":"Timid","evs":{"hp":0,"atk":0,"def":0,"spa":252,"spd":4,"spe":252},"ivs":{"hp":31,"atk":31,"def":31,"spa":31,"spd":31,"spe":31}},{"name":"Dragonite","species":"Dragonite","item":"weaknesspolicy","ability":"Multiscale","moves":["roost","earthquake","dragonclaw","dragondance"],"nature":"Jolly","evs":{"hp":0,"atk":252,"def":0,"spa":0,"spd":4,"spe":252},"ivs":{"hp":31,"atk":31,"def":31,"spa":31,"spd":31,"spe":31}}],"p2team":[{"name":"King Ludi","species":"ludicolo","item":"leftovers","ability":"Swift Swim","moves":["teeterdance","scald","icebeam","gigadrain"],"nature":"Modest","evs":{"hp":0,"atk":0,"def":0,"spa":252,"spd":4,"spe":252},"shiny":true,"ivs":{"hp":31,"atk":31,"def":31,"spa":31,"spd":31,"spe":31}},{"name":"SS2 Azu","species":"azumarill","item":"sitrusberry","ability":"Huge Power","moves":["aquajet","playrough","bellydrum","knockoff"],"nature":"Adamant","evs":{"hp":252,"atk":252,"def":0,"spa":0,"spd":4,"spe":0},"shiny":true,"ivs":{"hp":31,"atk":31,"def":31,"spa":31,"spd":31,"spe":31}},{"name":"Swampert","species":"Swampert","item":"swampertite","ability":"Damp","moves":["superpower","waterfall","earthquake","icepunch"],"nature":"Adamant","evs":{"hp":248,"atk":252,"def":0,"spa":0,"spd":8,"spe":0},"ivs":{"hp":31,"atk":31,"def":31,"spa":31,"spd":31,"spe":31}},{"name":"Milo","species":"milotic","item":"leftovers","ability":"Competitive","moves":["scald","icebeam","raindance","toxic"],"nature":"Bold","evs":{"hp":252,"atk":0,"def":252,"spa":4,"spd":0,"spe":0},"shiny":true,"ivs":{"hp":31,"atk":31,"def":31,"spa":31,"spd":31,"spe":31}},{"name":"Politoed","species":"Politoed","item":"widelens","ability":"Drizzle","moves":["icebeam","surf","hypnosis","perishsong"],"nature":"Modest","evs":{"hp":248,"atk":0,"def":0,"spa":252,"spd":8,"spe":0},"shiny":true,"ivs":{"hp":31,"atk":31,"def":31,"spa":31,"spd":31,"spe":31}},{"name":"Swanna","species":"Swanna","item":"lifeorb","ability":"Hydration","moves":["scald","hurricane","tailwind","icebeam"],"nature":"Timid","evs":{"hp":0,"atk":0,"def":0,"spa":252,"spd":4,"spe":252},"shiny":true,"ivs":{"hp":31,"atk":31,"def":31,"spa":31,"spd":31,"spe":31}}],"log":["|player|p1|Guard Wulf|143","|player|p2|Sage.13|154","|gametype|singles","|gen|6","|tier|Monotype","|rated","|rule|Baton Pass Clause: Limit one Baton Passer, can't pass Spe and other stats simultaneously","|rule|Swagger Clause: Swagger is banned","|rule|Same Type Clause: Pokémon in a team must share a type","|clearpoke","|poke|p1|Altaria, F","|poke|p1|Garchomp, M","|poke|p1|Goodra, M","|poke|p1|Kyurem-Black","|poke|p1|Kingdra, M","|poke|p1|Dragonite, M","|poke|p2|Ludicolo, F, shiny","|poke|p2|Azumarill, F, shiny","|poke|p2|Swampert, M","|poke|p2|Milotic, F, shiny","|poke|p2|Politoed, F, shiny","|poke|p2|Swanna, M, shiny","|rule|Sleep Clause Mod: Limit one foe put to sleep","|rule|Species Clause: Limit one of each Pokémon","|rule|OHKO Clause: OHKO moves are banned","|rule|Moody Clause: Moody is banned","|rule|Evasion Moves Clause: Evasion moves are banned","|rule|Endless Battle Clause: Forcing endless battles is banned","|rule|HP Percentage Mod: HP is shown in percentages","|teampreview","|","|start","|switch|p1a: Garchomp|Garchomp, M|393/393","|switch|p2a: Politoed|Politoed, F, shiny|383/383","|-weather|RainDance","|turn|1","|","|switch|p1a: Goodra|Goodra, M|383/383","|move|p2a: Politoed|Ice Beam|p1a: Goodra","|-supereffective|p1a: Goodra","|-damage|p1a: Goodra|319/383","|","|-weather|RainDance|[upkeep]","|turn|2","|","|move|p1a: Goodra|Thunderbolt|p2a: Politoed","|-supereffective|p2a: Politoed","|-damage|p2a: Politoed|233/383","|move|p2a: Politoed|Hypnosis|p1a: Goodra|[miss]","|-miss|p2a: Politoed|p1a: Goodra","|","|-weather|RainDance|[upkeep]","|turn|3","|","|switch|p1a: Garchomp|Garchomp, M|393/393","|switch|p2a: Swampert|Swampert, M|403/403","|","|-weather|RainDance|[upkeep]","|turn|4","|","|detailschange|p2a: Swampert|Swampert-Mega, M","|-mega|p2a: Swampert|Swampert|Swampertite","|move|p1a: Garchomp|Stealth Rock|p2a: Swampert","|-sidestart|p2: Sage.13|move: Stealth Rock","|move|p2a: Swampert|Earthquake|p1a: Garchomp","|-damage|p1a: Garchomp|212/393","|","|-weather|RainDance|[upkeep]","|turn|5","|","|move|p2a: Swampert|Ice Punch|p1a: Garchomp","|-supereffective|p1a: Garchomp","|-damage|p1a: Garchomp|0 fnt","|-damage|p2a: Swampert|353/403|[from] ability: Rough Skin|[of] p1a: Garchomp","|-damage|p2a: Swampert|286/403|[from] item: Rocky Helmet|[of] p1a: Garchomp","|faint|p1a: Garchomp","|","|-weather|none","|","|switch|p1a: Dragonite|Dragonite, M|323/323","|turn|6","|","|switch|p2a: Politoed|Politoed, F, shiny|233/383","|-damage|p2a: Politoed|186/383|[from] Stealth Rock","|-weather|RainDance","|move|p1a: Dragonite|Dragon Dance|p1a: Dragonite","|-boost|p1a: Dragonite|atk|1","|-boost|p1a: Dragonite|spe|1","|","|-weather|RainDance|[upkeep]","|turn|7","|","|move|p1a: Dragonite|Dragon Dance|p1a: Dragonite","|-boost|p1a: Dragonite|atk|1","|-boost|p1a: Dragonite|spe|1","|move|p2a: Politoed|Perish Song|p2a: Politoed","|-start|p1a: Dragonite|perish3|[silent]","|-start|p2a: Politoed|perish3|[silent]","|-fieldactivate|move: Perish Song","|","|-start|p1a: Dragonite|perish3","|-start|p2a: Politoed|perish3","|-weather|RainDance|[upkeep]","|turn|8","|","|switch|p2a: SS2 Azu|Azumarill, F, shiny|404/404","|-damage|p2a: SS2 Azu|354/404|[from] Stealth Rock","|move|p1a: Dragonite|Dragon Claw|p2a: SS2 Azu","|-immune|p2a: SS2 Azu|[msg]","|","|-start|p1a: Dragonite|perish2","|-weather|RainDance|[upkeep]","|turn|9","|","|move|p1a: Dragonite|Earthquake|p2a: SS2 Azu","|-damage|p2a: SS2 Azu|86/404","|-enditem|p2a: SS2 Azu|Sitrus Berry|[eat]","|-heal|p2a: SS2 Azu|187/404|[from] item: Sitrus Berry","|move|p2a: SS2 Azu|Knock Off|p1a: Dragonite","|-damage|p1a: Dragonite|249/323","|-enditem|p1a: Dragonite|Weakness Policy|[from] move: Knock Off|[of] p2a: SS2 Azu","|","|-start|p1a: Dragonite|perish1","|-weather|RainDance|[upkeep]","|turn|10","|","|move|p1a: Dragonite|Earthquake|p2a: SS2 Azu","|-damage|p2a: SS2 Azu|0 fnt","|faint|p2a: SS2 Azu","|","|-start|p1a: Dragonite|perish0","|-weather|none","|faint|p1a: Dragonite","|","|switch|p1a: Kingdra|Kingdra, M|291/291","|switch|p2a: Politoed|Politoed, F, shiny|186/383","|-damage|p2a: Politoed|139/383|[from] Stealth Rock","|-weather|RainDance","|turn|11","|","|move|p1a: Kingdra|Draco Meteor|p2a: Politoed","|-damage|p2a: Politoed|0 fnt","|-unboost|p1a: Kingdra|spa|2","|faint|p2a: Politoed","|","|-weather|RainDance|[upkeep]","|","|switch|p2a: Milo|Milotic, F, shiny|394/394","|-damage|p2a: Milo|345/394|[from] Stealth Rock","|turn|12","|","|switch|p1a: Kyurem-Black|Kyurem-Black|391/391","|-ability|p1a: Kyurem-Black|Teravolt","|move|p2a: Milo|Toxic|p1a: Kyurem-Black","|-status|p1a: Kyurem-Black|tox","|","|-weather|RainDance|[upkeep]","|-heal|p2a: Milo|369/394|[from] item: Leftovers","|-damage|p1a: Kyurem-Black|367/391 tox|[from] psn","|turn|13","|","|switch|p2a: Swampert|Swampert-Mega, M|286/403","|-damage|p2a: Swampert|261/403|[from] Stealth Rock","|move|p1a: Kyurem-Black|Fusion Bolt|p2a: Swampert","|-immune|p2a: Swampert|[msg]","|","|-weather|RainDance|[upkeep]","|-damage|p1a: Kyurem-Black|319/391 tox|[from] psn","|turn|14","|","|switch|p1a: Altaria|Altaria, F|291/291","|move|p2a: Swampert|Superpower|p1a: Altaria","|-resisted|p1a: Altaria","|-damage|p1a: Altaria|203/291","|-unboost|p2a: Swampert|atk|1","|-unboost|p2a: Swampert|def|1","|","|-weather|RainDance|[upkeep]","|turn|15","|","|switch|p2a: King Ludi|Ludicolo, F, shiny|301/301","|-damage|p2a: King Ludi|264/301|[from] Stealth Rock","|detailschange|p1a: Altaria|Altaria-Mega, F","|-mega|p1a: Altaria|Altaria|Altarianite","|move|p1a: Altaria|Return|p2a: King Ludi","|-damage|p2a: King Ludi|0 fnt","|faint|p2a: King Ludi","|","|-weather|none","|","|switch|p2a: Milo|Milotic, F, shiny|369/394","|-damage|p2a: Milo|320/394|[from] Stealth Rock","|turn|16","|","|move|p1a: Altaria|Dragon Dance|p1a: Altaria","|-boost|p1a: Altaria|atk|1","|-boost|p1a: Altaria|spe|1","|move|p2a: Milo|Toxic|p1a: Altaria","|-status|p1a: Altaria|tox","|","|-heal|p2a: Milo|344/394|[from] item: Leftovers","|-damage|p1a: Altaria|185/291 tox|[from] psn","|turn|17","|","|move|p1a: Altaria|Refresh|p1a: Altaria","|-curestatus|p1a: Altaria|tox","|move|p2a: Milo|Ice Beam|p1a: Altaria","|-supereffective|p1a: Altaria","|-damage|p1a: Altaria|59/291","|","|-heal|p2a: Milo|368/394|[from] item: Leftovers","|turn|18","|","|move|p1a: Altaria|Roost|p1a: Altaria","|-heal|p1a: Altaria|205/291","|move|p2a: Milo|Rain Dance|p2a: Milo","|-weather|RainDance","|","|-weather|RainDance|[upkeep]","|-heal|p2a: Milo|392/394|[from] item: Leftovers","|turn|19","|","|move|p1a: Altaria|Dragon Dance|p1a: Altaria","|-boost|p1a: Altaria|atk|1","|-boost|p1a: Altaria|spe|1","|move|p2a: Milo|Ice Beam|p1a: Altaria","|-supereffective|p1a: Altaria","|-damage|p1a: Altaria|81/291","|","|-weather|RainDance|[upkeep]","|-heal|p2a: Milo|394/394|[from] item: Leftovers","|turn|20","|","|move|p1a: Altaria|Return|p2a: Milo","|-damage|p2a: Milo|0 fnt","|faint|p2a: Milo","|","|-weather|RainDance|[upkeep]","|","|switch|p2a: Swampert|Swampert-Mega, M|261/403","|-damage|p2a: Swampert|236/403|[from] Stealth Rock","|turn|21","|","|move|p1a: Altaria|Return|p2a: Swampert","|-damage|p2a: Swampert|0 fnt","|faint|p2a: Swampert","|","|-weather|RainDance|[upkeep]","|","|switch|p2a: Swanna|Swanna, M, shiny|291/291","|-damage|p2a: Swanna|219/291|[from] Stealth Rock","|turn|22","|","|move|p1a: Altaria|Return|p2a: Swanna","|-damage|p2a: Swanna|0 fnt","|faint|p2a: Swanna","|","|win|Guard Wulf"],"p1rating":{"entryid":"7326062","serverid":"eos","formatid":"monotype","userid":"guardwulf","username":"Guard Wulf","w":33,"l":"15","t":"0","gxe":64.3,"r":"1604.2036968447","rd":"52.235352186927","sigma":"0","rptime":"1438851600","rpr":1611.8452289085,"rprd":50.034828857554,"rpsigma":"0","acre":1259.9556698795,"lacre":1259.9556698795,"oldacre":"1244.212201418"},"p2rating":{"entryid":"7365108","serverid":"eos","formatid":"monotype","userid":"sage13","username":"Sage.13","w":"21","l":22,"t":"0","gxe":47.6,"r":"1501.1655659872","rd":"60.373939054538","sigma":"0","rptime":"1438851600","rpr":1481.8381491347,"rprd":51.75148652648,"rpsigma":"0","acre":1093.4115448689,"lacre":1093.4115448689,"oldacre":"1109.1550133304"},"endType":"normal"}