{"seed":[48972,47475,24297,51454],"turns":27,"p1":"Alliance ♋ akaFila","p2":"IV Chrono","p1team":[{"name":"Hoopa-Unbound","species":"Hoopa-Unbound","item":"choiceband","ability":"Magician","moves":["hyperspacefury","facade","icepunch","drainpunch"],"nature":"Adamant","evs":{"hp":248,"atk":252,"def":0,"spa":0,"spd":8,"spe":0},"ivs":{"hp":31,"atk":31,"def":31,"spa":31,"spd":31,"spe":31}},{"name":"Sharpedo","species":"Sharpedo","item":"lifeorb","ability":"Speed Boost","moves":["hydropump","darkpulse","destinybond","protect"],"nature":"Modest","evs":{"hp":0,"atk":0,"def":0,"spa":252,"spd":4,"spe":252},"ivs":{"hp":31,"atk":31,"def":31,"spa":31,"spd":31,"spe":31}},{"name":"Pangoro","species":"Pangoro","item":"choicescarf","ability":"Iron Fist","moves":["drainpunch","knockoff","earthquake","partingshot"],"nature":"Jolly","evs":{"hp":0,"atk":252,"def":0,"spa":0,"spd":4,"spe":252},"ivs":{"hp":31,"atk":31,"def":31,"spa":31,"spd":31,"spe":31}},{"name":"Mandibuzz","species":"Mandibuzz","item":"rockyhelmet","ability":"Overcoat","moves":["foulplay","toxic","roost","defog"],"nature":"Bold","evs":{"hp":248,"atk":0,"def":252,"spa":0,"spd":8,"spe":0},"ivs":{"hp":31,"atk":31,"def":31,"spa":31,"spd":31,"spe":31}},{"name":"Tyranitar","species":"Tyranitar","item":"assaultvest","ability":"Sand Stream","moves":["crunch","earthquake","stoneedge","fireblast"],"nature":"Sassy","evs":{"hp":252,"atk":0,"def":6,"spa":0,"spd":252,"spe":0},"ivs":{"hp":31,"atk":31,"def":31,"spa":31,"spd":31,"spe":31}},{"name":"Bisharp","species":"Bisharp","item":"focussash","ability":"Defiant","moves":["swordsdance","knockoff","ironhead","suckerpunch"],"nature":"Adamant","evs":{"hp":248,"atk":252,"def":0,"spa":0,"spd":8,"spe":0},"ivs":{"hp":31,"atk":31,"def":31,"spa":31,"spd":31,"spe":31}}],"p2team":[{"name":"Garchomp","species":"Garchomp","item":"rockyhelmet","ability":"Rough Skin","moves":["stealthrock","earthquake","fireblast","roar"],"nature":"Lax","evs":{"hp":248,"atk":0,"def":252,"spa":0,"spd":8,"spe":0},"ivs":{"hp":31,"atk":31,"def":31,"spa":31,"spd":31,"spe":31}},{"name":"Noivern","species":"Noivern","item":"choicespecs","ability":"Infiltrator","moves":["switcheroo","dragonpulse","airslash","flamethrower"],"nature":"Timid","evs":{"hp":0,"atk":0,"def":0,"spa":252,"spd":4,"spe":252},"ivs":{"hp":31,"atk":31,"def":31,"spa":31,"spd":31,"spe":31}},{"name":"Latias","species":"Latias","item":"leftovers","ability":"Levitate","moves":["defog","healingwish","psyshock","dracometeor"],"nature":"Timid","evs":{"hp":0,"atk":0,"def":0,"spa":252,"spd":4,"spe":252},"ivs":{"hp":31,"atk":31,"def":31,"spa":31,"spd":31,"spe":31}},{"name":"Altaria","species":"Altaria","item":"altarianite","ability":"Natural Cure","moves":["bodyslam","rage","rest","sleeptalk"],"nature":"Impish","evs":{"hp":248,"atk":0,"def":148,"spa":0,"spd":96,"spe":16},"happiness":252,"ivs":{"hp":31,"atk":31,"def":31,"spa":31,"spd":31,"spe":31}},{"name":"Kyurem-Black","species":"Kyurem-Black","item":"choicescarf","ability":"Teravolt","moves":["outrage","fusionbolt","ironhead","icebeam"],"nature":"Naive","evs":{"hp":0,"atk":252,"def":0,"spa":4,"spd":0,"spe":252},"ivs":{"hp":31,"atk":31,"def":31,"spa":31,"spd":31,"spe":31}},{"name":"Dragonite","species":"Dragonite","item":"lumberry","ability":"Multiscale","moves":["dragondance","dragonclaw","earthquake","extremespeed"],"nature":"Jolly","evs":{"hp":0,"atk":252,"def":0,"spa":0,"spd":4,"spe":252},"ivs":{"hp":31,"atk":31,"def":31,"spa":31,"spd":31,"spe":31}}],"log":["|player|p1|Alliance ♋ akaFila|allianceakafila.gif","|player|p2|IV Chrono|ivchrono.gif","|gametype|singles","|gen|6","|tier|Monotype","|rated","|rule|Baton Pass Clause: Limit one Baton Passer, can't pass Spe and other stats simultaneously","|rule|Swagger Clause: Swagger is banned","|rule|Same Type Clause: Pokémon in a team must share a type","|clearpoke","|poke|p1|Hoopa-Unbound","|poke|p1|Sharpedo, F","|poke|p1|Pangoro, F","|poke|p1|Mandibuzz, F","|poke|p1|Tyranitar, F","|poke|p1|Bisharp, F","|poke|p2|Garchomp, F","|poke|p2|Noivern, F","|poke|p2|Latias, F","|poke|p2|Altaria, M","|poke|p2|Kyurem-Black","|poke|p2|Dragonite, M","|rule|Sleep Clause Mod: Limit one foe put to sleep","|rule|Species Clause: Limit one of each Pokémon","|rule|OHKO Clause: OHKO moves are banned","|rule|Moody Clause: Moody is banned","|rule|Evasion Moves Clause: Evasion moves are banned","|rule|Endless Battle Clause: Forcing endless battles is banned","|rule|HP Percentage Mod: HP is shown in percentages","|teampreview","|","|start","|switch|p1a: Hoopa-Unbound|Hoopa-Unbound|363/363","|switch|p2a: Altaria|Altaria, M|353/353","|turn|1","|","|detailschange|p2a: Altaria|Altaria-Mega, M","|-mega|p2a: Altaria|Altaria|Altarianite","|move|p2a: Altaria|Body Slam|p1a: Hoopa-Unbound","|-supereffective|p1a: Hoopa-Unbound","|-damage|p1a: Hoopa-Unbound|0 fnt","|faint|p1a: Hoopa-Unbound","|","|","|switch|p1a: Mandibuzz|Mandibuzz, F|423/423","|turn|2","|","|move|p2a: Altaria|Rage|p1a: Mandibuzz","|-supereffective|p1a: Mandibuzz","|-damage|p1a: Mandibuzz|375/423","|-damage|p2a: Altaria|295/353|[from] item: Rocky Helmet|[of] p1a: Mandibuzz","|-singlemove|p2a: Altaria|Rage","|move|p1a: Mandibuzz|Toxic|p2a: Altaria","|-status|p2a: Altaria|tox","|","|-damage|p2a: Altaria|273/353 tox|[from] psn","|turn|3","|","|move|p2a: Altaria|Body Slam|p1a: Mandibuzz","|-supereffective|p1a: Mandibuzz","|-damage|p1a: Mandibuzz|193/423","|-damage|p2a: Altaria|215/353 tox|[from] item: Rocky Helmet|[of] p1a: Mandibuzz","|-status|p1a: Mandibuzz|par","|cant|p1a: Mandibuzz|par","|","|-damage|p2a: Altaria|171/353 tox|[from] psn","|turn|4","|","|move|p2a: Altaria|Rest|p2a: Altaria","|-status|p2a: Altaria|slp","|-heal|p2a: Altaria|353/353 slp|[silent]","|-status|p2a: Altaria|slp|[from] move: Rest","|move|p1a: Mandibuzz|Roost|p1a: Mandibuzz","|-heal|p1a: Mandibuzz|405/423 par","|","|turn|5","|","|switch|p1a: Bisharp|Bisharp, F|333/333","|cant|p2a: Altaria|slp","|move|p2a: Altaria|Sleep Talk|p2a: Altaria","|move|p2a: Altaria|Rage|p1a: Bisharp|[from]Sleep Talk","|-damage|p1a: Bisharp|300/333","|-singlemove|p2a: Altaria|Rage","|","|turn|6","|","|switch|p2a: Garchomp|Garchomp, F|419/419","|move|p1a: Bisharp|Swords Dance|p1a: Bisharp","|-boost|p1a: Bisharp|atk|2","|","|turn|7","|","|move|p2a: Garchomp|Earthquake|p1a: Bisharp","|-supereffective|p1a: Bisharp","|-damage|p1a: Bisharp|24/333","|move|p1a: Bisharp|Knock Off|p2a: Garchomp","|-crit|p2a: Garchomp","|-damage|p2a: Garchomp|0 fnt","|-damage|p1a: Bisharp|0 fnt|[from] ability: Rough Skin|[of] p2a: Garchomp","|faint|p1a: Bisharp","|faint|p2a: Garchomp","|","|","|switch|p1a: Pangoro|Pangoro, F|331/331","|switch|p2a: Altaria|Altaria-Mega, M|353/353 slp","|turn|8","|","|switch|p2a: Latias|Latias, F|301/301","|move|p1a: Pangoro|Parting Shot|p2a: Latias","|-unboost|p2a: Latias|atk|1","|-unboost|p2a: Latias|spa|1","|","|switch|p1a: Tyranitar|Tyranitar, F|404/404","|-weather|Sandstorm","|","|-weather|Sandstorm|[upkeep]","|-damage|p2a: Latias|283/301|[from] sandstorm","|-heal|p2a: Latias|301/301|[from] item: Leftovers","|turn|9","|","|switch|p2a: Noivern|Noivern, F|311/311","|move|p1a: Tyranitar|Stone Edge|p2a: Noivern","|-supereffective|p2a: Noivern","|-damage|p2a: Noivern|0 fnt","|faint|p2a: Noivern","|","|-weather|Sandstorm|[upkeep]","|","|switch|p2a: Altaria|Altaria-Mega, M|353/353 slp","|turn|10","|","|cant|p2a: Altaria|slp","|move|p2a: Altaria|Sleep Talk|p2a: Altaria","|move|p2a: Altaria|Rest|p2a: Altaria|[from]Sleep Talk","|-fail|p2a: Altaria","|move|p1a: Tyranitar|Stone Edge|p2a: Altaria","|-crit|p2a: Altaria","|-damage|p2a: Altaria|176/353 slp","|","|-weather|Sandstorm|[upkeep]","|-damage|p2a: Altaria|154/353 slp|[from] sandstorm","|turn|11","|","|-curestatus|p2a: Altaria|slp","|move|p2a: Altaria|Rest|p2a: Altaria","|-status|p2a: Altaria|slp","|-heal|p2a: Altaria|353/353 slp|[silent]","|-status|p2a: Altaria|slp|[from] move: Rest","|move|p1a: Tyranitar|Stone Edge|p2a: Altaria","|-damage|p2a: Altaria|242/353 slp","|","|-weather|Sandstorm|[upkeep]","|-damage|p2a: Altaria|220/353 slp|[from] sandstorm","|turn|12","|","|cant|p2a: Altaria|slp","|move|p2a: Altaria|Sleep Talk|p2a: Altaria","|move|p2a: Altaria|Rest|p2a: Altaria|[from]Sleep Talk","|-fail|p2a: Altaria","|move|p1a: Tyranitar|Stone Edge|p2a: Altaria","|-crit|p2a: Altaria","|-damage|p2a: Altaria|46/353 slp","|","|-weather|none","|turn|13","|","|cant|p2a: Altaria|slp","|move|p2a: Altaria|Sleep Talk|p2a: Altaria","|move|p2a: Altaria|Body Slam|p1a: Tyranitar|[from]Sleep Talk","|-supereffective|p1a: Tyranitar","|-damage|p1a: Tyranitar|164/404","|-status|p1a: Tyranitar|par","|cant|p1a: Tyranitar|par","|","|turn|14","|","|-curestatus|p2a: Altaria|slp","|move|p2a: Altaria|Rest|p2a: Altaria","|-status|p2a: Altaria|slp","|-heal|p2a: Altaria|353/353 slp|[silent]","|-status|p2a: Altaria|slp|[from] move: Rest","|cant|p1a: Tyranitar|par","|","|turn|15","|","|switch|p1a: Sharpedo|Sharpedo, F|281/281","|cant|p2a: Altaria|slp","|move|p2a: Altaria|Sleep Talk|p2a: Altaria","|move|p2a: Altaria|Rest|p2a: Altaria|[from]Sleep Talk","|-fail|p2a: Altaria","|","|turn|16","|","|move|p1a: Sharpedo|Protect|p1a: Sharpedo","|-singleturn|p1a: Sharpedo|Protect","|cant|p2a: Altaria|slp","|move|p2a: Altaria|Sleep Talk|p2a: Altaria","|move|p2a: Altaria|Body Slam|p1a: Sharpedo|[from]Sleep Talk","|-activate|p1a: Sharpedo|Protect","|","|-boost|p1a: Sharpedo|spe|1|[from] ability: Speed Boost","|turn|17","|","|move|p1a: Sharpedo|Destiny Bond|p1a: Sharpedo","|-singlemove|p1a: Sharpedo|Destiny Bond","|-curestatus|p2a: Altaria|slp","|move|p2a: Altaria|Body Slam|p1a: Sharpedo","|-supereffective|p1a: Sharpedo","|-damage|p1a: Sharpedo|0 fnt","|faint|p1a: Sharpedo","|-activate|p1a: Sharpedo|Destiny Bond","|faint|p2a: Altaria","|","|","|switch|p2a: Kyurem-Black|Kyurem-Black|391/391","|switch|p1a: Pangoro|Pangoro, F|331/331","|-ability|p2a: Kyurem-Black|Teravolt","|turn|18","|","|move|p2a: Kyurem-Black|Outrage|p1a: Pangoro","|-damage|p1a: Pangoro|0 fnt","|faint|p1a: Pangoro","|","|","|switch|p1a: Mandibuzz|Mandibuzz, F|405/423 par","|turn|19","|","|move|p2a: Kyurem-Black|Outrage|p1a: Mandibuzz|[from]lockedmove","|-damage|p1a: Mandibuzz|210/423 par","|-damage|p2a: Kyurem-Black|326/391|[from] item: Rocky Helmet|[of] p1a: Mandibuzz","|-start|p2a: Kyurem-Black|confusion|[fatigue]","|move|p1a: Mandibuzz|Foul Play|p2a: Kyurem-Black","|-damage|p2a: Kyurem-Black|131/391","|","|turn|20","|","|switch|p2a: Latias|Latias, F|301/301","|move|p1a: Mandibuzz|Roost|p1a: Mandibuzz","|-heal|p1a: Mandibuzz|422/423 par","|","|turn|21","|","|switch|p1a: Tyranitar|Tyranitar, F|164/404 par","|-weather|Sandstorm","|move|p2a: Latias|Healing Wish|p2a: Latias","|faint|p2a: Latias","|","|-weather|Sandstorm|[upkeep]","|","|switch|p2a: Kyurem-Black|Kyurem-Black|131/391","|-heal|p2a: Kyurem-Black|391/391|[from] move: Healing Wish","|-ability|p2a: Kyurem-Black|Teravolt","|turn|22","|","|move|p2a: Kyurem-Black|Outrage|p1a: Tyranitar","|-damage|p1a: Tyranitar|0 fnt","|faint|p1a: Tyranitar","|","|-weather|Sandstorm|[upkeep]","|-damage|p2a: Kyurem-Black|367/391|[from] sandstorm","|","|switch|p1a: Mandibuzz|Mandibuzz, F|422/423 par","|turn|23","|","|move|p2a: Kyurem-Black|Outrage|p1a: Mandibuzz|[from]lockedmove","|-damage|p1a: Mandibuzz|253/423 par","|-damage|p2a: Kyurem-Black|302/391|[from] item: Rocky Helmet|[of] p1a: Mandibuzz","|move|p1a: Mandibuzz|Foul Play|p2a: Kyurem-Black","|-damage|p2a: Kyurem-Black|86/391","|","|-weather|Sandstorm|[upkeep]","|-damage|p2a: Kyurem-Black|62/391|[from] sandstorm","|turn|24","|","|move|p2a: Kyurem-Black|Outrage|p1a: Mandibuzz|[from]lockedmove","|-damage|p1a: Mandibuzz|84/423 par","|-damage|p2a: Kyurem-Black|0 fnt|[from] item: Rocky Helmet|[of] p1a: Mandibuzz","|faint|p2a: Kyurem-Black","|move|p1a: Mandibuzz|Roost|p1a: Mandibuzz","|-heal|p1a: Mandibuzz|296/423 par","|","|-weather|Sandstorm|[upkeep]","|","|switch|p2a: Dragonite|Dragonite, M|323/323","|turn|25","|","|move|p2a: Dragonite|Dragon Dance|p2a: Dragonite","|-boost|p2a: Dragonite|atk|1","|-boost|p2a: Dragonite|spe|1","|move|p1a: Mandibuzz|Roost|p1a: Mandibuzz","|-heal|p1a: Mandibuzz|423/423 par","|","|-weather|none","|turn|26","|","|move|p2a: Dragonite|Dragon Dance|p2a: Dragonite","|-boost|p2a: Dragonite|atk|1","|-boost|p2a: Dragonite|spe|1","|move|p1a: Mandibuzz|Foul Play|p2a: Dragonite","|-damage|p2a: Dragonite|142/323","|","|turn|27","|","|move|p2a: Dragonite|Dragon Claw|p1a: Mandibuzz","|-damage|p1a: Mandibuzz|221/423 par","|-damage|p2a: Dragonite|89/323|[from] item: Rocky Helmet|[of] p1a: Mandibuzz","|move|p1a: Mandibuzz|Foul Play|p2a: Dragonite","|-damage|p2a: Dragonite|0 fnt","|faint|p2a: Dragonite","|","|win|Alliance ♋ akaFila"],"p1rating":{"entryid":"6670496","serverid":"eos","formatid":"monotype","userid":"allianceakafila","username":"Alliance ♋ akaFila","w":24,"l":"23","t":"0","gxe":50.1,"r":"1481.7924024749","rd":"54.704923396573","sigma":"0","rptime":"1438851600","rpr":1500.5954430223,"rprd":53.589952400548,"rpsigma":"0","acre":1228.5863113379,"lacre":1228.5863113379,"oldacre":"1209.5304350669"},"p2rating":{"entryid":"7387696","serverid":"eos","formatid":"monotype","userid":"ivchrono","username":"IV Chrono","w":"4","l":2,"t":"0","gxe":55.2,"r":"1574.6804352436","rd":"101.20104725893","sigma":"0","rptime":"1438851600","rpr":1540.7668331998,"rprd":97.520768579637,"rpsigma":"0","acre":1106.254852946,"lacre":1106.254852946,"oldacre":"1125.310729217"},"endType":"normal"}