{"seed":[4153,2058,54864,26253],"turns":33,"p1":"Knight Miku","p2":"tboltrider","p1team":[{"name":"Amphy","species":"ampharos","item":"ampharosite","ability":"Static","moves":["toxic","healbell","powergem","dragonpulse"],"nature":"Calm","evs":{"hp":248,"atk":0,"def":0,"spa":8,"spd":252,"spe":0},"gender":"M","shiny":true,"ivs":{"hp":31,"atk":31,"def":31,"spa":31,"spd":31,"spe":31}},{"name":"Spooky","species":"rotomwash","item":"leftovers","ability":"Levitate","moves":["willowisp","voltswitch","hydropump","painsplit"],"nature":"Bold","evs":{"hp":252,"atk":0,"def":252,"spa":4,"spd":0,"spe":0},"ivs":{"hp":31,"atk":31,"def":31,"spa":31,"spd":31,"spe":31}},{"name":"Palmtop Tiger","species":"raikou","item":"choicespecs","ability":"Pressure","moves":["hiddenpowerice","extrasensory","thunderbolt","shadowball"],"nature":"Timid","evs":{"hp":0,"atk":0,"def":0,"spa":252,"spd":4,"spe":252},"ivs":{"hp":31,"atk":30,"def":30,"spa":31,"spd":31,"spe":31},"shiny":true},{"name":"Kami-sama","species":"thundurus","item":"lifeorb","ability":"Prankster","moves":["thunderwave","uturn","grassknot","taunt"],"nature":"Hasty","evs":{"hp":0,"atk":20,"def":0,"spa":252,"spd":0,"spe":23},"ivs":{"hp":31,"atk":31,"def":31,"spa":31,"spd":31,"spe":31}},{"name":"Fluffy","species":"electivire","item":"choicescarf","ability":"Vital Spirit","moves":["voltswitch","earthquake","icepunch","rockslide"],"nature":"Naive","evs":{"hp":0,"atk":252,"def":0,"spa":4,"spd":0,"spe":252},"ivs":{"hp":31,"atk":31,"def":31,"spa":31,"spd":31,"spe":31}},{"name":"Zappy","species":"zapdos","item":"leftovers","ability":"Pressure","moves":["heatwave","roost","defog","discharge"],"nature":"Calm","evs":{"hp":252,"atk":0,"def":0,"spa":4,"spd":252,"spe":0},"ivs":{"hp":31,"atk":31,"def":31,"spa":31,"spd":31,"spe":31}}],"p2team":[{"name":"Altaria","species":"Altaria","item":"altarianite","ability":"Natural Cure","moves":["hypervoice","roost","flamethrower","healbell"],"nature":"","evs":{"hp":0,"atk":0,"def":104,"spa":252,"spd":0,"spe":152},"gender":"F","ivs":{"hp":31,"atk":31,"def":31,"spa":31,"spd":31,"spe":31}},{"name":"Landorus-Therian","species":"Landorus-Therian","item":"assaultvest","ability":"Intimidate","moves":["earthquake","knockoff","uturn","stoneedge"],"nature":"Jolly","evs":{"hp":0,"atk":56,"def":0,"spa":0,"spd":200,"spe":252},"ivs":{"hp":31,"atk":31,"def":31,"spa":31,"spd":31,"spe":31}},{"name":"Skarmory","species":"Skarmory","item":"rockyhelmet","ability":"Sturdy","moves":["roost","spikes","stealthrock","ironhead"],"nature":"Adamant","evs":{"hp":0,"atk":148,"def":0,"spa":0,"spd":160,"spe":200},"gender":"M","ivs":{"hp":31,"atk":31,"def":31,"spa":31,"spd":31,"spe":31}},{"name":"Charizard","species":"Charizard","item":"lifeorb","ability":"Blaze","moves":["flamethrower","roost","hiddenpowergrass","dragonpulse"],"nature":"Calm","evs":{"hp":0,"atk":0,"def":156,"spa":0,"spd":100,"spe":252},"gender":"M","ivs":{"hp":31,"atk":30,"def":31,"spa":30,"spd":31,"spe":31}},{"name":"Togekiss","species":"Togekiss","item":"leftovers","ability":"Serene Grace","moves":["healbell","airslash","softboiled","thunderwave"],"nature":"Modest","evs":{"hp":0,"atk":0,"def":148,"spa":108,"spd":0,"spe":252},"gender":"F","ivs":{"hp":31,"atk":31,"def":31,"spa":31,"spd":31,"spe":31}},{"name":"Mandibuzz","species":"Mandibuzz","item":"leftovers","ability":"Big Pecks","moves":["bravebird","defog","knockoff","taunt"],"nature":"Adamant","evs":{"hp":0,"atk":252,"def":0,"spa":0,"spd":108,"spe":148},"ivs":{"hp":31,"atk":31,"def":31,"spa":31,"spd":31,"spe":31}}],"log":["|player|p1|Knight Miku|23","|player|p2|tboltrider|93","|gametype|singles","|gen|6","|tier|Monotype","|rated","|rule|Baton Pass Clause: Limit one Baton Passer, can't pass Spe and other stats simultaneously","|rule|Swagger Clause: Swagger is banned","|rule|Same Type Clause: Pokémon in a team must share a type","|clearpoke","|poke|p1|Ampharos, M, shiny","|poke|p1|Rotom-Wash","|poke|p1|Raikou, shiny","|poke|p1|Thundurus, M","|poke|p1|Electivire, M","|poke|p1|Zapdos","|poke|p2|Altaria, F","|poke|p2|Landorus-Therian, M","|poke|p2|Skarmory, M","|poke|p2|Charizard, M","|poke|p2|Togekiss, F","|poke|p2|Mandibuzz, F","|rule|Sleep Clause Mod: Limit one foe put to sleep","|rule|Species Clause: Limit one of each Pokémon","|rule|OHKO Clause: OHKO moves are banned","|rule|Moody Clause: Moody is banned","|rule|Evasion Moves Clause: Evasion moves are banned","|rule|Endless Battle Clause: Forcing endless battles is banned","|rule|HP Percentage Mod: HP is shown in percentages","|teampreview","|","|start","|switch|p1a: Kami-sama|Thundurus, M|299/299","|switch|p2a: Skarmory|Skarmory, M|271/271","|turn|1","|","|move|p1a: Kami-sama|Taunt|p2a: Skarmory","|-start|p2a: Skarmory|move: Taunt","|cant|p2a: Skarmory|move: Taunt|Stealth Rock","|","|turn|2","|","|switch|p2a: Landorus-Therian|Landorus-Therian, M|319/319","|-ability|p2a: Landorus-Therian|Intimidate","|-unboost|p1a: Kami-sama|atk|1","|move|p1a: Kami-sama|Thunder Wave|p2a: Landorus-Therian","|-immune|p2a: Landorus-Therian|[msg]","|","|turn|3","|","|switch|p1a: Spooky|Rotom-Wash|304/304","|move|p2a: Landorus-Therian|Stone Edge|p1a: Spooky","|-damage|p1a: Spooky|225/304","|","|-heal|p1a: Spooky|244/304|[from] item: Leftovers","|turn|4","|","|move|p2a: Landorus-Therian|Knock Off|p1a: Spooky","|-damage|p1a: Spooky|170/304","|-enditem|p1a: Spooky|Leftovers|[from] move: Knock Off|[of] p2a: Landorus-Therian","|move|p1a: Spooky|Will-O-Wisp|p2a: Landorus-Therian","|-status|p2a: Landorus-Therian|brn","|","|-damage|p2a: Landorus-Therian|280/319 brn|[from] brn","|turn|5","|","|move|p2a: Landorus-Therian|U-turn|p1a: Spooky","|-damage|p1a: Spooky|143/304","|","|switch|p2a: Altaria|Altaria, F|291/291","|move|p1a: Spooky|Hydro Pump|p2a: Altaria|[miss]","|-miss|p1a: Spooky|p2a: Altaria","|","|turn|6","|","|detailschange|p2a: Altaria|Altaria-Mega, F","|-mega|p2a: Altaria|Altaria|Altarianite","|move|p2a: Altaria|Hyper Voice|p1a: Spooky","|-damage|p1a: Spooky|0 fnt","|faint|p1a: Spooky","|","|","|switch|p1a: Kami-sama|Thundurus, M|299/299","|turn|7","|","|move|p1a: Kami-sama|Thunder Wave|p2a: Altaria","|-status|p2a: Altaria|par","|cant|p2a: Altaria|par","|","|turn|8","|","|move|p1a: Kami-sama|U-turn|p2a: Altaria","|-resisted|p2a: Altaria","|-damage|p2a: Altaria|257/291 par","|-damage|p1a: Kami-sama|270/299|[from] item: Life Orb","|","|switch|p1a: Zappy|Zapdos|384/384","|-ability|p1a: Zappy|Pressure","|cant|p2a: Altaria|par","|","|turn|9","|","|move|p1a: Zappy|Heat Wave|p2a: Altaria","|-resisted|p2a: Altaria","|-damage|p2a: Altaria|216/291 par","|cant|p2a: Altaria|par","|","|turn|10","|","|move|p1a: Zappy|Discharge|p2a: Altaria","|-resisted|p2a: Altaria","|-damage|p2a: Altaria|156/291 par","|move|p2a: Altaria|Heal Bell|p2a: Altaria","|-cureteam|p2a: Altaria|[from] move: HealBell","|","|turn|11","|","|move|p1a: Zappy|Discharge|p2a: Altaria","|-resisted|p2a: Altaria","|-damage|p2a: Altaria|100/291","|-status|p2a: Altaria|par","|move|p2a: Altaria|Hyper Voice|p1a: Zappy","|-damage|p1a: Zappy|231/384","|","|-heal|p1a: Zappy|255/384|[from] item: Leftovers","|turn|12","|","|move|p1a: Zappy|Heat Wave|p2a: Altaria","|-resisted|p2a: Altaria","|-damage|p2a: Altaria|55/291 par","|move|p2a: Altaria|Roost|p2a: Altaria","|-heal|p2a: Altaria|201/291 par","|","|-heal|p1a: Zappy|279/384|[from] item: Leftovers","|turn|13","|","|switch|p1a: Palmtop Tiger|Raikou, shiny|321/321","|-ability|p1a: Palmtop Tiger|Pressure","|move|p2a: Altaria|Heal Bell|p2a: Altaria","|-cureteam|p2a: Altaria|[from] move: HealBell","|","|turn|14","|","|move|p1a: Palmtop Tiger|Hidden Power|p2a: Altaria","|-supereffective|p2a: Altaria","|-damage|p2a: Altaria|23/291","|move|p2a: Altaria|Hyper Voice|p1a: Palmtop Tiger","|-damage|p1a: Palmtop Tiger|129/321","|","|turn|15","|","|switch|p2a: Landorus-Therian|Landorus-Therian, M|280/319","|-ability|p2a: Landorus-Therian|Intimidate","|-unboost|p1a: Palmtop Tiger|atk|1","|move|p1a: Palmtop Tiger|Hidden Power|p2a: Landorus-Therian","|-supereffective|p2a: Landorus-Therian","|-damage|p2a: Landorus-Therian|36/319","|","|turn|16","|","|switch|p1a: Kami-sama|Thundurus, M|270/299","|move|p2a: Landorus-Therian|Knock Off|p1a: Kami-sama","|-damage|p1a: Kami-sama|115/299","|-enditem|p1a: Kami-sama|Life Orb|[from] move: Knock Off|[of] p2a: Landorus-Therian","|","|turn|17","|","|move|p2a: Landorus-Therian|Knock Off|p1a: Kami-sama","|-damage|p1a: Kami-sama|12/299","|move|p1a: Kami-sama|U-turn|p2a: Landorus-Therian","|-resisted|p2a: Landorus-Therian","|-damage|p2a: Landorus-Therian|4/319","|","|switch|p1a: Fluffy|Electivire, M|291/291","|","|turn|18","|","|move|p1a: Fluffy|Rock Slide|p2a: Landorus-Therian","|-miss|p1a: Fluffy|p2a: Landorus-Therian","|move|p2a: Landorus-Therian|Earthquake|p1a: Fluffy","|-supereffective|p1a: Fluffy","|-damage|p1a: Fluffy|0 fnt","|faint|p1a: Fluffy","|","|","|switch|p1a: Palmtop Tiger|Raikou, shiny|129/321","|-ability|p1a: Palmtop Tiger|Pressure","|turn|19","|","|move|p1a: Palmtop Tiger|Hidden Power|p2a: Landorus-Therian","|-supereffective|p2a: Landorus-Therian","|-damage|p2a: Landorus-Therian|0 fnt","|faint|p2a: Landorus-Therian","|","|","|switch|p2a: Mandibuzz|Mandibuzz, F|361/361","|turn|20","|","|switch|p1a: Amphy|Ampharos, M, shiny|383/383","|move|p2a: Mandibuzz|Knock Off|p1a: Amphy","|-damage|p1a: Amphy|292/383","|","|turn|21","|","|detailschange|p1a: Amphy|Ampharos-Mega, M, shiny","|-mega|p1a: Amphy|Ampharos|Ampharosite","|-ability|p1a: Amphy|Mold Breaker","|move|p2a: Mandibuzz|Taunt|p1a: Amphy","|-start|p1a: Amphy|move: Taunt","|move|p1a: Amphy|Power Gem|p2a: Mandibuzz","|-supereffective|p2a: Mandibuzz","|-damage|p2a: Mandibuzz|169/361","|","|-heal|p2a: Mandibuzz|191/361|[from] item: Leftovers","|turn|22","|","|move|p2a: Mandibuzz|Brave Bird|p1a: Amphy","|-resisted|p1a: Amphy","|-damage|p1a: Amphy|220/383","|-damage|p2a: Mandibuzz|167/361|[from] recoil|[of] p1a: Amphy","|move|p1a: Amphy|Power Gem|p2a: Mandibuzz","|-supereffective|p2a: Mandibuzz","|-damage|p2a: Mandibuzz|0 fnt","|faint|p2a: Mandibuzz","|","|","|switch|p2a: Togekiss|Togekiss, F|311/311","|turn|23","|","|move|p2a: Togekiss|Air Slash|p1a: Amphy","|-resisted|p1a: Amphy","|-damage|p1a: Amphy|179/383","|cant|p1a: Amphy|flinch","|","|-end|p1a: Amphy|move: Taunt","|turn|24","|","|move|p2a: Togekiss|Thunder Wave|p1a: Amphy","|-immune|p1a: Amphy|[msg]","|move|p1a: Amphy|Power Gem|p2a: Togekiss","|-crit|p2a: Togekiss","|-supereffective|p2a: Togekiss","|-damage|p2a: Togekiss|29/311","|","|-heal|p2a: Togekiss|48/311|[from] item: Leftovers","|turn|25","|","|move|p2a: Togekiss|Air Slash|p1a: Amphy","|-resisted|p1a: Amphy","|-damage|p1a: Amphy|141/383","|move|p1a: Amphy|Power Gem|p2a: Togekiss","|-supereffective|p2a: Togekiss","|-damage|p2a: Togekiss|0 fnt","|faint|p2a: Togekiss","|","|","|switch|p2a: Altaria|Altaria-Mega, F|23/291","|turn|26","|","|move|p2a: Altaria|Roost|p2a: Altaria","|-heal|p2a: Altaria|169/291","|move|p1a: Amphy|Power Gem|p2a: Altaria","|-damage|p2a: Altaria|72/291","|","|turn|27","|","|switch|p1a: Palmtop Tiger|Raikou, shiny|129/321","|-ability|p1a: Palmtop Tiger|Pressure","|move|p2a: Altaria|Hyper Voice|p1a: Palmtop Tiger","|-damage|p1a: Palmtop Tiger|0 fnt","|faint|p1a: Palmtop Tiger","|","|","|switch|p1a: Kami-sama|Thundurus, M|12/299","|turn|28","|","|move|p1a: Kami-sama|Thunder Wave|p2a: Altaria","|-status|p2a: Altaria|par","|move|p2a: Altaria|Roost|p2a: Altaria","|-heal|p2a: Altaria|218/291 par","|","|turn|29","|","|move|p1a: Kami-sama|Taunt|p2a: Altaria","|-start|p2a: Altaria|move: Taunt","|move|p2a: Altaria|Hyper Voice|p1a: Kami-sama","|-damage|p1a: Kami-sama|0 fnt","|faint|p1a: Kami-sama","|","|","|switch|p1a: Amphy|Ampharos-Mega, M, shiny|141/383","|-ability|p1a: Amphy|Mold Breaker","|turn|30","|","|move|p1a: Amphy|Power Gem|p2a: Altaria","|-damage|p2a: Altaria|132/291 par","|move|p2a: Altaria|Hyper Voice|p1a: Amphy","|-supereffective|p1a: Amphy","|-damage|p1a: Amphy|0 fnt","|faint|p1a: Amphy","|","|","|switch|p1a: Zappy|Zapdos|279/384","|-ability|p1a: Zappy|Pressure","|turn|31","|","|move|p1a: Zappy|Discharge|p2a: Altaria","|-resisted|p2a: Altaria","|-damage|p2a: Altaria|78/291 par","|move|p2a: Altaria|Hyper Voice|p1a: Zappy","|-damage|p1a: Zappy|144/384","|","|-heal|p1a: Zappy|168/384|[from] item: Leftovers","|-end|p2a: Altaria|move: Taunt","|turn|32","|","|move|p1a: Zappy|Discharge|p2a: Altaria","|-resisted|p2a: Altaria","|-damage|p2a: Altaria|25/291 par","|move|p2a: Altaria|Roost|p2a: Altaria","|-heal|p2a: Altaria|171/291 par","|","|-heal|p1a: Zappy|192/384|[from] item: Leftovers","|turn|33","|","|win|tboltrider"],"p1rating":{"entryid":"7210042","serverid":"eos","formatid":"monotype","userid":"knightmiku","username":"Knight♕Miku","w":"11","l":7,"t":"0","gxe":55.1,"r":"1568.1662215144","rd":"78.391988186295","sigma":"0","rptime":"1438851600","rpr":1539.5572481533,"rprd":73.87310096679,"rpsigma":"0","acre":1133.56465654,"lacre":1133.56465654,"oldacre":"1162.1530926172"},"p2rating":{"entryid":"6783929","serverid":"eos","formatid":"monotype","userid":"tboltrider","username":"tboltrider","w":13,"l":"25","t":"0","gxe":37.4,"r":"1378.5778471541","rd":"65.360208887507","sigma":"0","rptime":"1438851600","rpr":1401.5042342267,"rprd":58.837268400114,"rpsigma":"0","acre":1140.5247253851,"lacre":1140.5247253851,"oldacre":"1111.9362893079"},"endType":"forfeit"}