{"seed":[25687,26422,12656,59447],"turns":31,"p1":"Twizz","p2":"alliance - ed wins","p1team":[{"name":"Magnezone","species":"Magnezone","item":"leftovers","ability":"Sturdy","moves":["flashcannon","thunderbolt","protect","hiddenpowerice"],"nature":"Modest","evs":{"hp":76,"atk":0,"def":180,"spa":252,"spd":0,"spe":0},"ivs":{"hp":31,"atk":30,"def":30,"spa":31,"spd":31,"spe":31}},{"name":"Zapdos","species":"Zapdos","item":"leftovers","ability":"Pressure","moves":["discharge","heatwave","toxic","roost"],"nature":"Bold","evs":{"hp":4,"atk":0,"def":252,"spa":0,"spd":252,"spe":0},"ivs":{"hp":31,"atk":31,"def":31,"spa":31,"spd":31,"spe":31}},{"name":"Ampharos","species":"Ampharos","item":"ampharosite","ability":"Static","moves":["cottonguard","rest","sleeptalk","dragonpulse"],"nature":"Bold","evs":{"hp":0,"atk":0,"def":252,"spa":136,"spd":120,"spe":0},"ivs":{"hp":31,"atk":31,"def":31,"spa":31,"spd":31,"spe":31}},{"name":"Raikou","species":"Raikou","item":"leftovers","ability":"Pressure","moves":["calmmind","substitute","thunderbolt","extrasensory"],"nature":"Timid","evs":{"hp":0,"atk":0,"def":0,"spa":252,"spd":4,"spe":252},"ivs":{"hp":31,"atk":31,"def":31,"spa":31,"spd":31,"spe":31}},{"name":"Rotom-Wash","species":"Rotom-Wash","item":"choicescarf","ability":"Levitate","moves":["voltswitch","hydropump","willowisp","trick"],"nature":"Timid","evs":{"hp":0,"atk":0,"def":0,"spa":252,"spd":4,"spe":252},"ivs":{"hp":31,"atk":31,"def":31,"spa":31,"spd":31,"spe":31}},{"name":"Condom","species":"eelektross","item":"assaultvest","ability":"Levitate","moves":["gigadrain","thunderbolt","drainpunch","knockoff"],"nature":"Quiet","evs":{"hp":3,"atk":136,"def":0,"spa":108,"spd":252,"spe":0},"ivs":{"hp":31,"atk":31,"def":31,"spa":31,"spd":31,"spe":31}}],"p2team":[{"name":"Generic Fairy V2.1","species":"diancie","item":"leftovers","ability":"Clear Body","moves":["stealthrock","trickroom","diamondstorm","explosion"],"nature":"Brave","evs":{"hp":248,"atk":252,"def":8,"spa":0,"spd":0,"spe":0},"ivs":{"hp":31,"atk":31,"def":31,"spa":31,"spd":31,"spe":0}},{"name":"Anon Twink","species":"sylveon","item":"choicespecs","ability":"Pixilate","moves":["hypervoice","hiddenpowerfire","psyshock","shadowball"],"nature":"Quiet","evs":{"hp":248,"atk":0,"def":8,"spa":252,"spd":0,"spe":0},"gender":"M","ivs":{"hp":31,"atk":0,"def":31,"spa":30,"spd":31,"spe":0}},{"name":"Urine Trouble","species":"azumarill","item":"lifeorb","ability":"Huge Power","moves":["playrough","waterfall","superpower","aquajet"],"nature":"Brave","evs":{"hp":248,"atk":252,"def":0,"spa":0,"spd":8,"spe":0},"gender":"M","ivs":{"hp":31,"atk":31,"def":31,"spa":31,"spd":31,"spe":0},"shiny":true},{"name":"Gardevoir-Senpai","species":"gardevoir","item":"gardevoirite","ability":"Trace","moves":["hypervoice","focusblast","trickroom","healingwish"],"nature":"Quiet","evs":{"hp":248,"atk":0,"def":8,"spa":252,"spd":0,"spe":0},"gender":"M","ivs":{"hp":31,"atk":0,"def":31,"spa":31,"spd":31,"spe":0},"shiny":true},{"name":"Janitors Fren","species":"klefki","item":"lightclay","ability":"Prankster","moves":["reflect","lightscreen","foulplay","spikes"],"nature":"Bold","evs":{"hp":248,"atk":0,"def":252,"spa":0,"spd":8,"spe":0},"ivs":{"hp":31,"atk":0,"def":31,"spa":31,"spd":31,"spe":31}},{"name":"'Murica","species":"togekiss","item":"choicescarf","ability":"Serene Grace","moves":["airslash","fireblast","dazzlinggleam","trick"],"nature":"Timid","evs":{"hp":0,"atk":0,"def":0,"spa":252,"spd":4,"spe":252},"ivs":{"hp":31,"atk":0,"def":31,"spa":31,"spd":31,"spe":31}}],"log":["|player|p1|Twizz|122","|player|p2|alliance - ed wins|102","|gametype|singles","|gen|6","|tier|Monotype","|rated","|rule|Baton Pass Clause: Limit one Baton Passer, can't pass Spe and other stats simultaneously","|rule|Swagger Clause: Swagger is banned","|rule|Same Type Clause: Pokémon in a team must share a type","|clearpoke","|poke|p1|Magnezone","|poke|p1|Zapdos","|poke|p1|Ampharos, M","|poke|p1|Raikou","|poke|p1|Rotom-Wash","|poke|p1|Eelektross, M","|poke|p2|Diancie","|poke|p2|Sylveon, M","|poke|p2|Azumarill, M, shiny","|poke|p2|Gardevoir, M, shiny","|poke|p2|Klefki, F","|poke|p2|Togekiss, F","|rule|Sleep Clause Mod: Limit one foe put to sleep","|rule|Species Clause: Limit one of each Pokémon","|rule|OHKO Clause: OHKO moves are banned","|rule|Moody Clause: Moody is banned","|rule|Evasion Moves Clause: Evasion moves are banned","|rule|Endless Battle Clause: Forcing endless battles is banned","|rule|HP Percentage Mod: HP is shown in percentages","|teampreview","|","|start","|switch|p1a: Rotom-Wash|Rotom-Wash|241/241","|switch|p2a: Janitors Fren|Klefki, F|317/317","|turn|1","|","|move|p2a: Janitors Fren|Light Screen|p2a: Janitors Fren","|-sidestart|p2: alliance - ed wins|move: Light Screen","|move|p1a: Rotom-Wash|Trick|p2a: Janitors Fren","|-activate|p1a: Rotom-Wash|move: Trick|[of] p2a: Janitors Fren","|-item|p2a: Janitors Fren|Choice Scarf|[from] move: Trick","|-item|p1a: Rotom-Wash|Light Clay|[from] move: Trick","|","|turn|2","|","|move|p2a: Janitors Fren|Reflect|p2a: Janitors Fren","|-sidestart|p2: alliance - ed wins|Reflect","|move|p1a: Rotom-Wash|Will-O-Wisp|p2a: Janitors Fren","|-status|p2a: Janitors Fren|brn","|","|-damage|p2a: Janitors Fren|278/317 brn|[from] brn","|turn|3","|","|switch|p2a: Anon Twink|Sylveon, M|393/393","|move|p1a: Rotom-Wash|Volt Switch|p2a: Anon Twink","|-damage|p2a: Anon Twink|353/393","|","|switch|p1a: Magnezone|Magnezone|300/300","|","|turn|4","|","|move|p1a: Magnezone|Flash Cannon|p2a: Anon Twink","|-supereffective|p2a: Anon Twink","|-damage|p2a: Anon Twink|229/393","|move|p2a: Anon Twink|Hidden Power|p1a: Magnezone","|-supereffective|p1a: Magnezone","|-damage|p1a: Magnezone|90/300","|","|-heal|p1a: Magnezone|108/300|[from] item: Leftovers","|turn|5","|","|move|p1a: Magnezone|Protect|p1a: Magnezone","|-singleturn|p1a: Magnezone|Protect","|move|p2a: Anon Twink|Hidden Power|p1a: Magnezone","|-activate|p1a: Magnezone|Protect","|","|-heal|p1a: Magnezone|126/300|[from] item: Leftovers","|turn|6","|","|switch|p1a: Rotom-Wash|Rotom-Wash|241/241","|move|p2a: Anon Twink|Hidden Power|p1a: Rotom-Wash","|-resisted|p1a: Rotom-Wash","|-damage|p1a: Rotom-Wash|191/241","|","|-sideend|p2: alliance - ed wins|Reflect","|turn|7","|","|switch|p2a: Gardevoir-Senpai|Gardevoir, M, shiny|339/339","|-ability|p2a: Gardevoir-Senpai|Levitate|[from] ability: Trace|[of] p1a: Rotom-Wash","|move|p1a: Rotom-Wash|Volt Switch|p2a: Gardevoir-Senpai","|-damage|p2a: Gardevoir-Senpai|291/339","|","|switch|p1a: Magnezone|Magnezone|126/300","|","|-heal|p1a: Magnezone|144/300|[from] item: Leftovers","|turn|8","|","|move|p1a: Magnezone|Protect|p1a: Magnezone","|-singleturn|p1a: Magnezone|Protect","|move|p2a: Gardevoir-Senpai|Trick Room|p2a: Gardevoir-Senpai","|-fieldstart|move: Trick Room|[of] p2a: Gardevoir-Senpai","|","|-heal|p1a: Magnezone|162/300|[from] item: Leftovers","|-sideend|p2: alliance - ed wins|move: Light Screen","|turn|9","|","|detailschange|p2a: Gardevoir-Senpai|Gardevoir-Mega, M, shiny","|-mega|p2a: Gardevoir-Senpai|Gardevoir|Gardevoirite","|move|p2a: Gardevoir-Senpai|Focus Blast|p1a: Magnezone|[miss]","|-miss|p2a: Gardevoir-Senpai|p1a: Magnezone","|move|p1a: Magnezone|Flash Cannon|p2a: Gardevoir-Senpai","|-supereffective|p2a: Gardevoir-Senpai","|-damage|p2a: Gardevoir-Senpai|67/339","|","|-heal|p1a: Magnezone|180/300|[from] item: Leftovers","|turn|10","|","|move|p1a: Magnezone|Protect|p1a: Magnezone","|-singleturn|p1a: Magnezone|Protect","|move|p2a: Gardevoir-Senpai|Hyper Voice|p1a: Magnezone","|-activate|p1a: Magnezone|Protect","|","|-heal|p1a: Magnezone|198/300|[from] item: Leftovers","|turn|11","|","|switch|p1a: Condom|Eelektross, M|311/311","|move|p2a: Gardevoir-Senpai|Focus Blast|p1a: Condom","|-damage|p1a: Condom|202/311","|","|turn|12","|","|move|p1a: Condom|Thunderbolt|p2a: Gardevoir-Senpai","|-damage|p2a: Gardevoir-Senpai|0 fnt","|faint|p2a: Gardevoir-Senpai","|","|-fieldend|move: Trick Room","|","|switch|p2a: Anon Twink|Sylveon, M|229/393","|turn|13","|","|move|p1a: Condom|Knock Off|p2a: Anon Twink","|-crit|p2a: Anon Twink","|-resisted|p2a: Anon Twink","|-damage|p2a: Anon Twink|123/393","|-enditem|p2a: Anon Twink|Choice Specs|[from] move: Knock Off|[of] p1a: Condom","|move|p2a: Anon Twink|Hyper Voice|p1a: Condom","|-damage|p1a: Condom|72/311","|","|turn|14","|","|move|p1a: Condom|Thunderbolt|p2a: Anon Twink","|-damage|p2a: Anon Twink|18/393","|move|p2a: Anon Twink|Hyper Voice|p1a: Condom","|-damage|p1a: Condom|0 fnt","|faint|p1a: Condom","|","|","|switch|p1a: Rotom-Wash|Rotom-Wash|191/241","|turn|15","|","|switch|p2a: Generic Fairy V2.1|Diancie|303/303","|move|p1a: Rotom-Wash|Volt Switch|p2a: Generic Fairy V2.1","|-damage|p2a: Generic Fairy V2.1|230/303","|","|switch|p1a: Magnezone|Magnezone|198/300","|","|-heal|p1a: Magnezone|216/300|[from] item: Leftovers","|-heal|p2a: Generic Fairy V2.1|248/303|[from] item: Leftovers","|turn|16","|","|switch|p2a: Urine Trouble|Azumarill, M, shiny|403/403","|move|p1a: Magnezone|Protect|p1a: Magnezone","|-fail|p1a: Magnezone","|","|-heal|p1a: Magnezone|234/300|[from] item: Leftovers","|turn|17","|","|move|p1a: Magnezone|Protect|p1a: Magnezone","|-singleturn|p1a: Magnezone|Protect","|move|p2a: Urine Trouble|Superpower|p1a: Magnezone","|-activate|p1a: Magnezone|Protect","|","|-heal|p1a: Magnezone|252/300|[from] item: Leftovers","|turn|18","|","|switch|p1a: Zapdos|Zapdos|322/322","|-ability|p1a: Zapdos|Pressure","|move|p2a: Urine Trouble|Play Rough|p1a: Zapdos","|-damage|p1a: Zapdos|123/322","|-damage|p2a: Urine Trouble|363/403|[from] item: Life Orb","|","|-heal|p1a: Zapdos|143/322|[from] item: Leftovers","|turn|19","|","|switch|p2a: Generic Fairy V2.1|Diancie|248/303","|move|p1a: Zapdos|Discharge|p2a: Generic Fairy V2.1","|-damage|p2a: Generic Fairy V2.1|169/303","|-status|p2a: Generic Fairy V2.1|par","|","|-heal|p1a: Zapdos|163/322|[from] item: Leftovers","|-heal|p2a: Generic Fairy V2.1|187/303 par|[from] item: Leftovers","|turn|20","|","|move|p1a: Zapdos|Roost|p1a: Zapdos","|-heal|p1a: Zapdos|322/322","|move|p2a: Generic Fairy V2.1|Trick Room|p2a: Generic Fairy V2.1","|-fieldstart|move: Trick Room|[of] p2a: Generic Fairy V2.1","|","|-heal|p2a: Generic Fairy V2.1|205/303 par|[from] item: Leftovers","|turn|21","|","|cant|p2a: Generic Fairy V2.1|par","|move|p1a: Zapdos|Discharge|p2a: Generic Fairy V2.1","|-damage|p2a: Generic Fairy V2.1|123/303 par","|","|-heal|p2a: Generic Fairy V2.1|141/303 par|[from] item: Leftovers","|turn|22","|","|move|p2a: Generic Fairy V2.1|Diamond Storm|p1a: Zapdos","|-supereffective|p1a: Zapdos","|-damage|p1a: Zapdos|56/322","|-boost|p2a: Generic Fairy V2.1|def|1","|move|p1a: Zapdos|Discharge|p2a: Generic Fairy V2.1","|-damage|p2a: Generic Fairy V2.1|65/303 par","|","|-heal|p2a: Generic Fairy V2.1|83/303 par|[from] item: Leftovers","|-heal|p1a: Zapdos|76/322|[from] item: Leftovers","|turn|23","|","|move|p2a: Generic Fairy V2.1|Diamond Storm|p1a: Zapdos","|-supereffective|p1a: Zapdos","|-damage|p1a: Zapdos|0 fnt","|faint|p1a: Zapdos","|","|-heal|p2a: Generic Fairy V2.1|101/303 par|[from] item: Leftovers","|","|switch|p1a: Magnezone|Magnezone|252/300","|turn|24","|","|switch|p2a: 'Murica|Togekiss, F|311/311","|move|p1a: Magnezone|Protect|p1a: Magnezone","|-fail|p1a: Magnezone","|","|-heal|p1a: Magnezone|270/300|[from] item: Leftovers","|-fieldend|move: Trick Room","|turn|25","|","|switch|p1a: Rotom-Wash|Rotom-Wash|191/241","|move|p2a: 'Murica|Fire Blast|p1a: Rotom-Wash","|-crit|p1a: Rotom-Wash","|-resisted|p1a: Rotom-Wash","|-damage|p1a: Rotom-Wash|102/241","|-status|p1a: Rotom-Wash|brn","|","|-damage|p1a: Rotom-Wash|72/241 brn|[from] brn","|turn|26","|","|switch|p2a: Anon Twink|Sylveon, M|18/393","|move|p1a: Rotom-Wash|Volt Switch|p2a: Anon Twink","|-damage|p2a: Anon Twink|0 fnt","|faint|p2a: Anon Twink","|","|switch|p1a: Raikou|Raikou|321/321","|-ability|p1a: Raikou|Pressure","|","|","|switch|p2a: Janitors Fren|Klefki, F|278/317 brn","|turn|27","|","|move|p2a: Janitors Fren|Light Screen|p2a: Janitors Fren","|-sidestart|p2: alliance - ed wins|move: Light Screen","|move|p1a: Raikou|Substitute|p1a: Raikou","|-start|p1a: Raikou|Substitute","|-damage|p1a: Raikou|241/321","|","|-heal|p1a: Raikou|261/321|[from] item: Leftovers","|-damage|p2a: Janitors Fren|239/317 brn|[from] brn","|turn|28","|","|switch|p2a: Generic Fairy V2.1|Diancie|101/303 par","|move|p1a: Raikou|Calm Mind|p1a: Raikou","|-boost|p1a: Raikou|spa|1","|-boost|p1a: Raikou|spd|1","|","|-heal|p1a: Raikou|281/321|[from] item: Leftovers","|-heal|p2a: Generic Fairy V2.1|119/303 par|[from] item: Leftovers","|turn|29","|","|move|p1a: Raikou|Calm Mind|p1a: Raikou","|-boost|p1a: Raikou|spa|1","|-boost|p1a: Raikou|spd|1","|cant|p2a: Generic Fairy V2.1|par","|","|-heal|p1a: Raikou|301/321|[from] item: Leftovers","|-heal|p2a: Generic Fairy V2.1|137/303 par|[from] item: Leftovers","|turn|30","|","|move|p1a: Raikou|Thunderbolt|p2a: Generic Fairy V2.1","|-damage|p2a: Generic Fairy V2.1|31/303 par","|cant|p2a: Generic Fairy V2.1|par","|","|-heal|p1a: Raikou|321/321|[from] item: Leftovers","|-heal|p2a: Generic Fairy V2.1|49/303 par|[from] item: Leftovers","|turn|31","|","|win|Twizz"],"p1rating":{"entryid":"6985408","serverid":"eos","formatid":"monotype","userid":"twizz","username":"Twizz","w":20,"l":"30","t":"0","gxe":40.3,"r":"1400.4981148932","rd":"53.302059810028","sigma":"0","rptime":"1438851600","rpr":1425.544726037,"rprd":51.521269874338,"rpsigma":"0","acre":1119.1243739606,"lacre":1119.1243739606,"oldacre":"1090.1331647784"},"p2rating":{"entryid":"7432721","serverid":"eos","formatid":"monotype","userid":"allianceedwins","username":"alliance - ed wins","w":"3","l":1,"t":"0","gxe":59.1,"r":"1588.6429022218","rd":"115.93540124351","sigma":"0","rptime":"1438851600","rpr":1572.806942859,"rprd":106.45389858714,"rpsigma":"0","acre":1095.8100515635,"lacre":1095.8100515635,"oldacre":"1123.1808800202"},"endType":"forfeit"}