{"seed":[39625,39449,32161,27640],"turns":27,"p1":"TheMajesticWurmple","p2":"InfernalxCrown - ⓐ","p1team":[{"name":"Kiwi","species":"gardevoir","item":"gardevoirite","ability":"Trace","moves":["hypervoice","psyshock","focusblast","calmmind"],"nature":"Timid","evs":{"hp":0,"atk":4,"def":0,"spa":252,"spd":0,"spe":252},"shiny":true,"ivs":{"hp":31,"atk":31,"def":31,"spa":31,"spd":31,"spe":31}},{"name":"Victini","species":"Victini","item":"choicescarf","ability":"Victory Star","moves":["vcreate","uturn","boltstrike","trick"],"nature":"Jolly","evs":{"hp":0,"atk":252,"def":0,"spa":0,"spd":4,"spe":252},"ivs":{"hp":31,"atk":31,"def":31,"spa":31,"spd":31,"spe":31}},{"name":"Soul Train","species":"latias","item":"lifeorb","ability":"Levitate","moves":["dracometeor","psyshock","defog","healingwish"],"nature":"Timid","evs":{"hp":0,"atk":0,"def":0,"spa":252,"spd":4,"spe":252},"ivs":{"hp":31,"atk":31,"def":31,"spa":31,"spd":31,"spe":31}},{"name":"First Class","species":"metagross","item":"assaultvest","ability":"Clear Body","moves":["meteormash","bulletpunch","zenheadbutt","earthquake"],"nature":"Adamant","evs":{"hp":248,"atk":252,"def":0,"spa":0,"spd":8,"spe":0},"shiny":true,"ivs":{"hp":31,"atk":31,"def":31,"spa":31,"spd":31,"spe":31}},{"name":"BigPapaLongDong","species":"slowbro","item":"rockyhelmet","ability":"Regenerator","moves":["scald","thunderwave","icebeam","slackoff"],"nature":"Bold","evs":{"hp":248,"atk":0,"def":252,"spa":8,"spd":0,"spe":0},"ivs":{"hp":31,"atk":31,"def":31,"spa":31,"spd":31,"spe":31}},{"name":"McBiggleDiggles","species":"meloetta","item":"choicespecs","ability":"Serene Grace","moves":["shadowball","hypervoice","dazzlinggleam","psyshock"],"nature":"Modest","evs":{"hp":248,"atk":0,"def":0,"spa":252,"spd":8,"spe":0},"ivs":{"hp":31,"atk":31,"def":31,"spa":31,"spd":31,"spe":31}}],"p2team":[{"name":"Aegislash","species":"Aegislash","item":"weaknesspolicy","ability":"Stance Change","moves":["shadowball","shadowsneak","kingsshield","sacredsword"],"nature":"Brave","evs":{"hp":252,"atk":76,"def":0,"spa":176,"spd":4,"spe":0},"ivs":{"hp":31,"atk":31,"def":31,"spa":31,"spd":31,"spe":0},"shiny":true},{"name":"Sableye","species":"Sableye","item":"leftovers","ability":"Prankster","moves":["willowisp","recover","taunt","knockoff"],"nature":"Careful","evs":{"hp":252,"atk":0,"def":84,"spa":0,"spd":168,"spe":4},"ivs":{"hp":31,"atk":0,"def":31,"spa":31,"spd":31,"spe":31}},{"name":"Golurk","species":"Golurk","item":"focussash","ability":"No Guard","moves":["stealthrock","curse","dynamicpunch","stoneedge"],"nature":"Adamant","evs":{"hp":4,"atk":252,"def":0,"spa":0,"spd":0,"spe":252},"shiny":true,"ivs":{"hp":31,"atk":31,"def":31,"spa":31,"spd":31,"spe":31}},{"name":"Jellicent","species":"Jellicent","item":"leftovers","ability":"Cursed Body","moves":["acidarmor","toxic","recover","scald"],"nature":"Calm","evs":{"hp":252,"atk":0,"def":4,"spa":0,"spd":252,"spe":0},"gender":"M","ivs":{"hp":31,"atk":0,"def":31,"spa":31,"spd":31,"spe":31}},{"name":"Chandelure","species":"Chandelure","item":"choicescarf","ability":"Infiltrator","moves":["flamethrower","shadowball","energyball","trick"],"nature":"Timid","evs":{"hp":0,"atk":0,"def":4,"spa":252,"spd":0,"spe":252},"ivs":{"hp":31,"atk":0,"def":31,"spa":31,"spd":31,"spe":31},"shiny":true},{"name":"Gengar","species":"Gengar","item":"choicespecs","ability":"Levitate","moves":["dazzlinggleam","shadowball","thunderbolt","sludgewave"],"nature":"Timid","evs":{"hp":4,"atk":0,"def":0,"spa":252,"spd":0,"spe":252},"ivs":{"hp":31,"atk":0,"def":31,"spa":31,"spd":31,"spe":31}}],"log":["|player|p1|TheMajesticWurmple|1","|player|p2|InfernalxCrown - ⓐ|infernalxcrown.png","|gametype|singles","|gen|6","|tier|Monotype","|rated","|rule|Baton Pass Clause: Limit one Baton Passer, can't pass Spe and other stats simultaneously","|rule|Swagger Clause: Swagger is banned","|rule|Same Type Clause: Pokémon in a team must share a type","|clearpoke","|poke|p1|Gardevoir, F, shiny","|poke|p1|Victini","|poke|p1|Latias, F","|poke|p1|Metagross, shiny","|poke|p1|Slowbro, M","|poke|p1|Meloetta","|poke|p2|Aegislash, F, shiny","|poke|p2|Sableye, M","|poke|p2|Golurk, shiny","|poke|p2|Jellicent, M","|poke|p2|Chandelure, F, shiny","|poke|p2|Gengar, M","|rule|Sleep Clause Mod: Limit one foe put to sleep","|rule|Species Clause: Limit one of each Pokémon","|rule|OHKO Clause: OHKO moves are banned","|rule|Moody Clause: Moody is banned","|rule|Evasion Moves Clause: Evasion moves are banned","|rule|Endless Battle Clause: Forcing endless battles is banned","|rule|HP Percentage Mod: HP is shown in percentages","|teampreview","|","|start","|switch|p1a: Kiwi|Gardevoir, F, shiny|277/277","|switch|p2a: Sableye|Sableye, M|304/304","|-ability|p1a: Kiwi|Prankster|[from] ability: Trace|[of] p2a: Sableye","|turn|1","|","|switch|p2a: Aegislash|Aegislash, F, shiny|324/324","|detailschange|p1a: Kiwi|Gardevoir-Mega, F, shiny","|-mega|p1a: Kiwi|Gardevoir|Gardevoirite","|move|p1a: Kiwi|Hyper Voice|p2a: Aegislash","|-resisted|p2a: Aegislash","|-damage|p2a: Aegislash|234/324","|","|turn|2","|","|switch|p1a: Victini|Victini|341/341","|-formechange|p2a: Aegislash|Aegislash-Blade","|move|p2a: Aegislash|Shadow Ball|p1a: Victini","|-supereffective|p1a: Victini","|-damage|p1a: Victini|35/341","|","|turn|3","|","|move|p2a: Aegislash|Shadow Sneak|p1a: Victini","|-supereffective|p1a: Victini","|-damage|p1a: Victini|0 fnt","|faint|p1a: Victini","|","|","|switch|p1a: McBiggleDiggles|Meloetta|403/403","|turn|4","|","|switch|p2a: Sableye|Sableye, M|304/304","|move|p1a: McBiggleDiggles|Shadow Ball|p2a: Sableye","|-damage|p2a: Sableye|153/304","|-unboost|p2a: Sableye|spd|1","|","|-heal|p2a: Sableye|172/304|[from] item: Leftovers","|turn|5","|","|switch|p2a: Jellicent|Jellicent, M|404/404","|move|p1a: McBiggleDiggles|Shadow Ball|p2a: Jellicent","|-supereffective|p2a: Jellicent","|-damage|p2a: Jellicent|194/404","|","|-heal|p2a: Jellicent|219/404|[from] item: Leftovers","|turn|6","|","|move|p1a: McBiggleDiggles|Shadow Ball|p2a: Jellicent","|-supereffective|p2a: Jellicent","|-damage|p2a: Jellicent|15/404","|move|p2a: Jellicent|Recover|p2a: Jellicent","|-heal|p2a: Jellicent|217/404","|","|-heal|p2a: Jellicent|242/404|[from] item: Leftovers","|turn|7","|","|move|p1a: McBiggleDiggles|Shadow Ball|p2a: Jellicent","|-supereffective|p2a: Jellicent","|-damage|p2a: Jellicent|42/404","|move|p2a: Jellicent|Recover|p2a: Jellicent","|-heal|p2a: Jellicent|244/404","|","|-heal|p2a: Jellicent|269/404|[from] item: Leftovers","|turn|8","|","|move|p1a: McBiggleDiggles|Shadow Ball|p2a: Jellicent","|-supereffective|p2a: Jellicent","|-damage|p2a: Jellicent|53/404","|-start|p1a: McBiggleDiggles|Disable|Shadow Ball","|-unboost|p2a: Jellicent|spd|1","|move|p2a: Jellicent|Recover|p2a: Jellicent","|-heal|p2a: Jellicent|255/404","|","|-heal|p2a: Jellicent|280/404|[from] item: Leftovers","|turn|9","|","|switch|p1a: Kiwi|Gardevoir-Mega, F, shiny|277/277","|move|p2a: Jellicent|Toxic|p1a: Kiwi|[miss]","|-miss|p2a: Jellicent|p1a: Kiwi","|","|-heal|p2a: Jellicent|305/404|[from] item: Leftovers","|turn|10","|","|switch|p2a: Aegislash|Aegislash, F, shiny|234/324","|move|p1a: Kiwi|Calm Mind|p1a: Kiwi","|-boost|p1a: Kiwi|spa|1","|-boost|p1a: Kiwi|spd|1","|","|turn|11","|","|move|p1a: Kiwi|Hyper Voice|p2a: Aegislash","|-resisted|p2a: Aegislash","|-damage|p2a: Aegislash|110/324","|-formechange|p2a: Aegislash|Aegislash-Blade","|move|p2a: Aegislash|Shadow Ball|p1a: Kiwi","|-supereffective|p1a: Kiwi","|-damage|p1a: Kiwi|119/277","|","|turn|12","|","|switch|p1a: McBiggleDiggles|Meloetta|403/403","|move|p2a: Aegislash|Shadow Sneak|p1a: McBiggleDiggles","|-immune|p1a: McBiggleDiggles|[msg]","|","|turn|13","|","|move|p1a: McBiggleDiggles|Shadow Ball|p2a: Aegislash","|-supereffective|p2a: Aegislash","|-damage|p2a: Aegislash|0 fnt","|faint|p2a: Aegislash","|","|","|switch|p2a: Chandelure|Chandelure, F, shiny|261/261","|turn|14","|","|switch|p1a: Soul Train|Latias, F|301/301","|move|p2a: Chandelure|Trick|p1a: Soul Train","|-activate|p2a: Chandelure|move: Trick|[of] p1a: Soul Train","|-item|p1a: Soul Train|Choice Scarf|[from] move: Trick","|-item|p2a: Chandelure|Life Orb|[from] move: Trick","|","|turn|15","|","|move|p1a: Soul Train|Draco Meteor|p2a: Chandelure|[miss]","|-miss|p1a: Soul Train|p2a: Chandelure","|move|p2a: Chandelure|Shadow Ball|p1a: Soul Train","|-supereffective|p1a: Soul Train","|-damage|p1a: Soul Train|0 fnt","|-damage|p2a: Chandelure|235/261|[from] item: Life Orb","|faint|p1a: Soul Train","|","|","|switch|p1a: First Class|Metagross, shiny|363/363","|turn|16","|","|move|p2a: Chandelure|Shadow Ball|p1a: First Class","|-supereffective|p1a: First Class","|-damage|p1a: First Class|51/363","|-damage|p2a: Chandelure|209/261|[from] item: Life Orb","|move|p1a: First Class|Earthquake|p2a: Chandelure","|-supereffective|p2a: Chandelure","|-damage|p2a: Chandelure|0 fnt","|faint|p2a: Chandelure","|","|","|switch|p2a: Gengar|Gengar, M|262/262","|turn|17","|","|switch|p1a: McBiggleDiggles|Meloetta|403/403","|move|p2a: Gengar|Shadow Ball|p1a: McBiggleDiggles","|-immune|p1a: McBiggleDiggles|[msg]","|","|turn|18","|","|switch|p2a: Jellicent|Jellicent, M|305/404","|move|p1a: McBiggleDiggles|Shadow Ball|p2a: Jellicent","|-supereffective|p2a: Jellicent","|-damage|p2a: Jellicent|95/404","|","|-heal|p2a: Jellicent|120/404|[from] item: Leftovers","|turn|19","|","|move|p1a: McBiggleDiggles|Shadow Ball|p2a: Jellicent","|-crit|p2a: Jellicent","|-supereffective|p2a: Jellicent","|-damage|p2a: Jellicent|0 fnt","|faint|p2a: Jellicent","|","|","|switch|p2a: Sableye|Sableye, M|172/304","|turn|20","|","|switch|p1a: Kiwi|Gardevoir-Mega, F, shiny|119/277","|move|p2a: Sableye|Knock Off|p1a: Kiwi","|-damage|p1a: Kiwi|46/277","|","|-heal|p2a: Sableye|191/304|[from] item: Leftovers","|turn|21","|","|switch|p2a: Golurk|Golurk, shiny|320/320","|move|p1a: Kiwi|Hyper Voice|p2a: Golurk","|-damage|p2a: Golurk|38/320","|","|turn|22","|","|switch|p1a: BigPapaLongDong|Slowbro, M|393/393","|move|p2a: Golurk|Dynamic Punch|p1a: BigPapaLongDong","|-resisted|p1a: BigPapaLongDong","|-damage|p1a: BigPapaLongDong|350/393","|-damage|p2a: Golurk|0 fnt|[from] item: Rocky Helmet|[of] p1a: BigPapaLongDong","|faint|p2a: Golurk","|-start|p1a: BigPapaLongDong|confusion","|","|","|switch|p2a: Gengar|Gengar, M|262/262","|turn|23","|","|move|p2a: Gengar|Sludge Wave|p1a: BigPapaLongDong","|-damage|p1a: BigPapaLongDong|46/393","|-activate|p1a: BigPapaLongDong|confusion","|-damage|p1a: BigPapaLongDong|31/393|[from] confusion","|","|turn|24","|","|switch|p1a: First Class|Metagross, shiny|51/363","|move|p2a: Gengar|Sludge Wave|p1a: First Class","|-immune|p1a: First Class|[msg]","|","|turn|25","|","|switch|p2a: Sableye|Sableye, M|191/304","|move|p1a: First Class|Meteor Mash|p2a: Sableye","|-crit|p2a: Sableye","|-damage|p2a: Sableye|0 fnt","|-boost|p1a: First Class|atk|1","|faint|p2a: Sableye","|","|","|switch|p2a: Gengar|Gengar, M|262/262","|turn|26","|","|move|p1a: First Class|Bullet Punch|p2a: Gengar","|-damage|p2a: Gengar|85/262","|move|p2a: Gengar|Thunderbolt|p1a: First Class","|-damage|p1a: First Class|0 fnt","|faint|p1a: First Class","|","|","|switch|p1a: McBiggleDiggles|Meloetta|403/403","|turn|27","|","|move|p2a: Gengar|Thunderbolt|p1a: McBiggleDiggles","|-damage|p1a: McBiggleDiggles|283/403","|move|p1a: McBiggleDiggles|Psyshock|p2a: Gengar","|-supereffective|p2a: Gengar","|-damage|p2a: Gengar|0 fnt","|faint|p2a: Gengar","|","|win|TheMajesticWurmple"],"p1rating":{"entryid":"7119116","serverid":"eos","formatid":"monotype","userid":"themajesticwurmple","username":"TheMajesticWurmple","w":10,"l":"1","t":"0","gxe":72.2,"r":"1515.5968624931","rd":"113.51145330243","sigma":"0","rptime":"1438851600","rpr":1685.0841519484,"rprd":85.154624532386,"rpsigma":"0","acre":1264.7518554141,"lacre":1264.7518554141,"oldacre":"1246.9166904247"},"p2rating":{"entryid":"5724468","serverid":"eos","formatid":"monotype","userid":"infernalxcrown","username":"InfernalxCrown","w":"80","l":75,"t":"0","gxe":53.2,"r":"1524.4634753878","rd":"38.071213008058","sigma":"0","rptime":"1438851600","rpr":1524.5314157583,"rprd":37.677088404672,"rpsigma":"0","acre":1126.6398467273,"lacre":1126.6398467273,"oldacre":"1144.4750117167"},"endType":"normal"}