{"seed":[17568,28092,52062,16182],"turns":24,"p1":"IV DC","p2":"Knight Nya Nyaa~","p1team":[{"name":"Skarmory","species":"Skarmory","item":"rockyhelmet","ability":"Sturdy","moves":["defog","toxic","roost","bravebird"],"nature":"Impish","evs":{"hp":252,"atk":0,"def":232,"spa":0,"spd":0,"spe":24},"ivs":{"hp":31,"atk":31,"def":31,"spa":31,"spd":31,"spe":31}},{"name":"Landorus-Therian","species":"Landorus-Therian","item":"choicescarf","ability":"Intimidate","moves":["earthquake","uturn","superpower","stoneedge"],"nature":"Jolly","evs":{"hp":0,"atk":252,"def":0,"spa":0,"spd":4,"spe":252},"ivs":{"hp":31,"atk":31,"def":31,"spa":31,"spd":31,"spe":31}},{"name":"Togekiss","species":"Togekiss","item":"leftovers","ability":"Serene Grace","moves":["airslash","thunderwave","roost","dazzlinggleam"],"nature":"Calm","evs":{"hp":252,"atk":0,"def":0,"spa":4,"spd":252,"spe":0},"ivs":{"hp":31,"atk":31,"def":31,"spa":31,"spd":31,"spe":31}},{"name":"Thundurus-Therian","species":"Thundurus-Therian","item":"choicescarf","ability":"Volt Absorb","moves":["thunderbolt","hiddenpowerice","focusblast","flashcannon"],"nature":"Timid","evs":{"hp":0,"atk":0,"def":0,"spa":252,"spd":4,"spe":252},"ivs":{"hp":31,"atk":30,"def":30,"spa":31,"spd":31,"spe":31}},{"name":"Gyarados","species":"Gyarados","item":"leftovers","ability":"Moxie","moves":["substitute","dragondance","waterfall","earthquake"],"nature":"Adamant","evs":{"hp":0,"atk":252,"def":0,"spa":0,"spd":4,"spe":252},"ivs":{"hp":31,"atk":31,"def":31,"spa":31,"spd":31,"spe":31}},{"name":"Charizard","species":"Charizard","item":"charizarditex","ability":"Blaze","moves":["roost","flareblitz","dragonclaw","willowisp"],"nature":"Careful","evs":{"hp":248,"atk":8,"def":0,"spa":0,"spd":252,"spe":0},"ivs":{"hp":31,"atk":31,"def":31,"spa":31,"spd":31,"spe":31}}],"p2team":[{"name":"Ampharos","species":"Ampharos","item":"ampharosite","ability":"Static","moves":["toxic","healbell","powergem","dragonpulse"],"nature":"Calm","evs":{"hp":248,"atk":0,"def":0,"spa":8,"spd":252,"spe":0},"gender":"M","shiny":true,"ivs":{"hp":31,"atk":31,"def":31,"spa":31,"spd":31,"spe":31}},{"name":"Rotom-Wash","species":"Rotom-Wash","item":"leftovers","ability":"Levitate","moves":["willowisp","voltswitch","hydropump","painsplit"],"nature":"Bold","evs":{"hp":252,"atk":0,"def":252,"spa":4,"spd":0,"spe":0},"ivs":{"hp":31,"atk":31,"def":31,"spa":31,"spd":31,"spe":31}},{"name":"Raikou","species":"Raikou","item":"choicespecs","ability":"Pressure","moves":["hiddenpowerice","extrasensory","thunderbolt","shadowball"],"nature":"Timid","evs":{"hp":0,"atk":0,"def":0,"spa":252,"spd":4,"spe":252},"ivs":{"hp":31,"atk":30,"def":30,"spa":31,"spd":31,"spe":31},"shiny":true},{"name":"Thundurus","species":"Thundurus","item":"lifeorb","ability":"Prankster","moves":["thunderwave","uturn","grassknot","taunt"],"nature":"Hasty","evs":{"hp":0,"atk":20,"def":0,"spa":252,"spd":4,"spe":232},"ivs":{"hp":31,"atk":31,"def":31,"spa":31,"spd":31,"spe":31}},{"name":"Electivire","species":"Electivire","item":"choicescarf","ability":"Vital Spirit","moves":["voltswitch","earthquake","icepunch","rockslide"],"nature":"Naive","evs":{"hp":0,"atk":252,"def":0,"spa":4,"spd":0,"spe":252},"ivs":{"hp":31,"atk":31,"def":31,"spa":31,"spd":31,"spe":31}},{"name":"Zapdos","species":"Zapdos","item":"leftovers","ability":"Pressure","moves":["heatwave","roost","defog","discharge"],"nature":"Calm","evs":{"hp":252,"atk":0,"def":0,"spa":4,"spd":252,"spe":0},"ivs":{"hp":31,"atk":31,"def":31,"spa":31,"spd":31,"spe":31}}],"log":["|player|p1|IV DC|266","|player|p2|Knight Nya Nyaa~|23","|gametype|singles","|gen|6","|tier|Monotype","|rated","|rule|Baton Pass Clause: Limit one Baton Passer, can't pass Spe and other stats simultaneously","|rule|Swagger Clause: Swagger is banned","|rule|Same Type Clause: Pokémon in a team must share a type","|clearpoke","|poke|p1|Skarmory, M","|poke|p1|Landorus-Therian, M","|poke|p1|Togekiss, M","|poke|p1|Thundurus-Therian, M","|poke|p1|Gyarados, F","|poke|p1|Charizard, M","|poke|p2|Ampharos, M, shiny","|poke|p2|Rotom-Wash","|poke|p2|Raikou, shiny","|poke|p2|Thundurus, M","|poke|p2|Electivire, M","|poke|p2|Zapdos","|rule|Sleep Clause Mod: Limit one foe put to sleep","|rule|Species Clause: Limit one of each Pokémon","|rule|OHKO Clause: OHKO moves are banned","|rule|Moody Clause: Moody is banned","|rule|Evasion Moves Clause: Evasion moves are banned","|rule|Endless Battle Clause: Forcing endless battles is banned","|rule|HP Percentage Mod: HP is shown in percentages","|teampreview","|","|start","|switch|p1a: Landorus-Therian|Landorus-Therian, M|319/319","|switch|p2a: Thundurus|Thundurus, M|299/299","|-ability|p1a: Landorus-Therian|Intimidate","|-unboost|p2a: Thundurus|atk|1","|turn|1","|","|switch|p2a: Rotom-Wash|Rotom-Wash|304/304","|move|p1a: Landorus-Therian|Stone Edge|p2a: Rotom-Wash","|-damage|p2a: Rotom-Wash|213/304","|","|-heal|p2a: Rotom-Wash|232/304|[from] item: Leftovers","|turn|2","|","|switch|p1a: Togekiss|Togekiss, M|374/374","|move|p2a: Rotom-Wash|Will-O-Wisp|p1a: Togekiss","|-status|p1a: Togekiss|brn","|","|-heal|p2a: Rotom-Wash|251/304|[from] item: Leftovers","|-damage|p1a: Togekiss|328/374 brn|[from] brn","|turn|3","|","|move|p2a: Rotom-Wash|Volt Switch|p1a: Togekiss","|-crit|p1a: Togekiss","|-supereffective|p1a: Togekiss","|-damage|p1a: Togekiss|160/374 brn","|","|switch|p2a: Zapdos|Zapdos|384/384","|-ability|p2a: Zapdos|Pressure","|move|p1a: Togekiss|Dazzling Gleam|p2a: Zapdos","|-crit|p2a: Zapdos","|-damage|p2a: Zapdos|248/384","|","|-heal|p2a: Zapdos|272/384|[from] item: Leftovers","|-heal|p1a: Togekiss|183/374 brn|[from] item: Leftovers","|-damage|p1a: Togekiss|137/374 brn|[from] brn","|turn|4","|","|switch|p1a: Landorus-Therian|Landorus-Therian, M|319/319","|-ability|p1a: Landorus-Therian|Intimidate","|-unboost|p2a: Zapdos|atk|1","|move|p2a: Zapdos|Discharge|p1a: Landorus-Therian","|-immune|p1a: Landorus-Therian|[msg]","|","|-heal|p2a: Zapdos|296/384|[from] item: Leftovers","|turn|5","|","|switch|p2a: Rotom-Wash|Rotom-Wash|251/304","|move|p1a: Landorus-Therian|Stone Edge|p2a: Rotom-Wash","|-damage|p2a: Rotom-Wash|162/304","|","|-heal|p2a: Rotom-Wash|181/304|[from] item: Leftovers","|turn|6","|","|switch|p1a: Thundurus-Therian|Thundurus-Therian, M|299/299","|move|p2a: Rotom-Wash|Hydro Pump|p1a: Thundurus-Therian","|-damage|p1a: Thundurus-Therian|142/299","|","|-heal|p2a: Rotom-Wash|200/304|[from] item: Leftovers","|turn|7","|","|move|p1a: Thundurus-Therian|Focus Blast|p2a: Rotom-Wash","|-damage|p2a: Rotom-Wash|65/304","|move|p2a: Rotom-Wash|Hydro Pump|p1a: Thundurus-Therian","|-damage|p1a: Thundurus-Therian|0 fnt","|faint|p1a: Thundurus-Therian","|","|-heal|p2a: Rotom-Wash|84/304|[from] item: Leftovers","|","|switch|p1a: Charizard|Charizard, M|359/359","|turn|8","|","|detailschange|p1a: Charizard|Charizard-Mega-X, M","|-mega|p1a: Charizard|Charizard|Charizardite X","|move|p1a: Charizard|Dragon Claw|p2a: Rotom-Wash","|-damage|p2a: Rotom-Wash|0 fnt","|faint|p2a: Rotom-Wash","|","|","|switch|p2a: Ampharos|Ampharos, M, shiny|383/383","|turn|9","|","|move|p1a: Charizard|Dragon Claw|p2a: Ampharos","|-damage|p2a: Ampharos|217/383","|-status|p1a: Charizard|par","|move|p2a: Ampharos|Dragon Pulse|p1a: Charizard","|-crit|p1a: Charizard","|-supereffective|p1a: Charizard","|-damage|p1a: Charizard|189/359 par","|","|turn|10","|","|detailschange|p2a: Ampharos|Ampharos-Mega, M, shiny","|-mega|p2a: Ampharos|Ampharos|Ampharosite","|-ability|p2a: Ampharos|Mold Breaker","|move|p2a: Ampharos|Dragon Pulse|p1a: Charizard","|-supereffective|p1a: Charizard","|-damage|p1a: Charizard|0 fnt","|faint|p1a: Charizard","|","|","|switch|p1a: Togekiss|Togekiss, M|137/374 brn","|turn|11","|","|move|p1a: Togekiss|Dazzling Gleam|p2a: Ampharos","|-supereffective|p2a: Ampharos","|-damage|p2a: Ampharos|53/383","|move|p2a: Ampharos|Power Gem|p1a: Togekiss","|-supereffective|p1a: Togekiss","|-damage|p1a: Togekiss|5/374 brn","|","|-heal|p1a: Togekiss|28/374 brn|[from] item: Leftovers","|-damage|p1a: Togekiss|0 fnt|[from] brn","|faint|p1a: Togekiss","|","|switch|p1a: Gyarados|Gyarados, F|331/331","|turn|12","|","|move|p1a: Gyarados|Earthquake|p2a: Ampharos","|-crit|p2a: Ampharos","|-supereffective|p2a: Ampharos","|-damage|p2a: Ampharos|0 fnt","|faint|p2a: Ampharos","|-boost|p1a: Gyarados|atk|1|[from] ability: Moxie","|","|","|switch|p2a: Raikou|Raikou, shiny|321/321","|-ability|p2a: Raikou|Pressure","|turn|13","|","|switch|p1a: Landorus-Therian|Landorus-Therian, M|319/319","|-ability|p1a: Landorus-Therian|Intimidate","|-unboost|p2a: Raikou|atk|1","|move|p2a: Raikou|Thunderbolt|p1a: Landorus-Therian","|-immune|p1a: Landorus-Therian|[msg]","|","|turn|14","|","|switch|p2a: Thundurus|Thundurus, M|299/299","|move|p1a: Landorus-Therian|Stone Edge|p2a: Thundurus","|-supereffective|p2a: Thundurus","|-damage|p2a: Thundurus|0 fnt","|faint|p2a: Thundurus","|","|","|switch|p2a: Raikou|Raikou, shiny|321/321","|-ability|p2a: Raikou|Pressure","|turn|15","|","|switch|p1a: Gyarados|Gyarados, F|331/331","|move|p2a: Raikou|Hidden Power|p1a: Gyarados","|-damage|p1a: Gyarados|230/331","|","|-heal|p1a: Gyarados|250/331|[from] item: Leftovers","|turn|16","|","|switch|p2a: Zapdos|Zapdos|296/384","|-ability|p2a: Zapdos|Pressure","|move|p1a: Gyarados|Dragon Dance|p1a: Gyarados","|-boost|p1a: Gyarados|atk|1","|-boost|p1a: Gyarados|spe|1","|","|-heal|p1a: Gyarados|270/331|[from] item: Leftovers","|-heal|p2a: Zapdos|320/384|[from] item: Leftovers","|turn|17","|","|move|p1a: Gyarados|Waterfall|p2a: Zapdos","|-damage|p2a: Zapdos|74/384","|cant|p2a: Zapdos|flinch","|","|-heal|p1a: Gyarados|290/331|[from] item: Leftovers","|-heal|p2a: Zapdos|98/384|[from] item: Leftovers","|turn|18","|","|move|p1a: Gyarados|Waterfall|p2a: Zapdos","|-damage|p2a: Zapdos|0 fnt","|faint|p2a: Zapdos","|-boost|p1a: Gyarados|atk|1|[from] ability: Moxie","|","|-heal|p1a: Gyarados|310/331|[from] item: Leftovers","|","|switch|p2a: Electivire|Electivire, M|291/291","|turn|19","|","|move|p2a: Electivire|Volt Switch|p1a: Gyarados","|-supereffective|p1a: Gyarados","|-damage|p1a: Gyarados|0 fnt","|faint|p1a: Gyarados","|","|switch|p2a: Raikou|Raikou, shiny|321/321","|-ability|p2a: Raikou|Pressure","|","|","|switch|p1a: Landorus-Therian|Landorus-Therian, M|319/319","|-ability|p1a: Landorus-Therian|Intimidate","|-unboost|p2a: Raikou|atk|1","|turn|20","|","|move|p1a: Landorus-Therian|Earthquake|p2a: Raikou","|-supereffective|p2a: Raikou","|-damage|p2a: Raikou|0 fnt","|faint|p2a: Raikou","|","|","|switch|p2a: Electivire|Electivire, M|291/291","|turn|21","|","|move|p2a: Electivire|Ice Punch|p1a: Landorus-Therian","|-supereffective|p1a: Landorus-Therian","|-damage|p1a: Landorus-Therian|0 fnt","|faint|p1a: Landorus-Therian","|","|","|switch|p1a: Skarmory|Skarmory, M|334/334","|turn|22","|","|move|p2a: Electivire|Ice Punch|p1a: Skarmory","|-damage|p1a: Skarmory|282/334","|-damage|p2a: Electivire|243/291|[from] item: Rocky Helmet|[of] p1a: Skarmory","|move|p1a: Skarmory|Toxic|p2a: Electivire","|-status|p2a: Electivire|tox","|","|-damage|p2a: Electivire|225/291 tox|[from] psn","|turn|23","|","|move|p2a: Electivire|Ice Punch|p1a: Skarmory","|-damage|p1a: Skarmory|233/334","|-damage|p2a: Electivire|177/291 tox|[from] item: Rocky Helmet|[of] p1a: Skarmory","|move|p1a: Skarmory|Brave Bird|p2a: Electivire","|-crit|p2a: Electivire","|-resisted|p2a: Electivire","|-damage|p2a: Electivire|65/291 tox","|-damage|p1a: Skarmory|196/334|[from] recoil|[of] p2a: Electivire","|","|-damage|p2a: Electivire|29/291 tox|[from] psn","|turn|24","|","|move|p2a: Electivire|Ice Punch|p1a: Skarmory","|-damage|p1a: Skarmory|147/334","|-damage|p2a: Electivire|0 fnt|[from] item: Rocky Helmet|[of] p1a: Skarmory","|faint|p2a: Electivire","|","|win|IV DC"],"p1rating":{"entryid":7444395,"formatid":"monotype","userid":"ivdc","username":"IV DC","r":1500,"rd":130,"sigma":0,"rpr":1540.1606143388,"rprd":122.8583080769,"rpsigma":0,"rptime":1438851600,"w":1,"l":0,"t":0,"gxe":55,"acre":1040,"lacre":1040,"oldacre":1000},"p2rating":{"entryid":7444396,"formatid":"monotype","userid":"knightnyanyaa","username":"Knight Nya Nyaa~","r":1500,"rd":130,"sigma":0,"rpr":1459.8393856612,"rprd":122.8583080769,"rpsigma":0,"rptime":1438851600,"w":0,"l":1,"t":0,"gxe":45,"acre":1000,"lacre":1000,"oldacre":1000},"endType":"normal"}