{"seed":[46921,59565,22439,51239],"turns":24,"p1":"Dusk Hoot","p2":"GLReshiram","p1team":[{"name":"Shuckle","species":"Shuckle","item":"chestoberry","ability":"Sturdy","moves":["stickyweb","stealthrock","toxic","encore"],"nature":"Calm","evs":{"hp":252,"atk":0,"def":4,"spa":0,"spd":252,"spe":0},"ivs":{"hp":31,"atk":31,"def":31,"spa":31,"spd":31,"spe":31}},{"name":"Diancie","species":"Diancie","item":"diancite","ability":"Clear Body","moves":["moonblast","diamondstorm","earthpower","protect"],"nature":"Hasty","evs":{"hp":0,"atk":4,"def":0,"spa":252,"spd":0,"spe":252},"ivs":{"hp":31,"atk":31,"def":31,"spa":31,"spd":31,"spe":31}},{"name":"Golem","species":"Golem","item":"weaknesspolicy","ability":"Sturdy","moves":["rockblast","earthquake","suckerpunch","firepunch"],"nature":"Adamant","evs":{"hp":0,"atk":252,"def":0,"spa":0,"spd":4,"spe":252},"ivs":{"hp":31,"atk":31,"def":31,"spa":31,"spd":31,"spe":31}},{"name":"Magcargo","species":"Magcargo","item":"leftovers","ability":"Flame Body","moves":["flamethrower","memento","ancientpower","substitute"],"nature":"Bold","evs":{"hp":248,"atk":0,"def":252,"spa":8,"spd":0,"spe":0},"ivs":{"hp":31,"atk":31,"def":31,"spa":31,"spd":31,"spe":31}},{"name":"Aerodactyl","species":"Aerodactyl","item":"choiceband","ability":"Pressure","moves":["aerialace","stoneedge","earthquake","crunch"],"nature":"Jolly","evs":{"hp":0,"atk":252,"def":0,"spa":0,"spd":4,"spe":252},"ivs":{"hp":31,"atk":31,"def":31,"spa":31,"spd":31,"spe":31}},{"name":"Relicanth","species":"Relicanth","item":"choiceband","ability":"Rock Head","moves":["headsmash","waterfall","earthquake","zenheadbutt"],"nature":"Adamant","evs":{"hp":248,"atk":252,"def":0,"spa":0,"spd":8,"spe":0},"ivs":{"hp":31,"atk":31,"def":31,"spa":31,"spd":31,"spe":31}}],"p2team":[{"name":"Heatran","species":"Heatran","item":"leftovers","ability":"Flash Fire","moves":["lavaplume","toxic","taunt","stealthrock"],"nature":"Calm","evs":{"hp":248,"atk":0,"def":0,"spa":0,"spd":192,"spe":68},"ivs":{"hp":31,"atk":31,"def":31,"spa":31,"spd":31,"spe":31}},{"name":"Torkoal","species":"Torkoal","item":"leftovers","ability":"Shell Armor","moves":["protect","lavaplume","toxic","rapidspin"],"nature":"Bold","evs":{"hp":252,"atk":0,"def":252,"spa":0,"spd":4,"spe":0},"ivs":{"hp":31,"atk":31,"def":31,"spa":31,"spd":31,"spe":31}},{"name":"Rotom-Heat","species":"Rotom-Heat","item":"choicespecs","ability":"Levitate","moves":["voltswitch","overheat","hiddenpowerice","trick"],"nature":"Timid","evs":{"hp":0,"atk":0,"def":0,"spa":252,"spd":4,"spe":252},"ivs":{"hp":31,"atk":30,"def":30,"spa":31,"spd":31,"spe":31}},{"name":"Ninetales","species":"Ninetales","item":"focussash","ability":"Drought","moves":["flamethrower","solarbeam","roar","nastyplot"],"nature":"","evs":{"hp":72,"atk":252,"def":0,"spa":0,"spd":0,"spe":184},"ivs":{"hp":31,"atk":31,"def":31,"spa":31,"spd":31,"spe":31}},{"name":"Infernape","species":"Infernape","item":"choicescarf","ability":"Iron Fist","moves":["firepunch","machpunch","thunderpunch","uturn"],"nature":"Jolly","evs":{"hp":0,"atk":252,"def":0,"spa":0,"spd":4,"spe":252},"ivs":{"hp":31,"atk":31,"def":31,"spa":31,"spd":31,"spe":31}},{"name":"Charizard","species":"Charizard","item":"charizarditex","ability":"Blaze","moves":["dragondance","flareblitz","dragonclaw","earthquake"],"nature":"Jolly","evs":{"hp":72,"atk":252,"def":0,"spa":0,"spd":0,"spe":184},"ivs":{"hp":31,"atk":31,"def":31,"spa":31,"spd":31,"spe":31}}],"log":["|player|p1|Dusk Hoot|266","|player|p2|GLReshiram|68","|gametype|singles","|gen|6","|tier|Monotype","|rated","|rule|Baton Pass Clause: Limit one Baton Passer, can't pass Spe and other stats simultaneously","|rule|Swagger Clause: Swagger is banned","|rule|Same Type Clause: Pokémon in a team must share a type","|clearpoke","|poke|p1|Shuckle, F","|poke|p1|Diancie","|poke|p1|Golem, M","|poke|p1|Magcargo, M","|poke|p1|Aerodactyl, M","|poke|p1|Relicanth, M","|poke|p2|Heatran, M","|poke|p2|Torkoal, M","|poke|p2|Rotom-Heat","|poke|p2|Ninetales, F","|poke|p2|Infernape, F","|poke|p2|Charizard, M","|rule|Sleep Clause Mod: Limit one foe put to sleep","|rule|Species Clause: Limit one of each Pokémon","|rule|OHKO Clause: OHKO moves are banned","|rule|Moody Clause: Moody is banned","|rule|Evasion Moves Clause: Evasion moves are banned","|rule|Endless Battle Clause: Forcing endless battles is banned","|rule|HP Percentage Mod: HP is shown in percentages","|teampreview","|","|start","|switch|p1a: Magcargo|Magcargo, M|303/303","|switch|p2a: Torkoal|Torkoal, M|344/344","|turn|1","|","|move|p1a: Magcargo|Ancient Power|p2a: Torkoal","|-supereffective|p2a: Torkoal","|-damage|p2a: Torkoal|186/344","|move|p2a: Torkoal|Toxic|p1a: Magcargo","|-status|p1a: Magcargo|tox","|","|-heal|p2a: Torkoal|207/344|[from] item: Leftovers","|-damage|p1a: Magcargo|285/303 tox|[from] psn","|turn|2","|","|move|p2a: Torkoal|Protect|p2a: Torkoal","|-singleturn|p2a: Torkoal|Protect","|move|p1a: Magcargo|Ancient Power|p2a: Torkoal","|-activate|p2a: Torkoal|Protect","|","|-heal|p1a: Magcargo|303/303 tox|[from] item: Leftovers","|-heal|p2a: Torkoal|228/344|[from] item: Leftovers","|-damage|p1a: Magcargo|267/303 tox|[from] psn","|turn|3","|","|switch|p2a: Heatran|Heatran, M|385/385","|move|p1a: Magcargo|Ancient Power|p2a: Heatran","|-damage|p2a: Heatran|339/385","|","|-heal|p2a: Heatran|363/385|[from] item: Leftovers","|-heal|p1a: Magcargo|285/303 tox|[from] item: Leftovers","|-damage|p1a: Magcargo|231/303 tox|[from] psn","|turn|4","|","|switch|p1a: Shuckle|Shuckle, F|244/244","|move|p2a: Heatran|Lava Plume|p1a: Shuckle","|-damage|p1a: Shuckle|196/244","|","|-heal|p2a: Heatran|385/385|[from] item: Leftovers","|turn|5","|","|move|p2a: Heatran|Toxic|p1a: Shuckle|[miss]","|-miss|p2a: Heatran|p1a: Shuckle","|move|p1a: Shuckle|Sticky Web|p2a: Heatran","|-sidestart|p2: GLReshiram|move: Sticky Web","|","|turn|6","|","|move|p2a: Heatran|Lava Plume|p1a: Shuckle","|-damage|p1a: Shuckle|150/244","|move|p1a: Shuckle|Stealth Rock|p2a: Heatran","|-sidestart|p2: GLReshiram|move: Stealth Rock","|","|turn|7","|","|switch|p2a: Torkoal|Torkoal, M|228/344","|-activate|p2a: Torkoal|move: Sticky Web","|-unboost|p2a: Torkoal|spe|1","|-damage|p2a: Torkoal|142/344|[from] Stealth Rock","|move|p1a: Shuckle|Encore|p2a: Torkoal","|-fail|p2a: Torkoal","|","|-heal|p2a: Torkoal|163/344|[from] item: Leftovers","|turn|8","|","|switch|p1a: Relicanth|Relicanth, M|403/403","|move|p2a: Torkoal|Rapid Spin|p1a: Relicanth","|-resisted|p1a: Relicanth","|-damage|p1a: Relicanth|398/403","|-sideend|p2: GLReshiram|Stealth Rock|[from] move: Rapid Spin|[of] p2a: Torkoal","|-sideend|p2: GLReshiram|Sticky Web|[from] move: Rapid Spin|[of] p2a: Torkoal","|","|-heal|p2a: Torkoal|184/344|[from] item: Leftovers","|turn|9","|","|move|p2a: Torkoal|Protect|p2a: Torkoal","|-singleturn|p2a: Torkoal|Protect","|move|p1a: Relicanth|Waterfall|p2a: Torkoal","|-activate|p2a: Torkoal|Protect","|","|-heal|p2a: Torkoal|205/344|[from] item: Leftovers","|turn|10","|","|move|p1a: Relicanth|Waterfall|p2a: Torkoal","|-supereffective|p2a: Torkoal","|-damage|p2a: Torkoal|7/344","|move|p2a: Torkoal|Toxic|p1a: Relicanth","|-status|p1a: Relicanth|tox","|","|-heal|p2a: Torkoal|28/344|[from] item: Leftovers","|-damage|p1a: Relicanth|373/403 tox|[from] psn","|turn|11","|","|move|p2a: Torkoal|Protect|p2a: Torkoal","|-singleturn|p2a: Torkoal|Protect","|move|p1a: Relicanth|Waterfall|p2a: Torkoal","|-activate|p2a: Torkoal|Protect","|","|-heal|p2a: Torkoal|49/344|[from] item: Leftovers","|-damage|p1a: Relicanth|323/403 tox|[from] psn","|turn|12","|","|move|p1a: Relicanth|Waterfall|p2a: Torkoal","|-supereffective|p2a: Torkoal","|-damage|p2a: Torkoal|0 fnt","|faint|p2a: Torkoal","|","|-damage|p1a: Relicanth|248/403 tox|[from] psn","|","|switch|p2a: Infernape|Infernape, F|293/293","|turn|13","|","|move|p2a: Infernape|Mach Punch|p1a: Relicanth","|-crit|p1a: Relicanth","|-supereffective|p1a: Relicanth","|-damage|p1a: Relicanth|80/403 tox","|move|p1a: Relicanth|Waterfall|p2a: Infernape","|-supereffective|p2a: Infernape","|-damage|p2a: Infernape|0 fnt","|faint|p2a: Infernape","|","|-damage|p1a: Relicanth|0 fnt|[from] psn","|faint|p1a: Relicanth","|","|switch|p2a: Ninetales|Ninetales, F|305/305","|switch|p1a: Magcargo|Magcargo, M|231/303 tox","|-weather|SunnyDay","|turn|14","|","|switch|p2a: Heatran|Heatran, M|385/385","|move|p1a: Magcargo|Ancient Power|p2a: Heatran","|-damage|p2a: Heatran|343/385","|","|-weather|SunnyDay|[upkeep]","|-heal|p2a: Heatran|367/385|[from] item: Leftovers","|-heal|p1a: Magcargo|249/303 tox|[from] item: Leftovers","|-damage|p1a: Magcargo|231/303 tox|[from] psn","|turn|15","|","|move|p2a: Heatran|Stealth Rock|p1a: Magcargo","|-sidestart|p1: Dusk Hoot|move: Stealth Rock","|move|p1a: Magcargo|Memento|p2a: Heatran","|-unboost|p2a: Heatran|atk|2","|-unboost|p2a: Heatran|spa|2","|faint|p1a: Magcargo","|","|-weather|SunnyDay|[upkeep]","|-heal|p2a: Heatran|385/385|[from] item: Leftovers","|","|switch|p1a: Golem|Golem, M|301/301","|-damage|p1a: Golem|283/301|[from] Stealth Rock","|turn|16","|","|switch|p2a: Rotom-Heat|Rotom-Heat|241/241","|move|p1a: Golem|Rock Blast|p2a: Rotom-Heat","|-supereffective|p2a: Rotom-Heat","|-damage|p2a: Rotom-Heat|145/241","|-supereffective|p2a: Rotom-Heat","|-damage|p2a: Rotom-Heat|53/241","|-supereffective|p2a: Rotom-Heat","|-damage|p2a: Rotom-Heat|0 fnt","|-hitcount|p2a: Rotom-Heat|3","|faint|p2a: Rotom-Heat","|","|-weather|SunnyDay|[upkeep]","|","|switch|p2a: Heatran|Heatran, M|385/385","|turn|17","|","|move|p2a: Heatran|Toxic|p1a: Golem","|-status|p1a: Golem|tox","|move|p1a: Golem|Earthquake|p2a: Heatran","|-supereffective|p2a: Heatran","|-damage|p2a: Heatran|0 fnt","|faint|p2a: Heatran","|","|-weather|SunnyDay|[upkeep]","|-damage|p1a: Golem|265/301 tox|[from] psn","|","|switch|p2a: Ninetales|Ninetales, F|305/305","|turn|18","|","|move|p2a: Ninetales|Solar Beam|p1a: Golem|[still]","|-prepare|p2a: Ninetales|Solar Beam|p1a: Golem","|-anim|p2a: Ninetales|Solar Beam|p1a: Golem","|-crit|p1a: Golem","|-supereffective|p1a: Golem","|-damage|p1a: Golem|0 fnt","|faint|p1a: Golem","|","|-weather|none","|","|switch|p1a: Aerodactyl|Aerodactyl, M|301/301","|-damage|p1a: Aerodactyl|226/301|[from] Stealth Rock","|-ability|p1a: Aerodactyl|Pressure","|turn|19","|","|move|p1a: Aerodactyl|Stone Edge|p2a: Ninetales","|-supereffective|p2a: Ninetales","|-enditem|p2a: Ninetales|Focus Sash","|-damage|p2a: Ninetales|1/305","|move|p2a: Ninetales|Roar|p1a: Aerodactyl","|drag|p1a: Shuckle|Shuckle, F|150/244","|-damage|p1a: Shuckle|89/244|[from] Stealth Rock","|","|turn|20","|","|switch|p2a: Charizard|Charizard, M|315/315","|move|p1a: Shuckle|Stealth Rock|p2a: Charizard","|-sidestart|p2: GLReshiram|move: Stealth Rock","|","|turn|21","|","|detailschange|p2a: Charizard|Charizard-Mega-X, M","|-mega|p2a: Charizard|Charizard|Charizardite X","|move|p2a: Charizard|Dragon Dance|p2a: Charizard","|-boost|p2a: Charizard|atk|1","|-boost|p2a: Charizard|spe|1","|move|p1a: Shuckle|Encore|p2a: Charizard","|-start|p2a: Charizard|Encore","|","|turn|22","|","|switch|p1a: Aerodactyl|Aerodactyl, M|226/301","|-damage|p1a: Aerodactyl|151/301|[from] Stealth Rock","|-ability|p1a: Aerodactyl|Pressure","|move|p2a: Charizard|Dragon Dance|p2a: Charizard","|-boost|p2a: Charizard|atk|1","|-boost|p2a: Charizard|spe|1","|","|turn|23","|","|move|p2a: Charizard|Dragon Dance|p2a: Charizard","|-boost|p2a: Charizard|atk|1","|-boost|p2a: Charizard|spe|1","|move|p1a: Aerodactyl|Earthquake|p2a: Charizard","|-supereffective|p2a: Charizard","|-damage|p2a: Charizard|31/315","|","|turn|24","|","|move|p2a: Charizard|Dragon Dance|p2a: Charizard","|-boost|p2a: Charizard|atk|1","|-boost|p2a: Charizard|spe|1","|move|p1a: Aerodactyl|Earthquake|p2a: Charizard","|-supereffective|p2a: Charizard","|-damage|p2a: Charizard|0 fnt","|faint|p2a: Charizard","|","|","|switch|p2a: Ninetales|Ninetales, F|1/305","|-damage|p2a: Ninetales|0 fnt|[from] Stealth Rock","|faint|p2a: Ninetales","|","|win|Dusk Hoot"],"p1rating":{"entryid":"6278074","serverid":"eos","formatid":"monotype","userid":"duskhoot","username":"Dusk Hoot","w":41,"l":"29","t":"0","gxe":56.3,"r":"1554.6661899272","rd":"54.431275426109","sigma":"0","rptime":"1438765200","rpr":1548.2533781512,"rprd":50.824090409475,"rpsigma":"0","acre":1183.098928228,"lacre":1183.098928228,"oldacre":"1161.3574295721"},"p2rating":{"entryid":"6886801","serverid":"eos","formatid":"monotype","userid":"glreshiram","username":"GL♅Reshiram","w":"14","l":13,"t":"0","gxe":49.1,"r":"1503.3534690661","rd":"65.063491062795","sigma":"0","rptime":"1438765200","rpr":1493.4135407139,"rprd":64.00521478485,"rpsigma":"0","acre":1094.0720713779,"lacre":1094.0720713779,"oldacre":"1115.8135700338"},"endType":"normal"}