{"seed":[56684,58614,14578,61833],"turns":25,"p1":"Inferno 용의ACE사용자","p2":"Carnie Marx","p1team":[{"name":"ラティオス","species":"latios","item":"choicescarf","ability":"Levitate","moves":["hiddenpowerfire","dragonpulse","psyshock","icebeam"],"nature":"Timid","evs":{"hp":0,"atk":0,"def":4,"spa":252,"spd":0,"spe":252},"ivs":{"hp":31,"atk":30,"def":31,"spa":30,"spd":31,"spe":30}},{"name":"キュレム","species":"kyuremblack","item":"lifeorb","ability":"Teravolt","moves":["icebeam","outrage","fusionbolt","ironhead"],"nature":"Naive","evs":{"hp":0,"atk":100,"def":0,"spa":180,"spd":0,"spe":228},"shiny":true,"ivs":{"hp":31,"atk":31,"def":31,"spa":31,"spd":31,"spe":31}},{"name":"ボーマンダ","species":"salamence","item":"choicescarf","ability":"Moxie","moves":["outrage","aerialace","steelwing","earthquake"],"nature":"Jolly","evs":{"hp":0,"atk":252,"def":4,"spa":0,"spd":0,"spe":252},"ivs":{"hp":31,"atk":31,"def":31,"spa":31,"spd":31,"spe":31}},{"name":"サザンドラ","species":"hydreigon","item":"lifeorb","ability":"Levitate","moves":["darkpulse","flamethrower","dracometeor","flashcannon"],"nature":"Timid","evs":{"hp":4,"atk":0,"def":0,"spa":252,"spd":0,"spe":252},"shiny":true,"ivs":{"hp":31,"atk":31,"def":31,"spa":31,"spd":31,"spe":31}},{"name":"ガブリアス","species":"garchomp","item":"rockyhelmet","ability":"Rough Skin","moves":["stealthrock","earthquake","dragontail","endure"],"nature":"Impish","evs":{"hp":252,"atk":0,"def":232,"spa":0,"spd":24,"spe":0},"ivs":{"hp":31,"atk":31,"def":31,"spa":31,"spd":31,"spe":31}},{"name":"Latias","species":"Latias","item":"latiasite","ability":"Levitate","moves":["calmmind","recover","psyshock","dragonbreath"],"nature":"Bold","evs":{"hp":252,"atk":0,"def":224,"spa":0,"spd":0,"spe":32},"ivs":{"hp":31,"atk":30,"def":31,"spa":30,"spd":31,"spe":30}}],"p2team":[{"name":"Sharpedo","species":"Sharpedo","item":"focussash","ability":"Speed Boost","moves":["crunch","waterfall","earthquake","destinybond"],"nature":"Adamant","evs":{"hp":0,"atk":252,"def":0,"spa":0,"spd":4,"spe":252},"ivs":{"hp":31,"atk":31,"def":31,"spa":31,"spd":31,"spe":31}},{"name":"Clawitzer","species":"Clawitzer","item":"choicescarf","ability":"Mega Launcher","moves":["dragonpulse","darkpulse","waterpulse","icebeam"],"nature":"Timid","evs":{"hp":0,"atk":0,"def":0,"spa":252,"spd":4,"spe":252},"ivs":{"hp":31,"atk":31,"def":31,"spa":31,"spd":31,"spe":31}},{"name":"Ludicolo","species":"Ludicolo","item":"leftovers","ability":"Swift Swim","moves":["gigadrain","icebeam","surf","energyball"],"nature":"Modest","evs":{"hp":0,"atk":0,"def":0,"spa":252,"spd":4,"spe":252},"ivs":{"hp":31,"atk":31,"def":31,"spa":31,"spd":31,"spe":31}},{"name":"Quagsire","species":"Quagsire","item":"leftovers","ability":"Unaware","moves":["protect","icepunch","waterfall","toxic"],"nature":"Impish","evs":{"hp":252,"atk":4,"def":252,"spa":0,"spd":0,"spe":0},"ivs":{"hp":31,"atk":31,"def":31,"spa":31,"spd":31,"spe":31}},{"name":"Rotom-Wash","species":"Rotom-Wash","item":"leftovers","ability":"Levitate","moves":["discharge","thunderwave","charge","painsplit"],"nature":"Calm","evs":{"hp":252,"atk":0,"def":0,"spa":4,"spd":252,"spe":0},"ivs":{"hp":31,"atk":31,"def":31,"spa":31,"spd":31,"spe":31}},{"name":"Politoed","species":"Politoed","item":"leftovers","ability":"Drizzle","moves":["scald","icebeam","psychic","toxic"],"nature":"Bold","evs":{"hp":252,"atk":0,"def":252,"spa":4,"spd":0,"spe":0},"ivs":{"hp":31,"atk":31,"def":31,"spa":31,"spd":31,"spe":31}}],"log":["|player|p1|Inferno 용의ACE사용자|alliancewutang.png","|player|p2|Carnie Marx|238","|gametype|singles","|gen|6","|tier|Monotype","|rated","|rule|Baton Pass Clause: Limit one Baton Passer, can't pass Spe and other stats simultaneously","|rule|Swagger Clause: Swagger is banned","|rule|Same Type Clause: Pokémon in a team must share a type","|clearpoke","|poke|p1|Latios, M","|poke|p1|Kyurem-Black, shiny","|poke|p1|Salamence, F","|poke|p1|Hydreigon, M, shiny","|poke|p1|Garchomp, F","|poke|p1|Latias, F","|poke|p2|Sharpedo, M","|poke|p2|Clawitzer, F","|poke|p2|Ludicolo, M","|poke|p2|Quagsire, F","|poke|p2|Rotom-Wash","|poke|p2|Politoed, M","|rule|Sleep Clause Mod: Limit one foe put to sleep","|rule|Species Clause: Limit one of each Pokémon","|rule|OHKO Clause: OHKO moves are banned","|rule|Moody Clause: Moody is banned","|rule|Evasion Moves Clause: Evasion moves are banned","|rule|Endless Battle Clause: Forcing endless battles is banned","|rule|HP Percentage Mod: HP is shown in percentages","|teampreview","|","|start","|switch|p1a: キュレム|Kyurem-Black, shiny|391/391","|switch|p2a: Sharpedo|Sharpedo, M|281/281","|-ability|p1a: キュレム|Teravolt","|turn|1","|","|move|p1a: キュレム|Fusion Bolt|p2a: Sharpedo","|-supereffective|p2a: Sharpedo","|-enditem|p2a: Sharpedo|Focus Sash","|-damage|p2a: Sharpedo|1/281","|-damage|p1a: キュレム|352/391|[from] item: Life Orb","|move|p2a: Sharpedo|Destiny Bond|p2a: Sharpedo","|-singlemove|p2a: Sharpedo|Destiny Bond","|","|-boost|p2a: Sharpedo|spe|1|[from] ability: Speed Boost","|turn|2","|","|switch|p1a: ガブリアス|Garchomp, F|420/420","|move|p2a: Sharpedo|Crunch|p1a: ガブリアス","|-damage|p1a: ガブリアス|299/420","|-damage|p2a: Sharpedo|0 fnt|[from] ability: Rough Skin|[of] p1a: ガブリアス","|faint|p2a: Sharpedo","|","|","|switch|p2a: Clawitzer|Clawitzer, F|283/283","|turn|3","|","|move|p2a: Clawitzer|Ice Beam|p1a: ガブリアス","|-supereffective|p1a: ガブリアス","|-damage|p1a: ガブリアス|0 fnt","|faint|p1a: ガブリアス","|","|","|switch|p1a: キュレム|Kyurem-Black, shiny|352/391","|-ability|p1a: キュレム|Teravolt","|turn|4","|","|switch|p2a: Quagsire|Quagsire, F|394/394","|move|p1a: キュレム|Fusion Bolt|p2a: Quagsire","|-immune|p2a: Quagsire|[msg]","|","|turn|5","|","|move|p1a: キュレム|Ice Beam|p2a: Quagsire","|-damage|p2a: Quagsire|112/394","|-damage|p1a: キュレム|313/391|[from] item: Life Orb","|move|p2a: Quagsire|Toxic|p1a: キュレム","|-status|p1a: キュレム|tox","|","|-heal|p2a: Quagsire|136/394|[from] item: Leftovers","|-damage|p1a: キュレム|289/391 tox|[from] psn","|turn|6","|","|move|p2a: Quagsire|Protect|p2a: Quagsire","|-singleturn|p2a: Quagsire|Protect","|move|p1a: キュレム|Ice Beam|p2a: Quagsire","|-activate|p2a: Quagsire|Protect","|","|-heal|p2a: Quagsire|160/394|[from] item: Leftovers","|-damage|p1a: キュレム|241/391 tox|[from] psn","|turn|7","|","|switch|p2a: Politoed|Politoed, M|384/384","|-weather|RainDance","|move|p1a: キュレム|Outrage|p2a: Politoed","|-damage|p2a: Politoed|115/384","|-damage|p1a: キュレム|202/391 tox|[from] item: Life Orb","|","|-weather|RainDance|[upkeep]","|-heal|p2a: Politoed|139/384|[from] item: Leftovers","|-damage|p1a: キュレム|130/391 tox|[from] psn","|turn|8","|","|switch|p2a: Quagsire|Quagsire, F|160/394","|move|p1a: キュレム|Outrage|p2a: Quagsire|[from]lockedmove","|-damage|p2a: Quagsire|0 fnt","|-damage|p1a: キュレム|91/391 tox|[from] item: Life Orb","|-start|p1a: キュレム|confusion|[fatigue]","|faint|p2a: Quagsire","|","|-weather|RainDance|[upkeep]","|-damage|p1a: キュレム|0 fnt|[from] psn","|faint|p1a: キュレム","|","|switch|p1a: サザンドラ|Hydreigon, M, shiny|326/326","|switch|p2a: Ludicolo|Ludicolo, M|301/301","|turn|9","|","|move|p2a: Ludicolo|Ice Beam|p1a: サザンドラ","|-supereffective|p1a: サザンドラ","|-damage|p1a: サザンドラ|128/326","|-status|p1a: サザンドラ|frz","|cant|p1a: サザンドラ|frz","|","|-weather|RainDance|[upkeep]","|turn|10","|","|move|p2a: Ludicolo|Ice Beam|p1a: サザンドラ","|-supereffective|p1a: サザンドラ","|-damage|p1a: サザンドラ|0 fnt","|faint|p1a: サザンドラ","|","|-weather|RainDance|[upkeep]","|","|switch|p1a: ラティオス|Latios, M|301/301","|turn|11","|","|move|p1a: ラティオス|Psyshock|p2a: Ludicolo","|-damage|p2a: Ludicolo|109/301","|move|p2a: Ludicolo|Ice Beam|p1a: ラティオス","|-supereffective|p1a: ラティオス","|-damage|p1a: ラティオス|141/301","|-status|p1a: ラティオス|frz","|","|-weather|none","|-heal|p2a: Ludicolo|127/301|[from] item: Leftovers","|turn|12","|","|cant|p1a: ラティオス|frz","|move|p2a: Ludicolo|Ice Beam|p1a: ラティオス","|-crit|p1a: ラティオス","|-supereffective|p1a: ラティオス","|-damage|p1a: ラティオス|0 fnt","|faint|p1a: ラティオス","|","|-heal|p2a: Ludicolo|145/301|[from] item: Leftovers","|","|switch|p1a: Latias|Latias, F|364/364","|turn|13","|","|switch|p2a: Politoed|Politoed, M|139/384","|-weather|RainDance","|detailschange|p1a: Latias|Latias-Mega, F","|-mega|p1a: Latias|Latias|Latiasite","|move|p1a: Latias|Calm Mind|p1a: Latias","|-boost|p1a: Latias|spa|1","|-boost|p1a: Latias|spd|1","|","|-weather|RainDance|[upkeep]","|-heal|p2a: Politoed|163/384|[from] item: Leftovers","|turn|14","|","|move|p1a: Latias|Psyshock|p2a: Politoed","|-damage|p2a: Politoed|0 fnt","|faint|p2a: Politoed","|","|-weather|RainDance|[upkeep]","|","|switch|p2a: Ludicolo|Ludicolo, M|145/301","|turn|15","|","|move|p2a: Ludicolo|Ice Beam|p1a: Latias","|-supereffective|p1a: Latias","|-damage|p1a: Latias|282/364","|move|p1a: Latias|Psyshock|p2a: Ludicolo","|-crit|p2a: Ludicolo","|-damage|p2a: Ludicolo|0 fnt","|faint|p2a: Ludicolo","|","|-weather|RainDance|[upkeep]","|","|switch|p2a: Clawitzer|Clawitzer, F|283/283","|turn|16","|","|move|p2a: Clawitzer|Dragon Pulse|p1a: Latias","|-supereffective|p1a: Latias","|-damage|p1a: Latias|138/364","|move|p1a: Latias|Calm Mind|p1a: Latias","|-boost|p1a: Latias|spa|1","|-boost|p1a: Latias|spd|1","|","|-weather|RainDance|[upkeep]","|turn|17","|","|move|p2a: Clawitzer|Dragon Pulse|p1a: Latias","|-supereffective|p1a: Latias","|-damage|p1a: Latias|32/364","|move|p1a: Latias|Recover|p1a: Latias","|-heal|p1a: Latias|214/364","|","|-weather|none","|turn|18","|","|move|p2a: Clawitzer|Dragon Pulse|p1a: Latias","|-supereffective|p1a: Latias","|-damage|p1a: Latias|110/364","|move|p1a: Latias|Recover|p1a: Latias","|-heal|p1a: Latias|292/364","|","|turn|19","|","|move|p2a: Clawitzer|Dragon Pulse|p1a: Latias","|-supereffective|p1a: Latias","|-damage|p1a: Latias|186/364","|move|p1a: Latias|Calm Mind|p1a: Latias","|-boost|p1a: Latias|spa|1","|-boost|p1a: Latias|spd|1","|","|turn|20","|","|move|p2a: Clawitzer|Dragon Pulse|p1a: Latias","|-supereffective|p1a: Latias","|-damage|p1a: Latias|100/364","|move|p1a: Latias|Recover|p1a: Latias","|-heal|p1a: Latias|282/364","|","|turn|21","|","|move|p2a: Clawitzer|Dragon Pulse|p1a: Latias","|-supereffective|p1a: Latias","|-damage|p1a: Latias|204/364","|move|p1a: Latias|Dragon Breath|p2a: Clawitzer","|-damage|p2a: Clawitzer|19/283","|","|turn|22","|","|move|p2a: Clawitzer|Dragon Pulse|p1a: Latias","|-supereffective|p1a: Latias","|-damage|p1a: Latias|116/364","|move|p1a: Latias|Dragon Breath|p2a: Clawitzer","|-damage|p2a: Clawitzer|0 fnt","|faint|p2a: Clawitzer","|","|","|switch|p2a: Rotom-Wash|Rotom-Wash|304/304","|turn|23","|","|move|p1a: Latias|Recover|p1a: Latias","|-heal|p1a: Latias|298/364","|move|p2a: Rotom-Wash|Thunder Wave|p1a: Latias","|-status|p1a: Latias|par","|","|turn|24","|","|move|p2a: Rotom-Wash|Charge|p2a: Rotom-Wash","|-boost|p2a: Rotom-Wash|spd|1","|-activate|p2a: Rotom-Wash|move: Charge","|move|p1a: Latias|Psyshock|p2a: Rotom-Wash","|-damage|p2a: Rotom-Wash|7/304","|","|-heal|p2a: Rotom-Wash|26/304|[from] item: Leftovers","|turn|25","|","|move|p2a: Rotom-Wash|Pain Split|p1a: Latias","|-sethp|p1a: Latias|162/364 par|p2a: Rotom-Wash|162/304|[from] move: Pain Split","|move|p1a: Latias|Psyshock|p2a: Rotom-Wash","|-damage|p2a: Rotom-Wash|0 fnt","|faint|p2a: Rotom-Wash","|","|win|Inferno 용의ACE사용자"],"p1rating":{"entryid":"7316925","serverid":"eos","formatid":"monotype","userid":"infernoace","username":"Inferno Ace","w":14,"l":"5","t":"0","gxe":66.5,"r":"1595.0360755949","rd":"86.019341372529","sigma":"0","rptime":"1438851600","rpr":1631.8630442121,"rprd":71.568747481958,"rpsigma":"0","acre":1213.5559370555,"lacre":1213.5559370555,"oldacre":"1199.1420602221"},"p2rating":{"entryid":"5821777","serverid":"eos","formatid":"monotype","userid":"carniemarx","username":"Carnie Marx","w":"65","l":83,"t":"0","gxe":44.2,"r":1458.0050394558,"rd":35.139305409844,"sigma":"0","rptime":1438851600,"rpr":1455.8394240033,"rprd":34.994997482219,"rpsigma":"0","acre":1032.7319738849,"lacre":1032.7319738849,"oldacre":"1042.142111879"},"endType":"normal"}