{"seed":[30354,39323,20938,11870],"turns":36,"p1":"Carnie Marx","p2":"Asiago Noah123","p1team":[{"name":"Sharpedo","species":"Sharpedo","item":"focussash","ability":"Speed Boost","moves":["crunch","waterfall","earthquake","destinybond"],"nature":"Adamant","evs":{"hp":0,"atk":252,"def":0,"spa":0,"spd":4,"spe":252},"ivs":{"hp":31,"atk":31,"def":31,"spa":31,"spd":31,"spe":31}},{"name":"Clawitzer","species":"Clawitzer","item":"choicescarf","ability":"Mega Launcher","moves":["dragonpulse","darkpulse","waterpulse","icebeam"],"nature":"Timid","evs":{"hp":0,"atk":0,"def":0,"spa":252,"spd":4,"spe":252},"ivs":{"hp":31,"atk":31,"def":31,"spa":31,"spd":31,"spe":31}},{"name":"Ludicolo","species":"Ludicolo","item":"leftovers","ability":"Swift Swim","moves":["gigadrain","icebeam","surf","energyball"],"nature":"Modest","evs":{"hp":0,"atk":0,"def":0,"spa":252,"spd":4,"spe":252},"ivs":{"hp":31,"atk":31,"def":31,"spa":31,"spd":31,"spe":31}},{"name":"Quagsire","species":"Quagsire","item":"leftovers","ability":"Unaware","moves":["protect","icepunch","waterfall","toxic"],"nature":"Impish","evs":{"hp":252,"atk":4,"def":252,"spa":0,"spd":0,"spe":0},"ivs":{"hp":31,"atk":31,"def":31,"spa":31,"spd":31,"spe":31}},{"name":"Rotom-Wash","species":"Rotom-Wash","item":"leftovers","ability":"Levitate","moves":["discharge","thunderwave","charge","painsplit"],"nature":"Calm","evs":{"hp":252,"atk":0,"def":0,"spa":4,"spd":252,"spe":0},"ivs":{"hp":31,"atk":31,"def":31,"spa":31,"spd":31,"spe":31}},{"name":"Politoed","species":"Politoed","item":"leftovers","ability":"Drizzle","moves":["scald","icebeam","psychic","toxic"],"nature":"Bold","evs":{"hp":252,"atk":0,"def":252,"spa":4,"spd":0,"spe":0},"ivs":{"hp":31,"atk":31,"def":31,"spa":31,"spd":31,"spe":31}}],"p2team":[{"name":"Hoopa-Unbound","species":"Hoopa-Unbound","item":"choicescarf","ability":"Magician","moves":["zenheadbutt","drainpunch","hyperspacefury","gunkshot"],"nature":"Adamant","evs":{"hp":248,"atk":252,"def":0,"spa":0,"spd":8,"spe":0},"ivs":{"hp":31,"atk":31,"def":31,"spa":31,"spd":31,"spe":31}},{"name":"Weavile","species":"Weavile","item":"lifeorb","ability":"Pressure","moves":["iceshard","iciclecrash","nightslash","lowkick"],"nature":"Jolly","evs":{"hp":0,"atk":252,"def":0,"spa":0,"spd":4,"spe":252},"gender":"M","ivs":{"hp":31,"atk":31,"def":31,"spa":31,"spd":31,"spe":31}},{"name":"Mandibuzz","species":"Mandibuzz","item":"leftovers","ability":"Overcoat","moves":["roost","defog","bravebird","knockoff"],"nature":"Careful","evs":{"hp":252,"atk":0,"def":4,"spa":0,"spd":252,"spe":0},"ivs":{"hp":31,"atk":31,"def":31,"spa":31,"spd":31,"spe":31}},{"name":"Sableye","species":"Sableye","item":"sablenite","ability":"Prankster","moves":["willowisp","calmmind","recover","shadowball"],"nature":"Calm","evs":{"hp":248,"atk":0,"def":172,"spa":8,"spd":80,"spe":0},"gender":"M","ivs":{"hp":31,"atk":31,"def":31,"spa":31,"spd":31,"spe":31}},{"name":"Hydreigon","species":"Hydreigon","item":"choicescarf","ability":"Levitate","moves":["dracometeor","focusblast","flashcannon","darkpulse"],"nature":"Timid","evs":{"hp":0,"atk":0,"def":0,"spa":252,"spd":4,"spe":252},"ivs":{"hp":31,"atk":31,"def":31,"spa":31,"spd":31,"spe":31}},{"name":"Tyranitar","species":"Tyranitar","item":"leftovers","ability":"Sand Stream","moves":["stoneedge","earthquake","dragondance","crunch"],"nature":"Adamant","evs":{"hp":0,"atk":252,"def":0,"spa":0,"spd":4,"spe":252},"ivs":{"hp":31,"atk":31,"def":31,"spa":31,"spd":31,"spe":31}}],"log":["|player|p1|Carnie Marx|238","|player|p2|Asiago Noah123|101","|gametype|singles","|gen|6","|tier|Monotype","|rated","|rule|Baton Pass Clause: Limit one Baton Passer, can't pass Spe and other stats simultaneously","|rule|Swagger Clause: Swagger is banned","|rule|Same Type Clause: Pokémon in a team must share a type","|clearpoke","|poke|p1|Sharpedo, F","|poke|p1|Clawitzer, F","|poke|p1|Ludicolo, M","|poke|p1|Quagsire, F","|poke|p1|Rotom-Wash","|poke|p1|Politoed, F","|poke|p2|Hoopa-Unbound","|poke|p2|Weavile, M","|poke|p2|Mandibuzz, F","|poke|p2|Sableye, M","|poke|p2|Hydreigon, F","|poke|p2|Tyranitar, M","|rule|Sleep Clause Mod: Limit one foe put to sleep","|rule|Species Clause: Limit one of each Pokémon","|rule|OHKO Clause: OHKO moves are banned","|rule|Moody Clause: Moody is banned","|rule|Evasion Moves Clause: Evasion moves are banned","|rule|Endless Battle Clause: Forcing endless battles is banned","|rule|HP Percentage Mod: HP is shown in percentages","|teampreview","|","|start","|switch|p1a: Rotom-Wash|Rotom-Wash|304/304","|switch|p2a: Hoopa-Unbound|Hoopa-Unbound|363/363","|turn|1","|","|move|p2a: Hoopa-Unbound|Hyperspace Fury|p1a: Rotom-Wash","|-damage|p1a: Rotom-Wash|73/304","|-unboost|p2a: Hoopa-Unbound|def|1","|move|p1a: Rotom-Wash|Thunder Wave|p2a: Hoopa-Unbound","|-status|p2a: Hoopa-Unbound|par","|","|-heal|p1a: Rotom-Wash|92/304|[from] item: Leftovers","|turn|2","|","|move|p1a: Rotom-Wash|Pain Split|p2a: Hoopa-Unbound","|-sethp|p2a: Hoopa-Unbound|227/363 par|p1a: Rotom-Wash|227/304|[from] move: Pain Split","|cant|p2a: Hoopa-Unbound|par","|","|-heal|p1a: Rotom-Wash|246/304|[from] item: Leftovers","|turn|3","|","|move|p1a: Rotom-Wash|Discharge|p2a: Hoopa-Unbound","|-crit|p2a: Hoopa-Unbound","|-damage|p2a: Hoopa-Unbound|115/363 par","|move|p2a: Hoopa-Unbound|Hyperspace Fury|p1a: Rotom-Wash","|-damage|p1a: Rotom-Wash|44/304","|-unboost|p2a: Hoopa-Unbound|def|1","|","|-heal|p1a: Rotom-Wash|63/304|[from] item: Leftovers","|turn|4","|","|move|p1a: Rotom-Wash|Discharge|p2a: Hoopa-Unbound","|-crit|p2a: Hoopa-Unbound","|-damage|p2a: Hoopa-Unbound|4/363 par","|move|p2a: Hoopa-Unbound|Hyperspace Fury|p1a: Rotom-Wash","|-damage|p1a: Rotom-Wash|0 fnt","|-unboost|p2a: Hoopa-Unbound|def|1","|faint|p1a: Rotom-Wash","|","|","|switch|p1a: Sharpedo|Sharpedo, F|281/281","|turn|5","|","|move|p1a: Sharpedo|Waterfall|p2a: Hoopa-Unbound","|-damage|p2a: Hoopa-Unbound|0 fnt","|faint|p2a: Hoopa-Unbound","|","|-boost|p1a: Sharpedo|spe|1|[from] ability: Speed Boost","|","|switch|p2a: Sableye|Sableye, M|303/303","|turn|6","|","|switch|p1a: Clawitzer|Clawitzer, F|283/283","|detailschange|p2a: Sableye|Sableye-Mega, M","|-mega|p2a: Sableye|Sableye|Sablenite","|move|p2a: Sableye|Will-O-Wisp|p1a: Clawitzer","|-status|p1a: Clawitzer|brn","|","|-damage|p1a: Clawitzer|248/283 brn|[from] brn","|turn|7","|","|switch|p2a: Mandibuzz|Mandibuzz, F|424/424","|move|p1a: Clawitzer|Water Pulse|p2a: Mandibuzz","|-damage|p2a: Mandibuzz|309/424","|","|-heal|p2a: Mandibuzz|335/424|[from] item: Leftovers","|-damage|p1a: Clawitzer|213/283 brn|[from] brn","|turn|8","|","|move|p1a: Clawitzer|Water Pulse|p2a: Mandibuzz","|-damage|p2a: Mandibuzz|227/424","|move|p2a: Mandibuzz|Knock Off|p1a: Clawitzer","|-damage|p1a: Clawitzer|125/283 brn","|-enditem|p1a: Clawitzer|Choice Scarf|[from] move: Knock Off|[of] p2a: Mandibuzz","|","|-heal|p2a: Mandibuzz|253/424|[from] item: Leftovers","|-damage|p1a: Clawitzer|90/283 brn|[from] brn","|turn|9","|","|move|p1a: Clawitzer|Water Pulse|p2a: Mandibuzz","|-damage|p2a: Mandibuzz|132/424","|move|p2a: Mandibuzz|Roost|p2a: Mandibuzz","|-heal|p2a: Mandibuzz|344/424","|","|-heal|p2a: Mandibuzz|370/424|[from] item: Leftovers","|-damage|p1a: Clawitzer|55/283 brn|[from] brn","|turn|10","|","|move|p1a: Clawitzer|Ice Beam|p2a: Mandibuzz","|-supereffective|p2a: Mandibuzz","|-damage|p2a: Mandibuzz|230/424","|-status|p2a: Mandibuzz|frz","|cant|p2a: Mandibuzz|frz","|","|-heal|p2a: Mandibuzz|256/424 frz|[from] item: Leftovers","|-damage|p1a: Clawitzer|20/283 brn|[from] brn","|turn|11","|","|move|p1a: Clawitzer|Water Pulse|p2a: Mandibuzz","|-damage|p2a: Mandibuzz|150/424 frz","|cant|p2a: Mandibuzz|frz","|","|-heal|p2a: Mandibuzz|176/424 frz|[from] item: Leftovers","|-damage|p1a: Clawitzer|0 fnt|[from] brn","|faint|p1a: Clawitzer","|","|switch|p1a: Quagsire|Quagsire, F|394/394","|turn|12","|","|cant|p2a: Mandibuzz|frz","|move|p1a: Quagsire|Ice Punch|p2a: Mandibuzz","|-supereffective|p2a: Mandibuzz","|-damage|p2a: Mandibuzz|80/424 frz","|","|-heal|p2a: Mandibuzz|106/424 frz|[from] item: Leftovers","|turn|13","|","|-curestatus|p2a: Mandibuzz|frz","|move|p2a: Mandibuzz|Roost|p2a: Mandibuzz","|-heal|p2a: Mandibuzz|318/424","|move|p1a: Quagsire|Ice Punch|p2a: Mandibuzz","|-damage|p2a: Mandibuzz|269/424","|","|-heal|p2a: Mandibuzz|295/424|[from] item: Leftovers","|turn|14","|","|move|p2a: Mandibuzz|Knock Off|p1a: Quagsire","|-damage|p1a: Quagsire|331/394","|-enditem|p1a: Quagsire|Leftovers|[from] move: Knock Off|[of] p2a: Mandibuzz","|move|p1a: Quagsire|Toxic|p2a: Mandibuzz","|-status|p2a: Mandibuzz|tox","|","|-heal|p2a: Mandibuzz|321/424 tox|[from] item: Leftovers","|-damage|p2a: Mandibuzz|295/424 tox|[from] psn","|turn|15","|","|move|p1a: Quagsire|Protect|p1a: Quagsire","|-singleturn|p1a: Quagsire|Protect","|move|p2a: Mandibuzz|Brave Bird|p1a: Quagsire","|-activate|p1a: Quagsire|Protect","|","|-heal|p2a: Mandibuzz|321/424 tox|[from] item: Leftovers","|-damage|p2a: Mandibuzz|269/424 tox|[from] psn","|turn|16","|","|move|p2a: Mandibuzz|Brave Bird|p1a: Quagsire","|-damage|p1a: Quagsire|247/394","|-damage|p2a: Mandibuzz|241/424 tox|[from] recoil|[of] p1a: Quagsire","|move|p1a: Quagsire|Waterfall|p2a: Mandibuzz","|-damage|p2a: Mandibuzz|157/424 tox","|","|-heal|p2a: Mandibuzz|183/424 tox|[from] item: Leftovers","|-damage|p2a: Mandibuzz|105/424 tox|[from] psn","|turn|17","|","|move|p2a: Mandibuzz|Roost|p2a: Mandibuzz","|-heal|p2a: Mandibuzz|317/424 tox","|move|p1a: Quagsire|Ice Punch|p2a: Mandibuzz","|-damage|p2a: Mandibuzz|263/424 tox","|","|-heal|p2a: Mandibuzz|289/424 tox|[from] item: Leftovers","|-damage|p2a: Mandibuzz|185/424 tox|[from] psn","|turn|18","|","|move|p2a: Mandibuzz|Brave Bird|p1a: Quagsire","|-damage|p1a: Quagsire|172/394","|-damage|p2a: Mandibuzz|160/424 tox|[from] recoil|[of] p1a: Quagsire","|move|p1a: Quagsire|Waterfall|p2a: Mandibuzz","|-damage|p2a: Mandibuzz|78/424 tox","|","|-heal|p2a: Mandibuzz|104/424 tox|[from] item: Leftovers","|-damage|p2a: Mandibuzz|0 fnt|[from] psn","|faint|p2a: Mandibuzz","|","|switch|p2a: Hydreigon|Hydreigon, F|325/325","|turn|19","|","|move|p1a: Quagsire|Protect|p1a: Quagsire","|-singleturn|p1a: Quagsire|Protect","|move|p2a: Hydreigon|Draco Meteor|p1a: Quagsire","|-activate|p1a: Quagsire|Protect","|","|turn|20","|","|move|p2a: Hydreigon|Draco Meteor|p1a: Quagsire","|-damage|p1a: Quagsire|0 fnt","|-unboost|p2a: Hydreigon|spa|2","|faint|p1a: Quagsire","|","|","|switch|p1a: Politoed|Politoed, F|384/384","|-weather|RainDance","|turn|21","|","|switch|p2a: Sableye|Sableye-Mega, M|303/303","|move|p1a: Politoed|Ice Beam|p2a: Sableye","|-damage|p2a: Sableye|255/303","|","|-weather|RainDance|[upkeep]","|turn|22","|","|move|p1a: Politoed|Scald|p2a: Sableye","|-crit|p2a: Sableye","|-damage|p2a: Sableye|119/303","|move|p2a: Sableye|Calm Mind|p2a: Sableye","|-boost|p2a: Sableye|spa|1","|-boost|p2a: Sableye|spd|1","|","|-weather|RainDance|[upkeep]","|turn|23","|","|move|p1a: Politoed|Scald|p2a: Sableye","|-damage|p2a: Sableye|55/303","|move|p2a: Sableye|Recover|p2a: Sableye","|-heal|p2a: Sableye|207/303","|","|-weather|RainDance|[upkeep]","|turn|24","|","|move|p1a: Politoed|Scald|p2a: Sableye","|-damage|p2a: Sableye|143/303","|move|p2a: Sableye|Calm Mind|p2a: Sableye","|-boost|p2a: Sableye|spa|1","|-boost|p2a: Sableye|spd|1","|","|-weather|RainDance|[upkeep]","|turn|25","|","|move|p1a: Politoed|Scald|p2a: Sableye","|-damage|p2a: Sableye|92/303","|move|p2a: Sableye|Recover|p2a: Sableye","|-heal|p2a: Sableye|244/303","|","|-weather|none","|turn|26","|","|switch|p1a: Sharpedo|Sharpedo, F|281/281","|move|p2a: Sableye|Shadow Ball|p1a: Sharpedo","|-resisted|p1a: Sharpedo","|-damage|p1a: Sharpedo|116/281","|","|turn|27","|","|move|p1a: Sharpedo|Waterfall|p2a: Sableye","|-damage|p2a: Sableye|136/303","|cant|p2a: Sableye|flinch","|","|-boost|p1a: Sharpedo|spe|1|[from] ability: Speed Boost","|turn|28","|","|move|p1a: Sharpedo|Waterfall|p2a: Sableye","|-damage|p2a: Sableye|31/303","|move|p2a: Sableye|Shadow Ball|p1a: Sharpedo","|-resisted|p1a: Sharpedo","|-damage|p1a: Sharpedo|0 fnt","|faint|p1a: Sharpedo","|","|","|switch|p1a: Ludicolo|Ludicolo, M|301/301","|turn|29","|","|move|p1a: Ludicolo|Giga Drain|p2a: Sableye","|-damage|p2a: Sableye|0 fnt","|faint|p2a: Sableye","|","|","|switch|p2a: Weavile|Weavile, M|281/281","|-ability|p2a: Weavile|Pressure","|turn|30","|","|move|p2a: Weavile|Icicle Crash|p1a: Ludicolo","|-damage|p1a: Ludicolo|55/301","|-damage|p2a: Weavile|253/281|[from] item: Life Orb","|move|p1a: Ludicolo|Giga Drain|p2a: Weavile","|-damage|p2a: Weavile|114/281","|-heal|p1a: Ludicolo|125/301|[from] drain|[of] p2a: Weavile","|","|-heal|p1a: Ludicolo|143/301|[from] item: Leftovers","|turn|31","|","|switch|p1a: Politoed|Politoed, F|384/384","|-weather|RainDance","|move|p2a: Weavile|Icicle Crash|p1a: Politoed","|-resisted|p1a: Politoed","|-damage|p1a: Politoed|310/384","|-damage|p2a: Weavile|86/281|[from] item: Life Orb","|","|-weather|RainDance|[upkeep]","|-heal|p1a: Politoed|334/384|[from] item: Leftovers","|turn|32","|","|move|p2a: Weavile|Night Slash|p1a: Politoed","|-damage|p1a: Politoed|200/384","|-damage|p2a: Weavile|58/281|[from] item: Life Orb","|move|p1a: Politoed|Scald|p2a: Weavile","|-damage|p2a: Weavile|0 fnt","|faint|p2a: Weavile","|","|-weather|RainDance|[upkeep]","|-heal|p1a: Politoed|224/384|[from] item: Leftovers","|","|switch|p2a: Hydreigon|Hydreigon, F|325/325","|turn|33","|","|move|p2a: Hydreigon|Dark Pulse|p1a: Politoed","|-damage|p1a: Politoed|79/384","|move|p1a: Politoed|Ice Beam|p2a: Hydreigon","|-supereffective|p2a: Hydreigon","|-damage|p2a: Hydreigon|179/325","|","|-weather|RainDance|[upkeep]","|-heal|p1a: Politoed|103/384|[from] item: Leftovers","|turn|34","|","|move|p2a: Hydreigon|Dark Pulse|p1a: Politoed","|-damage|p1a: Politoed|0 fnt","|faint|p1a: Politoed","|","|-weather|RainDance|[upkeep]","|","|switch|p1a: Ludicolo|Ludicolo, M|143/301","|turn|35","|","|switch|p2a: Tyranitar|Tyranitar, M|341/341","|-weather|Sandstorm","|move|p1a: Ludicolo|Ice Beam|p2a: Tyranitar","|-damage|p2a: Tyranitar|282/341","|","|-weather|Sandstorm|[upkeep]","|-damage|p1a: Ludicolo|125/301|[from] sandstorm","|-heal|p1a: Ludicolo|143/301|[from] item: Leftovers","|-heal|p2a: Tyranitar|303/341|[from] item: Leftovers","|turn|36","|","|move|p1a: Ludicolo|Giga Drain|p2a: Tyranitar","|-supereffective|p2a: Tyranitar","|-damage|p2a: Tyranitar|157/341","|-heal|p1a: Ludicolo|216/301|[from] drain|[of] p2a: Tyranitar","|move|p2a: Tyranitar|Crunch|p1a: Ludicolo","|-damage|p1a: Ludicolo|0 fnt","|faint|p1a: Ludicolo","|","|win|Asiago Noah123"],"p1rating":{"entryid":"5821777","serverid":"eos","formatid":"monotype","userid":"carniemarx","username":"Carnie Marx","w":"66","l":86,"t":"0","gxe":43.2,"r":"1458.0050394558","rd":"35.139305409844","sigma":"0","rptime":"1438851600","rpr":1448.569057068,"rprd":34.399093890907,"rpsigma":"0","acre":1033.5159297697,"lacre":1033.5159297697,"oldacre":"1045.7636860426"},"p2rating":{"entryid":"7402864","serverid":"eos","formatid":"monotype","userid":"asiagonoah123","username":"Asiago Noah123","w":8,"l":"8","t":"0","gxe":50.2,"r":"1431.9767415098","rd":"84.238126498154","sigma":"0","rptime":"1438851600","rpr":1501.5712697328,"rprd":76.544965077264,"rpsigma":"0","acre":1161.5217609273,"lacre":1161.5217609273,"oldacre":"1143.3656966355"},"endType":"normal"}