{"seed":[47575,16050,21315,13022],"turns":22,"p1":"Rain☆dinite","p2":"MASTA_X용의☆사용자","p1team":[{"name":"razor blaze","species":"gallade","item":"galladite","ability":"Justified","moves":["swordsdance","closecombat","psychocut","icepunch"],"nature":"Jolly","evs":{"hp":0,"atk":252,"def":0,"spa":0,"spd":4,"spe":252},"ivs":{"hp":31,"atk":31,"def":31,"spa":31,"spd":31,"spe":31}},{"name":"mr-damge","species":"cobalion","item":"rockyhelmet","ability":"Justified","moves":["stealthrock","thunderwave","closecombat","voltswitch"],"nature":"Adamant","evs":{"hp":4,"atk":252,"def":0,"spa":0,"spd":0,"spe":252},"ivs":{"hp":31,"atk":31,"def":31,"spa":31,"spd":31,"spe":31}},{"name":"monkey","species":"infernape","item":"focussash","ability":"Blaze","moves":["stealthrock","hiddenpowerice","grassknot","flamethrower"],"nature":"Naive","evs":{"hp":0,"atk":0,"def":4,"spa":252,"spd":0,"spe":252},"gender":"M","ivs":{"hp":31,"atk":30,"def":30,"spa":31,"spd":31,"spe":31}},{"name":"muchlaucha","species":"hawlucha","item":"sitrusberry","ability":"Unburden","moves":["swordsdance","acrobatics","highjumpkick","substitute"],"nature":"Adamant","evs":{"hp":8,"atk":252,"def":0,"spa":0,"spd":0,"spe":246},"gender":"M","ivs":{"hp":31,"atk":31,"def":31,"spa":31,"spd":31,"spe":31}},{"name":"rocky","species":"terrakion","item":"choicescarf","ability":"Justified","moves":["stoneedge","earthquake","closecombat","ironhead"],"nature":"Jolly","evs":{"hp":0,"atk":252,"def":0,"spa":0,"spd":4,"spe":252},"ivs":{"hp":31,"atk":31,"def":31,"spa":31,"spd":31,"spe":31}},{"name":"water-pony","species":"keldeo","item":"leftovers","ability":"Justified","moves":["calmmind","secretsword","scald","substitute"],"nature":"Timid","evs":{"hp":0,"atk":0,"def":0,"spa":252,"spd":4,"spe":252},"ivs":{"hp":31,"atk":31,"def":31,"spa":31,"spd":31,"spe":31}}],"p2team":[{"name":"ヌメルゴン","species":"goodra","item":"leftovers","ability":"Sap Sipper","moves":["curse","dragontail","rest","sleeptalk"],"nature":"Careful","evs":{"hp":252,"atk":0,"def":4,"spa":0,"spd":252,"spe":0},"ivs":{"hp":31,"atk":31,"def":31,"spa":31,"spd":31,"spe":31}},{"name":"ボーマンダ","species":"salamence","item":"choicescarf","ability":"Moxie","moves":["outrage","aerialace","steelwing","earthquake"],"nature":"Jolly","evs":{"hp":0,"atk":252,"def":4,"spa":0,"spd":0,"spe":252},"ivs":{"hp":31,"atk":31,"def":31,"spa":31,"spd":31,"spe":31}},{"name":"キュレム","species":"kyuremblack","item":"powerherb","ability":"Teravolt","moves":["freezeshock","fusionbolt","outrage","dracometeor"],"nature":"Naive","evs":{"hp":0,"atk":252,"def":0,"spa":60,"spd":0,"spe":196},"shiny":true,"ivs":{"hp":31,"atk":31,"def":31,"spa":31,"spd":31,"spe":31}},{"name":"サザンドラ","species":"hydreigon","item":"lifeorb","ability":"Levitate","moves":["darkpulse","flamethrower","dracometeor","flashcannon"],"nature":"Timid","evs":{"hp":4,"atk":0,"def":0,"spa":252,"spd":0,"spe":252},"shiny":true,"ivs":{"hp":31,"atk":31,"def":31,"spa":31,"spd":31,"spe":31}},{"name":"ガチゴラス","species":"tyrantrum","item":"focussash","ability":"Rock Head","moves":["stealthrock","headsmash","earthquake","dragondance"],"nature":"Adamant","evs":{"hp":0,"atk":252,"def":4,"spa":0,"spd":0,"spe":252},"ivs":{"hp":31,"atk":31,"def":31,"spa":31,"spd":31,"spe":31}},{"name":"チルタリス","species":"altaria","item":"altarianite","ability":"Natural Cure","moves":["agility","hypervoice","fireblast","hiddenpowerground"],"nature":"Modest","evs":{"hp":0,"atk":0,"def":4,"spa":252,"spd":0,"spe":252},"happiness":0,"ivs":{"spa":30,"spd":30,"hp":31,"atk":31,"def":31,"spe":31}}],"log":["|player|p1|Rain☆dinite|stormdinite.gif","|player|p2|MASTA_X용의☆사용자|alliancewutang.png","|gametype|singles","|gen|6","|tier|Monotype","|rated","|rule|Baton Pass Clause: Limit one Baton Passer, can't pass Spe and other stats simultaneously","|rule|Swagger Clause: Swagger is banned","|rule|Same Type Clause: Pokémon in a team must share a type","|clearpoke","|poke|p1|Gallade, M","|poke|p1|Cobalion","|poke|p1|Infernape, M","|poke|p1|Hawlucha, M","|poke|p1|Terrakion","|poke|p1|Keldeo","|poke|p2|Goodra, F","|poke|p2|Salamence, M","|poke|p2|Kyurem-Black, shiny","|poke|p2|Hydreigon, M, shiny","|poke|p2|Tyrantrum, M","|poke|p2|Altaria, F","|rule|Sleep Clause Mod: Limit one foe put to sleep","|rule|Species Clause: Limit one of each Pokémon","|rule|OHKO Clause: OHKO moves are banned","|rule|Moody Clause: Moody is banned","|rule|Evasion Moves Clause: Evasion moves are banned","|rule|Endless Battle Clause: Forcing endless battles is banned","|rule|HP Percentage Mod: HP is shown in percentages","|teampreview","|","|start","|switch|p1a: water-pony|Keldeo|323/323","|switch|p2a: ガチゴラス|Tyrantrum, M|305/305","|turn|1","|","|move|p1a: water-pony|Secret Sword|p2a: ガチゴラス","|-supereffective|p2a: ガチゴラス","|-damage|p2a: ガチゴラス|57/305","|move|p2a: ガチゴラス|Stealth Rock|p1a: water-pony","|-sidestart|p1: Rain☆dinite|move: Stealth Rock","|","|turn|2","|","|switch|p2a: チルタリス|Altaria, F|291/291","|move|p1a: water-pony|Secret Sword|p2a: チルタリス","|-resisted|p2a: チルタリス","|-damage|p2a: チルタリス|213/291","|","|turn|3","|","|detailschange|p2a: チルタリス|Altaria-Mega, F","|-mega|p2a: チルタリス|Altaria|Altarianite","|move|p1a: water-pony|Scald|p2a: チルタリス","|-resisted|p2a: チルタリス","|-damage|p2a: チルタリス|144/291","|-status|p2a: チルタリス|brn","|move|p2a: チルタリス|Hyper Voice|p1a: water-pony","|-supereffective|p1a: water-pony","|-damage|p1a: water-pony|0 fnt","|faint|p1a: water-pony","|","|-damage|p2a: チルタリス|108/291 brn|[from] brn","|","|switch|p1a: rocky|Terrakion|323/323","|-damage|p1a: rocky|303/323|[from] Stealth Rock","|turn|4","|","|move|p1a: rocky|Iron Head|p2a: チルタリス","|-supereffective|p2a: チルタリス","|-damage|p2a: チルタリス|0 fnt","|faint|p2a: チルタリス","|","|","|switch|p2a: サザンドラ|Hydreigon, M, shiny|326/326","|turn|5","|","|switch|p1a: mr-damge|Cobalion|324/324","|-damage|p1a: mr-damge|314/324|[from] Stealth Rock","|move|p2a: サザンドラ|Flash Cannon|p1a: mr-damge","|-resisted|p1a: mr-damge","|-damage|p1a: mr-damge|241/324","|-damage|p2a: サザンドラ|294/326|[from] item: Life Orb","|","|turn|6","|","|move|p2a: サザンドラ|Flamethrower|p1a: mr-damge","|-supereffective|p1a: mr-damge","|-damage|p1a: mr-damge|0 fnt","|-damage|p2a: サザンドラ|262/326|[from] item: Life Orb","|faint|p1a: mr-damge","|","|","|switch|p1a: rocky|Terrakion|303/323","|-damage|p1a: rocky|283/323|[from] Stealth Rock","|turn|7","|","|switch|p2a: ガチゴラス|Tyrantrum, M|57/305","|move|p1a: rocky|Close Combat|p2a: ガチゴラス","|-supereffective|p2a: ガチゴラス","|-damage|p2a: ガチゴラス|0 fnt","|-unboost|p1a: rocky|def|1","|-unboost|p1a: rocky|spd|1","|faint|p2a: ガチゴラス","|","|","|switch|p2a: ボーマンダ|Salamence, M|331/331","|turn|8","|","|switch|p1a: monkey|Infernape, M|293/293","|-damage|p1a: monkey|257/293|[from] Stealth Rock","|move|p2a: ボーマンダ|Aerial Ace|p1a: monkey","|-supereffective|p1a: monkey","|-damage|p1a: monkey|0 fnt","|faint|p1a: monkey","|-boost|p2a: ボーマンダ|atk|1|[from] ability: Moxie","|","|","|switch|p1a: razor blaze|Gallade, M|277/277","|-damage|p1a: razor blaze|260/277|[from] Stealth Rock","|turn|9","|","|detailschange|p1a: razor blaze|Gallade-Mega, M","|-mega|p1a: razor blaze|Gallade|Galladite","|move|p2a: ボーマンダ|Aerial Ace|p1a: razor blaze","|-supereffective|p1a: razor blaze","|-damage|p1a: razor blaze|0 fnt","|faint|p1a: razor blaze","|-boost|p2a: ボーマンダ|atk|1|[from] ability: Moxie","|","|","|switch|p1a: rocky|Terrakion|283/323","|-damage|p1a: rocky|263/323|[from] Stealth Rock","|turn|10","|","|switch|p2a: サザンドラ|Hydreigon, M, shiny|262/326","|move|p1a: rocky|Stone Edge|p2a: サザンドラ","|-damage|p2a: サザンドラ|67/326","|","|turn|11","|","|move|p1a: rocky|Stone Edge|p2a: サザンドラ","|-damage|p2a: サザンドラ|0 fnt","|faint|p2a: サザンドラ","|","|","|switch|p2a: ヌメルゴン|Goodra, F|384/384","|turn|12","|","|switch|p1a: muchlaucha|Hawlucha, M|299/299","|-damage|p1a: muchlaucha|262/299|[from] Stealth Rock","|move|p2a: ヌメルゴン|Curse|p2a: ヌメルゴン","|-unboost|p2a: ヌメルゴン|spe|1","|-boost|p2a: ヌメルゴン|atk|1","|-boost|p2a: ヌメルゴン|def|1","|","|turn|13","|","|move|p1a: muchlaucha|Swords Dance|p1a: muchlaucha","|-boost|p1a: muchlaucha|atk|2","|move|p2a: ヌメルゴン|Dragon Tail|p1a: muchlaucha","|-damage|p1a: muchlaucha|133/299","|drag|p1a: rocky|Terrakion|263/323","|-damage|p1a: rocky|243/323|[from] Stealth Rock","|","|turn|14","|","|switch|p1a: muchlaucha|Hawlucha, M|133/299","|-damage|p1a: muchlaucha|96/299|[from] Stealth Rock","|-enditem|p1a: muchlaucha|Sitrus Berry|[eat]","|-heal|p1a: muchlaucha|170/299|[from] item: Sitrus Berry","|move|p2a: ヌメルゴン|Curse|p2a: ヌメルゴン","|-unboost|p2a: ヌメルゴン|spe|1","|-boost|p2a: ヌメルゴン|atk|1","|-boost|p2a: ヌメルゴン|def|1","|","|turn|15","|","|move|p1a: muchlaucha|High Jump Kick|p2a: ヌメルゴン","|-damage|p2a: ヌメルゴン|246/384","|move|p2a: ヌメルゴン|Dragon Tail|p1a: muchlaucha","|-damage|p1a: muchlaucha|0 fnt","|faint|p1a: muchlaucha","|","|-heal|p2a: ヌメルゴン|270/384|[from] item: Leftovers","|","|switch|p1a: rocky|Terrakion|243/323","|-damage|p1a: rocky|223/323|[from] Stealth Rock","|turn|16","|","|move|p1a: rocky|Stone Edge|p2a: ヌメルゴン|[miss]","|-miss|p1a: rocky|p2a: ヌメルゴン","|move|p2a: ヌメルゴン|Rest|p2a: ヌメルゴン","|-status|p2a: ヌメルゴン|slp","|-heal|p2a: ヌメルゴン|384/384 slp|[silent]","|-status|p2a: ヌメルゴン|slp|[from] move: Rest","|","|turn|17","|","|move|p1a: rocky|Stone Edge|p2a: ヌメルゴン","|-damage|p2a: ヌメルゴン|260/384 slp","|cant|p2a: ヌメルゴン|slp","|move|p2a: ヌメルゴン|Sleep Talk|p2a: ヌメルゴン","|move|p2a: ヌメルゴン|Curse|p2a: ヌメルゴン|[from]Sleep Talk","|-unboost|p2a: ヌメルゴン|spe|1","|-boost|p2a: ヌメルゴン|atk|1","|-boost|p2a: ヌメルゴン|def|1","|","|-heal|p2a: ヌメルゴン|284/384 slp|[from] item: Leftovers","|turn|18","|","|move|p1a: rocky|Stone Edge|p2a: ヌメルゴン","|-damage|p2a: ヌメルゴン|184/384 slp","|cant|p2a: ヌメルゴン|slp","|move|p2a: ヌメルゴン|Sleep Talk|p2a: ヌメルゴン","|move|p2a: ヌメルゴン|Rest|p2a: ヌメルゴン|[from]Sleep Talk","|-fail|p2a: ヌメルゴン","|","|-heal|p2a: ヌメルゴン|208/384 slp|[from] item: Leftovers","|turn|19","|","|move|p1a: rocky|Stone Edge|p2a: ヌメルゴン","|-damage|p2a: ヌメルゴン|111/384 slp","|-curestatus|p2a: ヌメルゴン|slp","|move|p2a: ヌメルゴン|Rest|p2a: ヌメルゴン","|-status|p2a: ヌメルゴン|slp","|-heal|p2a: ヌメルゴン|384/384 slp|[silent]","|-status|p2a: ヌメルゴン|slp|[from] move: Rest","|","|turn|20","|","|move|p1a: rocky|Stone Edge|p2a: ヌメルゴン","|-damage|p2a: ヌメルゴン|297/384 slp","|cant|p2a: ヌメルゴン|slp","|move|p2a: ヌメルゴン|Sleep Talk|p2a: ヌメルゴン","|move|p2a: ヌメルゴン|Curse|p2a: ヌメルゴン|[from]Sleep Talk","|-unboost|p2a: ヌメルゴン|spe|1","|-boost|p2a: ヌメルゴン|atk|1","|-boost|p2a: ヌメルゴン|def|1","|","|-heal|p2a: ヌメルゴン|321/384 slp|[from] item: Leftovers","|turn|21","|","|move|p1a: rocky|Stone Edge|p2a: ヌメルゴン","|-crit|p2a: ヌメルゴン","|-damage|p2a: ヌメルゴン|0 fnt","|faint|p2a: ヌメルゴン","|","|","|switch|p2a: キュレム|Kyurem-Black, shiny|391/391","|-ability|p2a: キュレム|Teravolt","|turn|22","|","|-activate|p1a: rocky|move: Struggle","|move|p1a: rocky|Struggle|p2a: キュレム","|-damage|p2a: キュレム|334/391","|-damage|p1a: rocky|143/323|[from] recoil","|move|p2a: キュレム|Freeze Shock|p1a: rocky|[still]","|-prepare|p2a: キュレム|Freeze Shock|p1a: rocky","|-enditem|p2a: キュレム|Power Herb","|-anim|p2a: キュレム|Freeze Shock|p1a: rocky","|-damage|p1a: rocky|0 fnt","|faint|p1a: rocky","|","|win|MASTA_X용의☆사용자"],"p1rating":{"entryid":"7159862","serverid":"eos","formatid":"monotype","userid":"raindinite","username":"Rain ☆ Dinite","w":"6","l":18,"t":"0","gxe":32.7,"r":1364.9360599312,"rd":70.923672963509,"sigma":"0","rptime":1438851600,"rpr":1361.0910343908,"rprd":70.251252217178,"rpsigma":"0","acre":1006.3537348224,"lacre":1006.3537348224,"oldacre":"1012.2864377288"},"p2rating":{"entryid":"7303561","serverid":"eos","formatid":"monotype","userid":"mastax","username":"MASTAX☆용의 사용자","w":46,"l":"18","t":"0","gxe":70.1,"r":"1688.5582274231","rd":"49.311646407017","sigma":"0","rptime":"1438851600","rpr":1661.2486099481,"rprd":47.137058819365,"rpsigma":"0","acre":1215.2200188851,"lacre":1215.2200188851,"oldacre":"1202.6963337772"},"endType":"normal"}