{"seed":[49748,62179,13105,16458],"turns":29,"p1":"Sage.13","p2":"tboltrider","p1team":[{"name":"King Ludi","species":"ludicolo","item":"leftovers","ability":"Swift Swim","moves":["teeterdance","scald","icebeam","gigadrain"],"nature":"Modest","evs":{"hp":0,"atk":0,"def":0,"spa":252,"spd":4,"spe":252},"shiny":true,"ivs":{"hp":31,"atk":31,"def":31,"spa":31,"spd":31,"spe":31}},{"name":"SS2 Azu","species":"azumarill","item":"sitrusberry","ability":"Huge Power","moves":["aquajet","playrough","bellydrum","knockoff"],"nature":"Adamant","evs":{"hp":252,"atk":252,"def":0,"spa":0,"spd":4,"spe":0},"shiny":true,"ivs":{"hp":31,"atk":31,"def":31,"spa":31,"spd":31,"spe":31}},{"name":"Swampert","species":"Swampert","item":"swampertite","ability":"Damp","moves":["superpower","waterfall","earthquake","icepunch"],"nature":"Adamant","evs":{"hp":248,"atk":252,"def":0,"spa":0,"spd":8,"spe":0},"ivs":{"hp":31,"atk":31,"def":31,"spa":31,"spd":31,"spe":31}},{"name":"Milo","species":"milotic","item":"leftovers","ability":"Competitive","moves":["scald","icebeam","raindance","toxic"],"nature":"Bold","evs":{"hp":252,"atk":0,"def":252,"spa":4,"spd":0,"spe":0},"shiny":true,"ivs":{"hp":31,"atk":31,"def":31,"spa":31,"spd":31,"spe":31}},{"name":"Politoed","species":"Politoed","item":"widelens","ability":"Drizzle","moves":["icebeam","surf","hypnosis","perishsong"],"nature":"Modest","evs":{"hp":248,"atk":0,"def":0,"spa":252,"spd":8,"spe":0},"shiny":true,"ivs":{"hp":31,"atk":31,"def":31,"spa":31,"spd":31,"spe":31}},{"name":"Swanna","species":"Swanna","item":"lifeorb","ability":"Hydration","moves":["scald","hurricane","defog","icebeam"],"nature":"Timid","evs":{"hp":0,"atk":0,"def":4,"spa":252,"spd":0,"spe":252},"shiny":true,"ivs":{"hp":31,"atk":31,"def":31,"spa":31,"spd":31,"spe":31}}],"p2team":[{"name":"Altaria","species":"Altaria","item":"altarianite","ability":"Natural Cure","moves":["return","roost","dracometeor","dragondance"],"nature":"","evs":{"hp":0,"atk":220,"def":0,"spa":160,"spd":0,"spe":1},"gender":"F","ivs":{"hp":31,"atk":31,"def":31,"spa":31,"spd":31,"spe":31}},{"name":"Landorus-Therian","species":"Landorus-Therian","item":"assaultvest","ability":"Intimidate","moves":["earthquake","knockoff","uturn","stoneedge"],"nature":"Jolly","evs":{"hp":0,"atk":56,"def":0,"spa":0,"spd":200,"spe":252},"ivs":{"hp":31,"atk":31,"def":31,"spa":31,"spd":31,"spe":31}},{"name":"Skarmory","species":"Skarmory","item":"rockyhelmet","ability":"Sturdy","moves":["roost","spikes","stealthrock","ironhead"],"nature":"Adamant","evs":{"hp":0,"atk":148,"def":0,"spa":0,"spd":160,"spe":200},"gender":"M","ivs":{"hp":31,"atk":31,"def":31,"spa":31,"spd":31,"spe":31}},{"name":"Charizard","species":"Charizard","item":"lifeorb","ability":"Blaze","moves":["flamethrower","roost","hiddenpowergrass","dragonpulse"],"nature":"Calm","evs":{"hp":0,"atk":0,"def":156,"spa":0,"spd":100,"spe":252},"gender":"M","ivs":{"hp":31,"atk":30,"def":31,"spa":30,"spd":31,"spe":31}},{"name":"Togekiss","species":"Togekiss","item":"leftovers","ability":"Serene Grace","moves":["healbell","airslash","softboiled","dazzlinggleam"],"nature":"Modest","evs":{"hp":0,"atk":0,"def":148,"spa":108,"spd":0,"spe":252},"gender":"F","ivs":{"hp":31,"atk":31,"def":31,"spa":31,"spd":31,"spe":31}},{"name":"Mandibuzz","species":"Mandibuzz","item":"leftovers","ability":"Big Pecks","moves":["bravebird","defog","knockoff","taunt"],"nature":"Adamant","evs":{"hp":0,"atk":252,"def":0,"spa":0,"spd":108,"spe":148},"ivs":{"hp":31,"atk":31,"def":31,"spa":31,"spd":31,"spe":31}}],"log":["|player|p1|Sage.13|154","|player|p2|tboltrider|93","|gametype|singles","|gen|6","|tier|Monotype","|rated","|rule|Baton Pass Clause: Limit one Baton Passer, can't pass Spe and other stats simultaneously","|rule|Swagger Clause: Swagger is banned","|rule|Same Type Clause: Pokémon in a team must share a type","|clearpoke","|poke|p1|Ludicolo, F, shiny","|poke|p1|Azumarill, M, shiny","|poke|p1|Swampert, M","|poke|p1|Milotic, F, shiny","|poke|p1|Politoed, M, shiny","|poke|p1|Swanna, F, shiny","|poke|p2|Altaria, F","|poke|p2|Landorus-Therian, M","|poke|p2|Skarmory, M","|poke|p2|Charizard, M","|poke|p2|Togekiss, F","|poke|p2|Mandibuzz, F","|rule|Sleep Clause Mod: Limit one foe put to sleep","|rule|Species Clause: Limit one of each Pokémon","|rule|OHKO Clause: OHKO moves are banned","|rule|Moody Clause: Moody is banned","|rule|Evasion Moves Clause: Evasion moves are banned","|rule|Endless Battle Clause: Forcing endless battles is banned","|rule|HP Percentage Mod: HP is shown in percentages","|teampreview","|","|start","|switch|p1a: Milo|Milotic, F, shiny|394/394","|switch|p2a: Skarmory|Skarmory, M|271/271","|turn|1","|","|move|p2a: Skarmory|Stealth Rock|p1a: Milo","|-sidestart|p1: Sage.13|move: Stealth Rock","|move|p1a: Milo|Rain Dance|p1a: Milo","|-weather|RainDance","|","|-weather|RainDance|[upkeep]","|turn|2","|","|move|p2a: Skarmory|Spikes|p1a: Milo","|-sidestart|p1: Sage.13|Spikes","|move|p1a: Milo|Scald|p2a: Skarmory","|-damage|p2a: Skarmory|106/271","|","|-weather|RainDance|[upkeep]","|turn|3","|","|move|p2a: Skarmory|Roost|p2a: Skarmory","|-heal|p2a: Skarmory|242/271","|move|p1a: Milo|Ice Beam|p2a: Skarmory","|-resisted|p2a: Skarmory","|-damage|p2a: Skarmory|200/271","|","|-weather|RainDance|[upkeep]","|turn|4","|","|switch|p2a: Mandibuzz|Mandibuzz, F|361/361","|move|p1a: Milo|Scald|p2a: Mandibuzz","|-damage|p2a: Mandibuzz|223/361","|","|-weather|RainDance|[upkeep]","|-heal|p2a: Mandibuzz|245/361|[from] item: Leftovers","|turn|5","|","|move|p2a: Mandibuzz|Knock Off|p1a: Milo","|-damage|p1a: Milo|297/394","|-enditem|p1a: Milo|Leftovers|[from] move: Knock Off|[of] p2a: Mandibuzz","|move|p1a: Milo|Toxic|p2a: Mandibuzz","|-status|p2a: Mandibuzz|tox","|","|-weather|none","|-heal|p2a: Mandibuzz|267/361 tox|[from] item: Leftovers","|-damage|p2a: Mandibuzz|245/361 tox|[from] psn","|turn|6","|","|switch|p1a: Politoed|Politoed, M, shiny|383/383","|-damage|p1a: Politoed|336/383|[from] Spikes","|-damage|p1a: Politoed|289/383|[from] Stealth Rock","|-weather|RainDance","|move|p2a: Mandibuzz|Taunt|p1a: Politoed","|-start|p1a: Politoed|move: Taunt","|","|-weather|RainDance|[upkeep]","|-heal|p2a: Mandibuzz|267/361 tox|[from] item: Leftovers","|-damage|p2a: Mandibuzz|223/361 tox|[from] psn","|turn|7","|","|move|p2a: Mandibuzz|Knock Off|p1a: Politoed","|-damage|p1a: Politoed|141/383","|-enditem|p1a: Politoed|Wide Lens|[from] move: Knock Off|[of] p2a: Mandibuzz","|move|p1a: Politoed|Surf|p2a: Mandibuzz","|-damage|p2a: Mandibuzz|25/361 tox","|","|-weather|RainDance|[upkeep]","|-heal|p2a: Mandibuzz|47/361 tox|[from] item: Leftovers","|-damage|p2a: Mandibuzz|0 fnt|[from] psn","|faint|p2a: Mandibuzz","|","|switch|p2a: Charizard|Charizard, M|297/297","|turn|8","|","|switch|p1a: King Ludi|Ludicolo, F, shiny|301/301","|-damage|p1a: King Ludi|264/301|[from] Spikes","|-damage|p1a: King Ludi|227/301|[from] Stealth Rock","|move|p2a: Charizard|Hidden Power|p1a: King Ludi","|-damage|p1a: King Ludi|158/301","|-damage|p2a: Charizard|268/297|[from] item: Life Orb","|","|-weather|RainDance|[upkeep]","|-heal|p1a: King Ludi|176/301|[from] item: Leftovers","|turn|9","|","|move|p1a: King Ludi|Scald|p2a: Charizard","|-supereffective|p2a: Charizard","|-damage|p2a: Charizard|0 fnt","|faint|p2a: Charizard","|","|-weather|RainDance|[upkeep]","|-heal|p1a: King Ludi|194/301|[from] item: Leftovers","|","|switch|p2a: Altaria|Altaria, F|291/291","|turn|10","|","|detailschange|p2a: Altaria|Altaria-Mega, F","|-mega|p2a: Altaria|Altaria|Altarianite","|move|p1a: King Ludi|Teeter Dance|p2a: Altaria","|-start|p2a: Altaria|confusion","|-activate|p2a: Altaria|confusion","|-damage|p2a: Altaria|250/291|[from] confusion","|","|-weather|none","|-heal|p1a: King Ludi|212/301|[from] item: Leftovers","|turn|11","|","|switch|p2a: Togekiss|Togekiss, F|311/311","|move|p1a: King Ludi|Ice Beam|p2a: Togekiss","|-supereffective|p2a: Togekiss","|-damage|p2a: Togekiss|151/311","|","|-heal|p2a: Togekiss|170/311|[from] item: Leftovers","|-heal|p1a: King Ludi|230/301|[from] item: Leftovers","|turn|12","|","|switch|p1a: Swampert|Swampert, M|403/403","|-damage|p1a: Swampert|353/403|[from] Spikes","|-damage|p1a: Swampert|328/403|[from] Stealth Rock","|move|p2a: Togekiss|Air Slash|p1a: Swampert","|-damage|p1a: Swampert|187/403","|","|-heal|p2a: Togekiss|189/311|[from] item: Leftovers","|turn|13","|","|detailschange|p1a: Swampert|Swampert-Mega, M","|-mega|p1a: Swampert|Swampert|Swampertite","|move|p2a: Togekiss|Air Slash|p1a: Swampert","|-damage|p1a: Swampert|70/403","|cant|p1a: Swampert|flinch","|","|-heal|p2a: Togekiss|208/311|[from] item: Leftovers","|turn|14","|","|switch|p1a: Politoed|Politoed, M, shiny|141/383","|-damage|p1a: Politoed|94/383|[from] Spikes","|-damage|p1a: Politoed|47/383|[from] Stealth Rock","|-weather|RainDance","|move|p2a: Togekiss|Air Slash|p1a: Politoed|[miss]","|-miss|p2a: Togekiss|p1a: Politoed","|","|-weather|RainDance|[upkeep]","|-heal|p2a: Togekiss|227/311|[from] item: Leftovers","|turn|15","|","|move|p2a: Togekiss|Air Slash|p1a: Politoed","|-damage|p1a: Politoed|0 fnt","|faint|p1a: Politoed","|","|-weather|RainDance|[upkeep]","|-heal|p2a: Togekiss|246/311|[from] item: Leftovers","|","|switch|p1a: Swampert|Swampert-Mega, M|70/403","|-damage|p1a: Swampert|45/403|[from] Stealth Rock","|-damage|p1a: Swampert|0 fnt|[from] Spikes","|faint|p1a: Swampert","|","|switch|p1a: SS2 Azu|Azumarill, M, shiny|404/404","|-damage|p1a: SS2 Azu|354/404|[from] Spikes","|-damage|p1a: SS2 Azu|304/404|[from] Stealth Rock","|turn|16","|","|move|p2a: Togekiss|Air Slash|p1a: SS2 Azu","|-damage|p1a: SS2 Azu|145/404","|-enditem|p1a: SS2 Azu|Sitrus Berry|[eat]","|-heal|p1a: SS2 Azu|246/404|[from] item: Sitrus Berry","|cant|p1a: SS2 Azu|flinch","|","|-weather|RainDance|[upkeep]","|-heal|p2a: Togekiss|265/311|[from] item: Leftovers","|turn|17","|","|move|p2a: Togekiss|Air Slash|p1a: SS2 Azu|[miss]","|-miss|p2a: Togekiss|p1a: SS2 Azu","|move|p1a: SS2 Azu|Play Rough|p2a: Togekiss","|-damage|p2a: Togekiss|79/311","|","|-weather|RainDance|[upkeep]","|-heal|p2a: Togekiss|98/311|[from] item: Leftovers","|turn|18","|","|move|p1a: SS2 Azu|Aqua Jet|p2a: Togekiss","|-damage|p2a: Togekiss|0 fnt","|faint|p2a: Togekiss","|","|-weather|none","|","|switch|p2a: Skarmory|Skarmory, M|200/271","|turn|19","|","|move|p2a: Skarmory|Iron Head|p1a: SS2 Azu","|-damage|p1a: SS2 Azu|123/404","|cant|p1a: SS2 Azu|flinch","|","|turn|20","|","|switch|p1a: King Ludi|Ludicolo, F, shiny|230/301","|-damage|p1a: King Ludi|193/301|[from] Spikes","|-damage|p1a: King Ludi|156/301|[from] Stealth Rock","|move|p2a: Skarmory|Iron Head|p1a: King Ludi","|-crit|p1a: King Ludi","|-resisted|p1a: King Ludi","|-damage|p1a: King Ludi|61/301","|","|-heal|p1a: King Ludi|79/301|[from] item: Leftovers","|turn|21","|","|move|p1a: King Ludi|Teeter Dance|p2a: Skarmory","|-start|p2a: Skarmory|confusion","|-activate|p2a: Skarmory|confusion","|-damage|p2a: Skarmory|175/271|[from] confusion","|","|-heal|p1a: King Ludi|97/301|[from] item: Leftovers","|turn|22","|","|move|p1a: King Ludi|Scald|p2a: Skarmory","|-damage|p2a: Skarmory|30/271","|-status|p2a: Skarmory|brn","|-end|p2a: Skarmory|confusion","|move|p2a: Skarmory|Roost|p2a: Skarmory","|-heal|p2a: Skarmory|166/271 brn","|","|-heal|p1a: King Ludi|115/301|[from] item: Leftovers","|-damage|p2a: Skarmory|133/271 brn|[from] brn","|turn|23","|","|move|p1a: King Ludi|Ice Beam|p2a: Skarmory","|-damage|p2a: Skarmory|24/271 brn","|move|p2a: Skarmory|Iron Head|p1a: King Ludi","|-resisted|p1a: King Ludi","|-damage|p1a: King Ludi|80/301","|","|-heal|p1a: King Ludi|98/301|[from] item: Leftovers","|-damage|p2a: Skarmory|0 fnt|[from] brn","|faint|p2a: Skarmory","|","|switch|p2a: Altaria|Altaria-Mega, F|250/291","|turn|24","|","|move|p1a: King Ludi|Teeter Dance|p2a: Altaria","|-start|p2a: Altaria|confusion","|-activate|p2a: Altaria|confusion","|-damage|p2a: Altaria|214/291|[from] confusion","|","|-heal|p1a: King Ludi|116/301|[from] item: Leftovers","|turn|25","|","|move|p1a: King Ludi|Ice Beam|p2a: Altaria","|-supereffective|p2a: Altaria","|-damage|p2a: Altaria|40/291","|-activate|p2a: Altaria|confusion","|move|p2a: Altaria|Return|p1a: King Ludi","|-damage|p1a: King Ludi|0 fnt","|faint|p1a: King Ludi","|","|","|switch|p1a: SS2 Azu|Azumarill, M, shiny|123/404","|-damage|p1a: SS2 Azu|73/404|[from] Spikes","|-damage|p1a: SS2 Azu|23/404|[from] Stealth Rock","|turn|26","|","|move|p1a: SS2 Azu|Aqua Jet|p2a: Altaria","|-resisted|p2a: Altaria","|-damage|p2a: Altaria|0 fnt","|faint|p2a: Altaria","|","|","|switch|p2a: Landorus-Therian|Landorus-Therian, M|319/319","|-ability|p2a: Landorus-Therian|Intimidate","|-unboost|p1a: SS2 Azu|atk|1","|turn|27","|","|move|p1a: SS2 Azu|Aqua Jet|p2a: Landorus-Therian","|-supereffective|p2a: Landorus-Therian","|-damage|p2a: Landorus-Therian|187/319","|move|p2a: Landorus-Therian|Knock Off|p1a: SS2 Azu","|-resisted|p1a: SS2 Azu","|-damage|p1a: SS2 Azu|0 fnt","|faint|p1a: SS2 Azu","|","|","|switch|p1a: Milo|Milotic, F, shiny|297/394","|-damage|p1a: Milo|248/394|[from] Spikes","|-damage|p1a: Milo|199/394|[from] Stealth Rock","|turn|28","|","|move|p2a: Landorus-Therian|Earthquake|p1a: Milo","|-crit|p1a: Milo","|-damage|p1a: Milo|0 fnt","|faint|p1a: Milo","|","|","|switch|p1a: Swanna|Swanna, F, shiny|291/291","|-damage|p1a: Swanna|219/291|[from] Stealth Rock","|turn|29","|","|move|p1a: Swanna|Ice Beam|p2a: Landorus-Therian","|-crit|p2a: Landorus-Therian","|-supereffective|p2a: Landorus-Therian","|-damage|p2a: Landorus-Therian|0 fnt","|-damage|p1a: Swanna|190/291|[from] item: Life Orb","|faint|p2a: Landorus-Therian","|","|win|Sage.13"],"p1rating":{"entryid":"7365108","serverid":"eos","formatid":"monotype","userid":"sage13","username":"Sage.13","w":18,"l":"18","t":"0","gxe":48.2,"r":"1501.1655659872","rd":"60.373939054538","sigma":"0","rptime":"1438851600","rpr":1486.0071409299,"rprd":55.618878015752,"rpsigma":"0","acre":1093.6384196003,"lacre":1093.6384196003,"oldacre":"1064.1753211817"},"p2rating":{"entryid":"6783929","serverid":"eos","formatid":"monotype","userid":"tboltrider","username":"tboltrider","w":"9","l":22,"t":"0","gxe":33.7,"r":1378.5778471541,"rd":65.360208887507,"sigma":"0","rptime":1438851600,"rpr":1370.7638444817,"rprd":64.390562593466,"rpsigma":"0","acre":1036.234210691,"lacre":1036.234210691,"oldacre":"1053.7560819944"},"endType":"normal"}