{"seed":[62981,53303,27247,22301],"turns":20,"p1":"KGBeast","p2":"IV Jacobot","p1team":[{"name":"Hippowdon","species":"Hippowdon","item":"rockyhelmet","ability":"Sand Stream","moves":["stealthrock","earthquake","whirlwind","slackoff"],"nature":"Impish","evs":{"hp":248,"atk":8,"def":252,"spa":0,"spd":0,"spe":0},"ivs":{"hp":31,"atk":31,"def":31,"spa":31,"spd":31,"spe":31}},{"name":"Landorus","species":"Landorus","item":"lifeorb","ability":"Sheer Force","moves":["earthpower","sludgewave","substitute","gravity"],"nature":"Modest","evs":{"hp":0,"atk":0,"def":4,"spa":252,"spd":0,"spe":252},"ivs":{"hp":31,"atk":0,"def":31,"spa":31,"spd":31,"spe":31}},{"name":"Mamoswine","species":"Mamoswine","item":"lifeorb","ability":"Thick Fat","moves":["iceshard","iciclespear","knockoff","superpower"],"nature":"Adamant","evs":{"hp":0,"atk":252,"def":4,"spa":0,"spd":0,"spe":252},"ivs":{"hp":31,"atk":31,"def":31,"spa":31,"spd":31,"spe":31}},{"name":"Garchomp","species":"Garchomp","item":"garchompite","ability":"Rough Skin","moves":["swordsdance","earthquake","fireblast","stoneedge"],"nature":"Jolly","evs":{"hp":0,"atk":252,"def":4,"spa":0,"spd":0,"spe":252},"ivs":{"hp":31,"atk":31,"def":31,"spa":31,"spd":31,"spe":31}},{"name":"Excadrill","species":"Excadrill","item":"choiceband","ability":"Sand Rush","moves":["ironhead","earthquake","rockslide","rapidspin"],"nature":"Adamant","evs":{"hp":0,"atk":252,"def":0,"spa":0,"spd":4,"spe":252},"ivs":{"hp":31,"atk":31,"def":31,"spa":31,"spd":31,"spe":31}},{"name":"Gastrodon","species":"Gastrodon","item":"leftovers","ability":"Storm Drain","moves":["scald","earthquake","toxic","recover"],"nature":"Sassy","evs":{"hp":248,"atk":8,"def":0,"spa":0,"spd":252,"spe":0},"ivs":{"hp":31,"atk":31,"def":31,"spa":31,"spd":31,"spe":31}}],"p2team":[{"name":"Big Bad Bug","species":"pinsir","item":"pinsirite","ability":"Moxie","moves":["return","quickattack","swordsdance","closecombat"],"nature":"Jolly","evs":{"hp":0,"atk":252,"def":4,"spa":0,"spd":0,"spe":252},"gender":"M","shiny":true,"ivs":{"hp":31,"atk":31,"def":31,"spa":31,"spd":31,"spe":31}},{"name":"Hell in a Shell","species":"shuckle","item":"leftovers","ability":"Sturdy","moves":["stealthrock","toxic","gyroball","stickyweb"],"nature":"Sassy","evs":{"hp":0,"atk":4,"def":252,"spa":0,"spd":252,"spe":0},"gender":"M","ivs":{"hp":31,"atk":31,"def":31,"spa":31,"spd":31,"spe":0},"shiny":true,"happiness":0},{"name":"Mr Clamps","species":"scizor","item":"focussash","ability":"Technician","moves":["swordsdance","bulletpunch","pursuit","aerialace"],"nature":"Adamant","evs":{"hp":248,"atk":252,"def":0,"spa":0,"spd":8,"spe":0},"gender":"M","ivs":{"hp":31,"atk":31,"def":31,"spa":31,"spd":31,"spe":31}},{"name":"Flying High","species":"yanmega","item":"focussash","ability":"Speed Boost","moves":["bugbuzz","ancientpower","airslash","gigadrain"],"nature":"Modest","evs":{"hp":0,"atk":0,"def":0,"spa":252,"spd":4,"spe":252},"gender":"M","shiny":true,"ivs":{"hp":31,"atk":31,"def":31,"spa":31,"spd":31,"spe":31}},{"name":"Spiderman","species":"galvantula","item":"focussash","ability":"Compound Eyes","moves":["bugbuzz","stickyweb","thunder","energyball"],"nature":"Timid","evs":{"hp":0,"atk":0,"def":0,"spa":252,"spd":4,"spe":252},"gender":"M","shiny":true,"ivs":{"hp":31,"atk":31,"def":31,"spa":31,"spd":31,"spe":31}},{"name":"Feel The Burn","species":"volcarona","item":"focussash","ability":"Flame Body","moves":["bugbuzz","fierydance","quiverdance","psychic"],"nature":"Modest","evs":{"hp":0,"atk":0,"def":0,"spa":252,"spd":4,"spe":252},"gender":"M","shiny":true,"ivs":{"hp":31,"atk":31,"def":31,"spa":31,"spd":31,"spe":31}}],"log":["|player|p1|KGBeast|kgbeast.png","|player|p2|IV Jacobot|269","|gametype|singles","|gen|6","|tier|Monotype","|rated","|rule|Baton Pass Clause: Limit one Baton Passer, can't pass Spe and other stats simultaneously","|rule|Swagger Clause: Swagger is banned","|rule|Same Type Clause: Pokémon in a team must share a type","|clearpoke","|poke|p1|Hippowdon, M","|poke|p1|Landorus, M","|poke|p1|Mamoswine, M","|poke|p1|Garchomp, F","|poke|p1|Excadrill, M","|poke|p1|Gastrodon, M","|poke|p2|Pinsir, M, shiny","|poke|p2|Shuckle, M, shiny","|poke|p2|Scizor, M","|poke|p2|Yanmega, M, shiny","|poke|p2|Galvantula, M, shiny","|poke|p2|Volcarona, M, shiny","|rule|Sleep Clause Mod: Limit one foe put to sleep","|rule|Species Clause: Limit one of each Pokémon","|rule|OHKO Clause: OHKO moves are banned","|rule|Moody Clause: Moody is banned","|rule|Evasion Moves Clause: Evasion moves are banned","|rule|Endless Battle Clause: Forcing endless battles is banned","|rule|HP Percentage Mod: HP is shown in percentages","|teampreview","|","|start","|switch|p1a: Hippowdon|Hippowdon, M|419/419","|switch|p2a: Hell in a Shell|Shuckle, M, shiny|181/181","|-weather|Sandstorm","|turn|1","|","|switch|p1a: Excadrill|Excadrill, M|361/361","|move|p2a: Hell in a Shell|Sticky Web|p1a: Excadrill","|-sidestart|p1: KGBeast|move: Sticky Web","|","|-weather|Sandstorm|[upkeep]","|turn|2","|","|move|p1a: Excadrill|Iron Head|p2a: Hell in a Shell","|-supereffective|p2a: Hell in a Shell","|-ability|p2a: Hell in a Shell|Sturdy","|-damage|p2a: Hell in a Shell|1/181","|move|p2a: Hell in a Shell|Stealth Rock|p1a: Excadrill","|-sidestart|p1: KGBeast|move: Stealth Rock","|","|-weather|Sandstorm|[upkeep]","|-heal|p2a: Hell in a Shell|12/181|[from] item: Leftovers","|turn|3","|","|move|p1a: Excadrill|Iron Head|p2a: Hell in a Shell","|-supereffective|p2a: Hell in a Shell","|-damage|p2a: Hell in a Shell|0 fnt","|faint|p2a: Hell in a Shell","|","|-weather|Sandstorm|[upkeep]","|","|switch|p2a: Feel The Burn|Volcarona, M, shiny|311/311","|turn|4","|","|switch|p1a: Mamoswine|Mamoswine, M|361/361","|-damage|p1a: Mamoswine|316/361|[from] Stealth Rock","|-activate|p1a: Mamoswine|move: Sticky Web","|-unboost|p1a: Mamoswine|spe|1","|move|p2a: Feel The Burn|Fiery Dance|p1a: Mamoswine","|-supereffective|p1a: Mamoswine","|-damage|p1a: Mamoswine|88/361","|","|-weather|Sandstorm|[upkeep]","|-damage|p2a: Feel The Burn|292/311|[from] sandstorm","|turn|5","|","|move|p2a: Feel The Burn|Fiery Dance|p1a: Mamoswine","|-supereffective|p1a: Mamoswine","|-damage|p1a: Mamoswine|0 fnt","|faint|p1a: Mamoswine","|","|-weather|none","|","|switch|p1a: Garchomp|Garchomp, F|357/357","|-damage|p1a: Garchomp|335/357|[from] Stealth Rock","|-activate|p1a: Garchomp|move: Sticky Web","|-unboost|p1a: Garchomp|spe|1","|turn|6","|","|detailschange|p1a: Garchomp|Garchomp-Mega, F","|-mega|p1a: Garchomp|Garchomp|Garchompite","|move|p2a: Feel The Burn|Bug Buzz|p1a: Garchomp","|-damage|p1a: Garchomp|151/357","|move|p1a: Garchomp|Earthquake|p2a: Feel The Burn","|-damage|p2a: Feel The Burn|0 fnt","|faint|p2a: Feel The Burn","|","|","|switch|p2a: Flying High|Yanmega, M, shiny|313/313","|turn|7","|","|move|p2a: Flying High|Bug Buzz|p1a: Garchomp","|-damage|p1a: Garchomp|0 fnt","|faint|p1a: Garchomp","|","|-boost|p2a: Flying High|spe|1|[from] ability: Speed Boost","|","|switch|p1a: Excadrill|Excadrill, M|361/361","|-activate|p1a: Excadrill|move: Sticky Web","|-unboost|p1a: Excadrill|spe|1","|-damage|p1a: Excadrill|350/361|[from] Stealth Rock","|turn|8","|","|move|p2a: Flying High|Giga Drain|p1a: Excadrill","|-damage|p1a: Excadrill|211/361","|move|p1a: Excadrill|Rock Slide|p2a: Flying High","|-supereffective|p2a: Flying High","|-enditem|p2a: Flying High|Focus Sash","|-damage|p2a: Flying High|1/313","|","|-boost|p2a: Flying High|spe|1|[from] ability: Speed Boost","|turn|9","|","|switch|p1a: Landorus|Landorus, M|319/319","|-damage|p1a: Landorus|280/319|[from] Stealth Rock","|move|p2a: Flying High|Giga Drain|p1a: Landorus","|-damage|p1a: Landorus|169/319","|-heal|p2a: Flying High|57/313|[from] drain|[of] p1a: Landorus","|","|-boost|p2a: Flying High|spe|1|[from] ability: Speed Boost","|turn|10","|","|move|p2a: Flying High|Ancient Power|p1a: Landorus","|-damage|p1a: Landorus|75/319","|move|p1a: Landorus|Sludge Wave|p2a: Flying High","|-damage|p2a: Flying High|0 fnt","|faint|p2a: Flying High","|","|","|switch|p2a: Big Bad Bug|Pinsir, M, shiny|271/271","|turn|11","|","|switch|p1a: Hippowdon|Hippowdon, M|419/419","|-damage|p1a: Hippowdon|393/419|[from] Stealth Rock","|-activate|p1a: Hippowdon|move: Sticky Web","|-unboost|p1a: Hippowdon|spe|1","|-weather|Sandstorm","|detailschange|p2a: Big Bad Bug|Pinsir-Mega, M, shiny","|-mega|p2a: Big Bad Bug|Pinsir|Pinsirite","|move|p2a: Big Bad Bug|Quick Attack|p1a: Hippowdon","|-damage|p1a: Hippowdon|329/419","|-damage|p2a: Big Bad Bug|226/271|[from] item: Rocky Helmet|[of] p1a: Hippowdon","|","|-weather|Sandstorm|[upkeep]","|-damage|p2a: Big Bad Bug|210/271|[from] sandstorm","|turn|12","|","|move|p2a: Big Bad Bug|Return|p1a: Hippowdon","|-damage|p1a: Hippowdon|154/419","|-damage|p2a: Big Bad Bug|165/271|[from] item: Rocky Helmet|[of] p1a: Hippowdon","|move|p1a: Hippowdon|Stealth Rock|p2a: Big Bad Bug","|-sidestart|p2: IV Jacobot|move: Stealth Rock","|","|-weather|Sandstorm|[upkeep]","|-damage|p2a: Big Bad Bug|149/271|[from] sandstorm","|turn|13","|","|switch|p1a: Landorus|Landorus, M|75/319","|-damage|p1a: Landorus|36/319|[from] Stealth Rock","|move|p2a: Big Bad Bug|Return|p1a: Landorus","|-damage|p1a: Landorus|0 fnt","|faint|p1a: Landorus","|","|-weather|Sandstorm|[upkeep]","|-damage|p2a: Big Bad Bug|133/271|[from] sandstorm","|","|switch|p1a: Excadrill|Excadrill, M|211/361","|-activate|p1a: Excadrill|move: Sticky Web","|-unboost|p1a: Excadrill|spe|1","|-damage|p1a: Excadrill|200/361|[from] Stealth Rock","|turn|14","|","|move|p1a: Excadrill|Rock Slide|p2a: Big Bad Bug","|-supereffective|p2a: Big Bad Bug","|-damage|p2a: Big Bad Bug|0 fnt","|faint|p2a: Big Bad Bug","|","|-weather|Sandstorm|[upkeep]","|","|switch|p2a: Mr Clamps|Scizor, M|343/343","|-damage|p2a: Mr Clamps|301/343|[from] Stealth Rock","|turn|15","|","|move|p2a: Mr Clamps|Pursuit|p1a: Excadrill|[from]Pursuit","|-damage|p1a: Excadrill|29/361","|switch|p1a: Gastrodon|Gastrodon, M|425/425","|-activate|p1a: Gastrodon|move: Sticky Web","|-unboost|p1a: Gastrodon|spe|1","|-damage|p1a: Gastrodon|399/425|[from] Stealth Rock","|","|-weather|none","|-heal|p1a: Gastrodon|425/425|[from] item: Leftovers","|turn|16","|","|move|p2a: Mr Clamps|Swords Dance|p2a: Mr Clamps","|-boost|p2a: Mr Clamps|atk|2","|move|p1a: Gastrodon|Scald|p2a: Mr Clamps","|-damage|p2a: Mr Clamps|202/343","|","|turn|17","|","|move|p2a: Mr Clamps|Swords Dance|p2a: Mr Clamps","|-boost|p2a: Mr Clamps|atk|2","|move|p1a: Gastrodon|Scald|p2a: Mr Clamps","|-damage|p2a: Mr Clamps|94/343","|-status|p2a: Mr Clamps|brn","|","|-damage|p2a: Mr Clamps|52/343 brn|[from] brn","|turn|18","|","|move|p2a: Mr Clamps|Aerial Ace|p1a: Gastrodon","|-damage|p1a: Gastrodon|175/425","|move|p1a: Gastrodon|Scald|p2a: Mr Clamps","|-damage|p2a: Mr Clamps|0 fnt","|faint|p2a: Mr Clamps","|","|-heal|p1a: Gastrodon|201/425|[from] item: Leftovers","|","|switch|p2a: Spiderman|Galvantula, M, shiny|281/281","|-damage|p2a: Spiderman|211/281|[from] Stealth Rock","|turn|19","|","|switch|p1a: Hippowdon|Hippowdon, M|154/419","|-activate|p1a: Hippowdon|move: Sticky Web","|-unboost|p1a: Hippowdon|spe|1","|-damage|p1a: Hippowdon|128/419|[from] Stealth Rock","|-weather|Sandstorm","|move|p2a: Spiderman|Energy Ball|p1a: Hippowdon","|-supereffective|p1a: Hippowdon","|-damage|p1a: Hippowdon|0 fnt","|faint|p1a: Hippowdon","|","|-weather|Sandstorm|[upkeep]","|-damage|p2a: Spiderman|194/281|[from] sandstorm","|","|switch|p1a: Excadrill|Excadrill, M|29/361","|-damage|p1a: Excadrill|18/361|[from] Stealth Rock","|-activate|p1a: Excadrill|move: Sticky Web","|-unboost|p1a: Excadrill|spe|1","|turn|20","|","|move|p1a: Excadrill|Earthquake|p2a: Spiderman","|-damage|p2a: Spiderman|0 fnt","|faint|p2a: Spiderman","|","|win|KGBeast"],"p1rating":{"entryid":"6349485","serverid":"eos","formatid":"monotype","userid":"kgbeast","username":"KGBeast","w":59,"l":"27","t":"0","gxe":67.3,"r":"1619.1834863741","rd":"45.46532274501","sigma":"0","rptime":"1438851600","rpr":1636.5642975851,"rprd":41.975700287194,"rpsigma":"0","acre":1338.1705600383,"lacre":1338.1705600383,"oldacre":"1326.7775733147"},"p2rating":{"entryid":"7400607","serverid":"eos","formatid":"monotype","userid":"ivjacobot","username":"IV Jacobot","w":"15","l":11,"t":"0","gxe":55.1,"r":"1538.0120938458","rd":"67.849779349705","sigma":"0","rptime":"1438851600","rpr":1539.475245288,"rprd":63.637550716457,"rpsigma":"0","acre":1152.6023694139,"lacre":1152.6023694139,"oldacre":"1166.8436028183"},"endType":"normal"}