{"seed":[17723,45105,27870,830],"turns":34,"p1":"JusAnAlt","p2":"Crystal glaceon13","p1team":[{"name":"Politoed","species":"Politoed","item":"ejectbutton","ability":"Drizzle","moves":["surf","icebeam","perishsong","toxic"],"nature":"Calm","evs":{"hp":248,"atk":0,"def":0,"spa":8,"spd":252,"spe":0},"ivs":{"hp":31,"atk":0,"def":31,"spa":31,"spd":31,"spe":31}},{"name":"Ludicolo","species":"Ludicolo","item":"lifeorb","ability":"Swift Swim","moves":["icebeam","surf","gigadrain","raindance"],"nature":"Modest","evs":{"hp":0,"atk":0,"def":0,"spa":252,"spd":4,"spe":252},"ivs":{"hp":31,"atk":31,"def":31,"spa":31,"spd":31,"spe":31}},{"name":"Swampert","species":"Swampert","item":"swampertite","ability":"Torrent","moves":["icepunch","earthquake","waterfall","raindance"],"nature":"Adamant","evs":{"hp":0,"atk":252,"def":0,"spa":0,"spd":4,"spe":252},"ivs":{"hp":31,"atk":31,"def":31,"spa":31,"spd":31,"spe":31}},{"name":"Kingdra","species":"Kingdra","item":"choicespecs","ability":"Swift Swim","moves":["surf","dragonpulse","icebeam","flashcannon"],"nature":"Modest","evs":{"hp":0,"atk":0,"def":0,"spa":252,"spd":4,"spe":252},"ivs":{"hp":31,"atk":31,"def":31,"spa":31,"spd":31,"spe":31}},{"name":"Azumarill","species":"Azumarill","item":"choiceband","ability":"Sap Sipper","moves":["playrough","aquajet","knockoff","waterfall"],"nature":"Adamant","evs":{"hp":248,"atk":252,"def":0,"spa":0,"spd":8,"spe":0},"ivs":{"hp":31,"atk":31,"def":31,"spa":31,"spd":31,"spe":31}},{"name":"Tentacruel","species":"Tentacruel","item":"blacksludge","ability":"Liquid Ooze","moves":["acidspray","scald","rapidspin","raindance"],"nature":"Bold","evs":{"hp":248,"atk":0,"def":252,"spa":8,"spd":0,"spe":0},"ivs":{"hp":31,"atk":0,"def":31,"spa":31,"spd":31,"spe":31}}],"p2team":[{"name":"Diancie","species":"Diancie","item":"diancite","ability":"Clear Body","moves":["earthpower","moonblast","diamondstorm","protect"],"nature":"Naive","evs":{"hp":0,"atk":4,"def":0,"spa":252,"spd":0,"spe":252},"ivs":{"hp":31,"atk":31,"def":31,"spa":31,"spd":31,"spe":31}},{"name":"Togekiss","species":"Togekiss","item":"leftovers","ability":"Serene Grace","moves":["nastyplot","batonpass","airslash","flamethrower"],"nature":"Calm","evs":{"hp":248,"atk":0,"def":0,"spa":0,"spd":240,"spe":20},"ivs":{"hp":31,"atk":31,"def":31,"spa":31,"spd":31,"spe":31}},{"name":"Klefki","species":"Klefki","item":"lightclay","ability":"Prankster","moves":["reflect","lightscreen","thunderwave","foulplay"],"nature":"Bold","evs":{"hp":252,"atk":0,"def":64,"spa":0,"spd":192,"spe":0},"ivs":{"hp":31,"atk":31,"def":31,"spa":31,"spd":31,"spe":31}},{"name":"Azumarill","species":"Azumarill","item":"assaultvest","ability":"Huge Power","moves":["playrough","aquajet","waterfall","poweruppunch"],"nature":"Adamant","evs":{"hp":248,"atk":252,"def":0,"spa":0,"spd":0,"spe":8},"gender":"M","ivs":{"hp":31,"atk":31,"def":31,"spa":31,"spd":31,"spe":31}},{"name":"Gardevoir","species":"Gardevoir","item":"choicescarf","ability":"Trace","moves":["thunderbolt","hiddenpowerfire","moonblast","psyshock"],"nature":"Timid","evs":{"hp":0,"atk":0,"def":4,"spa":252,"spd":0,"spe":252},"ivs":{"hp":31,"atk":30,"def":31,"spa":30,"spd":31,"spe":30}},{"name":"Granbull","species":"Granbull","item":"leftovers","ability":"Intimidate","moves":["earthquake","firepunch","bulkup","playrough"],"nature":"Adamant","evs":{"hp":188,"atk":200,"def":120,"spa":0,"spd":0,"spe":0},"ivs":{"hp":31,"atk":31,"def":31,"spa":31,"spd":31,"spe":31}}],"log":["|player|p1|JusAnAlt|99","|player|p2|Crystal glaceon13|32","|gametype|singles","|gen|6","|tier|Monotype","|rated","|rule|Baton Pass Clause: Limit one Baton Passer, can't pass Spe and other stats simultaneously","|rule|Swagger Clause: Swagger is banned","|rule|Same Type Clause: Pokémon in a team must share a type","|clearpoke","|poke|p1|Politoed, F","|poke|p1|Ludicolo, F","|poke|p1|Swampert, M","|poke|p1|Kingdra, F","|poke|p1|Azumarill, M","|poke|p1|Tentacruel, F","|poke|p2|Diancie","|poke|p2|Togekiss, F","|poke|p2|Klefki, M","|poke|p2|Azumarill, M","|poke|p2|Gardevoir, M","|poke|p2|Granbull, F","|rule|Sleep Clause Mod: Limit one foe put to sleep","|rule|Species Clause: Limit one of each Pokémon","|rule|OHKO Clause: OHKO moves are banned","|rule|Moody Clause: Moody is banned","|rule|Evasion Moves Clause: Evasion moves are banned","|rule|Endless Battle Clause: Forcing endless battles is banned","|rule|HP Percentage Mod: HP is shown in percentages","|teampreview","|","|start","|switch|p1a: Politoed|Politoed, F|383/383","|switch|p2a: Klefki|Klefki, M|318/318","|-weather|RainDance","|turn|1","|","|switch|p1a: Swampert|Swampert, M|341/341","|move|p2a: Klefki|Light Screen|p2a: Klefki","|-sidestart|p2: Crystal glaceon13|move: Light Screen","|","|-weather|RainDance|[upkeep]","|turn|2","|","|detailschange|p1a: Swampert|Swampert-Mega, M","|-mega|p1a: Swampert|Swampert|Swampertite","|move|p2a: Klefki|Reflect|p2a: Klefki","|-sidestart|p2: Crystal glaceon13|Reflect","|move|p1a: Swampert|Earthquake|p2a: Klefki","|-supereffective|p2a: Klefki","|-damage|p2a: Klefki|104/318","|","|-weather|RainDance|[upkeep]","|turn|3","|","|switch|p2a: Granbull|Granbull, F|368/368","|-ability|p2a: Granbull|Intimidate","|-unboost|p1a: Swampert|atk|1","|move|p1a: Swampert|Waterfall|p2a: Granbull","|-damage|p2a: Granbull|265/368","|","|-weather|RainDance|[upkeep]","|-heal|p2a: Granbull|288/368|[from] item: Leftovers","|turn|4","|","|switch|p1a: Tentacruel|Tentacruel, F|363/363","|move|p2a: Granbull|Bulk Up|p2a: Granbull","|-boost|p2a: Granbull|atk|1","|-boost|p2a: Granbull|def|1","|","|-weather|RainDance|[upkeep]","|-heal|p2a: Granbull|311/368|[from] item: Leftovers","|turn|5","|","|move|p1a: Tentacruel|Acid Spray|p2a: Granbull","|-supereffective|p2a: Granbull","|-damage|p2a: Granbull|254/368","|-unboost|p2a: Granbull|spd|2","|move|p2a: Granbull|Earthquake|p1a: Tentacruel","|-supereffective|p1a: Tentacruel","|-damage|p1a: Tentacruel|41/363","|","|-weather|none","|-heal|p1a: Tentacruel|63/363|[from] item: Black Sludge","|-heal|p2a: Granbull|277/368|[from] item: Leftovers","|turn|6","|","|switch|p2a: Klefki|Klefki, M|104/318","|move|p1a: Tentacruel|Scald|p2a: Klefki","|-damage|p2a: Klefki|66/318","|-status|p2a: Klefki|brn","|","|-heal|p1a: Tentacruel|85/363|[from] item: Black Sludge","|-damage|p2a: Klefki|27/318 brn|[from] brn","|turn|7","|","|switch|p1a: Swampert|Swampert-Mega, M|341/341","|switch|p2a: Togekiss|Togekiss, F|373/373","|","|turn|8","|","|switch|p1a: Politoed|Politoed, F|383/383","|-weather|RainDance","|move|p2a: Togekiss|Nasty Plot|p2a: Togekiss","|-boost|p2a: Togekiss|spa|2","|","|-weather|RainDance|[upkeep]","|-sideend|p2: Crystal glaceon13|move: Light Screen","|turn|9","|","|switch|p1a: Tentacruel|Tentacruel, F|85/363","|move|p2a: Togekiss|Baton Pass|p2a: Togekiss","|","|switch|p2a: Gardevoir|Gardevoir, M|277/277","|-ability|p2a: Gardevoir|Liquid Ooze|[from] ability: Trace|[of] p1a: Tentacruel","|","|-weather|RainDance|[upkeep]","|-heal|p1a: Tentacruel|107/363|[from] item: Black Sludge","|-sideend|p2: Crystal glaceon13|Reflect","|turn|10","|","|move|p2a: Gardevoir|Psyshock|p1a: Tentacruel","|-crit|p1a: Tentacruel","|-supereffective|p1a: Tentacruel","|-damage|p1a: Tentacruel|0 fnt","|faint|p1a: Tentacruel","|","|-weather|RainDance|[upkeep]","|","|switch|p1a: Swampert|Swampert-Mega, M|341/341","|turn|11","|","|switch|p2a: Granbull|Granbull, F|277/368","|-ability|p2a: Granbull|Intimidate","|-unboost|p1a: Swampert|atk|1","|move|p1a: Swampert|Waterfall|p2a: Granbull","|-damage|p2a: Granbull|70/368","|","|-weather|RainDance|[upkeep]","|-heal|p2a: Granbull|93/368|[from] item: Leftovers","|turn|12","|","|move|p1a: Swampert|Waterfall|p2a: Granbull","|-damage|p2a: Granbull|0 fnt","|faint|p2a: Granbull","|","|-weather|none","|","|switch|p2a: Klefki|Klefki, M|27/318 brn","|turn|13","|","|switch|p1a: Politoed|Politoed, F|383/383","|-weather|RainDance","|move|p2a: Klefki|Reflect|p2a: Klefki","|-sidestart|p2: Crystal glaceon13|Reflect","|","|-weather|RainDance|[upkeep]","|-damage|p2a: Klefki|0 fnt|[from] brn","|faint|p2a: Klefki","|","|switch|p2a: Togekiss|Togekiss, F|373/373","|turn|14","|","|move|p2a: Togekiss|Nasty Plot|p2a: Togekiss","|-boost|p2a: Togekiss|spa|2","|move|p1a: Politoed|Perish Song|p1a: Politoed","|-start|p1a: Politoed|perish3|[silent]","|-start|p2a: Togekiss|perish3|[silent]","|-fieldactivate|move: Perish Song","|","|-start|p2a: Togekiss|perish3","|-start|p1a: Politoed|perish3","|-weather|RainDance|[upkeep]","|turn|15","|","|move|p2a: Togekiss|Baton Pass|p2a: Togekiss","|","|switch|p2a: Gardevoir|Gardevoir, M|277/277","|-ability|p2a: Gardevoir|Drizzle|[from] ability: Trace|[of] p1a: Politoed","|move|p1a: Politoed|Surf|p2a: Gardevoir","|-damage|p2a: Gardevoir|138/277","|","|-start|p2a: Gardevoir|perish2","|-start|p1a: Politoed|perish2","|-weather|RainDance|[upkeep]","|turn|16","|","|switch|p1a: Azumarill|Azumarill, M|403/403","|move|p2a: Gardevoir|Thunderbolt|p1a: Azumarill","|-supereffective|p1a: Azumarill","|-damage|p1a: Azumarill|0 fnt","|faint|p1a: Azumarill","|","|-start|p2a: Gardevoir|perish1","|-weather|RainDance|[upkeep]","|","|switch|p1a: Swampert|Swampert-Mega, M|341/341","|turn|17","|","|switch|p2a: Azumarill|Azumarill, M|403/403","|move|p1a: Swampert|Waterfall|p2a: Azumarill","|-resisted|p2a: Azumarill","|-damage|p2a: Azumarill|329/403","|","|-weather|none","|turn|18","|","|switch|p1a: Politoed|Politoed, F|383/383","|-weather|RainDance","|move|p2a: Azumarill|Power-Up Punch|p1a: Politoed","|-crit|p1a: Politoed","|-damage|p1a: Politoed|278/383","|-boost|p2a: Azumarill|atk|1","|-enditem|p1a: Politoed|Eject Button","|","|switch|p1a: Ludicolo|Ludicolo, F|301/301","|","|-weather|RainDance|[upkeep]","|turn|19","|","|switch|p2a: Togekiss|Togekiss, F|373/373","|move|p1a: Ludicolo|Giga Drain|p2a: Togekiss","|-resisted|p2a: Togekiss","|-damage|p2a: Togekiss|326/373","|-damage|p1a: Ludicolo|271/301|[from] item: Life Orb","|","|-weather|RainDance|[upkeep]","|-heal|p2a: Togekiss|349/373|[from] item: Leftovers","|turn|20","|","|move|p1a: Ludicolo|Ice Beam|p2a: Togekiss","|-crit|p2a: Togekiss","|-supereffective|p2a: Togekiss","|-damage|p2a: Togekiss|105/373","|-damage|p1a: Ludicolo|241/301|[from] item: Life Orb","|move|p2a: Togekiss|Air Slash|p1a: Ludicolo","|-supereffective|p1a: Ludicolo","|-damage|p1a: Ludicolo|25/301","|","|-weather|RainDance|[upkeep]","|-heal|p2a: Togekiss|128/373|[from] item: Leftovers","|-sideend|p2: Crystal glaceon13|Reflect","|turn|21","|","|switch|p2a: Azumarill|Azumarill, M|329/403","|move|p1a: Ludicolo|Surf|p2a: Azumarill","|-resisted|p2a: Azumarill","|-damage|p2a: Azumarill|228/403","|-damage|p1a: Ludicolo|0 fnt|[from] item: Life Orb","|faint|p1a: Ludicolo","|","|-weather|RainDance|[upkeep]","|","|switch|p1a: Swampert|Swampert-Mega, M|341/341","|turn|22","|","|move|p1a: Swampert|Earthquake|p2a: Azumarill","|-damage|p2a: Azumarill|0 fnt","|faint|p2a: Azumarill","|","|-weather|none","|","|switch|p2a: Togekiss|Togekiss, F|128/373","|turn|23","|","|move|p1a: Swampert|Rain Dance|p1a: Swampert","|-weather|RainDance","|move|p2a: Togekiss|Air Slash|p1a: Swampert","|-damage|p1a: Swampert|242/341","|","|-weather|RainDance|[upkeep]","|-heal|p2a: Togekiss|151/373|[from] item: Leftovers","|turn|24","|","|move|p1a: Swampert|Waterfall|p2a: Togekiss","|-damage|p2a: Togekiss|0 fnt","|faint|p2a: Togekiss","|","|-weather|RainDance|[upkeep]","|","|switch|p2a: Gardevoir|Gardevoir, M|138/277","|-ability|p2a: Gardevoir|Swift Swim|[from] ability: Trace|[of] p1a: Swampert","|turn|25","|","|move|p2a: Gardevoir|Moonblast|p1a: Swampert","|-damage|p1a: Swampert|88/341","|move|p1a: Swampert|Waterfall|p2a: Gardevoir","|-damage|p2a: Gardevoir|0 fnt","|faint|p2a: Gardevoir","|","|-weather|RainDance|[upkeep]","|","|switch|p2a: Diancie|Diancie|241/241","|turn|26","|","|detailschange|p2a: Diancie|Diancie-Mega","|-mega|p2a: Diancie|Diancie|Diancite","|move|p2a: Diancie|Protect|p2a: Diancie","|-singleturn|p2a: Diancie|Protect","|move|p1a: Swampert|Waterfall|p2a: Diancie","|-activate|p2a: Diancie|Protect","|","|-weather|RainDance|[upkeep]","|turn|27","|","|move|p2a: Diancie|Protect|p2a: Diancie","|-singleturn|p2a: Diancie|Protect","|move|p1a: Swampert|Waterfall|p2a: Diancie","|-activate|p2a: Diancie|Protect","|","|-weather|none","|turn|28","|","|switch|p1a: Politoed|Politoed, F|278/383","|-weather|RainDance","|move|p2a: Diancie|Moonblast|p1a: Politoed","|-damage|p1a: Politoed|133/383","|","|-weather|RainDance|[upkeep]","|turn|29","|","|move|p2a: Diancie|Protect|p2a: Diancie","|-singleturn|p2a: Diancie|Protect","|move|p1a: Politoed|Surf|p2a: Diancie","|-activate|p2a: Diancie|Protect","|","|-weather|RainDance|[upkeep]","|turn|30","|","|move|p2a: Diancie|Moonblast|p1a: Politoed","|-damage|p1a: Politoed|0 fnt","|faint|p1a: Politoed","|","|-weather|RainDance|[upkeep]","|","|switch|p1a: Kingdra|Kingdra, F|291/291","|turn|31","|","|move|p2a: Diancie|Protect|p2a: Diancie","|-singleturn|p2a: Diancie|Protect","|move|p1a: Kingdra|Flash Cannon|p2a: Diancie","|-activate|p2a: Diancie|Protect","|","|-weather|RainDance|[upkeep]","|turn|32","|","|move|p2a: Diancie|Protect|p2a: Diancie","|-singleturn|p2a: Diancie|Protect","|move|p1a: Kingdra|Flash Cannon|p2a: Diancie","|-activate|p2a: Diancie|Protect","|","|-weather|none","|turn|33","|","|move|p2a: Diancie|Moonblast|p1a: Kingdra","|-supereffective|p1a: Kingdra","|-damage|p1a: Kingdra|0 fnt","|faint|p1a: Kingdra","|","|","|switch|p1a: Swampert|Swampert-Mega, M|88/341","|turn|34","|","|move|p2a: Diancie|Moonblast|p1a: Swampert","|-damage|p1a: Swampert|0 fnt","|faint|p1a: Swampert","|","|win|Crystal glaceon13"],"p1rating":{"entryid":"6680044","serverid":"eos","formatid":"monotype","userid":"jusanalt","username":"JusAnAlt","w":"45","l":19,"t":"0","gxe":66.8,"r":"1617.7626828871","rd":"52.36928727867","sigma":"0","rptime":"1438851600","rpr":1632.8899931894,"rprd":48.736449182645,"rpsigma":"0","acre":1287.2892732364,"lacre":1287.2892732364,"oldacre":"1314.3451825446"},"p2rating":{"entryid":"5815193","serverid":"eos","formatid":"monotype","userid":"crystalglaceon13","username":"Crystal glaceon13","w":33,"l":"17","t":"0","gxe":61.3,"r":"1619.9542173197","rd":"58.338440032355","sigma":"0","rptime":"1438851600","rpr":1587.7686108543,"rprd":54.713632382125,"rpsigma":"0","acre":1220.0888342341,"lacre":1220.0888342341,"oldacre":"1186.2689475988"},"endType":"normal"}