{"seed":[32764,40811,14394,36973],"turns":34,"p1":"Twizz","p2":"IV Pokepat","p1team":[{"name":"Magnezone","species":"Magnezone","item":"leftovers","ability":"Sturdy","moves":["flashcannon","thunderbolt","protect","hiddenpowerice"],"nature":"Modest","evs":{"hp":76,"atk":0,"def":180,"spa":252,"spd":0,"spe":0},"ivs":{"hp":31,"atk":30,"def":30,"spa":31,"spd":31,"spe":31}},{"name":"Zapdos","species":"Zapdos","item":"leftovers","ability":"Pressure","moves":["discharge","heatwave","toxic","roost"],"nature":"Bold","evs":{"hp":4,"atk":0,"def":252,"spa":0,"spd":252,"spe":0},"ivs":{"hp":31,"atk":31,"def":31,"spa":31,"spd":31,"spe":31}},{"name":"Ampharos","species":"Ampharos","item":"ampharosite","ability":"Static","moves":["cottonguard","rest","sleeptalk","dragonpulse"],"nature":"Bold","evs":{"hp":0,"atk":0,"def":252,"spa":136,"spd":120,"spe":0},"ivs":{"hp":31,"atk":31,"def":31,"spa":31,"spd":31,"spe":31}},{"name":"Raikou","species":"Raikou","item":"leftovers","ability":"Pressure","moves":["calmmind","substitute","thunderbolt","extrasensory"],"nature":"Timid","evs":{"hp":0,"atk":0,"def":0,"spa":252,"spd":4,"spe":252},"ivs":{"hp":31,"atk":31,"def":31,"spa":31,"spd":31,"spe":31}},{"name":"Rotom-Wash","species":"Rotom-Wash","item":"choicescarf","ability":"Levitate","moves":["voltswitch","hydropump","willowisp","trick"],"nature":"Timid","evs":{"hp":0,"atk":0,"def":0,"spa":252,"spd":4,"spe":252},"ivs":{"hp":31,"atk":31,"def":31,"spa":31,"spd":31,"spe":31}},{"name":"Condom","species":"eelektross","item":"assaultvest","ability":"Levitate","moves":["gigadrain","thunderbolt","drainpunch","knockoff"],"nature":"Quiet","evs":{"hp":3,"atk":136,"def":0,"spa":108,"spd":252,"spe":0},"ivs":{"hp":31,"atk":31,"def":31,"spa":31,"spd":31,"spe":31}}],"p2team":[{"name":"Sableye 2.0","species":"gardevoir","item":"leftovers","ability":"Synchronize","moves":["wish","confuseray","willowisp","moonblast"],"nature":"Calm","evs":{"hp":252,"atk":0,"def":0,"spa":4,"spd":252,"spe":0},"ivs":{"hp":31,"atk":31,"def":31,"spa":31,"spd":31,"spe":31}},{"name":"Swizzle","species":"togekiss","item":"choicescarf","ability":"Serene Grace","moves":["airslash","flamethrower","triattack","dazzlinggleam"],"nature":"Timid","evs":{"hp":0,"atk":0,"def":0,"spa":252,"spd":4,"spe":252},"ivs":{"hp":31,"atk":31,"def":31,"spa":31,"spd":31,"spe":31}},{"name":"Bunny Rabbit","species":"azumarill","item":"sitrusberry","ability":"Huge Power","moves":["bellydrum","aquajet","knockoff","playrough"],"nature":"Adamant","evs":{"hp":252,"atk":252,"def":0,"spa":0,"spd":0,"spe":4},"ivs":{"hp":31,"atk":31,"def":31,"spa":31,"spd":31,"spe":31}},{"name":"Which Key Was It?","species":"klefki","item":"lightclay","ability":"Prankster","moves":["flashcannon","lightscreen","reflect","thunderwave"],"nature":"Bold","evs":{"hp":248,"atk":0,"def":252,"spa":8,"spd":0,"spe":0},"ivs":{"hp":31,"atk":31,"def":31,"spa":31,"spd":31,"spe":31}},{"name":"The Rock Fairy","species":"diancie","item":"diancite","ability":"Clear Body","moves":["diamondstorm","earthpower","protect","moonblast"],"nature":"Timid","evs":{"hp":0,"atk":4,"def":0,"spa":252,"spd":0,"spe":252},"ivs":{"hp":31,"atk":31,"def":31,"spa":31,"spd":31,"spe":31}},{"name":"Trolling","species":"clefable","item":"leftovers","ability":"Unaware","moves":["fireblast","calmmind","moonlight","moonblast"],"nature":"Modest","evs":{"hp":252,"atk":0,"def":0,"spa":252,"spd":4,"spe":0},"ivs":{"hp":31,"atk":31,"def":31,"spa":31,"spd":31,"spe":31}}],"log":["|player|p1|Twizz|122","|player|p2|IV Pokepat|1","|gametype|singles","|gen|6","|tier|Monotype","|rated","|rule|Baton Pass Clause: Limit one Baton Passer, can't pass Spe and other stats simultaneously","|rule|Swagger Clause: Swagger is banned","|rule|Same Type Clause: Pokémon in a team must share a type","|clearpoke","|poke|p1|Magnezone","|poke|p1|Zapdos","|poke|p1|Ampharos, M","|poke|p1|Raikou","|poke|p1|Rotom-Wash","|poke|p1|Eelektross, F","|poke|p2|Gardevoir, F","|poke|p2|Togekiss, M","|poke|p2|Azumarill, F","|poke|p2|Klefki, M","|poke|p2|Diancie","|poke|p2|Clefable, F","|rule|Sleep Clause Mod: Limit one foe put to sleep","|rule|Species Clause: Limit one of each Pokémon","|rule|OHKO Clause: OHKO moves are banned","|rule|Moody Clause: Moody is banned","|rule|Evasion Moves Clause: Evasion moves are banned","|rule|Endless Battle Clause: Forcing endless battles is banned","|rule|HP Percentage Mod: HP is shown in percentages","|teampreview","|","|start","|switch|p1a: Rotom-Wash|Rotom-Wash|241/241","|switch|p2a: The Rock Fairy|Diancie|241/241","|turn|1","|","|switch|p2a: Which Key Was It?|Klefki, M|317/317","|move|p1a: Rotom-Wash|Hydro Pump|p2a: Which Key Was It?","|-crit|p2a: Which Key Was It?","|-damage|p2a: Which Key Was It?|41/317","|","|turn|2","|","|move|p2a: Which Key Was It?|Light Screen|p2a: Which Key Was It?","|-sidestart|p2: IV Pokepat|move: Light Screen","|move|p1a: Rotom-Wash|Hydro Pump|p2a: Which Key Was It?","|-damage|p2a: Which Key Was It?|0 fnt","|faint|p2a: Which Key Was It?","|","|","|switch|p2a: Sableye 2.0|Gardevoir, F|340/340","|turn|3","|","|move|p1a: Rotom-Wash|Hydro Pump|p2a: Sableye 2.0|[miss]","|-miss|p1a: Rotom-Wash|p2a: Sableye 2.0","|move|p2a: Sableye 2.0|Confuse Ray|p1a: Rotom-Wash","|-start|p1a: Rotom-Wash|confusion","|","|turn|4","|","|switch|p1a: Condom|Eelektross, F|311/311","|move|p2a: Sableye 2.0|Will-O-Wisp|p1a: Condom","|-status|p1a: Condom|brn","|","|-damage|p1a: Condom|273/311 brn|[from] brn","|turn|5","|","|move|p2a: Sableye 2.0|Confuse Ray|p1a: Condom","|-start|p1a: Condom|confusion","|-activate|p1a: Condom|confusion","|-damage|p1a: Condom|248/311 brn|[from] confusion","|","|-damage|p1a: Condom|210/311 brn|[from] brn","|turn|6","|","|move|p2a: Sableye 2.0|Moonblast|p1a: Condom","|-damage|p1a: Condom|125/311 brn","|-end|p1a: Condom|confusion","|move|p1a: Condom|Knock Off|p2a: Sableye 2.0","|-damage|p2a: Sableye 2.0|277/340","|-enditem|p2a: Sableye 2.0|Leftovers|[from] move: Knock Off|[of] p1a: Condom","|","|-damage|p1a: Condom|87/311 brn|[from] brn","|turn|7","|","|move|p2a: Sableye 2.0|Moonblast|p1a: Condom","|-crit|p1a: Condom","|-damage|p1a: Condom|0 fnt","|faint|p1a: Condom","|","|","|switch|p1a: Rotom-Wash|Rotom-Wash|241/241","|turn|8","|","|move|p1a: Rotom-Wash|Trick|p2a: Sableye 2.0","|-activate|p1a: Rotom-Wash|move: Trick|[of] p2a: Sableye 2.0","|-item|p2a: Sableye 2.0|Choice Scarf|[from] move: Trick","|move|p2a: Sableye 2.0|Confuse Ray|p1a: Rotom-Wash","|-start|p1a: Rotom-Wash|confusion","|","|turn|9","|","|switch|p2a: Trolling|Clefable, F|394/394","|-activate|p1a: Rotom-Wash|confusion","|-damage|p1a: Rotom-Wash|223/241|[from] confusion","|","|-sideend|p2: IV Pokepat|move: Light Screen","|turn|10","|","|-end|p1a: Rotom-Wash|confusion","|move|p1a: Rotom-Wash|Will-O-Wisp|p2a: Trolling","|-status|p2a: Trolling|brn","|move|p2a: Trolling|Calm Mind|p2a: Trolling","|-boost|p2a: Trolling|spa|1","|-boost|p2a: Trolling|spd|1","|","|-damage|p2a: Trolling|345/394 brn|[from] brn","|turn|11","|","|move|p1a: Rotom-Wash|Volt Switch|p2a: Trolling","|-crit|p2a: Trolling","|-damage|p2a: Trolling|158/394 brn","|","|switch|p1a: Magnezone|Magnezone|300/300","|move|p2a: Trolling|Moonblast|p1a: Magnezone","|-resisted|p1a: Magnezone","|-damage|p1a: Magnezone|188/300","|","|-heal|p1a: Magnezone|206/300|[from] item: Leftovers","|-heal|p2a: Trolling|182/394 brn|[from] item: Leftovers","|-damage|p2a: Trolling|133/394 brn|[from] brn","|turn|12","|","|move|p1a: Magnezone|Flash Cannon|p2a: Trolling","|-supereffective|p2a: Trolling","|-damage|p2a: Trolling|0 fnt","|faint|p2a: Trolling","|","|-heal|p1a: Magnezone|224/300|[from] item: Leftovers","|","|switch|p2a: Sableye 2.0|Gardevoir, F|277/340","|turn|13","|","|move|p1a: Magnezone|Protect|p1a: Magnezone","|-singleturn|p1a: Magnezone|Protect","|move|p2a: Sableye 2.0|Confuse Ray|p1a: Magnezone","|-activate|p1a: Magnezone|Protect","|","|-heal|p1a: Magnezone|242/300|[from] item: Leftovers","|turn|14","|","|switch|p1a: Rotom-Wash|Rotom-Wash|223/241","|move|p2a: Sableye 2.0|Confuse Ray|p1a: Rotom-Wash","|-start|p1a: Rotom-Wash|confusion","|","|turn|15","|","|switch|p2a: Swizzle|Togekiss, M|311/311","|-activate|p1a: Rotom-Wash|confusion","|move|p1a: Rotom-Wash|Volt Switch|p2a: Swizzle","|-supereffective|p2a: Swizzle","|-damage|p2a: Swizzle|131/311","|","|switch|p1a: Raikou|Raikou|321/321","|-ability|p1a: Raikou|Pressure","|","|turn|16","|","|move|p2a: Swizzle|Dazzling Gleam|p1a: Raikou","|-damage|p1a: Raikou|182/321","|move|p1a: Raikou|Thunderbolt|p2a: Swizzle","|-supereffective|p2a: Swizzle","|-damage|p2a: Swizzle|0 fnt","|faint|p2a: Swizzle","|","|-heal|p1a: Raikou|202/321|[from] item: Leftovers","|","|switch|p2a: Sableye 2.0|Gardevoir, F|277/340","|turn|17","|","|switch|p1a: Rotom-Wash|Rotom-Wash|223/241","|move|p2a: Sableye 2.0|Moonblast|p1a: Rotom-Wash","|-damage|p1a: Rotom-Wash|87/241","|-unboost|p1a: Rotom-Wash|spa|1","|","|turn|18","|","|switch|p1a: Magnezone|Magnezone|242/300","|move|p2a: Sableye 2.0|Moonblast|p1a: Magnezone","|-resisted|p1a: Magnezone","|-damage|p1a: Magnezone|164/300","|","|-heal|p1a: Magnezone|182/300|[from] item: Leftovers","|turn|19","|","|switch|p2a: Bunny Rabbit|Azumarill, F|404/404","|move|p1a: Magnezone|Flash Cannon|p2a: Bunny Rabbit","|-damage|p2a: Bunny Rabbit|202/404","|-enditem|p2a: Bunny Rabbit|Sitrus Berry|[eat]","|-heal|p2a: Bunny Rabbit|303/404|[from] item: Sitrus Berry","|","|-heal|p1a: Magnezone|200/300|[from] item: Leftovers","|turn|20","|","|move|p2a: Bunny Rabbit|Aqua Jet|p1a: Magnezone","|-damage|p1a: Magnezone|137/300","|move|p1a: Magnezone|Thunderbolt|p2a: Bunny Rabbit","|-crit|p2a: Bunny Rabbit","|-supereffective|p2a: Bunny Rabbit","|-damage|p2a: Bunny Rabbit|0 fnt","|faint|p2a: Bunny Rabbit","|","|-heal|p1a: Magnezone|155/300|[from] item: Leftovers","|","|switch|p2a: The Rock Fairy|Diancie|241/241","|turn|21","|","|detailschange|p2a: The Rock Fairy|Diancie-Mega","|-mega|p2a: The Rock Fairy|Diancie|Diancite","|move|p2a: The Rock Fairy|Protect|p2a: The Rock Fairy","|-singleturn|p2a: The Rock Fairy|Protect","|move|p1a: Magnezone|Protect|p1a: Magnezone","|-fail|p1a: Magnezone","|","|-heal|p1a: Magnezone|173/300|[from] item: Leftovers","|turn|22","|","|move|p1a: Magnezone|Protect|p1a: Magnezone","|-singleturn|p1a: Magnezone|Protect","|move|p2a: The Rock Fairy|Earth Power|p1a: Magnezone","|-activate|p1a: Magnezone|Protect","|","|-heal|p1a: Magnezone|191/300|[from] item: Leftovers","|turn|23","|","|switch|p1a: Rotom-Wash|Rotom-Wash|87/241","|move|p2a: The Rock Fairy|Protect|p2a: The Rock Fairy","|-fail|p2a: The Rock Fairy","|","|turn|24","|","|move|p2a: The Rock Fairy|Diamond Storm|p1a: Rotom-Wash","|-damage|p1a: Rotom-Wash|0 fnt","|faint|p1a: Rotom-Wash","|","|","|switch|p1a: Zapdos|Zapdos|322/322","|-ability|p1a: Zapdos|Pressure","|turn|25","|","|move|p2a: The Rock Fairy|Diamond Storm|p1a: Zapdos","|-supereffective|p1a: Zapdos","|-damage|p1a: Zapdos|86/322","|-boost|p2a: The Rock Fairy|def|1","|move|p1a: Zapdos|Discharge|p2a: The Rock Fairy","|-damage|p2a: The Rock Fairy|127/241","|","|-heal|p1a: Zapdos|106/322|[from] item: Leftovers","|turn|26","|","|move|p2a: The Rock Fairy|Diamond Storm|p1a: Zapdos","|-supereffective|p1a: Zapdos","|-damage|p1a: Zapdos|0 fnt","|faint|p1a: Zapdos","|","|","|switch|p1a: Ampharos|Ampharos, M|321/321","|turn|27","|","|move|p2a: The Rock Fairy|Protect|p2a: The Rock Fairy","|-singleturn|p2a: The Rock Fairy|Protect","|move|p1a: Ampharos|Rest|p1a: Ampharos","|-fail|p1a: Ampharos","|","|turn|28","|","|move|p2a: The Rock Fairy|Earth Power|p1a: Ampharos","|-supereffective|p1a: Ampharos","|-damage|p1a: Ampharos|95/321","|-unboost|p1a: Ampharos|spd|1","|move|p1a: Ampharos|Rest|p1a: Ampharos","|-status|p1a: Ampharos|slp","|-heal|p1a: Ampharos|321/321 slp|[silent]","|-status|p1a: Ampharos|slp|[from] move: Rest","|","|turn|29","|","|move|p2a: The Rock Fairy|Earth Power|p1a: Ampharos","|-supereffective|p1a: Ampharos","|-damage|p1a: Ampharos|0 fnt","|faint|p1a: Ampharos","|","|","|switch|p1a: Raikou|Raikou|202/321","|-ability|p1a: Raikou|Pressure","|turn|30","|","|move|p1a: Raikou|Substitute|p1a: Raikou","|-start|p1a: Raikou|Substitute","|-damage|p1a: Raikou|122/321","|move|p2a: The Rock Fairy|Earth Power|p1a: Raikou","|-crit|p1a: Raikou","|-supereffective|p1a: Raikou","|-end|p1a: Raikou|Substitute","|","|-heal|p1a: Raikou|142/321|[from] item: Leftovers","|turn|31","|","|move|p1a: Raikou|Thunderbolt|p2a: The Rock Fairy","|-damage|p2a: The Rock Fairy|0 fnt","|faint|p2a: The Rock Fairy","|","|-heal|p1a: Raikou|162/321|[from] item: Leftovers","|","|switch|p2a: Sableye 2.0|Gardevoir, F|277/340","|turn|32","|","|move|p1a: Raikou|Calm Mind|p1a: Raikou","|-boost|p1a: Raikou|spa|1","|-boost|p1a: Raikou|spd|1","|move|p2a: Sableye 2.0|Moonblast|p1a: Raikou","|-damage|p1a: Raikou|78/321","|","|-heal|p1a: Raikou|98/321|[from] item: Leftovers","|turn|33","|","|move|p1a: Raikou|Thunderbolt|p2a: Sableye 2.0","|-crit|p2a: Sableye 2.0","|-damage|p2a: Sableye 2.0|52/340","|move|p2a: Sableye 2.0|Moonblast|p1a: Raikou","|-damage|p1a: Raikou|4/321","|-unboost|p1a: Raikou|spa|1","|","|-heal|p1a: Raikou|24/321|[from] item: Leftovers","|turn|34","|","|move|p1a: Raikou|Thunderbolt|p2a: Sableye 2.0","|-damage|p2a: Sableye 2.0|0 fnt","|faint|p2a: Sableye 2.0","|","|win|Twizz"],"p1rating":{"entryid":"6985408","serverid":"eos","formatid":"monotype","userid":"twizz","username":"Twizz","w":19,"l":"30","t":"0","gxe":39,"r":"1400.4981148932","rd":"53.302059810028","sigma":"0","rptime":"1438851600","rpr":1415.2378032429,"rprd":51.915133998048,"rpsigma":"0","acre":1090.1331647784,"lacre":1090.1331647784,"oldacre":"1056.0053786711"},"p2rating":{"entryid":"7392434","serverid":"eos","formatid":"monotype","userid":"ivpokepat","username":"IV Pokepat","w":"2","l":1,"t":"0","gxe":52.7,"r":"1540.1606143388","rd":"123.03963956633","sigma":"0","rptime":"1438851600","rpr":1521.0290226693,"rprd":111.82803685588,"rpsigma":"0","acre":1059.4800973489,"lacre":1059.4800973489,"oldacre":"1083.8670252374"},"endType":"normal"}