{"seed":[2817,32285,55054,33143],"turns":32,"p1":"Alliance UU Cash","p2":"Guard Wanderer","p1team":[{"name":"Scolipede","species":"Scolipede","item":"leftovers","ability":"Speed Boost","moves":["swordsdance","substitute","megahorn","poisonjab"],"nature":"Jolly","evs":{"hp":0,"atk":252,"def":0,"spa":0,"spd":4,"spe":252},"ivs":{"hp":31,"atk":31,"def":31,"spa":31,"spd":31,"spe":31}},{"name":"Genesect","species":"Genesect","item":"choicescarf","ability":"Download","moves":["flamethrower","uturn","icebeam","thunderbolt"],"nature":"Timid","evs":{"hp":0,"atk":0,"def":0,"spa":252,"spd":4,"spe":252},"ivs":{"hp":31,"atk":31,"def":31,"spa":31,"spd":31,"spe":31}},{"name":"Scizor","species":"Scizor","item":"leftovers","ability":"Technician","moves":["swordsdance","superpower","uturn","bulletpunch"],"nature":"Adamant","evs":{"hp":252,"atk":252,"def":0,"spa":0,"spd":4,"spe":0},"ivs":{"hp":31,"atk":31,"def":31,"spa":31,"spd":31,"spe":31}},{"name":"Volcarona","species":"Volcarona","item":"lumberry","ability":"Flame Body","moves":["quiverdance","fireblast","gigadrain","bugbuzz"],"nature":"Timid","evs":{"hp":72,"atk":0,"def":0,"spa":252,"spd":0,"spe":184},"ivs":{"hp":31,"atk":31,"def":31,"spa":31,"spd":31,"spe":31}},{"name":"Pinsir","species":"Pinsir","item":"pinsirite","ability":"Hyper Cutter","moves":["swordsdance","return","earthquake","quickattack"],"nature":"Adamant","evs":{"hp":248,"atk":252,"def":0,"spa":0,"spd":8,"spe":0},"ivs":{"hp":31,"atk":31,"def":31,"spa":31,"spd":31,"spe":31}},{"name":"Heracross","species":"Heracross","item":"choicescarf","ability":"Moxie","moves":["closecombat","knockoff","stoneedge","megahorn"],"nature":"Jolly","evs":{"hp":0,"atk":252,"def":0,"spa":0,"spd":4,"spe":252},"ivs":{"hp":31,"atk":31,"def":31,"spa":31,"spd":31,"spe":31}}],"p2team":[{"name":"Weezing","species":"Weezing","item":"sitrusberry","ability":"Levitate","moves":["toxicspikes","willowisp","memento","thief"],"nature":"Careful","evs":{"hp":248,"atk":8,"def":0,"spa":0,"spd":252,"spe":0},"ivs":{"hp":31,"atk":31,"def":31,"spa":31,"spd":31,"spe":31}},{"name":"Tentacruel","species":"Tentacruel","item":"assaultvest","ability":"Liquid Ooze","moves":["scald","acidspray","gigadrain","hex"],"nature":"Timid","evs":{"hp":0,"atk":0,"def":4,"spa":252,"spd":0,"spe":252},"ivs":{"hp":31,"atk":31,"def":31,"spa":31,"spd":31,"spe":31}},{"name":"Skuntank","species":"Skuntank","item":"","ability":"Stench","moves":["snatch","thief","suckerpunch","poisonjab"],"nature":"Adamant","evs":{"hp":248,"atk":252,"def":0,"spa":0,"spd":8,"spe":0},"ivs":{"hp":31,"atk":31,"def":31,"spa":31,"spd":31,"spe":31}},{"name":"Crobat","species":"Crobat","item":"whiteherb","ability":"Infiltrator","moves":["curse","acrobatics","roost","hypnosis"],"nature":"Jolly","evs":{"hp":248,"atk":8,"def":0,"spa":0,"spd":0,"spe":252},"ivs":{"hp":31,"atk":31,"def":31,"spa":31,"spd":31,"spe":31}},{"name":"Gengar","species":"Gengar","item":"choicescarf","ability":"Levitate","moves":["trick","destinybond","venoshock","hex"],"nature":"Timid","evs":{"hp":0,"atk":0,"def":0,"spa":252,"spd":4,"spe":252},"ivs":{"hp":31,"atk":31,"def":31,"spa":31,"spd":31,"spe":31}},{"name":"Amoonguss","species":"Amoonguss","item":"blacksludge","ability":"Regenerator","moves":["spore","gigadrain","gastroacid","stunspore"],"nature":"Calm","evs":{"hp":248,"atk":0,"def":0,"spa":8,"spd":252,"spe":0},"shiny":true,"ivs":{"hp":31,"atk":31,"def":31,"spa":31,"spd":31,"spe":31}}],"log":["|player|p1|Alliance UU Cash|37","|player|p2|Guard Wanderer|235","|gametype|singles","|gen|6","|tier|Monotype","|rated","|rule|Baton Pass Clause: Limit one Baton Passer, can't pass Spe and other stats simultaneously","|rule|Swagger Clause: Swagger is banned","|rule|Same Type Clause: Pokémon in a team must share a type","|clearpoke","|poke|p1|Scolipede, M","|poke|p1|Genesect-*","|poke|p1|Scizor, M","|poke|p1|Volcarona, F","|poke|p1|Pinsir, F","|poke|p1|Heracross, F","|poke|p2|Weezing, F","|poke|p2|Tentacruel, M","|poke|p2|Skuntank, F","|poke|p2|Crobat, F","|poke|p2|Gengar, M","|poke|p2|Amoonguss, M, shiny","|rule|Sleep Clause Mod: Limit one foe put to sleep","|rule|Species Clause: Limit one of each Pokémon","|rule|OHKO Clause: OHKO moves are banned","|rule|Moody Clause: Moody is banned","|rule|Evasion Moves Clause: Evasion moves are banned","|rule|Endless Battle Clause: Forcing endless battles is banned","|rule|HP Percentage Mod: HP is shown in percentages","|teampreview","|","|start","|switch|p1a: Volcarona|Volcarona, F|329/329","|switch|p2a: Weezing|Weezing, F|333/333","|turn|1","|","|switch|p2a: Tentacruel|Tentacruel, M|301/301","|move|p1a: Volcarona|Quiver Dance|p1a: Volcarona","|-boost|p1a: Volcarona|spa|1","|-boost|p1a: Volcarona|spd|1","|-boost|p1a: Volcarona|spe|1","|","|turn|2","|","|move|p1a: Volcarona|Fire Blast|p2a: Tentacruel","|-resisted|p2a: Tentacruel","|-damage|p2a: Tentacruel|214/301","|move|p2a: Tentacruel|Acid Spray|p1a: Volcarona","|-crit|p1a: Volcarona","|-damage|p1a: Volcarona|254/329","|-unboost|p1a: Volcarona|spd|2","|","|turn|3","|","|switch|p1a: Scizor|Scizor, M|344/344","|move|p2a: Tentacruel|Scald|p1a: Scizor","|-damage|p1a: Scizor|227/344","|","|-heal|p1a: Scizor|248/344|[from] item: Leftovers","|turn|4","|","|move|p2a: Tentacruel|Scald|p1a: Scizor","|-damage|p1a: Scizor|127/344","|-status|p1a: Scizor|brn","|move|p1a: Scizor|U-turn|p2a: Tentacruel","|-resisted|p2a: Tentacruel","|-damage|p2a: Tentacruel|163/301","|","|switch|p1a: Pinsir|Pinsir, F|333/333","|","|turn|5","|","|switch|p2a: Weezing|Weezing, F|333/333","|detailschange|p1a: Pinsir|Pinsir-Mega, F","|-mega|p1a: Pinsir|Pinsir|Pinsirite","|move|p1a: Pinsir|Return|p2a: Weezing","|-damage|p2a: Weezing|92/333","|-enditem|p2a: Weezing|Sitrus Berry|[eat]","|-heal|p2a: Weezing|175/333|[from] item: Sitrus Berry","|","|turn|6","|","|move|p1a: Pinsir|Return|p2a: Weezing","|-crit|p2a: Weezing","|-damage|p2a: Weezing|0 fnt","|faint|p2a: Weezing","|","|","|switch|p2a: Crobat|Crobat, F|373/373","|turn|7","|","|switch|p1a: Scizor|Scizor, M|127/344 brn","|move|p2a: Crobat|Hypnosis|p1a: Scizor","|-fail|p1a: Scizor","|","|-heal|p1a: Scizor|148/344 brn|[from] item: Leftovers","|-damage|p1a: Scizor|105/344 brn|[from] brn","|turn|8","|","|move|p2a: Crobat|Curse|p2a: Crobat","|-unboost|p2a: Crobat|spe|1","|-boost|p2a: Crobat|atk|1","|-boost|p2a: Crobat|def|1","|-enditem|p2a: Crobat|White Herb","|-restoreboost|p2a: Crobat|[silent]","|move|p1a: Scizor|Swords Dance|p1a: Scizor","|-boost|p1a: Scizor|atk|2","|","|-heal|p1a: Scizor|126/344 brn|[from] item: Leftovers","|-damage|p1a: Scizor|83/344 brn|[from] brn","|turn|9","|","|move|p1a: Scizor|Bullet Punch|p2a: Crobat","|-damage|p2a: Crobat|280/373","|move|p2a: Crobat|Acrobatics|p1a: Scizor","|-damage|p1a: Scizor|0 fnt","|faint|p1a: Scizor","|","|","|switch|p1a: Genesect|Genesect|283/283","|-boost|p1a: Genesect|spa|1|[from] ability: Download","|turn|10","|","|switch|p2a: Tentacruel|Tentacruel, M|163/301","|move|p1a: Genesect|Ice Beam|p2a: Tentacruel","|-resisted|p2a: Tentacruel","|-damage|p2a: Tentacruel|119/301","|","|turn|11","|","|switch|p1a: Scolipede|Scolipede, M|261/261","|move|p2a: Tentacruel|Scald|p1a: Scolipede","|-damage|p1a: Scolipede|120/261","|","|-heal|p1a: Scolipede|136/261|[from] item: Leftovers","|turn|12","|","|move|p1a: Scolipede|Substitute|p1a: Scolipede","|-start|p1a: Scolipede|Substitute","|-damage|p1a: Scolipede|71/261","|move|p2a: Tentacruel|Scald|p1a: Scolipede","|-end|p1a: Scolipede|Substitute","|","|-heal|p1a: Scolipede|87/261|[from] item: Leftovers","|-boost|p1a: Scolipede|spe|1|[from] ability: Speed Boost","|turn|13","|","|switch|p1a: Genesect|Genesect|283/283","|-boost|p1a: Genesect|atk|1|[from] ability: Download","|switch|p2a: Crobat|Crobat, F|280/373","|","|turn|14","|","|move|p1a: Genesect|Thunderbolt|p2a: Crobat","|-supereffective|p2a: Crobat","|-damage|p2a: Crobat|22/373","|-status|p2a: Crobat|par","|move|p2a: Crobat|Hypnosis|p1a: Genesect","|-status|p1a: Genesect|slp","|","|turn|15","|","|cant|p1a: Genesect|slp","|move|p2a: Crobat|Roost|p2a: Crobat","|-heal|p2a: Crobat|209/373 par","|","|turn|16","|","|switch|p2a: Amoonguss|Amoonguss, M, shiny|431/431","|cant|p1a: Genesect|slp","|","|turn|17","|","|cant|p1a: Genesect|slp","|move|p2a: Amoonguss|Stun Spore|p1a: Genesect","|-fail|p1a: Genesect","|","|turn|18","|","|switch|p1a: Volcarona|Volcarona, F|254/329","|move|p2a: Amoonguss|Gastro Acid|p1a: Volcarona","|-endability|p1a: Volcarona","|","|turn|19","|","|switch|p2a: Tentacruel|Tentacruel, M|119/301","|move|p1a: Volcarona|Fire Blast|p2a: Tentacruel","|-resisted|p2a: Tentacruel","|-damage|p2a: Tentacruel|63/301","|","|turn|20","|","|move|p2a: Tentacruel|Scald|p1a: Volcarona","|-supereffective|p1a: Volcarona","|-damage|p1a: Volcarona|60/329","|move|p1a: Volcarona|Giga Drain|p2a: Tentacruel","|-damage|p2a: Tentacruel|9/301","|-damage|p1a: Volcarona|33/329|[from] ability: Liquid Ooze|[of] p2a: Tentacruel","|","|turn|21","|","|move|p2a: Tentacruel|Scald|p1a: Volcarona","|-supereffective|p1a: Volcarona","|-damage|p1a: Volcarona|0 fnt","|faint|p1a: Volcarona","|","|","|switch|p1a: Pinsir|Pinsir-Mega, F|333/333","|turn|22","|","|move|p1a: Pinsir|Quick Attack|p2a: Tentacruel","|-damage|p2a: Tentacruel|0 fnt","|faint|p2a: Tentacruel","|","|","|switch|p2a: Amoonguss|Amoonguss, M, shiny|431/431","|turn|23","|","|move|p1a: Pinsir|Return|p2a: Amoonguss","|-supereffective|p2a: Amoonguss","|-damage|p2a: Amoonguss|0 fnt","|faint|p2a: Amoonguss","|","|","|switch|p2a: Skuntank|Skuntank, F|409/409","|turn|24","|","|move|p1a: Pinsir|Earthquake|p2a: Skuntank","|-supereffective|p2a: Skuntank","|-damage|p2a: Skuntank|0 fnt","|faint|p2a: Skuntank","|","|","|switch|p2a: Gengar|Gengar, M|261/261","|turn|25","|","|move|p1a: Pinsir|Quick Attack|p2a: Gengar","|-damage|p2a: Gengar|87/261","|move|p2a: Gengar|Destiny Bond|p2a: Gengar","|-singlemove|p2a: Gengar|Destiny Bond","|","|turn|26","|","|switch|p1a: Genesect|Genesect|283/283 slp","|-boost|p1a: Genesect|atk|1|[from] ability: Download","|move|p2a: Gengar|Destiny Bond|p2a: Gengar","|-singlemove|p2a: Gengar|Destiny Bond","|","|turn|27","|","|switch|p2a: Crobat|Crobat, F|209/373 par","|-curestatus|p1a: Genesect|slp","|move|p1a: Genesect|U-turn|p2a: Crobat","|-resisted|p2a: Crobat","|-damage|p2a: Crobat|172/373 par","|","|switch|p1a: Heracross|Heracross, F|301/301","|","|turn|28","|","|move|p1a: Heracross|Knock Off|p2a: Crobat","|-damage|p2a: Crobat|83/373 par","|move|p2a: Crobat|Hypnosis|p1a: Heracross","|-status|p1a: Heracross|slp","|","|turn|29","|","|cant|p1a: Heracross|slp","|move|p2a: Crobat|Roost|p2a: Crobat","|-heal|p2a: Crobat|270/373 par","|","|turn|30","|","|switch|p1a: Genesect|Genesect|283/283","|-boost|p1a: Genesect|spa|1|[from] ability: Download","|move|p2a: Crobat|Acrobatics|p1a: Genesect","|-damage|p1a: Genesect|165/283","|","|turn|31","|","|move|p1a: Genesect|Ice Beam|p2a: Crobat","|-supereffective|p2a: Crobat","|-damage|p2a: Crobat|0 fnt","|faint|p2a: Crobat","|","|","|switch|p2a: Gengar|Gengar, M|87/261","|turn|32","|","|move|p2a: Gengar|Trick|p1a: Genesect","|-activate|p2a: Gengar|move: Trick|[of] p1a: Genesect","|-item|p1a: Genesect|Choice Scarf|[from] move: Trick","|-item|p2a: Gengar|Choice Scarf|[from] move: Trick","|move|p1a: Genesect|Ice Beam|p2a: Gengar","|-damage|p2a: Gengar|0 fnt","|faint|p2a: Gengar","|","|win|Alliance UU Cash"],"p1rating":{"entryid":7442802,"formatid":"monotype","userid":"allianceuucash","username":"Alliance UU Cash","r":1500,"rd":130,"sigma":0,"rpr":1533.4030321388,"rprd":122.17578665389,"rpsigma":0,"rptime":1438851600,"w":1,"l":0,"t":0,"gxe":54.2,"acre":1057.3920702639,"lacre":1057.3920702639,"oldacre":1000},"p2rating":{"entryid":"6731189","serverid":"eos","formatid":"monotype","userid":"guardwanderer","username":"Guard Wanderer","w":"85","l":121,"t":"0","gxe":40,"r":"1422.2201748306","rd":"28.556455732561","sigma":"0","rptime":"1438851600","rpr":1423.5908908839,"rprd":28.395910593271,"rpsigma":"0","acre":1125.9663945977,"lacre":1125.9663945977,"oldacre":"1161.8364385127"},"endType":"normal"}