{"seed":[41041,16961,20052,3149],"turns":18,"p1":"gabethegreen","p2":"IV HairyChild","p1team":[{"name":"Vanilluxe","species":"Vanilluxe","item":"lifeorb","ability":"Weak Armor","moves":["flashcannon","icebeam","freezedry","hiddenpowerground"],"nature":"Timid","evs":{"hp":0,"atk":0,"def":0,"spa":252,"spd":4,"spe":252},"ivs":{"hp":31,"atk":31,"def":31,"spa":30,"spd":30,"spe":31}},{"name":"Regice","species":"Regice","item":"assaultvest","ability":"Clear Body","moves":["flashcannon","icebeam","thunderbolt","signalbeam"],"nature":"Modest","evs":{"hp":248,"atk":0,"def":0,"spa":252,"spd":8,"spe":0},"ivs":{"hp":31,"atk":31,"def":31,"spa":31,"spd":31,"spe":31}},{"name":"Mamoswine","species":"Mamoswine","item":"lifeorb","ability":"Thick Fat","moves":["avalanche","iceshard","earthquake","iciclecrash"],"nature":"Jolly","evs":{"hp":0,"atk":252,"def":0,"spa":0,"spd":4,"spe":252},"ivs":{"hp":31,"atk":31,"def":31,"spa":31,"spd":31,"spe":31}},{"name":"Abomasnow","species":"Abomasnow","item":"focussash","ability":"Snow Warning","moves":["earthquake","brickbreak","swordsdance","iceshard"],"nature":"Adamant","evs":{"hp":248,"atk":252,"def":0,"spa":0,"spd":8,"spe":0},"ivs":{"hp":31,"atk":31,"def":31,"spa":31,"spd":31,"spe":31}},{"name":"Glalie","species":"Glalie","item":"glalitite","ability":"Ice Body","moves":["explosion","doubleedge","earthquake","iceshard"],"nature":"Adamant","evs":{"hp":248,"atk":252,"def":0,"spa":0,"spd":8,"spe":0},"ivs":{"hp":31,"atk":31,"def":31,"spa":31,"spd":31,"spe":31}},{"name":"Froslass","species":"Froslass","item":"focussash","ability":"Cursed Body","moves":["taunt","spikes","icebeam","destinybond"],"nature":"Timid","evs":{"hp":0,"atk":0,"def":4,"spa":252,"spd":0,"spe":252},"ivs":{"hp":31,"atk":31,"def":31,"spa":31,"spd":31,"spe":31}}],"p2team":[{"name":"Cancer bulk","species":"chansey","item":"eviolite","ability":"Natural Cure","moves":["toxic","stealthrock","wish","seismictoss"],"nature":"Bold","evs":{"hp":128,"atk":0,"def":252,"spa":0,"spd":128,"spe":0},"ivs":{"hp":31,"atk":31,"def":31,"spa":31,"spd":31,"spe":31}},{"name":"Pepto-Bismol","species":"lopunny","item":"lopunnite","ability":"Limber","moves":["highjumpkick","substitute","poweruppunch","return"],"nature":"Jolly","evs":{"hp":0,"atk":252,"def":0,"spa":0,"spd":4,"spe":252},"shiny":true,"ivs":{"hp":31,"atk":31,"def":31,"spa":31,"spd":31,"spe":31}},{"name":"Hurricane","species":"staraptor","item":"leftovers","ability":"Intimidate","moves":["bravebird","featherdance","roost","defog"],"nature":"Impish","evs":{"hp":252,"atk":0,"def":176,"spa":0,"spd":80,"spe":0},"ivs":{"hp":31,"atk":31,"def":31,"spa":31,"spd":31,"spe":31}},{"name":"Meloetta","species":"Meloetta","item":"choicespecs","ability":"Serene Grace","moves":["psychic","focusblast","thunderbolt","shadowball"],"nature":"Modest","evs":{"hp":8,"atk":0,"def":0,"spa":252,"spd":8,"spe":240},"ivs":{"hp":31,"atk":31,"def":31,"spa":31,"spd":31,"spe":31}},{"name":"Ditto","species":"Ditto","item":"choicescarf","ability":"Imposter","moves":["transform"],"nature":"Bold","evs":{"hp":248,"atk":0,"def":252,"spa":0,"spd":8,"spe":0},"ivs":{"hp":31,"atk":31,"def":31,"spa":31,"spd":31,"spe":31}},{"name":"Chocolate Milk","species":"diggersby","item":"lifeorb","ability":"Huge Power","moves":["return","earthquake","quickattack","swordsdance"],"nature":"Jolly","evs":{"hp":0,"atk":252,"def":4,"spa":0,"spd":0,"spe":252},"shiny":true,"ivs":{"hp":31,"atk":31,"def":31,"spa":31,"spd":31,"spe":31}}],"log":["|player|p1|gabethegreen|168","|player|p2|IV HairyChild|293","|gametype|singles","|gen|6","|tier|Monotype","|rated","|rule|Baton Pass Clause: Limit one Baton Passer, can't pass Spe and other stats simultaneously","|rule|Swagger Clause: Swagger is banned","|rule|Same Type Clause: Pokémon in a team must share a type","|clearpoke","|poke|p1|Vanilluxe, M","|poke|p1|Regice","|poke|p1|Mamoswine, F","|poke|p1|Abomasnow, M","|poke|p1|Glalie, F","|poke|p1|Froslass, F","|poke|p2|Chansey, F","|poke|p2|Lopunny, F, shiny","|poke|p2|Staraptor, F","|poke|p2|Meloetta","|poke|p2|Ditto","|poke|p2|Diggersby, F, shiny","|rule|Sleep Clause Mod: Limit one foe put to sleep","|rule|Species Clause: Limit one of each Pokémon","|rule|OHKO Clause: OHKO moves are banned","|rule|Moody Clause: Moody is banned","|rule|Evasion Moves Clause: Evasion moves are banned","|rule|Endless Battle Clause: Forcing endless battles is banned","|rule|HP Percentage Mod: HP is shown in percentages","|teampreview","|","|start","|switch|p1a: Froslass|Froslass, F|281/281","|switch|p2a: Cancer bulk|Chansey, F|673/673","|turn|1","|","|move|p1a: Froslass|Spikes|p2a: Cancer bulk","|-sidestart|p2: IV HairyChild|Spikes","|move|p2a: Cancer bulk|Toxic|p1a: Froslass","|-status|p1a: Froslass|tox","|","|-damage|p1a: Froslass|264/281 tox|[from] psn","|turn|2","|","|move|p1a: Froslass|Spikes|p2a: Cancer bulk","|-sidestart|p2: IV HairyChild|Spikes","|move|p2a: Cancer bulk|Stealth Rock|p1a: Froslass","|-sidestart|p1: gabethegreen|move: Stealth Rock","|","|-damage|p1a: Froslass|230/281 tox|[from] psn","|turn|3","|","|move|p1a: Froslass|Taunt|p2a: Cancer bulk","|-start|p2a: Cancer bulk|move: Taunt","|move|p2a: Cancer bulk|Seismic Toss|p1a: Froslass","|-immune|p1a: Froslass|[msg]","|","|-damage|p1a: Froslass|179/281 tox|[from] psn","|turn|4","|","|switch|p2a: Hurricane|Staraptor, F|374/374","|-ability|p2a: Hurricane|Intimidate","|-unboost|p1a: Froslass|atk|1","|move|p1a: Froslass|Ice Beam|p2a: Hurricane","|-supereffective|p2a: Hurricane","|-damage|p2a: Hurricane|66/374","|-status|p2a: Hurricane|frz","|","|-heal|p2a: Hurricane|89/374 frz|[from] item: Leftovers","|-damage|p1a: Froslass|111/281 tox|[from] psn","|turn|5","|","|move|p1a: Froslass|Destiny Bond|p1a: Froslass","|-singlemove|p1a: Froslass|Destiny Bond","|cant|p2a: Hurricane|frz","|","|-heal|p2a: Hurricane|112/374 frz|[from] item: Leftovers","|-damage|p1a: Froslass|26/281 tox|[from] psn","|turn|6","|","|move|p1a: Froslass|Ice Beam|p2a: Hurricane","|-supereffective|p2a: Hurricane","|-damage|p2a: Hurricane|0 fnt","|faint|p2a: Hurricane","|","|-damage|p1a: Froslass|0 fnt|[from] psn","|faint|p1a: Froslass","|","|switch|p2a: Pepto-Bismol|Lopunny, F, shiny|271/271","|switch|p1a: Abomasnow|Abomasnow, M|383/383","|-damage|p2a: Pepto-Bismol|226/271|[from] Spikes","|-damage|p1a: Abomasnow|288/383|[from] Stealth Rock","|-weather|Hail","|turn|7","|","|switch|p2a: Cancer bulk|Chansey, F|673/673","|-damage|p2a: Cancer bulk|561/673|[from] Spikes","|move|p1a: Abomasnow|Brick Break|p2a: Cancer bulk","|-supereffective|p2a: Cancer bulk","|-damage|p2a: Cancer bulk|365/673","|","|-weather|Hail|[upkeep]","|-damage|p2a: Cancer bulk|323/673|[from] hail","|turn|8","|","|move|p1a: Abomasnow|Swords Dance|p1a: Abomasnow","|-boost|p1a: Abomasnow|atk|2","|move|p2a: Cancer bulk|Toxic|p1a: Abomasnow","|-status|p1a: Abomasnow|tox","|","|-weather|Hail|[upkeep]","|-damage|p2a: Cancer bulk|281/673|[from] hail","|-damage|p1a: Abomasnow|265/383 tox|[from] psn","|turn|9","|","|move|p1a: Abomasnow|Brick Break|p2a: Cancer bulk","|-supereffective|p2a: Cancer bulk","|-damage|p2a: Cancer bulk|0 fnt","|faint|p2a: Cancer bulk","|","|-weather|Hail|[upkeep]","|-damage|p1a: Abomasnow|219/383 tox|[from] psn","|","|switch|p2a: Ditto|Ditto|299/299","|-damage|p2a: Ditto|250/299|[from] Spikes","|-transform|p2a: Ditto|p1a: Abomasnow","|turn|10","|","|move|p2a: Ditto|Earthquake|p1a: Abomasnow","|-resisted|p1a: Abomasnow","|-damage|p1a: Abomasnow|93/383 tox","|move|p1a: Abomasnow|Brick Break|p2a: Ditto","|-supereffective|p2a: Ditto","|-damage|p2a: Ditto|0 fnt","|faint|p2a: Ditto","|","|-weather|Hail|[upkeep]","|-damage|p1a: Abomasnow|24/383 tox|[from] psn","|","|switch|p2a: Pepto-Bismol|Lopunny, F, shiny|226/271","|-damage|p2a: Pepto-Bismol|181/271|[from] Spikes","|turn|11","|","|detailschange|p2a: Pepto-Bismol|Lopunny-Mega, F, shiny","|-mega|p2a: Pepto-Bismol|Lopunny|Lopunnite","|move|p1a: Abomasnow|Ice Shard|p2a: Pepto-Bismol","|-damage|p2a: Pepto-Bismol|61/271","|move|p2a: Pepto-Bismol|Power-Up Punch|p1a: Abomasnow","|-supereffective|p1a: Abomasnow","|-damage|p1a: Abomasnow|0 fnt","|-boost|p2a: Pepto-Bismol|atk|1","|faint|p1a: Abomasnow","|","|-weather|none","|","|switch|p1a: Mamoswine|Mamoswine, F|361/361","|-damage|p1a: Mamoswine|316/361|[from] Stealth Rock","|turn|12","|","|move|p1a: Mamoswine|Ice Shard|p2a: Pepto-Bismol","|-damage|p2a: Pepto-Bismol|0 fnt","|-damage|p1a: Mamoswine|280/361|[from] item: Life Orb","|faint|p2a: Pepto-Bismol","|","|","|switch|p2a: Chocolate Milk|Diggersby, F, shiny|311/311","|-damage|p2a: Chocolate Milk|260/311|[from] Spikes","|turn|13","|","|move|p2a: Chocolate Milk|Return|p1a: Mamoswine","|-damage|p1a: Mamoswine|0 fnt","|-damage|p2a: Chocolate Milk|229/311|[from] item: Life Orb","|faint|p1a: Mamoswine","|","|","|switch|p1a: Glalie|Glalie, F|363/363","|-damage|p1a: Glalie|273/363|[from] Stealth Rock","|turn|14","|","|detailschange|p1a: Glalie|Glalie-Mega, F","|-mega|p1a: Glalie|Glalie|Glalitite","|move|p2a: Chocolate Milk|Earthquake|p1a: Glalie","|-damage|p1a: Glalie|0 fnt","|-damage|p2a: Chocolate Milk|198/311|[from] item: Life Orb","|faint|p1a: Glalie","|","|","|switch|p1a: Vanilluxe|Vanilluxe, M|283/283","|-damage|p1a: Vanilluxe|213/283|[from] Stealth Rock","|turn|15","|","|move|p1a: Vanilluxe|Ice Beam|p2a: Chocolate Milk","|-supereffective|p2a: Chocolate Milk","|-damage|p2a: Chocolate Milk|0 fnt","|-damage|p1a: Vanilluxe|185/283|[from] item: Life Orb","|faint|p2a: Chocolate Milk","|","|","|switch|p2a: Meloetta|Meloetta|343/343","|-damage|p2a: Meloetta|286/343|[from] Spikes","|turn|16","|","|move|p1a: Vanilluxe|Ice Beam|p2a: Meloetta","|-damage|p2a: Meloetta|134/343","|-damage|p1a: Vanilluxe|157/283|[from] item: Life Orb","|move|p2a: Meloetta|Focus Blast|p1a: Vanilluxe","|-supereffective|p1a: Vanilluxe","|-damage|p1a: Vanilluxe|0 fnt","|faint|p1a: Vanilluxe","|","|","|switch|p1a: Regice|Regice|363/363","|-damage|p1a: Regice|273/363|[from] Stealth Rock","|turn|17","|","|move|p2a: Meloetta|Focus Blast|p1a: Regice","|-supereffective|p1a: Regice","|-damage|p1a: Regice|117/363","|move|p1a: Regice|Ice Beam|p2a: Meloetta","|-damage|p2a: Meloetta|7/343","|","|turn|18","|","|move|p2a: Meloetta|Focus Blast|p1a: Regice|[miss]","|-miss|p2a: Meloetta|p1a: Regice","|move|p1a: Regice|Ice Beam|p2a: Meloetta","|-damage|p2a: Meloetta|0 fnt","|faint|p2a: Meloetta","|","|win|gabethegreen"],"p1rating":{"entryid":"7308127","serverid":"eos","formatid":"monotype","userid":"gabethegreen","username":"gabethegreen","w":1,"l":"6","t":"0","gxe":35.8,"r":1347.0874932494,"rd":99.628777491469,"sigma":"0","rptime":1438851600,"rpr":1385.8078605973,"rprd":97.005957621449,"rpsigma":"0","acre":1054.9082870304,"lacre":1054.9082870304,"oldacre":"1000"},"p2rating":{"entryid":"7396689","serverid":"eos","formatid":"monotype","userid":"ivhairychild","username":"IV HairyChild","w":"4","l":2,"t":"0","gxe":56.2,"r":"1552.4319454662","rd":"105.87728256542","sigma":"0","rptime":"1438851600","rpr":1548.4649853839,"rprd":98.368135664266,"rpsigma":"0","acre":1101.7253543578,"lacre":1101.7253543578,"oldacre":"1136.0430337518"},"endType":"normal"}