{"seed":[26258,30377,61858,40311],"turns":42,"p1":"Amateurized","p2":"Chief Sokka","p1team":[{"name":"Gyarados","species":"Gyarados","item":"gyaradosite","ability":"Intimidate","moves":["dragondance","waterfall","crunch","icefang"],"nature":"Jolly","evs":{"hp":0,"atk":252,"def":4,"spa":0,"spd":0,"spe":252},"ivs":{"hp":31,"atk":31,"def":31,"spa":31,"spd":31,"spe":31}},{"name":"Vaporeon","species":"Vaporeon","item":"leftovers","ability":"Water Absorb","moves":["substitute","batonpass","acidarmor","scald"],"nature":"Calm","evs":{"hp":248,"atk":0,"def":8,"spa":0,"spd":252,"spe":0},"ivs":{"hp":31,"atk":31,"def":31,"spa":31,"spd":31,"spe":31}},{"name":"Lanturn","species":"Lanturn","item":"leftovers","ability":"Volt Absorb","moves":["voltswitch","scald","healbell","toxic"],"nature":"Bold","evs":{"hp":252,"atk":0,"def":120,"spa":0,"spd":136,"spe":0},"ivs":{"hp":31,"atk":31,"def":31,"spa":31,"spd":31,"spe":31}},{"name":"Kingdra","species":"Kingdra","item":"scopelens","ability":"Sniper","moves":["dracometeor","surf","icebeam","focusenergy"],"nature":"Modest","evs":{"hp":0,"atk":0,"def":0,"spa":252,"spd":4,"spe":252},"ivs":{"hp":31,"atk":31,"def":31,"spa":31,"spd":31,"spe":31}},{"name":"Rotom-Wash","species":"Rotom-Wash","item":"lightclay","ability":"Levitate","moves":["lightscreen","reflect","willowisp","voltswitch"],"nature":"Calm","evs":{"hp":248,"atk":0,"def":0,"spa":8,"spd":252,"spe":0},"ivs":{"hp":31,"atk":31,"def":31,"spa":31,"spd":31,"spe":31}},{"name":"Manaphy","species":"Manaphy","item":"leftovers","ability":"Hydration","moves":["tailglow","energyball","scald","icebeam"],"nature":"Modest","evs":{"hp":60,"atk":0,"def":0,"spa":252,"spd":0,"spe":196},"ivs":{"hp":31,"atk":31,"def":31,"spa":31,"spd":31,"spe":31}}],"p2team":[{"name":"Bulky","species":"chansey","item":"eviolite","ability":"Natural Cure","moves":["thunderwave","seismictoss","softboiled","aromatherapy"],"nature":"Bold","evs":{"hp":248,"atk":0,"def":252,"spa":0,"spd":8,"spe":0},"ivs":{"hp":31,"atk":31,"def":31,"spa":31,"spd":31,"spe":31}},{"name":"Ducky","species":"porygon2","item":"eviolite","ability":"Download","moves":["thunderwave","triattack","recover","icebeam"],"nature":"Bold","evs":{"hp":248,"atk":0,"def":252,"spa":8,"spd":0,"spe":0},"ivs":{"hp":31,"atk":31,"def":31,"spa":31,"spd":31,"spe":31}},{"name":"Pitchy","species":"meloetta","item":"assaultvest","ability":"Serene Grace","moves":["chargebeam","psyshock","hypervoice","shadowball"],"nature":"Modest","evs":{"hp":248,"atk":0,"def":0,"spa":252,"spd":8,"spe":0},"ivs":{"hp":31,"atk":31,"def":31,"spa":31,"spd":31,"spe":31}},{"name":"Milky","species":"miltank","item":"rockyhelmet","ability":"Scrappy","moves":["milkdrink","bodyslam","curse","earthquake"],"nature":"Adamant","evs":{"hp":248,"atk":252,"def":0,"spa":0,"spd":8,"spe":0},"ivs":{"hp":31,"atk":31,"def":31,"spa":31,"spd":31,"spe":31}},{"name":"Birdy","species":"pidgeot","item":"pidgeotite","ability":"Big Pecks","moves":["hurricane","workup","heatwave","roost"],"nature":"Timid","evs":{"hp":0,"atk":0,"def":0,"spa":252,"spd":4,"spe":252},"ivs":{"hp":31,"atk":31,"def":31,"spa":31,"spd":31,"spe":31}},{"name":"Blubber","species":"snorlax","item":"leftovers","ability":"Thick Fat","moves":["rest","curse","return","sleeptalk"],"nature":"Careful","evs":{"hp":252,"atk":4,"def":0,"spa":0,"spd":252,"spe":0},"ivs":{"hp":31,"atk":31,"def":31,"spa":31,"spd":31,"spe":31}}],"log":["|player|p1|Amateurized|170","|player|p2|Chief Sokka|chiefsokka.gif","|gametype|singles","|gen|6","|tier|Monotype","|rated","|rule|Baton Pass Clause: Limit one Baton Passer, can't pass Spe and other stats simultaneously","|rule|Swagger Clause: Swagger is banned","|rule|Same Type Clause: Pokémon in a team must share a type","|clearpoke","|poke|p1|Gyarados, F","|poke|p1|Vaporeon, M","|poke|p1|Lanturn, M","|poke|p1|Kingdra, M","|poke|p1|Rotom-Wash","|poke|p1|Manaphy","|poke|p2|Chansey, F","|poke|p2|Porygon2","|poke|p2|Meloetta","|poke|p2|Miltank, F","|poke|p2|Pidgeot, M","|poke|p2|Snorlax, M","|rule|Sleep Clause Mod: Limit one foe put to sleep","|rule|Species Clause: Limit one of each Pokémon","|rule|OHKO Clause: OHKO moves are banned","|rule|Moody Clause: Moody is banned","|rule|Evasion Moves Clause: Evasion moves are banned","|rule|Endless Battle Clause: Forcing endless battles is banned","|rule|HP Percentage Mod: HP is shown in percentages","|teampreview","|","|start","|switch|p1a: Rotom-Wash|Rotom-Wash|303/303","|switch|p2a: Milky|Miltank, F|393/393","|turn|1","|","|move|p2a: Milky|Curse|p2a: Milky","|-unboost|p2a: Milky|spe|1","|-boost|p2a: Milky|atk|1","|-boost|p2a: Milky|def|1","|move|p1a: Rotom-Wash|Will-O-Wisp|p2a: Milky|[miss]","|-miss|p1a: Rotom-Wash|p2a: Milky","|","|turn|2","|","|move|p1a: Rotom-Wash|Will-O-Wisp|p2a: Milky","|-status|p2a: Milky|brn","|move|p2a: Milky|Body Slam|p1a: Rotom-Wash","|-damage|p1a: Rotom-Wash|215/303","|","|-damage|p2a: Milky|344/393 brn|[from] brn","|turn|3","|","|switch|p2a: Pitchy|Meloetta|403/403","|move|p1a: Rotom-Wash|Reflect|p1a: Rotom-Wash","|-sidestart|p1: Amateurized|Reflect","|","|turn|4","|","|move|p2a: Pitchy|Charge Beam|p1a: Rotom-Wash","|-damage|p1a: Rotom-Wash|170/303","|-boost|p2a: Pitchy|spa|1","|move|p1a: Rotom-Wash|Light Screen|p1a: Rotom-Wash","|-sidestart|p1: Amateurized|move: Light Screen","|","|turn|5","|","|switch|p1a: Lanturn|Lanturn, M|454/454","|move|p2a: Pitchy|Charge Beam|p1a: Lanturn","|-immune|p1a: Lanturn|[msg]","|","|turn|6","|","|switch|p2a: Bulky|Chansey, F|703/703","|move|p1a: Lanturn|Toxic|p2a: Bulky","|-status|p2a: Bulky|tox","|","|-damage|p2a: Bulky|660/703 tox|[from] psn","|turn|7","|","|switch|p1a: Vaporeon|Vaporeon, M|463/463","|move|p2a: Bulky|Aromatherapy|p2a: Bulky","|-cureteam|p2a: Bulky|[from] move: Aromatherapy","|","|turn|8","|","|move|p1a: Vaporeon|Substitute|p1a: Vaporeon","|-start|p1a: Vaporeon|Substitute","|-damage|p1a: Vaporeon|348/463","|move|p2a: Bulky|Thunder Wave|p1a: Vaporeon","|-fail|p1a: Vaporeon","|","|-heal|p1a: Vaporeon|376/463|[from] item: Leftovers","|turn|9","|","|switch|p2a: Pitchy|Meloetta|403/403","|move|p1a: Vaporeon|Acid Armor|p1a: Vaporeon","|-boost|p1a: Vaporeon|def|2","|","|-heal|p1a: Vaporeon|404/463|[from] item: Leftovers","|turn|10","|","|move|p2a: Pitchy|Charge Beam|p1a: Vaporeon","|-supereffective|p1a: Vaporeon","|-activate|p1a: Vaporeon|Substitute|[damage]","|-boost|p2a: Pitchy|spa|1","|move|p1a: Vaporeon|Baton Pass|p1a: Vaporeon","|","|switch|p1a: Gyarados|Gyarados, F|331/331","|-ability|p1a: Gyarados|Intimidate","|-unboost|p2a: Pitchy|atk|1","|","|-sideend|p1: Amateurized|Reflect","|turn|11","|","|detailschange|p1a: Gyarados|Gyarados-Mega, F","|-mega|p1a: Gyarados|Gyarados|Gyaradosite","|-ability|p1a: Gyarados|Mold Breaker","|move|p1a: Gyarados|Dragon Dance|p1a: Gyarados","|-boost|p1a: Gyarados|atk|1","|-boost|p1a: Gyarados|spe|1","|move|p2a: Pitchy|Hyper Voice|p1a: Gyarados","|-damage|p1a: Gyarados|233/331","|","|-sideend|p1: Amateurized|move: Light Screen","|turn|12","|","|move|p1a: Gyarados|Crunch|p2a: Pitchy","|-crit|p2a: Pitchy","|-supereffective|p2a: Pitchy","|-damage|p2a: Pitchy|0 fnt","|faint|p2a: Pitchy","|","|","|switch|p2a: Milky|Miltank, F|344/393","|turn|13","|","|move|p1a: Gyarados|Dragon Dance|p1a: Gyarados","|-boost|p1a: Gyarados|atk|1","|-boost|p1a: Gyarados|spe|1","|move|p2a: Milky|Body Slam|p1a: Gyarados","|-activate|p1a: Gyarados|Substitute|[damage]","|","|turn|14","|","|move|p1a: Gyarados|Crunch|p2a: Milky","|-damage|p2a: Milky|58/393","|-damage|p1a: Gyarados|178/331|[from] item: Rocky Helmet|[of] p2a: Milky","|move|p2a: Milky|Body Slam|p1a: Gyarados","|-end|p1a: Gyarados|Substitute","|","|turn|15","|","|move|p1a: Gyarados|Crunch|p2a: Milky","|-damage|p2a: Milky|0 fnt","|-damage|p1a: Gyarados|123/331|[from] item: Rocky Helmet|[of] p2a: Milky","|faint|p2a: Milky","|","|","|switch|p2a: Ducky|Porygon2|373/373","|-boost|p2a: Ducky|spa|1|[from] ability: Download","|turn|16","|","|move|p1a: Gyarados|Waterfall|p2a: Ducky","|-damage|p2a: Ducky|207/373","|move|p2a: Ducky|Tri Attack|p1a: Gyarados","|-damage|p1a: Gyarados|0 fnt","|faint|p1a: Gyarados","|","|","|switch|p1a: Lanturn|Lanturn, M|454/454","|turn|17","|","|switch|p2a: Blubber|Snorlax, M|524/524","|move|p1a: Lanturn|Toxic|p2a: Blubber","|-status|p2a: Blubber|tox","|","|-damage|p2a: Blubber|492/524 tox|[from] psn","|turn|18","|","|move|p1a: Lanturn|Volt Switch|p2a: Blubber","|-damage|p2a: Blubber|449/524 tox","|","|switch|p1a: Rotom-Wash|Rotom-Wash|170/303","|move|p2a: Blubber|Curse|p2a: Blubber","|-unboost|p2a: Blubber|spe|1","|-boost|p2a: Blubber|atk|1","|-boost|p2a: Blubber|def|1","|","|-heal|p2a: Blubber|481/524 tox|[from] item: Leftovers","|-damage|p2a: Blubber|417/524 tox|[from] psn","|turn|19","|","|move|p1a: Rotom-Wash|Reflect|p1a: Rotom-Wash","|-sidestart|p1: Amateurized|Reflect","|move|p2a: Blubber|Rest|p2a: Blubber","|-status|p2a: Blubber|slp","|-heal|p2a: Blubber|524/524 slp|[silent]","|-status|p2a: Blubber|slp|[from] move: Rest","|","|turn|20","|","|move|p1a: Rotom-Wash|Light Screen|p1a: Rotom-Wash","|-sidestart|p1: Amateurized|move: Light Screen","|cant|p2a: Blubber|slp","|move|p2a: Blubber|Sleep Talk|p2a: Blubber","|move|p2a: Blubber|Curse|p2a: Blubber|[from]Sleep Talk","|-unboost|p2a: Blubber|spe|1","|-boost|p2a: Blubber|atk|1","|-boost|p2a: Blubber|def|1","|","|turn|21","|","|move|p1a: Rotom-Wash|Volt Switch|p2a: Blubber","|-damage|p2a: Blubber|469/524 slp","|","|switch|p1a: Vaporeon|Vaporeon, M|404/463","|cant|p2a: Blubber|slp","|move|p2a: Blubber|Sleep Talk|p2a: Blubber","|move|p2a: Blubber|Rest|p2a: Blubber|[from]Sleep Talk","|-fail|p2a: Blubber","|","|-heal|p1a: Vaporeon|432/463|[from] item: Leftovers","|-heal|p2a: Blubber|501/524 slp|[from] item: Leftovers","|turn|22","|","|move|p1a: Vaporeon|Acid Armor|p1a: Vaporeon","|-boost|p1a: Vaporeon|def|2","|-curestatus|p2a: Blubber|slp","|move|p2a: Blubber|Curse|p2a: Blubber","|-unboost|p2a: Blubber|spe|1","|-boost|p2a: Blubber|atk|1","|-boost|p2a: Blubber|def|1","|","|-heal|p1a: Vaporeon|460/463|[from] item: Leftovers","|-heal|p2a: Blubber|524/524|[from] item: Leftovers","|turn|23","|","|move|p1a: Vaporeon|Substitute|p1a: Vaporeon","|-start|p1a: Vaporeon|Substitute","|-damage|p1a: Vaporeon|345/463","|move|p2a: Blubber|Return|p1a: Vaporeon","|-end|p1a: Vaporeon|Substitute","|","|-heal|p1a: Vaporeon|373/463|[from] item: Leftovers","|turn|24","|","|move|p1a: Vaporeon|Acid Armor|p1a: Vaporeon","|-boost|p1a: Vaporeon|def|2","|move|p2a: Blubber|Return|p1a: Vaporeon","|-damage|p1a: Vaporeon|297/463","|","|-heal|p1a: Vaporeon|325/463|[from] item: Leftovers","|turn|25","|","|move|p1a: Vaporeon|Substitute|p1a: Vaporeon","|-start|p1a: Vaporeon|Substitute","|-damage|p1a: Vaporeon|210/463","|move|p2a: Blubber|Curse|p2a: Blubber","|-unboost|p2a: Blubber|spe|1","|-boost|p2a: Blubber|atk|1","|-boost|p2a: Blubber|def|1","|","|-heal|p1a: Vaporeon|238/463|[from] item: Leftovers","|turn|26","|","|move|p1a: Vaporeon|Acid Armor|p1a: Vaporeon","|-boost|p1a: Vaporeon|def|2","|move|p2a: Blubber|Return|p1a: Vaporeon","|-activate|p1a: Vaporeon|Substitute|[damage]","|","|-heal|p1a: Vaporeon|266/463|[from] item: Leftovers","|-sideend|p1: Amateurized|Reflect","|turn|27","|","|move|p1a: Vaporeon|Baton Pass|p1a: Vaporeon","|","|switch|p1a: Kingdra|Kingdra, M|291/291","|move|p2a: Blubber|Return|p1a: Kingdra","|-end|p1a: Kingdra|Substitute","|","|-sideend|p1: Amateurized|move: Light Screen","|turn|28","|","|move|p1a: Kingdra|Focus Energy|p1a: Kingdra","|-start|p1a: Kingdra|move: Focus Energy","|move|p2a: Blubber|Return|p1a: Kingdra","|-damage|p1a: Kingdra|182/291","|","|turn|29","|","|move|p1a: Kingdra|Draco Meteor|p2a: Blubber","|-crit|p2a: Blubber","|-damage|p2a: Blubber|218/524","|-unboost|p1a: Kingdra|spa|2","|move|p2a: Blubber|Return|p1a: Kingdra","|-damage|p1a: Kingdra|82/291","|","|-heal|p2a: Blubber|250/524|[from] item: Leftovers","|turn|30","|","|move|p1a: Kingdra|Draco Meteor|p2a: Blubber","|-crit|p2a: Blubber","|-damage|p2a: Blubber|0 fnt","|-unboost|p1a: Kingdra|spa|2","|faint|p2a: Blubber","|","|","|switch|p2a: Birdy|Pidgeot, M|307/307","|turn|31","|","|detailschange|p2a: Birdy|Pidgeot-Mega, M","|-mega|p2a: Birdy|Pidgeot|Pidgeotite","|move|p2a: Birdy|Hurricane|p1a: Kingdra","|-damage|p1a: Kingdra|0 fnt","|faint|p1a: Kingdra","|","|","|switch|p1a: Lanturn|Lanturn, M|454/454","|turn|32","|","|switch|p2a: Bulky|Chansey, F|660/703","|move|p1a: Lanturn|Toxic|p2a: Bulky","|-status|p2a: Bulky|tox","|","|-damage|p2a: Bulky|617/703 tox|[from] psn","|turn|33","|","|switch|p1a: Vaporeon|Vaporeon, M|266/463","|move|p2a: Bulky|Seismic Toss|p1a: Vaporeon","|-damage|p1a: Vaporeon|166/463","|","|-heal|p1a: Vaporeon|194/463|[from] item: Leftovers","|-damage|p2a: Bulky|531/703 tox|[from] psn","|turn|34","|","|move|p1a: Vaporeon|Substitute|p1a: Vaporeon","|-start|p1a: Vaporeon|Substitute","|-damage|p1a: Vaporeon|79/463","|move|p2a: Bulky|Seismic Toss|p1a: Vaporeon","|-activate|p1a: Vaporeon|Substitute|[damage]","|","|-heal|p1a: Vaporeon|107/463|[from] item: Leftovers","|-damage|p2a: Bulky|402/703 tox|[from] psn","|turn|35","|","|move|p1a: Vaporeon|Acid Armor|p1a: Vaporeon","|-boost|p1a: Vaporeon|def|2","|move|p2a: Bulky|Seismic Toss|p1a: Vaporeon","|-end|p1a: Vaporeon|Substitute","|","|-heal|p1a: Vaporeon|135/463|[from] item: Leftovers","|-damage|p2a: Bulky|230/703 tox|[from] psn","|turn|36","|","|switch|p2a: Birdy|Pidgeot-Mega, M|307/307","|move|p1a: Vaporeon|Substitute|p1a: Vaporeon","|-start|p1a: Vaporeon|Substitute","|-damage|p1a: Vaporeon|20/463","|","|-heal|p1a: Vaporeon|48/463|[from] item: Leftovers","|turn|37","|","|move|p2a: Birdy|Hurricane|p1a: Vaporeon","|-end|p1a: Vaporeon|Substitute","|move|p1a: Vaporeon|Baton Pass|p1a: Vaporeon","|","|switch|p1a: Manaphy|Manaphy|356/356","|","|turn|38","|","|move|p2a: Birdy|Hurricane|p1a: Manaphy","|-damage|p1a: Manaphy|163/356","|move|p1a: Manaphy|Tail Glow|p1a: Manaphy","|-boost|p1a: Manaphy|spa|3","|","|-heal|p1a: Manaphy|185/356|[from] item: Leftovers","|turn|39","|","|move|p2a: Birdy|Hurricane|p1a: Manaphy","|-damage|p1a: Manaphy|0 fnt","|faint|p1a: Manaphy","|","|","|switch|p1a: Lanturn|Lanturn, M|454/454","|turn|40","|","|switch|p2a: Bulky|Chansey, F|230/703","|move|p1a: Lanturn|Toxic|p2a: Bulky","|-status|p2a: Bulky|tox","|","|-damage|p2a: Bulky|187/703 tox|[from] psn","|turn|41","|","|move|p1a: Lanturn|Scald|p2a: Bulky","|-damage|p2a: Bulky|142/703 tox","|move|p2a: Bulky|Soft-Boiled|p2a: Bulky","|-heal|p2a: Bulky|494/703 tox","|","|-damage|p2a: Bulky|408/703 tox|[from] psn","|turn|42","|","|win|Chief Sokka"],"p1rating":{"entryid":"6102252","serverid":"eos","formatid":"monotype","userid":"amateurized","username":"Amateurized","w":"12","l":15,"t":"0","gxe":42.2,"r":"1450.1525846938","rd":"68.325906456515","sigma":"0","rptime":"1438851600","rpr":1439.7083885692,"rprd":67.24280638958,"rpsigma":"0","acre":1079.3431489402,"lacre":1079.3431489402,"oldacre":"1112.1434955742"},"p2rating":{"entryid":7438657,"formatid":"monotype","userid":"chiefsokka","username":"Chief Sokka","r":1500,"rd":130,"sigma":0,"rpr":1536.1723085921,"rprd":122.2331048966,"rpsigma":0,"rptime":1438851600,"w":1,"l":0,"t":0,"gxe":54.5,"acre":1052.4805546143,"lacre":1052.4805546143,"oldacre":1000},"endType":"forfeit"}