{"seed":[60251,39234,41377,4028],"turns":54,"p1":"Zukushiku","p2":"Emg UnownMaN","p1team":[{"name":"Dusclops","species":"Dusclops","item":"eviolite","ability":"Pressure","moves":["rest","sleeptalk","nightshade","willowisp"],"nature":"Calm","evs":{"hp":252,"atk":0,"def":80,"spa":0,"spd":176,"spe":0},"ivs":{"hp":31,"atk":31,"def":31,"spa":31,"spd":31,"spe":31}},{"name":"Sableye","species":"Sableye","item":"sablenite","ability":"Prankster","moves":["knockoff","willowisp","recover","foulplay"],"nature":"Careful","evs":{"hp":252,"atk":0,"def":112,"spa":0,"spd":144,"spe":0},"shiny":true,"ivs":{"hp":31,"atk":31,"def":31,"spa":31,"spd":31,"spe":31}},{"name":"Chandelure","species":"Chandelure","item":"leftovers","ability":"Flash Fire","moves":["substitute","calmmind","flamethrower","shadowball"],"nature":"Timid","evs":{"hp":160,"atk":0,"def":0,"spa":96,"spd":0,"spe":252},"shiny":true,"ivs":{"hp":31,"atk":31,"def":31,"spa":31,"spd":31,"spe":31}},{"name":"Jellicent","species":"Jellicent","item":"leftovers","ability":"Water Absorb","moves":["scald","taunt","toxic","recover"],"nature":"Calm","evs":{"hp":248,"atk":0,"def":0,"spa":0,"spd":216,"spe":44},"ivs":{"hp":31,"atk":31,"def":31,"spa":31,"spd":31,"spe":31}},{"name":"Gengar","species":"Gengar","item":"lifeorb","ability":"Levitate","moves":["substitute","focusblast","shadowball","painsplit"],"nature":"Timid","evs":{"hp":0,"atk":0,"def":0,"spa":252,"spd":4,"spe":252},"ivs":{"hp":31,"atk":31,"def":31,"spa":31,"spd":31,"spe":31}},{"name":"Golurk","species":"Golurk","item":"focussash","ability":"No Guard","moves":["dynamicpunch","earthquake","stealthrock","icepunch"],"nature":"Adamant","evs":{"hp":0,"atk":252,"def":0,"spa":0,"spd":4,"spe":252},"ivs":{"hp":31,"atk":31,"def":31,"spa":31,"spd":31,"spe":31}}],"p2team":[{"name":"Azumarill","species":"Azumarill","item":"assaultvest","ability":"Sap Sipper","moves":["scald","knockoff","playrough","aquajet"],"nature":"Adamant","evs":{"hp":0,"atk":252,"def":0,"spa":0,"spd":96,"spe":160},"gender":"F","shiny":true,"ivs":{"hp":31,"atk":31,"def":31,"spa":31,"spd":31,"spe":31}},{"name":"Politoed","species":"Politoed","item":"choicespecs","ability":"Drizzle","moves":["scald","icebeam","focusblast","hiddenpowerelectric"],"nature":"Modest","evs":{"hp":48,"atk":0,"def":196,"spa":252,"spd":12,"spe":0},"gender":"M","ivs":{"hp":31,"atk":31,"def":31,"spa":30,"spd":31,"spe":31},"shiny":true},{"name":"Swampert","species":"Swampert","item":"swampertite","ability":"Damp","moves":["waterfall","earthquake","icepunch","protect"],"nature":"Adamant","evs":{"hp":0,"atk":252,"def":24,"spa":0,"spd":0,"spe":232},"gender":"M","shiny":true,"ivs":{"hp":31,"atk":31,"def":31,"spa":31,"spd":31,"spe":31}},{"name":"Starmie","species":"Starmie","item":"leftovers","ability":"Natural Cure","moves":["scald","icebeam","psyshock","rapidspin"],"nature":"Timid","evs":{"hp":0,"atk":0,"def":36,"spa":220,"spd":0,"spe":252},"shiny":true,"ivs":{"hp":31,"atk":31,"def":31,"spa":31,"spd":31,"spe":31}},{"name":"Sharpedo","species":"Sharpedo","item":"focussash","ability":"Speed Boost","moves":["waterfall","crunch","protect","earthquake"],"nature":"Adamant","evs":{"hp":0,"atk":252,"def":4,"spa":0,"spd":0,"spe":252},"gender":"M","shiny":true,"ivs":{"hp":31,"atk":31,"def":31,"spa":31,"spd":31,"spe":31}},{"name":"Empoleon","species":"Empoleon","item":"wacanberry","ability":"Torrent","moves":["stealthrock","scald","defog","icebeam"],"nature":"Calm","evs":{"hp":188,"atk":0,"def":16,"spa":52,"spd":252,"spe":0},"gender":"M","shiny":true,"ivs":{"hp":31,"atk":31,"def":31,"spa":31,"spd":31,"spe":31}}],"log":["|player|p1|Zukushiku|zukushiku.png","|player|p2|Emg UnownMaN|168","|gametype|singles","|gen|6","|tier|Monotype","|rated","|rule|Baton Pass Clause: Limit one Baton Passer, can't pass Spe and other stats simultaneously","|rule|Swagger Clause: Swagger is banned","|rule|Same Type Clause: Pokémon in a team must share a type","|clearpoke","|poke|p1|Dusclops, M","|poke|p1|Sableye, M, shiny","|poke|p1|Chandelure, F, shiny","|poke|p1|Jellicent, M","|poke|p1|Gengar, M","|poke|p1|Golurk","|poke|p2|Azumarill, F, shiny","|poke|p2|Politoed, M, shiny","|poke|p2|Swampert, M, shiny","|poke|p2|Starmie, shiny","|poke|p2|Sharpedo, M, shiny","|poke|p2|Empoleon, M, shiny","|rule|Sleep Clause Mod: Limit one foe put to sleep","|rule|Species Clause: Limit one of each Pokémon","|rule|OHKO Clause: OHKO moves are banned","|rule|Moody Clause: Moody is banned","|rule|Evasion Moves Clause: Evasion moves are banned","|rule|Endless Battle Clause: Forcing endless battles is banned","|rule|HP Percentage Mod: HP is shown in percentages","|teampreview","|","|start","|switch|p1a: Jellicent|Jellicent, M|403/403","|switch|p2a: Empoleon|Empoleon, M, shiny|356/356","|turn|1","|","|move|p1a: Jellicent|Taunt|p2a: Empoleon","|-start|p2a: Empoleon|move: Taunt","|cant|p2a: Empoleon|move: Taunt|Stealth Rock","|","|turn|2","|","|switch|p2a: Starmie|Starmie, shiny|261/261","|move|p1a: Jellicent|Scald|p2a: Starmie","|-resisted|p2a: Starmie","|-damage|p2a: Starmie|215/261","|","|-heal|p2a: Starmie|231/261|[from] item: Leftovers","|turn|3","|","|switch|p1a: Dusclops|Dusclops, M|284/284","|-ability|p1a: Dusclops|Pressure","|move|p2a: Starmie|Psyshock|p1a: Dusclops","|-damage|p1a: Dusclops|226/284","|","|-heal|p2a: Starmie|247/261|[from] item: Leftovers","|turn|4","|","|switch|p1a: Jellicent|Jellicent, M|403/403","|move|p2a: Starmie|Scald|p1a: Jellicent","|-immune|p1a: Jellicent|[msg]","|","|-heal|p2a: Starmie|261/261|[from] item: Leftovers","|turn|5","|","|move|p2a: Starmie|Scald|p1a: Jellicent","|-immune|p1a: Jellicent|[msg]","|move|p1a: Jellicent|Toxic|p2a: Starmie|[miss]","|-miss|p1a: Jellicent|p2a: Starmie","|","|turn|6","|","|move|p2a: Starmie|Psyshock|p1a: Jellicent","|-damage|p1a: Jellicent|238/403","|move|p1a: Jellicent|Toxic|p2a: Starmie","|-status|p2a: Starmie|tox","|","|-heal|p1a: Jellicent|263/403|[from] item: Leftovers","|-damage|p2a: Starmie|245/261 tox|[from] psn","|turn|7","|","|switch|p2a: Politoed|Politoed, M, shiny|333/333","|-weather|RainDance","|move|p1a: Jellicent|Recover|p1a: Jellicent","|-heal|p1a: Jellicent|403/403","|","|-weather|RainDance|[upkeep]","|turn|8","|","|switch|p1a: Dusclops|Dusclops, M|226/284","|-ability|p1a: Dusclops|Pressure","|move|p2a: Politoed|Hidden Power|p1a: Dusclops","|-damage|p1a: Dusclops|187/284","|","|-weather|RainDance|[upkeep]","|turn|9","|","|switch|p2a: Starmie|Starmie, shiny|245/261","|switch|p1a: Jellicent|Jellicent, M|403/403","|","|-weather|RainDance|[upkeep]","|-heal|p2a: Starmie|261/261|[from] item: Leftovers","|turn|10","|","|move|p2a: Starmie|Psyshock|p1a: Jellicent","|-damage|p1a: Jellicent|240/403","|move|p1a: Jellicent|Scald|p2a: Starmie","|-resisted|p2a: Starmie","|-damage|p2a: Starmie|191/261","|","|-weather|RainDance|[upkeep]","|-heal|p2a: Starmie|207/261|[from] item: Leftovers","|-heal|p1a: Jellicent|265/403|[from] item: Leftovers","|turn|11","|","|move|p2a: Starmie|Psyshock|p1a: Jellicent","|-damage|p1a: Jellicent|112/403","|move|p1a: Jellicent|Recover|p1a: Jellicent","|-heal|p1a: Jellicent|314/403","|","|-weather|none","|-heal|p2a: Starmie|223/261|[from] item: Leftovers","|-heal|p1a: Jellicent|339/403|[from] item: Leftovers","|turn|12","|","|switch|p2a: Sharpedo|Sharpedo, M, shiny|281/281","|switch|p1a: Sableye|Sableye, M, shiny|304/304","|","|turn|13","|","|move|p2a: Sharpedo|Protect|p2a: Sharpedo","|-singleturn|p2a: Sharpedo|Protect","|move|p1a: Sableye|Knock Off|p2a: Sharpedo","|-activate|p2a: Sharpedo|Protect","|","|-boost|p2a: Sharpedo|spe|1|[from] ability: Speed Boost","|turn|14","|","|switch|p2a: Empoleon|Empoleon, M, shiny|356/356","|detailschange|p1a: Sableye|Sableye-Mega, M, shiny","|-mega|p1a: Sableye|Sableye|Sablenite","|move|p1a: Sableye|Will-O-Wisp|p2a: Empoleon","|-status|p2a: Empoleon|brn","|","|-damage|p2a: Empoleon|312/356 brn|[from] brn","|turn|15","|","|switch|p2a: Politoed|Politoed, M, shiny|333/333","|-weather|RainDance","|switch|p1a: Jellicent|Jellicent, M|339/403","|","|-weather|RainDance|[upkeep]","|-heal|p1a: Jellicent|364/403|[from] item: Leftovers","|turn|16","|","|move|p2a: Politoed|Hidden Power|p1a: Jellicent","|-supereffective|p1a: Jellicent","|-damage|p1a: Jellicent|232/403","|move|p1a: Jellicent|Toxic|p2a: Politoed","|-status|p2a: Politoed|tox","|","|-weather|RainDance|[upkeep]","|-heal|p1a: Jellicent|257/403|[from] item: Leftovers","|-damage|p2a: Politoed|313/333 tox|[from] psn","|turn|17","|","|switch|p2a: Starmie|Starmie, shiny|223/261","|move|p1a: Jellicent|Recover|p1a: Jellicent","|-heal|p1a: Jellicent|403/403","|","|-weather|RainDance|[upkeep]","|-heal|p2a: Starmie|239/261|[from] item: Leftovers","|turn|18","|","|switch|p1a: Dusclops|Dusclops, M|187/284","|-ability|p1a: Dusclops|Pressure","|move|p2a: Starmie|Scald|p1a: Dusclops","|-damage|p1a: Dusclops|118/284","|-status|p1a: Dusclops|brn","|","|-weather|RainDance|[upkeep]","|-heal|p2a: Starmie|255/261|[from] item: Leftovers","|-damage|p1a: Dusclops|83/284 brn|[from] brn","|turn|19","|","|move|p2a: Starmie|Psyshock|p1a: Dusclops","|-damage|p1a: Dusclops|22/284 brn","|move|p1a: Dusclops|Rest|p1a: Dusclops","|-status|p1a: Dusclops|slp","|-heal|p1a: Dusclops|284/284 slp|[silent]","|-status|p1a: Dusclops|slp|[from] move: Rest","|","|-weather|none","|-heal|p2a: Starmie|261/261|[from] item: Leftovers","|turn|20","|","|switch|p2a: Azumarill|Azumarill, F, shiny|341/341","|cant|p1a: Dusclops|slp","|move|p1a: Dusclops|Sleep Talk|p1a: Dusclops","|move|p1a: Dusclops|Will-O-Wisp|p2a: Azumarill|[from]Sleep Talk","|-status|p2a: Azumarill|brn","|","|-damage|p2a: Azumarill|299/341 brn|[from] brn","|turn|21","|","|switch|p1a: Golurk|Golurk|319/319","|move|p2a: Azumarill|Knock Off|p1a: Golurk","|-supereffective|p1a: Golurk","|-damage|p1a: Golurk|237/319","|-enditem|p1a: Golurk|Focus Sash|[from] move: Knock Off|[of] p2a: Azumarill","|","|-damage|p2a: Azumarill|257/341 brn|[from] brn","|turn|22","|","|switch|p2a: Politoed|Politoed, M, shiny|313/333 tox","|-weather|RainDance","|move|p1a: Golurk|Earthquake|p2a: Politoed","|-damage|p2a: Politoed|136/333 tox","|","|-weather|RainDance|[upkeep]","|-damage|p2a: Politoed|116/333 tox|[from] psn","|turn|23","|","|switch|p1a: Chandelure|Chandelure, F, shiny|301/301","|move|p2a: Politoed|Scald|p1a: Chandelure","|-supereffective|p1a: Chandelure","|-damage|p1a: Chandelure|0 fnt","|faint|p1a: Chandelure","|","|-weather|RainDance|[upkeep]","|-damage|p2a: Politoed|76/333 tox|[from] psn","|","|switch|p1a: Jellicent|Jellicent, M|403/403","|turn|24","|","|switch|p2a: Azumarill|Azumarill, F, shiny|257/341 brn","|move|p1a: Jellicent|Scald|p2a: Azumarill","|-resisted|p2a: Azumarill","|-damage|p2a: Azumarill|215/341 brn","|","|-weather|RainDance|[upkeep]","|-damage|p2a: Azumarill|173/341 brn|[from] brn","|turn|25","|","|switch|p1a: Golurk|Golurk|237/319","|move|p2a: Azumarill|Knock Off|p1a: Golurk","|-supereffective|p1a: Golurk","|-damage|p1a: Golurk|185/319","|","|-weather|RainDance|[upkeep]","|-damage|p2a: Azumarill|131/341 brn|[from] brn","|turn|26","|","|switch|p2a: Starmie|Starmie, shiny|261/261","|move|p1a: Golurk|Earthquake|p2a: Starmie","|-damage|p2a: Starmie|50/261","|","|-weather|none","|-heal|p2a: Starmie|66/261|[from] item: Leftovers","|turn|27","|","|move|p2a: Starmie|Scald|p1a: Golurk","|-supereffective|p1a: Golurk","|-damage|p1a: Golurk|0 fnt","|faint|p1a: Golurk","|","|-heal|p2a: Starmie|82/261|[from] item: Leftovers","|","|switch|p1a: Sableye|Sableye-Mega, M, shiny|304/304","|turn|28","|","|move|p2a: Starmie|Scald|p1a: Sableye","|-damage|p1a: Sableye|225/304","|move|p1a: Sableye|Knock Off|p2a: Starmie","|-supereffective|p2a: Starmie","|-damage|p2a: Starmie|0 fnt","|-enditem|p2a: Starmie|Leftovers|[from] move: Knock Off|[of] p1a: Sableye","|faint|p2a: Starmie","|","|","|switch|p2a: Politoed|Politoed, M, shiny|76/333 tox","|-weather|RainDance","|turn|29","|","|move|p2a: Politoed|Scald|p1a: Sableye","|-damage|p1a: Sableye|33/304","|move|p1a: Sableye|Recover|p1a: Sableye","|-heal|p1a: Sableye|185/304","|","|-weather|RainDance|[upkeep]","|-damage|p2a: Politoed|56/333 tox|[from] psn","|turn|30","|","|switch|p2a: Sharpedo|Sharpedo, M, shiny|281/281","|switch|p1a: Jellicent|Jellicent, M|403/403","|","|-weather|RainDance|[upkeep]","|turn|31","|","|switch|p1a: Dusclops|Dusclops, M|284/284 slp","|-ability|p1a: Dusclops|Pressure","|move|p2a: Sharpedo|Crunch|p1a: Dusclops","|-crit|p1a: Dusclops","|-supereffective|p1a: Dusclops","|-damage|p1a: Dusclops|74/284 slp","|","|-weather|RainDance|[upkeep]","|-boost|p2a: Sharpedo|spe|1|[from] ability: Speed Boost","|turn|32","|","|move|p2a: Sharpedo|Crunch|p1a: Dusclops","|-supereffective|p1a: Dusclops","|-damage|p1a: Dusclops|0 fnt","|faint|p1a: Dusclops","|","|-weather|RainDance|[upkeep]","|-boost|p2a: Sharpedo|spe|1|[from] ability: Speed Boost","|","|switch|p1a: Sableye|Sableye-Mega, M, shiny|185/304","|turn|33","|","|switch|p2a: Empoleon|Empoleon, M, shiny|312/356 brn","|move|p1a: Sableye|Will-O-Wisp|p2a: Empoleon","|-fail|p2a: Empoleon|brn","|","|-weather|none","|-damage|p2a: Empoleon|268/356 brn|[from] brn","|turn|34","|","|switch|p1a: Jellicent|Jellicent, M|403/403","|move|p2a: Empoleon|Scald|p1a: Jellicent","|-immune|p1a: Jellicent|[msg]","|","|-damage|p2a: Empoleon|224/356 brn|[from] brn","|turn|35","|","|switch|p1a: Gengar|Gengar, M|261/261","|switch|p2a: Azumarill|Azumarill, F, shiny|131/341 brn","|","|-damage|p2a: Azumarill|89/341 brn|[from] brn","|turn|36","|","|switch|p2a: Empoleon|Empoleon, M, shiny|224/356 brn","|move|p1a: Gengar|Shadow Ball|p2a: Empoleon","|-damage|p2a: Empoleon|103/356 brn","|-damage|p1a: Gengar|235/261|[from] item: Life Orb","|","|-damage|p2a: Empoleon|59/356 brn|[from] brn","|turn|37","|","|move|p1a: Gengar|Shadow Ball|p2a: Empoleon","|-damage|p2a: Empoleon|0 fnt","|-damage|p1a: Gengar|209/261|[from] item: Life Orb","|faint|p2a: Empoleon","|","|","|switch|p2a: Politoed|Politoed, M, shiny|56/333 tox","|-weather|RainDance","|turn|38","|","|move|p1a: Gengar|Shadow Ball|p2a: Politoed","|-damage|p2a: Politoed|0 fnt","|-damage|p1a: Gengar|183/261|[from] item: Life Orb","|faint|p2a: Politoed","|","|-weather|RainDance|[upkeep]","|","|switch|p2a: Swampert|Swampert, M, shiny|341/341","|turn|39","|","|switch|p1a: Jellicent|Jellicent, M|403/403","|detailschange|p2a: Swampert|Swampert-Mega, M, shiny","|-mega|p2a: Swampert|Swampert|Swampertite","|move|p2a: Swampert|Protect|p2a: Swampert","|-fail|p2a: Swampert","|","|-weather|RainDance|[upkeep]","|turn|40","|","|switch|p1a: Gengar|Gengar, M|183/261","|move|p2a: Swampert|Earthquake|p1a: Gengar","|-immune|p1a: Gengar|[msg]","|","|-weather|RainDance|[upkeep]","|turn|41","|","|move|p2a: Swampert|Waterfall|p1a: Gengar","|-damage|p1a: Gengar|0 fnt","|faint|p1a: Gengar","|","|-weather|RainDance|[upkeep]","|","|switch|p1a: Jellicent|Jellicent, M|403/403","|turn|42","|","|move|p2a: Swampert|Earthquake|p1a: Jellicent","|-damage|p1a: Jellicent|123/403","|move|p1a: Jellicent|Scald|p2a: Swampert","|-damage|p2a: Swampert|224/341","|-status|p2a: Swampert|brn","|","|-weather|none","|-heal|p1a: Jellicent|148/403|[from] item: Leftovers","|-damage|p2a: Swampert|182/341 brn|[from] brn","|turn|43","|","|switch|p1a: Sableye|Sableye-Mega, M, shiny|185/304","|move|p2a: Swampert|Earthquake|p1a: Sableye","|-damage|p1a: Sableye|107/304","|","|-damage|p2a: Swampert|140/341 brn|[from] brn","|turn|44","|","|move|p2a: Swampert|Earthquake|p1a: Sableye","|-damage|p1a: Sableye|24/304","|move|p1a: Sableye|Recover|p1a: Sableye","|-heal|p1a: Sableye|176/304","|","|-damage|p2a: Swampert|98/341 brn|[from] brn","|turn|45","|","|switch|p2a: Azumarill|Azumarill, F, shiny|89/341 brn","|move|p1a: Sableye|Recover|p1a: Sableye","|-heal|p1a: Sableye|304/304","|","|-damage|p2a: Azumarill|47/341 brn|[from] brn","|turn|46","|","|switch|p1a: Jellicent|Jellicent, M|148/403","|move|p2a: Azumarill|Play Rough|p1a: Jellicent","|-damage|p1a: Jellicent|83/403","|","|-heal|p1a: Jellicent|108/403|[from] item: Leftovers","|-damage|p2a: Azumarill|5/341 brn|[from] brn","|turn|47","|","|move|p2a: Azumarill|Knock Off|p1a: Jellicent","|-supereffective|p1a: Jellicent","|-damage|p1a: Jellicent|22/403","|-enditem|p1a: Jellicent|Leftovers|[from] move: Knock Off|[of] p2a: Azumarill","|move|p1a: Jellicent|Scald|p2a: Azumarill","|-crit|p2a: Azumarill","|-resisted|p2a: Azumarill","|-damage|p2a: Azumarill|0 fnt","|faint|p2a: Azumarill","|","|","|switch|p2a: Swampert|Swampert-Mega, M, shiny|98/341 brn","|turn|48","|","|move|p2a: Swampert|Earthquake|p1a: Jellicent","|-damage|p1a: Jellicent|0 fnt","|faint|p1a: Jellicent","|","|-damage|p2a: Swampert|56/341 brn|[from] brn","|","|switch|p1a: Sableye|Sableye-Mega, M, shiny|304/304","|turn|49","|","|move|p2a: Swampert|Ice Punch|p1a: Sableye","|-damage|p1a: Sableye|261/304","|move|p1a: Sableye|Recover|p1a: Sableye","|-heal|p1a: Sableye|304/304","|","|-damage|p2a: Swampert|14/341 brn|[from] brn","|turn|50","|","|move|p2a: Swampert|Ice Punch|p1a: Sableye","|-damage|p1a: Sableye|262/304","|move|p1a: Sableye|Recover|p1a: Sableye","|-heal|p1a: Sableye|304/304","|","|-damage|p2a: Swampert|0 fnt|[from] brn","|faint|p2a: Swampert","|","|switch|p2a: Sharpedo|Sharpedo, M, shiny|281/281","|turn|51","|","|move|p2a: Sharpedo|Waterfall|p1a: Sableye","|-damage|p1a: Sableye|192/304","|move|p1a: Sableye|Will-O-Wisp|p2a: Sharpedo","|-status|p2a: Sharpedo|brn","|","|-damage|p2a: Sharpedo|246/281 brn|[from] brn","|-boost|p2a: Sharpedo|spe|1|[from] ability: Speed Boost","|turn|52","|","|move|p2a: Sharpedo|Waterfall|p1a: Sableye","|-damage|p1a: Sableye|138/304","|move|p1a: Sableye|Recover|p1a: Sableye","|-heal|p1a: Sableye|290/304","|","|-damage|p2a: Sharpedo|211/281 brn|[from] brn","|-boost|p2a: Sharpedo|spe|1|[from] ability: Speed Boost","|turn|53","|","|move|p2a: Sharpedo|Crunch|p1a: Sableye","|-damage|p1a: Sableye|232/304","|move|p1a: Sableye|Foul Play|p2a: Sharpedo","|-resisted|p2a: Sharpedo","|-damage|p2a: Sharpedo|37/281 brn","|","|-damage|p2a: Sharpedo|2/281 brn|[from] brn","|-boost|p2a: Sharpedo|spe|1|[from] ability: Speed Boost","|turn|54","|","|move|p2a: Sharpedo|Crunch|p1a: Sableye","|-damage|p1a: Sableye|172/304","|-unboost|p1a: Sableye|def|1","|move|p1a: Sableye|Knock Off|p2a: Sharpedo","|-resisted|p2a: Sharpedo","|-damage|p2a: Sharpedo|0 fnt","|-enditem|p2a: Sharpedo|Focus Sash|[from] move: Knock Off|[of] p1a: Sableye","|faint|p2a: Sharpedo","|","|win|Zukushiku"],"p1rating":{"entryid":"7076911","serverid":"eos","formatid":"monotype","userid":"zukushiku","username":"Zukushiku","w":27,"l":"14","t":"0","gxe":63.7,"r":"1598.3679066985","rd":"55.436480695911","sigma":"0","rptime":"1438851600","rpr":1607.1652540322,"rprd":54.763821243408,"rpsigma":"0","acre":1253.4916969648,"lacre":1253.4916969648,"oldacre":"1223.0029598605"},"p2rating":{"entryid":"7117043","serverid":"eos","formatid":"monotype","userid":"emgunownman","username":"Emg UnownMaN","w":"28","l":15,"t":"0","gxe":63.9,"r":"1610.2677058141","rd":"53.529839457386","sigma":"0","rptime":"1438851600","rpr":1608.3726895731,"rprd":52.355938344156,"rpsigma":"0","acre":1276.1535921185,"lacre":1276.1535921185,"oldacre":"1300.544581802"},"endType":"normal"}