{"seed":[17834,52514,15182,21440],"turns":33,"p1":"Rain ☆ Fae","p2":"SWL HB","p1team":[{"name":"Drapion","species":"Drapion","item":"lumberry","ability":"Sniper","moves":["swordsdance","knockoff","aquatail","poisonjab"],"nature":"Jolly","evs":{"hp":0,"atk":252,"def":4,"spa":0,"spd":0,"spe":252},"ivs":{"hp":31,"atk":31,"def":31,"spa":31,"spd":31,"spe":31}},{"name":"Venusaur","species":"Venusaur","item":"venusaurite","ability":"Overgrow","moves":["gigadrain","leechseed","synthesis","sludgebomb"],"nature":"Bold","evs":{"hp":248,"atk":0,"def":108,"spa":8,"spd":144,"spe":0},"ivs":{"hp":31,"atk":31,"def":31,"spa":31,"spd":31,"spe":31}},{"name":"Nidoqueen","species":"Nidoqueen","item":"blacksludge","ability":"Sheer Force","moves":["stealthrock","roar","flamethrower","earthpower"],"nature":"Bold","evs":{"hp":248,"atk":0,"def":240,"spa":20,"spd":0,"spe":0},"ivs":{"hp":31,"atk":31,"def":31,"spa":31,"spd":31,"spe":31}},{"name":"Gengar","species":"Gengar","item":"focussash","ability":"Levitate","moves":["counter","painsplit","shadowball","sludgebomb"],"nature":"Timid","evs":{"hp":252,"atk":0,"def":0,"spa":0,"spd":4,"spe":252},"ivs":{"hp":31,"atk":31,"def":31,"spa":31,"spd":31,"spe":31}},{"name":"Golbat","species":"Golbat","item":"eviolite","ability":"Infiltrator","moves":["defog","roost","bravebird","superfang"],"nature":"Impish","evs":{"hp":248,"atk":0,"def":252,"spa":0,"spd":8,"spe":0},"ivs":{"hp":31,"atk":31,"def":31,"spa":31,"spd":31,"spe":31}},{"name":"Scolipede","species":"Scolipede","item":"focussash","ability":"Speed Boost","moves":["swordsdance","megahorn","poisonjab","aquatail"],"nature":"Adamant","evs":{"hp":0,"atk":252,"def":0,"spa":0,"spd":4,"spe":252},"ivs":{"hp":31,"atk":31,"def":31,"spa":31,"spd":31,"spe":31}}],"p2team":[{"name":"Aegislash","species":"Aegislash","item":"leftovers","ability":"Stance Change","moves":["shadowball","kingsshield","sacredsword","shadowsneak"],"nature":"Relaxed","evs":{"hp":248,"atk":8,"def":252,"spa":0,"spd":0,"spe":0},"ivs":{"hp":31,"atk":31,"def":31,"spa":31,"spd":31,"spe":31}},{"name":"Hoopa","species":"Hoopa","item":"lifeorb","ability":"Magician","moves":["drainpunch","substitute","thunderpunch","knockoff"],"nature":"Adamant","evs":{"hp":248,"atk":252,"def":0,"spa":0,"spd":8,"spe":0},"ivs":{"hp":31,"atk":31,"def":31,"spa":31,"spd":31,"spe":31}},{"name":"Gengar","species":"Gengar","item":"custapberry","ability":"Levitate","moves":["destinybond","shadowball","endure","sludgebomb"],"nature":"Timid","evs":{"hp":0,"atk":0,"def":0,"spa":252,"spd":4,"spe":252},"ivs":{"hp":31,"atk":31,"def":31,"spa":31,"spd":31,"spe":31}},{"name":"Chandelure","species":"Chandelure","item":"choicescarf","ability":"Flash Fire","moves":["energyball","fireblast","shadowball","hiddenpowerrock"],"nature":"Timid","evs":{"hp":0,"atk":0,"def":0,"spa":252,"spd":4,"spe":252},"ivs":{"hp":31,"atk":31,"def":30,"spa":31,"spd":30,"spe":30}},{"name":"Sableye","species":"Sableye","item":"sablenite","ability":"Prankster","moves":["dazzlinggleam","substitute","willowisp","recover"],"nature":"Calm","evs":{"hp":248,"atk":0,"def":112,"spa":4,"spd":144,"spe":0},"ivs":{"hp":31,"atk":31,"def":31,"spa":31,"spd":31,"spe":31}},{"name":"Jellicent","species":"Jellicent","item":"leftovers","ability":"Water Absorb","moves":["recover","scald","confuseray","willowisp"],"nature":"Bold","evs":{"hp":204,"atk":0,"def":216,"spa":0,"spd":88,"spe":0},"ivs":{"hp":31,"atk":31,"def":31,"spa":31,"spd":31,"spe":31}}],"log":["|player|p1|Rain ☆ Fae|233","|player|p2|SWL HB|swlhb.gif","|gametype|singles","|gen|6","|tier|Monotype","|rated","|rule|Baton Pass Clause: Limit one Baton Passer, can't pass Spe and other stats simultaneously","|rule|Swagger Clause: Swagger is banned","|rule|Same Type Clause: Pokémon in a team must share a type","|clearpoke","|poke|p1|Drapion, M","|poke|p1|Venusaur, F","|poke|p1|Nidoqueen, F","|poke|p1|Gengar, M","|poke|p1|Golbat, F","|poke|p1|Scolipede, M","|poke|p2|Aegislash, M","|poke|p2|Hoopa","|poke|p2|Gengar, M","|poke|p2|Chandelure, M","|poke|p2|Sableye, M","|poke|p2|Jellicent, F","|rule|Sleep Clause Mod: Limit one foe put to sleep","|rule|Species Clause: Limit one of each Pokémon","|rule|OHKO Clause: OHKO moves are banned","|rule|Moody Clause: Moody is banned","|rule|Evasion Moves Clause: Evasion moves are banned","|rule|Endless Battle Clause: Forcing endless battles is banned","|rule|HP Percentage Mod: HP is shown in percentages","|teampreview","|","|start","|switch|p1a: Nidoqueen|Nidoqueen, F|383/383","|switch|p2a: Sableye|Sableye, M|303/303","|turn|1","|","|detailschange|p2a: Sableye|Sableye-Mega, M","|-mega|p2a: Sableye|Sableye|Sablenite","|move|p2a: Sableye|Will-O-Wisp|p1a: Nidoqueen","|-status|p1a: Nidoqueen|brn","|move|p1a: Nidoqueen|Stealth Rock|p2a: Sableye","|move|p2a: Sableye|Stealth Rock|p1a: Nidoqueen|[from]Magic Bounce","|-sidestart|p1: Rain ☆ Fae|move: Stealth Rock","|","|-damage|p1a: Nidoqueen|336/383 brn|[from] brn","|turn|2","|","|switch|p1a: Golbat|Golbat, F|353/353","|-damage|p1a: Golbat|265/353|[from] Stealth Rock","|move|p2a: Sableye|Substitute|p2a: Sableye","|-start|p2a: Sableye|Substitute","|-damage|p2a: Sableye|228/303","|","|turn|3","|","|move|p1a: Golbat|Defog|p2a: Sableye","|move|p2a: Sableye|Defog|p1a: Golbat|[from]Magic Bounce","|-unboost|p1a: Golbat|evasion|1","|-sideend|p1: Rain ☆ Fae|Stealth Rock|[from] move: Defog|[of] p1a: Golbat","|move|p2a: Sableye|Will-O-Wisp|p1a: Golbat","|-status|p1a: Golbat|brn","|","|-damage|p1a: Golbat|221/353 brn|[from] brn","|turn|4","|","|switch|p1a: Scolipede|Scolipede, M|261/261","|switch|p2a: Aegislash|Aegislash, M|323/323","|","|turn|5","|","|move|p1a: Scolipede|Swords Dance|p1a: Scolipede","|-boost|p1a: Scolipede|atk|2","|-formechange|p2a: Aegislash|Aegislash-Blade","|move|p2a: Aegislash|Shadow Ball|p1a: Scolipede","|-damage|p1a: Scolipede|80/261","|","|-boost|p1a: Scolipede|spe|1|[from] ability: Speed Boost","|turn|6","|","|-formechange|p2a: Aegislash|Aegislash","|move|p2a: Aegislash|King's Shield|p2a: Aegislash","|-singleturn|p2a: Aegislash|Protect","|move|p1a: Scolipede|Megahorn|p2a: Aegislash","|-activate|p2a: Aegislash|Protect","|-unboost|p1a: Scolipede|atk|2","|","|-boost|p1a: Scolipede|spe|1|[from] ability: Speed Boost","|turn|7","|","|move|p1a: Scolipede|Megahorn|p2a: Aegislash|[miss]","|-miss|p1a: Scolipede|p2a: Aegislash","|-formechange|p2a: Aegislash|Aegislash-Blade","|move|p2a: Aegislash|Shadow Ball|p1a: Scolipede","|-damage|p1a: Scolipede|0 fnt","|faint|p1a: Scolipede","|","|","|switch|p1a: Drapion|Drapion, M|281/281","|turn|8","|","|-formechange|p2a: Aegislash|Aegislash","|move|p2a: Aegislash|King's Shield|p2a: Aegislash","|-singleturn|p2a: Aegislash|Protect","|move|p1a: Drapion|Swords Dance|p1a: Drapion","|-boost|p1a: Drapion|atk|2","|","|turn|9","|","|switch|p2a: Jellicent|Jellicent, F|392/392","|move|p1a: Drapion|Knock Off|p2a: Jellicent","|-supereffective|p2a: Jellicent","|-damage|p2a: Jellicent|0 fnt","|-enditem|p2a: Jellicent|Leftovers|[from] move: Knock Off|[of] p1a: Drapion","|faint|p2a: Jellicent","|","|","|switch|p2a: Sableye|Sableye-Mega, M|228/303","|turn|10","|","|move|p1a: Drapion|Knock Off|p2a: Sableye","|-crit|p2a: Sableye","|-damage|p2a: Sableye|0 fnt","|faint|p2a: Sableye","|","|","|switch|p2a: Gengar|Gengar, M|261/261","|turn|11","|","|move|p2a: Gengar|Endure|p2a: Gengar","|-singleturn|p2a: Gengar|move: Endure","|move|p1a: Drapion|Knock Off|p2a: Gengar","|-supereffective|p2a: Gengar","|-activate|p2a: Gengar|move: Endure","|-damage|p2a: Gengar|1/261","|-enditem|p2a: Gengar|Custap Berry|[from] move: Knock Off|[of] p1a: Drapion","|","|turn|12","|","|move|p2a: Gengar|Destiny Bond|p2a: Gengar","|-singlemove|p2a: Gengar|Destiny Bond","|move|p1a: Drapion|Knock Off|p2a: Gengar","|-supereffective|p2a: Gengar","|-damage|p2a: Gengar|0 fnt","|faint|p2a: Gengar","|-activate|p2a: Gengar|Destiny Bond","|faint|p1a: Drapion","|","|","|switch|p1a: Gengar|Gengar, M|324/324","|switch|p2a: Chandelure|Chandelure, M|261/261","|turn|13","|","|move|p2a: Chandelure|Shadow Ball|p1a: Gengar","|-supereffective|p1a: Gengar","|-enditem|p1a: Gengar|Focus Sash","|-damage|p1a: Gengar|1/324","|move|p1a: Gengar|Shadow Ball|p2a: Chandelure","|-supereffective|p2a: Chandelure","|-damage|p2a: Chandelure|7/261","|","|turn|14","|","|move|p2a: Chandelure|Shadow Ball|p1a: Gengar","|-supereffective|p1a: Gengar","|-damage|p1a: Gengar|0 fnt","|faint|p1a: Gengar","|","|","|switch|p1a: Venusaur|Venusaur, F|363/363","|turn|15","|","|detailschange|p1a: Venusaur|Venusaur-Mega, F","|-mega|p1a: Venusaur|Venusaur|Venusaurite","|move|p2a: Chandelure|Shadow Ball|p1a: Venusaur","|-damage|p1a: Venusaur|243/363","|move|p1a: Venusaur|Leech Seed|p2a: Chandelure","|-start|p2a: Chandelure|move: Leech Seed","|","|-damage|p2a: Chandelure|0 fnt|[from] Leech Seed|[of] p1a: Venusaur","|-heal|p1a: Venusaur|250/363|[silent]","|faint|p2a: Chandelure","|","|switch|p2a: Hoopa|Hoopa|363/363","|turn|16","|","|move|p1a: Venusaur|Sludge Bomb|p2a: Hoopa","|-resisted|p2a: Hoopa","|-damage|p2a: Hoopa|317/363","|move|p2a: Hoopa|Substitute|p2a: Hoopa","|-start|p2a: Hoopa|Substitute","|-damage|p2a: Hoopa|227/363","|","|turn|17","|","|move|p1a: Venusaur|Giga Drain|p2a: Hoopa","|-activate|p2a: Hoopa|Substitute|[damage]","|-heal|p1a: Venusaur|294/363|[from] drain|[of] p2a: Hoopa","|move|p2a: Hoopa|Knock Off|p1a: Venusaur","|-damage|p1a: Venusaur|226/363","|-damage|p2a: Hoopa|191/363|[from] item: Life Orb","|","|turn|18","|","|move|p1a: Venusaur|Giga Drain|p2a: Hoopa","|-crit|p2a: Hoopa","|-end|p2a: Hoopa|Substitute","|-heal|p1a: Venusaur|227/363|[from] drain|[of] p2a: Hoopa","|move|p2a: Hoopa|Knock Off|p1a: Venusaur","|-damage|p1a: Venusaur|154/363","|-damage|p2a: Hoopa|155/363|[from] item: Life Orb","|","|turn|19","|","|move|p1a: Venusaur|Leech Seed|p2a: Hoopa","|-start|p2a: Hoopa|move: Leech Seed","|move|p2a: Hoopa|Knock Off|p1a: Venusaur","|-damage|p1a: Venusaur|90/363","|-damage|p2a: Hoopa|119/363|[from] item: Life Orb","|","|-damage|p2a: Hoopa|74/363|[from] Leech Seed|[of] p1a: Venusaur","|-heal|p1a: Venusaur|135/363|[silent]","|turn|20","|","|move|p1a: Venusaur|Synthesis|p1a: Venusaur","|-heal|p1a: Venusaur|316/363","|move|p2a: Hoopa|Knock Off|p1a: Venusaur","|-damage|p1a: Venusaur|251/363","|-damage|p2a: Hoopa|38/363|[from] item: Life Orb","|","|-damage|p2a: Hoopa|0 fnt|[from] Leech Seed|[of] p1a: Venusaur","|-heal|p1a: Venusaur|289/363|[silent]","|faint|p2a: Hoopa","|","|switch|p2a: Aegislash|Aegislash, M|323/323","|turn|21","|","|move|p1a: Venusaur|Synthesis|p1a: Venusaur","|-heal|p1a: Venusaur|363/363","|-formechange|p2a: Aegislash|Aegislash-Blade","|move|p2a: Aegislash|Shadow Ball|p1a: Venusaur","|-damage|p1a: Venusaur|261/363","|-unboost|p1a: Venusaur|spd|1","|","|turn|22","|","|move|p1a: Venusaur|Leech Seed|p2a: Aegislash","|-start|p2a: Aegislash|move: Leech Seed","|move|p2a: Aegislash|Shadow Ball|p1a: Venusaur","|-damage|p1a: Venusaur|111/363","|-unboost|p1a: Venusaur|spd|1","|","|-damage|p2a: Aegislash|283/323|[from] Leech Seed|[of] p1a: Venusaur","|-heal|p1a: Venusaur|151/363|[silent]","|turn|23","|","|move|p1a: Venusaur|Synthesis|p1a: Venusaur","|-heal|p1a: Venusaur|332/363","|move|p2a: Aegislash|Shadow Ball|p1a: Venusaur","|-damage|p1a: Venusaur|127/363","|","|-heal|p2a: Aegislash|303/323|[from] item: Leftovers","|-damage|p2a: Aegislash|263/323|[from] Leech Seed|[of] p1a: Venusaur","|-heal|p1a: Venusaur|167/363|[silent]","|turn|24","|","|move|p1a: Venusaur|Synthesis|p1a: Venusaur","|-heal|p1a: Venusaur|348/363","|move|p2a: Aegislash|Shadow Ball|p1a: Venusaur","|-damage|p1a: Venusaur|132/363","|","|-heal|p2a: Aegislash|283/323|[from] item: Leftovers","|-damage|p2a: Aegislash|243/323|[from] Leech Seed|[of] p1a: Venusaur","|-heal|p1a: Venusaur|172/363|[silent]","|turn|25","|","|move|p1a: Venusaur|Synthesis|p1a: Venusaur","|-heal|p1a: Venusaur|353/363","|move|p2a: Aegislash|Shadow Ball|p1a: Venusaur","|-damage|p1a: Venusaur|143/363","|","|-heal|p2a: Aegislash|263/323|[from] item: Leftovers","|-damage|p2a: Aegislash|223/323|[from] Leech Seed|[of] p1a: Venusaur","|-heal|p1a: Venusaur|183/363|[silent]","|turn|26","|","|switch|p1a: Golbat|Golbat, F|221/353 brn","|move|p2a: Aegislash|Shadow Ball|p1a: Golbat","|-damage|p1a: Golbat|106/353 brn","|","|-heal|p2a: Aegislash|243/323|[from] item: Leftovers","|-damage|p2a: Aegislash|203/323|[from] Leech Seed|[of] p1a: Golbat","|-heal|p1a: Golbat|146/353 brn|[silent]","|-damage|p1a: Golbat|102/353 brn|[from] brn","|turn|27","|","|move|p1a: Golbat|Roost|p1a: Golbat","|-heal|p1a: Golbat|279/353 brn","|move|p2a: Aegislash|Shadow Ball|p1a: Golbat","|-damage|p1a: Golbat|167/353 brn","|","|-heal|p2a: Aegislash|223/323|[from] item: Leftovers","|-damage|p2a: Aegislash|183/323|[from] Leech Seed|[of] p1a: Golbat","|-heal|p1a: Golbat|207/353 brn|[silent]","|-damage|p1a: Golbat|163/353 brn|[from] brn","|turn|28","|","|move|p1a: Golbat|Roost|p1a: Golbat","|-heal|p1a: Golbat|340/353 brn","|move|p2a: Aegislash|Shadow Ball|p1a: Golbat","|-damage|p1a: Golbat|225/353 brn","|","|-heal|p2a: Aegislash|203/323|[from] item: Leftovers","|-damage|p2a: Aegislash|163/323|[from] Leech Seed|[of] p1a: Golbat","|-heal|p1a: Golbat|265/353 brn|[silent]","|-damage|p1a: Golbat|221/353 brn|[from] brn","|turn|29","|","|move|p1a: Golbat|Roost|p1a: Golbat","|-heal|p1a: Golbat|353/353 brn","|move|p2a: Aegislash|Shadow Ball|p1a: Golbat","|-damage|p1a: Golbat|238/353 brn","|","|-heal|p2a: Aegislash|183/323|[from] item: Leftovers","|-damage|p2a: Aegislash|143/323|[from] Leech Seed|[of] p1a: Golbat","|-heal|p1a: Golbat|278/353 brn|[silent]","|-damage|p1a: Golbat|234/353 brn|[from] brn","|turn|30","|","|move|p1a: Golbat|Roost|p1a: Golbat","|-heal|p1a: Golbat|353/353 brn","|move|p2a: Aegislash|Shadow Ball|p1a: Golbat","|-damage|p1a: Golbat|238/353 brn","|","|-heal|p2a: Aegislash|163/323|[from] item: Leftovers","|-damage|p2a: Aegislash|123/323|[from] Leech Seed|[of] p1a: Golbat","|-heal|p1a: Golbat|278/353 brn|[silent]","|-damage|p1a: Golbat|234/353 brn|[from] brn","|turn|31","|","|move|p1a: Golbat|Brave Bird|p2a: Aegislash","|-crit|p2a: Aegislash","|-resisted|p2a: Aegislash","|-damage|p2a: Aegislash|74/323","|-damage|p1a: Golbat|218/353 brn|[from] recoil|[of] p2a: Aegislash","|move|p2a: Aegislash|Shadow Ball|p1a: Golbat","|-damage|p1a: Golbat|101/353 brn","|","|-heal|p2a: Aegislash|94/323|[from] item: Leftovers","|-damage|p2a: Aegislash|54/323|[from] Leech Seed|[of] p1a: Golbat","|-heal|p1a: Golbat|141/353 brn|[silent]","|-damage|p1a: Golbat|97/353 brn|[from] brn","|turn|32","|","|move|p2a: Aegislash|Shadow Sneak|p1a: Golbat","|-damage|p1a: Golbat|60/353 brn","|move|p1a: Golbat|Roost|p1a: Golbat","|-heal|p1a: Golbat|237/353 brn","|","|-heal|p2a: Aegislash|74/323|[from] item: Leftovers","|-damage|p2a: Aegislash|34/323|[from] Leech Seed|[of] p1a: Golbat","|-heal|p1a: Golbat|277/353 brn|[silent]","|-damage|p1a: Golbat|233/353 brn|[from] brn","|turn|33","|","|move|p1a: Golbat|Brave Bird|p2a: Aegislash","|-resisted|p2a: Aegislash","|-damage|p2a: Aegislash|1/323","|-damage|p1a: Golbat|222/353 brn|[from] recoil|[of] p2a: Aegislash","|move|p2a: Aegislash|Shadow Ball|p1a: Golbat","|-damage|p1a: Golbat|114/353 brn","|-unboost|p1a: Golbat|spd|1","|","|-heal|p2a: Aegislash|21/323|[from] item: Leftovers","|-damage|p2a: Aegislash|0 fnt|[from] Leech Seed|[of] p1a: Golbat","|-heal|p1a: Golbat|135/353 brn|[silent]","|-damage|p1a: Golbat|91/353 brn|[from] brn","|faint|p2a: Aegislash","|","|win|Rain ☆ Fae"],"p1rating":{"entryid":"7105533","serverid":"eos","formatid":"monotype","userid":"rainfae","username":"Rain ☆ Fae","w":22,"l":"14","t":"0","gxe":57,"r":"1542.078518008","rd":"59.369501690621","sigma":"0","rptime":"1438851600","rpr":1553.4838362137,"rprd":58.02274921829,"rpsigma":"0","acre":1172.8175739097,"lacre":1172.8175739097,"oldacre":"1153.521936446"},"p2rating":{"entryid":"6872578","serverid":"eos","formatid":"monotype","userid":"swlhb","username":"SWL HB","w":"6","l":12,"t":"0","gxe":36.5,"r":1403.4297217191,"rd":77.098562465863,"sigma":"0","rptime":1438851600,"rpr":1393.3061464955,"rprd":75.56756309988,"rpsigma":"0","acre":1056.6760066625,"lacre":1056.6760066625,"oldacre":"1072.8255546519"},"endType":"normal"}